{"host":"h1qktzcccqnez8tx","time":1610740590,"event":{"mods":["BaseMod","Block Reminder","Colored Map","Colored Powertips","Curses Come First","Downfall","Highlight Path","Jorbs\u0027s Wanderer Trilogy","Minty Spire (QoL Compilation)","Permanent Neow","Quick Restart","Relic Stats","Replay The Spire","Say the Spire","StSLib","The Cursed","The Disciple","The Hierophant","The Necromancer","The Servant 0.9.4"],"gold_per_floor":[119,135,135,196,196,196,231,247,293,303,303,331,348,360,360,459,459,473,486,501,518,793,343,358,369,369,20,20,36,46,63,63,166,166,183,203,222,72,83,112,112,60,84,96,20,20,50,63,63,63],"floor_reached":51,"language":"ENG","playtime":15614,"items_purged":["Regret","TheCursedMod:Defend_TheCursed"],"score":777,"play_id":"4ca333c5-46b1-444b-83a8-12d3fb8e45ec","local_time":"20210115205630","is_ascension_mode":false,"campfire_choices":[{"data":"TheCursedMod:CursedWand","floor":6,"key":"SMITH"},{"data":"TheCursedMod:CursedStaff","floor":11,"key":"SMITH"},{"data":"TheCursedMod:TacticalStrike","floor":15,"key":"SMITH"},{"floor":28,"key":"REST"},{"floor":32,"key":"REST"},{"floor":41,"key":"REST"},{"floor":46,"key":"REST"},{"floor":49,"key":"REST"}],"circlet_count":0,"master_deck":["TheCursedMod:Defend_TheCursed","TheCursedMod:Defend_TheCursed+1","TheCursedMod:CursedWand+1","TheCursedMod:CleanUpWorkshop","TheCursedMod:Dregs","TheCursedMod:NeowsMight","TheCursedMod:CursedStaff+1","TheCursedMod:FuryStrike","ReplayTheSpireMod:Splinters","TheCursedMod:Obscuration+1","TheCursedMod:SmokeScreen","TheCursedMod:VitalStrike","TheCursedMod:SoulReap","TheCursedMod:Obscuration","TheCursedMod:WearCloak","TheCursedMod:TacticalStrike+1","TheCursedMod:DemonicPact","TheCursedMod:CursedShiv","TheCursedMod:Obscuration","TheCursedMod:Stretching+1","TheCursedMod:WearCloak+1","TheCursedMod:HellfireBreathing","TheCursedMod:BlessingInDisguise","TheCursedMod:SpitefulStrike","TheCursedMod:Neurasthenia","TheCursedMod:VoidForm+1","TheCursedMod:WearCloak","TheCursedMod:CursedStaff","TheCursedMod:Obscuration","TheCursedMod:CursedArmor","TheCursedMod:TacticalStrike","TheCursedMod:CollectTribute","TheCursedMod:VitalStrike","TheCursedMod:Obscuration+1","TheCursedMod:ReleasedStrength+1","TheCursedMod:StunningStrike","CommonCold","Parasite","TheCursedMod:CursedSpellbook","TheCursedMod:SoulReap","TheCursedMod:HellfireBreathing+1","TheCursedMod:TroublousMinions","TheCursedMod:WearCloak+1","TheCursedMod:HellsGateOpen+1","TheCursedMod:SurpriseAttack+1","TheCursedMod:Obscuration+1"],"relics":["TheCursedMod:BlackMagic101","Replay:Baseball","Nunchaku","Strawberry","Orichalcum","Fusion Hammer","Pen Nib","InkBottle","Orrery","Kintsugi","Sundial","Gremlin Food","ReplayTheSpireMod:Lightbulb"],"acts_visited":["Exordium","TheCity","TheBeyond"],"potions_floor_usage":[16,16,18,21,25,29,31,33,33,39,39,40,44,44,44,44,47,50],"damage_taken":[{"damage":0,"enemies":"2 Louse","floor":1,"turns":3},{"damage":0,"enemies":"Small Slimes","floor":2,"turns":1},{"damage":20,"enemies":"Gremlin Nob","floor":7,"turns":4},{"damage":0,"enemies":"Cultist","floor":8,"turns":3},{"damage":0,"enemies":"Exordium Thugs","floor":10,"turns":4},{"damage":13,"enemies":"Lagavulin","floor":12,"turns":6},{"damage":0,"enemies":"Lots of Slimes","floor":13,"turns":9},{"damage":2,"enemies":"3 Louse","floor":14,"turns":3},{"damage":45,"enemies":"Hexaghost","floor":16,"turns":12},{"damage":14,"enemies":"2 Thieves","floor":18,"turns":4},{"damage":0,"enemies":"Spheric Guardian","floor":19,"turns":3},{"damage":19,"enemies":"Cultist and Chosen","floor":20,"turns":7},{"damage":24,"enemies":"Shelled Parasite and Fungi","floor":21,"turns":8},{"damage":13,"enemies":"Snecko","floor":24,"turns":5},{"damage":20,"enemies":"3 Cultists","floor":25,"turns":6},{"damage":0,"enemies":"Snake Plant","floor":29,"turns":3},{"damage":0,"enemies":"Snecko","floor":30,"turns":4},{"damage":11,"enemies":"Shelled Parasite and Fungi","floor":31,"turns":6},{"damage":44,"enemies":"Automaton","floor":33,"turns":9},{"damage":4,"enemies":"3 Darklings","floor":35,"turns":7},{"damage":4,"enemies":"3 Shapes","floor":36,"turns":7},{"damage":22,"enemies":"Jaw Worm Horde","floor":37,"turns":9},{"damage":0,"enemies":"Maw","floor":39,"turns":8},{"damage":16,"enemies":"Nemesis","floor":40,"turns":6},{"damage":10,"enemies":"Writhing Mass","floor":44,"turns":5},{"damage":11,"enemies":"Reptomancer","floor":47,"turns":6},{"damage":2,"enemies":"4 Shapes","floor":48,"turns":6},{"damage":54,"enemies":"Awakened One","floor":50,"turns":9}],"seed_played":"3161243099731490056","potions_obtained":[{"floor":1,"key":"Regen Potion"},{"floor":4,"key":"Toxic Potion"},{"floor":4,"key":"Milkshake"},{"floor":19,"key":"Adrenaline Potion"},{"floor":20,"key":"CultistPotion"},{"floor":25,"key":"Guardian:BlockOnCardUsePotion"},{"floor":31,"key":"hexamod:EctoCoolerPotion"},{"floor":36,"key":"LiquidMemories"},{"floor":37,"key":"LiquidMemories"},{"floor":39,"key":"EntropicBrew"},{"floor":40,"key":"Energy Potion"},{"floor":44,"key":"Adrenaline Potion"}],"is_trial":false,"path_per_floor":["M","M","?","?","?","R","E","M","T","M","R","E","M","M","R","B",null,"M","M","M","M","?","$","M","M","T","$","R","M","M","M","R","B",null,"M","M","M","$","M","E","R","$","T","M","$","R","E","M","R","B",null],"character_chosen":"THE_CURSED","items_purchased":["Pen Nib","TheCursedMod:HellfireBreathing","TheCursedMod:BlessingInDisguise","GamblersBrew","Adrenaline Potion","TheCursedMod:VoidForm","TheCursedMod:WearCloak","TheCursedMod:CursedStaff","Orrery","Energy Potion","Adrenaline Potion","Regen Potion"],"campfire_rested":5,"item_purchase_floors":[23,23,23,23,23,27,27,27,27,38,42,45],"current_hp_per_floor":[75,75,75,75,75,75,55,55,62,62,62,54,56,59,59,34,82,68,68,54,35,35,35,27,12,12,12,36,41,41,38,62,36,82,78,77,69,69,72,72,82,82,82,72,72,82,71,69,82,66],"gold":63,"neow_bonus":"ONE_RANDOM_RARE_CARD","is_daily":false,"chose_seed":false,"campfire_upgraded":3,"win_rate":0.0,"timestamp":1610740590,"path_taken":["M","M","?","?","?","R","E","M","T","M","R","E","M","M","R","BOSS","M","M","M","?","?","$","M","M","T","$","R","M","M","M","R","BOSS","M","M","M","$","M","E","R","?","T","M","$","R","E","M","R","BOSS"],"items_purchased_type":["Relic","Card","Card","Potion","Potion","Card","Card","Card","Relic","Potion","Potion","Potion"],"build_version":"2020-12-22","purchased_purges":2,"victory":true,"max_hp_per_floor":[75,75,75,75,75,75,75,75,82,82,82,82,82,82,82,82,82,82,82,82,82,82,82,82,82,82,82,82,82,82,82,82,82,82,82,82,82,82,82,82,82,82,82,82,82,82,82,82,82,82],"relic_stats":{"Nunchaku":[28],"counters":[28,159],"Sundial":[0],"Pen Nib":[17],"Orichalcum":[78],"obtain_stats":[{"Gremlin Food":43,"TheCursedMod:BlackMagic101":0,"Pen Nib":23,"Orichalcum":12,"Replay:Baseball":4,"Nunchaku":7,"Sundial":40,"Strawberry":9,"Orrery":27,"Fusion Hammer":17,"Kintsugi":34,"ReplayTheSpireMod:Lightbulb":47,"InkBottle":26},{"Gremlin Food":24,"TheCursedMod:BlackMagic101":0,"Pen Nib":13,"Orichalcum":6,"Replay:Baseball":2,"Nunchaku":3,"Sundial":24,"Strawberry":4,"Orrery":15,"Fusion Hammer":9,"Kintsugi":19,"ReplayTheSpireMod:Lightbulb":26,"InkBottle":15},{"Gremlin Food":134,"TheCursedMod:BlackMagic101":0,"Pen Nib":67,"Orichalcum":21,"Replay:Baseball":4,"Nunchaku":8,"Sundial":134,"Strawberry":11,"Orrery":78,"Fusion Hammer":45,"Kintsugi":99,"ReplayTheSpireMod:Lightbulb":145,"InkBottle":78}],"InkBottle":[40]},"card_choices":[{"not_picked":["TheCursedMod:FuryStrike","TheCursedMod:FleshFromBone"],"picked":"TheCursedMod:CursedStaff","floor":1},{"not_picked":["TheCursedMod:Torture","TheCursedMod:ReleasedStrength"],"picked":"TheCursedMod:FuryStrike","floor":2},{"not_picked":["TheCursedMod:Stretching","TheCursedMod:CircleOfAmplification"],"picked":"TheCursedMod:CursedAmulet","floor":4},{"not_picked":["TheCursedMod:AshesToAshes","TheCursedMod:RapidMovement"],"picked":"TheCursedMod:SmokeScreen","floor":7},{"not_picked":["TheCursedMod:DoubleShield","TheCursedMod:EmpowerCircles"],"picked":"TheCursedMod:VitalStrike","floor":8},{"not_picked":["TheCursedMod:Wield","TheCursedMod:Stigma"],"picked":"TheCursedMod:SoulReap","floor":10},{"not_picked":["TheCursedMod:PrepareRite","TheCursedMod:ShockAndAwe"],"picked":"TheCursedMod:Obscuration","floor":12},{"not_picked":["TheCursedMod:Wield","TheCursedMod:CircleOfAmplification"],"picked":"TheCursedMod:WearCloak","floor":13},{"not_picked":["TheCursedMod:RavingStaff","TheCursedMod:CursedArmor"],"picked":"TheCursedMod:TacticalStrike","floor":14},{"not_picked":["TheCursedMod:CursedRelics","TheCursedMod:ParallelWorld"],"picked":"TheCursedMod:DemonicPact","floor":16},{"not_picked":["TheCursedMod:CursedBlade","TheCursedMod:CircleOfAmplification+1"],"picked":"TheCursedMod:CursedShiv","floor":18},{"not_picked":["TheCursedMod:RavingStaff+1","TheCursedMod:CircleOfCorruption"],"picked":"TheCursedMod:Obscuration","floor":19},{"not_picked":["TheCursedMod:Stigma","TheCursedMod:EmpowerCircles"],"picked":"TheCursedMod:Stretching+1","floor":20},{"not_picked":["TheCursedMod:Stretching","TheCursedMod:Obscuration"],"picked":"TheCursedMod:WearCloak+1","floor":21},{"not_picked":["TheCursedMod:VitalStrike+1","TheCursedMod:RavingStaff"],"picked":"TheCursedMod:SpitefulStrike","floor":24},{"not_picked":["TheCursedMod:AbyssShockwave","TheCursedMod:CursedBlade"],"picked":"TheCursedMod:Neurasthenia","floor":25},{"not_picked":["TheCursedMod:CircleOfCorruption","TheCursedMod:RavingStaff"],"picked":"TheCursedMod:Obscuration","floor":27},{"not_picked":["TheCursedMod:Stretching","TheCursedMod:FleshFromBone"],"picked":"TheCursedMod:CursedArmor","floor":27},{"not_picked":["TheCursedMod:BlessingInDisguise","TheCursedMod:CursedBlade"],"picked":"TheCursedMod:TacticalStrike","floor":27},{"not_picked":["TheCursedMod:HellfireBreathing","TheCursedMod:SaltUponWound"],"picked":"TheCursedMod:CollectTribute","floor":27},{"not_picked":["TheCursedMod:Stigma+1","TheCursedMod:PrepareRite+1"],"picked":"TheCursedMod:VitalStrike","floor":27},{"not_picked":["TheCursedMod:CursedShiv","TheCursedMod:Mangle"],"picked":"TheCursedMod:Obscuration+1","floor":29},{"not_picked":["TheCursedMod:Wield","TheCursedMod:CursedBlade"],"picked":"TheCursedMod:ReleasedStrength+1","floor":30},{"not_picked":["TheCursedMod:StingEye","TheCursedMod:CircleOfCorruption","TheCursedMod:EmpowerCircles"],"picked":"SKIP","floor":31},{"not_picked":["TheCursedMod:Neurasthenia","TheCursedMod:ForbiddenAlchemy"],"picked":"TheCursedMod:StunningStrike","floor":33},{"not_picked":["TheCursedMod:CursedBoomerang+1","TheCursedMod:WearCloak"],"picked":"TheCursedMod:CursedSpellbook","floor":35},{"not_picked":["TheCursedMod:SpitefulStrike","TheCursedMod:FleshFromBone+1"],"picked":"TheCursedMod:SoulReap","floor":36},{"not_picked":["TheCursedMod:RavingStaff","TheCursedMod:CursedBlade+1"],"picked":"TheCursedMod:HellfireBreathing+1","floor":37},{"not_picked":["TheCursedMod:Stigma","TheCursedMod:BlessingInDisguise+1"],"picked":"TheCursedMod:TroublousMinions","floor":39},{"not_picked":["TheCursedMod:Stretching+1","TheCursedMod:ParallelWorld"],"picked":"TheCursedMod:WearCloak+1","floor":40},{"not_picked":["TheCursedMod:Stigma","TheCursedMod:HellfireBreathing+1"],"picked":"TheCursedMod:HellsGateOpen+1","floor":44},{"not_picked":["TheCursedMod:ReleasedStrength","TheCursedMod:VitalStrike"],"picked":"TheCursedMod:SurpriseAttack+1","floor":47},{"not_picked":["TheCursedMod:WearCloak+1","TheCursedMod:SpreadPlague+1"],"picked":"TheCursedMod:Obscuration+1","floor":48}],"player_experience":69687,"relics_obtained":[{"floor":4,"key":"Replay:Baseball"},{"floor":7,"key":"Nunchaku"},{"floor":9,"key":"Strawberry"},{"floor":12,"key":"Orichalcum"},{"floor":26,"key":"InkBottle"},{"floor":40,"key":"Sundial"},{"floor":43,"key":"Gremlin Food"},{"floor":47,"key":"ReplayTheSpireMod:Lightbulb"}],"event_choices":[{"damage_healed":0,"gold_gain":0,"cards_transformed":["TheCursedMod:CursedAmulet"],"player_choice":"Transformed","damage_taken":0,"max_hp_gain":0,"max_hp_loss":0,"event_name":"Transmorgrifier","floor":5,"gold_loss":0,"cards_obtained":["TheCursedMod:Obscuration"]},{"damage_healed":0,"gold_gain":275,"player_choice":"Desecrate","damage_taken":0,"max_hp_gain":0,"max_hp_loss":0,"event_name":"Golden Shrine","floor":22,"gold_loss":0,"cards_obtained":["Regret"]}],"is_beta":false,"boss_relics":[{"not_picked":["Painkiller Herb","Replay:Wanted Poster"],"picked":"Fusion Hammer"},{"not_picked":["Cursed Key","Honey Jar"],"picked":"Kintsugi"}],"items_purged_floors":[23,38],"is_endless":false,"potions_floor_spawned":[1,7,12,13,19,20,24,25,31,36,37,39,40,44],"ascension_level":0}}