{"host":"a1u4jo6xlg3w0wsm","time":1610750520,"event":{"mods":["BaseMod","Better Third Choice","DeckTracker","Downfall","Hermit","Hubris","Minty Spire (QoL Compilation)","Rare Cards Sparkle","Replay The Spire","StSLib","The Cursed"],"gold_per_floor":[119,119,96,115,35,35,35,35,58,84,98,132,34,34,34,132,132,151,151,6,6,6,6,6],"floor_reached":23,"playtime":1293,"items_purged":["hermit:Defend_Hermit"],"score":262,"play_id":"3d142c87-fef9-4c0d-99e1-4ebd7ee3bf3c","local_time":"20210116114200","is_ascension_mode":true,"campfire_choices":[{"data":"hermit:Determination","floor":6.0,"key":"SMITH"},{"floor":8.0,"key":"REST"},{"floor":15.0,"key":"REST"}],"circlet_count":0,"master_deck":["hermit:Strike_Hermit","hermit:Strike_Hermit","hermit:Strike_Hermit","hermit:Strike_Hermit","hermit:Defend_Hermit","hermit:Snapshot","hermit:Covet","hermit:CursedWeapon+1","hermit:Dive","hermit:Determination+1","hermit:Showdown","hermit:Malice","hermit:LowProfile","hermit:ShadowCloak","hermit:Dive","hermit:FinalCanter","CurseOfTheBell","hermit:Dissolve","hermit:Strike_Hermit"],"relics":["hermit:Momento","PreservedInsect","StrikeDummy","Replay:Wax Seal","Calling Bell","Anchor","hubris:MedicalManual","ReplayTheSpireMod:Ninjato","FaceOfCleric","TheAbacus"],"acts_visited":["Exordium","TheCity"],"potions_floor_usage":[],"damage_taken":[{"damage":0.0,"enemies":"Small Slimes","floor":1.0,"turns":2.0},{"damage":3.0,"enemies":"Cultist","floor":4.0,"turns":4.0},{"damage":2.0,"enemies":"Gremlin Nob","floor":10.0,"turns":2.0},{"damage":11.0,"enemies":"Jaw Worm","floor":11.0,"turns":3.0},{"damage":29.0,"enemies":"Lagavulin","floor":12.0,"turns":4.0},{"damage":49.0,"enemies":"Fading Forest","floor":16.0,"turns":11.0},{"damage":39,"enemies":"3 Byrds","floor":18,"turns":8},{"damage":36,"enemies":"Gremlin Leader","floor":23,"turns":6}],"seed_played":"-7864735828301511428","potions_obtained":[{"floor":1.0,"key":"AttackPotion"},{"floor":4.0,"key":"DistilledChaos"},{"floor":10.0,"key":"Explosive Potion"},{"floor":14.0,"key":"DistilledChaos"},{"floor":14.0,"key":"Death Potion"},{"floor":14.0,"key":"FairyPotion"}],"is_trial":false,"path_per_floor":["M","?","$","M","$","R","$","R","T","E","M","E","$","?","R","B",null,"M","?","$","$","?","E"],"character_chosen":"HERMIT","items_purchased":["hermit:Dive","hermit:Showdown","hermit:Dive","TheAbacus"],"campfire_rested":2,"item_purchase_floors":[3,5,13,20],"current_hp_per_floor":[54,54,54,51,51,51,51,73,73,71,60,31,31,31,53,4,75,36,36,36,36,36,22,22],"gold":6,"neow_bonus":"REMOVE_TWO","is_daily":false,"chose_seed":false,"campfire_upgraded":1,"win_rate":0.0,"timestamp":1610750520,"path_taken":["M","?","$","M","$","R","?","R","T","E","M","E","$","?","R","BOSS","M","?","?","$","?","E"],"items_purchased_type":["Card","Card","Card","Relic"],"build_version":"2020-12-13","purchased_purges":1,"victory":false,"max_hp_per_floor":[75,75,75,75,75,75,75,75,75,75,75,75,75,75,75,75,75,75,75,75,75,75,75,75],"card_choices":[{"not_picked":["hermit:TakeAim","hermit:Misfire"],"picked":"hermit:CursedWeapon","floor":1.0},{"not_picked":["hermit:Headshot","hermit:PistolWhip"],"picked":"hermit:Determination","floor":4.0},{"not_picked":["hermit:NoHoldsBarred","hermit:GoldenBullet"],"picked":"hermit:Malice","floor":10.0},{"not_picked":["hermit:CalledShot","hermit:Roulette"],"picked":"hermit:LowProfile","floor":11.0},{"not_picked":["hermit:Showdown","hermit:Cheat"],"picked":"hermit:ShadowCloak","floor":12.0},{"not_picked":["hermit:BlackWind","hermit:OverwhelmingPower"],"picked":"hermit:FinalCanter","floor":16.0},{"not_picked":["hermit:Misfire+1","hermit:HoleUp","hermit:Snipe"],"picked":"SKIP","floor":18}],"player_experience":339762,"relics_obtained":[{"floor":9.0,"key":"PreservedInsect"},{"floor":10.0,"key":"StrikeDummy"},{"floor":12.0,"key":"Replay:Wax Seal"},{"floor":17.0,"key":"Anchor"},{"floor":17.0,"key":"hubris:MedicalManual"},{"floor":17.0,"key":"ReplayTheSpireMod:Ninjato"}],"event_choices":[{"damage_healed":0.0,"max_hp_gain":0.0,"max_hp_loss":0.0,"gold_gain":0.0,"event_name":"Upgrade Shrine","player_choice":"Upgraded","floor":2.0,"gold_loss":0.0,"damage_taken":0.0,"cards_upgraded":["hermit:CursedWeapon"]},{"damage_healed":0.0,"max_hp_gain":0.0,"max_hp_loss":0.0,"gold_gain":0.0,"event_name":"Lab","player_choice":"Got Potions","floor":14.0,"gold_loss":0.0,"damage_taken":0.0},{"damage_healed":0,"gold_gain":0,"player_choice":"Trade","damage_taken":0,"relics_obtained":["FaceOfCleric"],"max_hp_gain":0,"max_hp_loss":0,"event_name":"FaceTrader","floor":19,"gold_loss":0},{"damage_healed":0,"gold_gain":0,"player_choice":"2 cards matched","damage_taken":0,"max_hp_gain":0,"max_hp_loss":0,"event_name":"Match and Keep!","floor":22,"gold_loss":0,"cards_obtained":["hermit:Dissolve","hermit:Strike_Hermit"]}],"is_beta":false,"boss_relics":[{"not_picked":["hermit:DentedPlate","Snecko Eye"],"picked":"Calling Bell"}],"items_purged_floors":[13],"is_endless":false,"potions_floor_spawned":[1,4,10],"killed_by":"Gremlin Leader","ascension_level":4}}