{"host":"qm4rv4rkpk76sbxu","time":1610733519,"event":{"mods":["BaseMod","Bestiary","Block Reminder","DeckTracker","Filter the Spire","Keyboard Shortcuts","Minty Spire (QoL Compilation)","MonsterHotkey","Quick Restart","Relic Stats","Slay-I","StSLib","ojb\u0027s Better Paths Mod","ojb\u0027s Info Mod"],"gold_per_floor":[114,129,146,146,146,180,37,48,48,63,63,78,78,110,110,205,205,220,220,220,233,158,187,187,213,294,323,323,348,379,379,379,477,477,492,492,492,210,227,260,260,286,286,315,117,137,137,157,157,157,157,157,16,50,50],"floor_reached":56,"language":"ENG","playtime":7614,"items_purged":["Decay","Regret","Parasite"],"score":1527,"play_id":"841efb73-8288-48d0-b1b7-c5351698b759","local_time":"20210115185839","is_ascension_mode":true,"campfire_choices":[{"data":"CarveReality","floor":11.0,"key":"SMITH"},{"data":"Ragnarok","floor":13.0,"key":"SMITH"},{"data":"CrushJoints","floor":15.0,"key":"SMITH"},{"data":"LessonLearned","floor":24.0,"key":"SMITH"},{"data":"Ghostly","floor":28.0,"key":"SMITH"},{"data":"Ghostly","floor":32.0,"key":"SMITH"},{"data":"Ghostly","floor":41.0,"key":"SMITH"},{"floor":49.0,"key":"RECALL"},{"data":"Ghostly","floor":52.0,"key":"SMITH"}],"circlet_count":0,"master_deck":["Strike_P+1","Strike_P+1","Defend_P","Defend_P+1","Defend_P+1","Eruption+1","Vigilance+1","FearNoEvil+1","Consecrate+1","EmptyMind","TalkToTheHand+1","CarveReality+1","Ragnarok+1","CrushJoints+1","LessonLearned+1","Ghostly+1","Ghostly+1","Ghostly+1","Ghostly+1","Ghostly+1","JustLucky","FlurryOfBlows+1","Nirvana+1","TalkToTheHand+1","DeusExMachina+1","FlurryOfBlows+1","ClearTheMind+1","Indignation+1","Tantrum","Bandage Up","Dramatic Entrance","Madness","Madness","LikeWater+1","Wallop+1","Wireheading+1","Wallop","Decay","CutThroughFate","Sanctity","Vengeance+1","SashWhip+1","Vengeance","Wireheading+1","Trip"],"relics":["PureWater","Oddly Smooth Stone","Kunai","ClockworkSouvenir","Eternal Feather","Blue Candle","Cursed Key","Dream Catcher","Yang","Pear","Lantern","Potion Belt","GoldenEye","MutagenicStrength","Astrolabe","Membership Card","White Beast Statue","TungstenRod","Ice Cream","Lee\u0027s Waffle","Pocketwatch"],"acts_visited":["Exordium","TheCity","TheBeyond","TheEnding"],"potions_floor_usage":[55,55,55],"damage_taken":[{"damage":0.0,"enemies":"Jaw Worm","floor":1.0,"turns":3.0},{"damage":0.0,"enemies":"Small Slimes","floor":2.0,"turns":4.0},{"damage":6.0,"enemies":"Cultist","floor":3.0,"turns":3.0},{"damage":12.0,"enemies":"3 Sentries","floor":6.0,"turns":7.0},{"damage":0.0,"enemies":"Exordium Thugs","floor":8.0,"turns":3.0},{"damage":0.0,"enemies":"3 Louse","floor":10.0,"turns":2.0},{"damage":0.0,"enemies":"Blue Slaver","floor":12.0,"turns":3.0},{"damage":0.0,"enemies":"Lagavulin","floor":14.0,"turns":4.0},{"damage":34.0,"enemies":"Hexaghost","floor":16.0,"turns":5.0},{"damage":10.0,"enemies":"2 Thieves","floor":18.0,"turns":2.0},{"damage":1.0,"enemies":"3 Byrds","floor":21.0,"turns":5.0},{"damage":2.0,"enemies":"Slavers","floor":23.0,"turns":3.0},{"damage":1.0,"enemies":"Book of Stabbing","floor":25.0,"turns":7.0},{"damage":1.0,"enemies":"Gremlin Leader","floor":27.0,"turns":8.0},{"damage":5.0,"enemies":"Slavers","floor":30.0,"turns":6.0},{"damage":2.0,"enemies":"Champ","floor":33.0,"turns":8.0},{"damage":3.0,"enemies":"3 Shapes","floor":35.0,"turns":3.0},{"damage":1.0,"enemies":"Orb Walker","floor":39.0,"turns":3.0},{"damage":2.0,"enemies":"Reptomancer","floor":40.0,"turns":5.0},{"damage":10.0,"enemies":"Nemesis","floor":42.0,"turns":11.0},{"damage":12.0,"enemies":"Giant Head","floor":44.0,"turns":8.0},{"damage":0.0,"enemies":"Maw","floor":46.0,"turns":6.0},{"damage":6.0,"enemies":"3 Darklings","floor":48.0,"turns":6.0},{"damage":33.0,"enemies":"Donu and Deca","floor":50.0,"turns":9.0},{"damage":29.0,"enemies":"Shield and Spear","floor":54.0,"turns":7.0},{"damage":0,"enemies":"The Heart","floor":55,"turns":8}],"seed_played":"4967918316197400826","potions_obtained":[{"floor":3.0,"key":"SteroidPotion"},{"floor":12.0,"key":"Dexterity Potion"},{"floor":14.0,"key":"SpeedPotion"},{"floor":18.0,"key":"AttackPotion"},{"floor":23.0,"key":"AttackPotion"},{"floor":27.0,"key":"AttackPotion"},{"floor":33.0,"key":"AttackPotion"},{"floor":35.0,"key":"FearPotion"},{"floor":39.0,"key":"DuplicationPotion"},{"floor":42.0,"key":"GamblersBrew"},{"floor":44.0,"key":"BlessingOfTheForge"},{"floor":54.0,"key":"BlessingOfTheForge"}],"is_trial":false,"path_per_floor":["M","M","M","?","?","E","$","M","T","M","R","M","R","E","R","B",null,"M","?","?","M","$","E","R","E","T","E","R","T","E","?","R","B",null,"M","?","?","$","M","E","R","E","T","E","$","M","?","M","R","B",null,"R","$","E","B",null],"character_chosen":"WATCHER","items_purchased":["ClockworkSouvenir","Membership Card","LikeWater","Wallop","DistilledChaos","CutThroughFate","Sanctity","Lee\u0027s Waffle","Vengeance","SteroidPotion","Wireheading","Trip"],"campfire_rested":0,"item_purchase_floors":[7,38,38,38,38,45,45,45,53,53,53,53],"current_hp_per_floor":[72,72,66,66,52,40,40,40,40,40,49,49,58,58,67,33,72,62,62,36,35,35,33,36,35,45,44,46,46,41,41,46,44,46,43,33,27,27,26,28,46,36,36,28,50,50,50,44,50,21,50,50,50,25,25],"gold":50,"neow_bonus":"RANDOM_COMMON_RELIC","is_daily":false,"chose_seed":false,"campfire_upgraded":8,"win_rate":0.0,"timestamp":1610733519,"path_taken":["M","M","M","?","?","E","?","M","T","M","R","?","R","E","R","BOSS","M","?","?","M","?","E","R","E","T","E","R","?","E","?","R","BOSS","M","?","?","?","?","E","R","E","T","E","$","M","?","M","R","BOSS","R","$","E","BOSS"],"items_purchased_type":["Relic","Relic","Card","Card","Potion","Card","Card","Relic","Card","Potion","Card","Card"],"build_version":"2020-12-22","purchased_purges":3,"victory":true,"max_hp_per_floor":[72,72,72,72,72,72,72,72,72,72,72,72,72,72,72,72,72,72,72,36,36,36,36,36,36,46,46,46,46,46,46,46,46,46,46,46,46,46,46,46,46,46,46,46,50,50,50,50,50,50,50,50,50,50,50],"relic_stats":{"Lee\u0027s Waffle":22,"counters":[26,139],"Blue Candle":[14],"Astrolabe":["FlurryOfBlows","ClearTheMind","Indignation"],"Eternal Feather":61,"Yang":[277],"Cursed Key":3,"GoldenEye":[96],"Dream Catcher":0,"Kunai":[84],"obtain_stats":[{"Potion Belt":29,"Ice Cream":44,"Lantern":27,"Lee\u0027s Waffle":45,"Pear":26,"Blue Candle":14,"Astrolabe":34,"Oddly Smooth Stone":0,"Eternal Feather":9,"Yang":25,"Cursed Key":17,"GoldenEye":30,"White Beast Statue":40,"ClockworkSouvenir":7,"Dream Catcher":23,"MutagenicStrength":31,"Kunai":6,"Membership Card":38,"PureWater":0,"TungstenRod":42,"Pocketwatch":54},{"Potion Belt":14,"Ice Cream":21,"Lantern":14,"Lee\u0027s Waffle":21,"Pear":13,"Blue Candle":8,"Astrolabe":16,"Oddly Smooth Stone":0,"Eternal Feather":5,"Yang":13,"Cursed Key":9,"GoldenEye":15,"White Beast Statue":19,"ClockworkSouvenir":4,"Dream Catcher":12,"MutagenicStrength":15,"Kunai":4,"Membership Card":17,"PureWater":0,"TungstenRod":20,"Pocketwatch":25},{"Potion Belt":59,"Ice Cream":103,"Lantern":59,"Lee\u0027s Waffle":103,"Pear":51,"Blue Candle":29,"Astrolabe":73,"Oddly Smooth Stone":0,"Eternal Feather":20,"Yang":51,"Cursed Key":34,"GoldenEye":65,"White Beast Statue":84,"ClockworkSouvenir":17,"Dream Catcher":44,"MutagenicStrength":65,"Kunai":17,"Membership Card":76,"PureWater":0,"TungstenRod":95,"Pocketwatch":131}],"TungstenRod":27,"Pocketwatch":[3]},"card_choices":[{"not_picked":["JustLucky","Evaluate"],"picked":"FearNoEvil","floor":1.0},{"not_picked":["SashWhip","Evaluate","PathToVictory"],"picked":"SKIP","floor":2.0},{"not_picked":["CrushJoints","WindmillStrike"],"picked":"Consecrate","floor":3.0},{"not_picked":["ClearTheMind","ThirdEye"],"picked":"EmptyMind","floor":6.0},{"not_picked":["Protect","CarveReality"],"picked":"TalkToTheHand","floor":8.0},{"not_picked":["Protect","JustLucky"],"picked":"CarveReality","floor":10.0},{"not_picked":["EmptyMind","Pray"],"picked":"Ragnarok","floor":12.0},{"not_picked":["JustLucky","EmptyBody"],"picked":"CrushJoints","floor":14.0},{"not_picked":["Ragnarok","Establishment"],"picked":"LessonLearned","floor":16.0},{"not_picked":["Nirvana+1","SandsOfTime","ThirdEye"],"picked":"SKIP","floor":18.0},{"not_picked":["ThirdEye","Halt"],"picked":"JustLucky","floor":21.0},{"not_picked":["Conclude","BattleHymn"],"picked":"FlurryOfBlows+1","floor":23.0},{"not_picked":["Ragnarok","JustLucky"],"picked":"Nirvana","floor":25.0},{"not_picked":["EmptyBody+1","FollowUp"],"picked":"TalkToTheHand","floor":27.0},{"not_picked":["BowlingBash","Collect","FlyingSleeves"],"picked":"SKIP","floor":30.0},{"not_picked":["BowlingBash","Collect","FlyingSleeves"],"picked":"SKIP","floor":30.0},{"not_picked":["Omniscience","Ragnarok"],"picked":"DeusExMachina","floor":33.0},{"not_picked":["Halt+1","CrushJoints"],"picked":"Tantrum","floor":35.0},{"not_picked":["PanicButton","Apotheosis"],"picked":"Bandage Up","floor":36.0},{"not_picked":["Secret Weapon","Jack Of All Trades"],"picked":"Dramatic Entrance","floor":36.0},{"not_picked":["Halt","BowlingBash"],"picked":"Wireheading+1","floor":39.0},{"not_picked":["Halt","BattleHymn"],"picked":"Wallop","floor":40.0},{"not_picked":["LikeWater+1","CrushJoints+1","Blasphemy"],"picked":"SKIP","floor":42.0},{"not_picked":["PathToVictory+1","BowlingBash+1","WindmillStrike"],"picked":"SKIP","floor":44.0},{"not_picked":["Pray+1","Tantrum+1"],"picked":"Vengeance+1","floor":46.0},{"not_picked":["PathToVictory","CutThroughFate+1"],"picked":"SashWhip+1","floor":48.0},{"not_picked":["CarveReality","SashWhip","Prostrate+1"],"picked":"SKIP","floor":54.0}],"player_experience":1308187,"relics_obtained":[{"floor":6.0,"key":"Kunai"},{"floor":9.0,"key":"Eternal Feather"},{"floor":14.0,"key":"Blue Candle"},{"floor":23.0,"key":"Dream Catcher"},{"floor":25.0,"key":"Yang"},{"floor":26.0,"key":"Pear"},{"floor":27.0,"key":"Lantern"},{"floor":29.0,"key":"Potion Belt"},{"floor":30.0,"key":"GoldenEye"},{"floor":40.0,"key":"White Beast Statue"},{"floor":42.0,"key":"TungstenRod"},{"floor":44.0,"key":"Ice Cream"},{"floor":54.0,"key":"Pocketwatch"}],"event_choices":[{"damage_healed":0.0,"max_hp_gain":0.0,"max_hp_loss":0.0,"gold_gain":0.0,"event_name":"Living Wall","player_choice":"Grow","floor":4.0,"gold_loss":0.0,"damage_taken":0.0,"cards_upgraded":["Eruption"]},{"damage_healed":0.0,"max_hp_gain":0.0,"max_hp_loss":0.0,"gold_gain":0.0,"event_name":"Shining Light","player_choice":"Entered Light","floor":5.0,"gold_loss":0.0,"damage_taken":14.0,"cards_upgraded":["Defend_P","Strike_P"]},{"damage_healed":0.0,"max_hp_gain":0.0,"max_hp_loss":0.0,"gold_gain":0.0,"event_name":"Forgotten Altar","player_choice":"Smashed Altar","floor":19.0,"gold_loss":0.0,"damage_taken":0.0,"cards_obtained":["Decay"]},{"damage_healed":0.0,"max_hp_gain":0.0,"max_hp_loss":36.0,"gold_gain":0.0,"event_name":"Ghosts","player_choice":"Became a Ghost","floor":20.0,"gold_loss":0.0,"damage_taken":0.0,"cards_obtained":["Ghostly","Ghostly","Ghostly","Ghostly","Ghostly"]},{"damage_healed":0.0,"max_hp_gain":0.0,"max_hp_loss":0.0,"gold_gain":0.0,"event_name":"Drug Dealer","player_choice":"Inject Mutagens","floor":31.0,"gold_loss":0.0,"damage_taken":0.0,"relics_obtained":["MutagenicStrength"]},{"damage_healed":0.0,"max_hp_gain":0.0,"max_hp_loss":0.0,"gold_gain":0.0,"event_name":"SensoryStone","player_choice":"Memory 3","floor":36.0,"gold_loss":0.0,"damage_taken":10.0},{"damage_healed":0.0,"max_hp_gain":0.0,"max_hp_loss":0.0,"gold_gain":0.0,"event_name":"Winding Halls","player_choice":"Embrace Madness","floor":37.0,"gold_loss":0.0,"damage_taken":6.0,"cards_obtained":["Madness","Madness"]},{"damage_healed":0.0,"max_hp_gain":0.0,"max_hp_loss":0.0,"gold_gain":0.0,"event_name":"Upgrade Shrine","player_choice":"Upgraded","floor":47.0,"gold_loss":0.0,"damage_taken":0.0,"cards_upgraded":["TalkToTheHand"]}],"is_beta":false,"boss_relics":[{"not_picked":["Black Star","Runic Pyramid"],"picked":"Cursed Key"},{"not_picked":["Empty Cage","SacredBark"],"picked":"Astrolabe"}],"items_purged_floors":[22,38,45],"is_endless":false,"potions_floor_spawned":[3,12,14,18,23,27,33,35,39,42,44,46,48,54],"ascension_level":1}}