{"host":"q6ff4ns2kep02ti6","time":1610746458,"event":{"mods":["AchievementEnabler","BaseMod","Minty Spire (QoL Compilation)","Relic Stats","StSLib","Unceasing Turn Reminder"],"gold_per_floor":[112,123,134,134,146,146,157,174,201,213,238,251,30,58,58,158,158,144,156,173,190,190,190],"floor_reached":22,"language":"ENG","playtime":2296,"items_purged":[],"score":309,"play_id":"9d798c0e-e770-46e2-b9f7-3429823ea7fd","local_time":"20210115223418","is_ascension_mode":true,"campfire_choices":[{"data":"Sunder","floor":6.0,"key":"SMITH"},{"floor":15.0,"key":"REST"}],"circlet_count":0,"master_deck":["Strike_B","Strike_B","Defend_B","Defend_B","Defend_B","Zap","Dualcast","Redo+1","Force Field+1","Cold Snap+1","Sunder+1","Cold Snap","Tempest","Compile Driver","Compile Driver","Doom and Gloom","Self Repair","Creative AI","Undo","Glacier","Lockon"],"relics":["Astrolabe","DataDisk","Blue Candle","OrangePellets","Strawberry","Inserter"],"acts_visited":["Exordium","TheCity"],"potions_floor_usage":[],"damage_taken":[{"damage":0.0,"enemies":"2 Louse","floor":1.0,"turns":4.0},{"damage":7.0,"enemies":"Jaw Worm","floor":2.0,"turns":3.0},{"damage":0.0,"enemies":"Cultist","floor":3.0,"turns":3.0},{"damage":15.0,"enemies":"Lots of Slimes","floor":5.0,"turns":4.0},{"damage":0.0,"enemies":"3 Louse","floor":7.0,"turns":4.0},{"damage":29.0,"enemies":"Gremlin Gang","floor":8.0,"turns":4.0},{"damage":0.0,"enemies":"Exordium Thugs","floor":10.0,"turns":3.0},{"damage":9.0,"enemies":"Lagavulin","floor":11.0,"turns":5.0},{"damage":0.0,"enemies":"2 Fungi Beasts","floor":12.0,"turns":3.0},{"damage":0.0,"enemies":"Gremlin Nob","floor":14.0,"turns":3.0},{"damage":24.0,"enemies":"Hexaghost","floor":16.0,"turns":9.0},{"damage":39.0,"enemies":"2 Thieves","floor":18.0,"turns":4.0},{"damage":4,"enemies":"Shell Parasite","floor":19,"turns":13},{"damage":16,"enemies":"Snecko","floor":20,"turns":5},{"damage":11,"enemies":"Centurion and Healer","floor":21,"turns":13},{"damage":21,"enemies":"Sentry and Sphere","floor":22,"turns":3}],"seed_played":"-6823963208127006688","potions_obtained":[{"floor":2.0,"key":"SkillPotion"},{"floor":3.0,"key":"ColorlessPotion"},{"floor":10.0,"key":"DistilledChaos"},{"floor":12.0,"key":"EntropicBrew"},{"floor":16.0,"key":"DuplicationPotion"},{"floor":21,"key":"EntropicBrew"}],"is_trial":false,"path_per_floor":["M","M","M","?","M","R","M","M","T","M","E","M","$","E","R","B",null,"M","M","M","M","M"],"character_chosen":"DEFECT","items_purchased":["Self Repair","OrangePellets"],"campfire_rested":1,"item_purchase_floors":[13,13],"current_hp_per_floor":[68,61,61,66,51,51,51,22,22,22,13,13,13,27,53,36,74,35,38,22,18,0,0],"gold":190,"neow_bonus":"BOSS_RELIC","is_daily":false,"chose_seed":false,"campfire_upgraded":1,"win_rate":0.0,"timestamp":1610746458,"path_taken":["M","M","M","?","M","R","M","M","T","M","E","M","$","E","R","BOSS","M","M","M","M","M"],"items_purchased_type":["Card","Relic"],"build_version":"2020-12-22","purchased_purges":0,"victory":false,"max_hp_per_floor":[75,75,75,80,80,80,80,80,80,80,80,80,80,87,87,87,87,87,87,87,87,87,87],"relic_stats":{"OrangePellets":[2],"Inserter":[19],"counters":[16,83],"Astrolabe":["Redo","Force Field","Cold Snap"],"Blue Candle":[0],"obtain_stats":[{"OrangePellets":13,"DataDisk":9,"Inserter":17,"Astrolabe":0,"Blue Candle":11,"Strawberry":14,"Cracked Core":0},{"OrangePellets":9,"DataDisk":6,"Inserter":11,"Astrolabe":0,"Blue Candle":8,"Strawberry":10,"Cracked Core":0},{"OrangePellets":33,"DataDisk":22,"Inserter":45,"Astrolabe":0,"Blue Candle":30,"Strawberry":36,"Cracked Core":0}]},"card_choices":[{"not_picked":["Rebound","Fusion"],"picked":"Sunder","floor":1.0},{"not_picked":["Rebound","Leap"],"picked":"Cold Snap","floor":2.0},{"not_picked":["Cold Snap","Turbo","Undo"],"picked":"SKIP","floor":3.0},{"not_picked":["Ball Lightning","Cold Snap"],"picked":"Tempest","floor":5.0},{"not_picked":["All For One","Beam Cell","Cold Snap"],"picked":"SKIP","floor":7.0},{"not_picked":["All For One","Beam Cell","Cold Snap"],"picked":"SKIP","floor":7.0},{"not_picked":["Hologram","Turbo"],"picked":"Compile Driver","floor":8.0},{"not_picked":["Go for the Eyes","Beam Cell"],"picked":"Compile Driver","floor":10.0},{"not_picked":["Streamline","Meteor Strike"],"picked":"Doom and Gloom","floor":11.0},{"not_picked":["Ball Lightning","Leap","Redo"],"picked":"SKIP","floor":12.0},{"not_picked":["Cold Snap","Streamline","Sweeping Beam"],"picked":"SKIP","floor":14.0},{"not_picked":["Meteor Strike","Fission"],"picked":"Creative AI","floor":16.0},{"not_picked":["Sweeping Beam","Redo+1"],"picked":"Undo","floor":18.0},{"not_picked":["Turbo","FTL"],"picked":"Glacier","floor":19},{"not_picked":["Barrage","Undo+1","Turbo"],"picked":"SKIP","floor":20},{"not_picked":["Undo+1","Force Field"],"picked":"Lockon","floor":21}],"player_experience":947892,"relics_obtained":[{"floor":9.0,"key":"DataDisk"},{"floor":11.0,"key":"Blue Candle"},{"floor":14.0,"key":"Strawberry"}],"event_choices":[{"damage_healed":0.0,"max_hp_gain":5.0,"max_hp_loss":0.0,"gold_gain":0.0,"event_name":"Big Fish","player_choice":"Donut","floor":4.0,"gold_loss":0.0,"damage_taken":0.0}],"is_beta":false,"boss_relics":[{"not_picked":["Philosopher\u0027s Stone","SlaversCollar"],"picked":"Inserter"}],"items_purged_floors":[],"is_endless":false,"potions_floor_spawned":[2,3,10,12,16,21],"killed_by":"Sentry and Sphere","ascension_level":7}}