{"host":"h1qktzcccqnez8tx","time":1610753129,"event":{"mods":["BaseMod","Block Reminder","Colored Map","Colored Powertips","Curses Come First","Downfall","Highlight Path","Jorbs\u0027s Wanderer Trilogy","Minty Spire (QoL Compilation)","Permanent Neow","Quick Restart","Relic Stats","Replay The Spire","Say the Spire","StSLib","The Cursed","The Disciple","The Hierophant","The Necromancer","The Servant 0.9.4"],"gold_per_floor":[115,131,149,149,167,199,47,68,68,68,59,159,122,138,138,244,244,278,225,217,217],"floor_reached":20,"language":"ENG","playtime":1472,"items_purged":["hierophant:Defend_Hierophant"],"score":176,"play_id":"7c1ddce0-1f77-461f-b355-4f08202ba9f5","local_time":"20210116002529","is_ascension_mode":false,"campfire_choices":[{"data":"hierophant:Shelter","floor":15,"key":"SMITH"}],"circlet_count":0,"master_deck":["hierophant:Strike_Hierophant","hierophant:Strike_Hierophant","hierophant:Strike_Hierophant","hierophant:Strike_Hierophant","hierophant:Punish","hierophant:Defend_Hierophant+1","hierophant:Defend_Hierophant+1","hierophant:Defend_Hierophant","hierophant:FieryStrike","hierophant:Shelter+1","hierophant:Doubloon","hierophant:CursedGold","hierophant:Blessing","hierophant:Blessing","hierophant:Smite","Replay:UnknownCurse","hierophant:Shelter+1","hierophant:OrnateBuckler","hierophant:OrnateBuckler","hierophant:Doubloon","hierophant:ConvertCurrency","hierophant:Doubloon","hierophant:Generosity","hierophant:PassingBell+1"],"relics":["hierophant:PropheticMaskRelic","War Paint","CaptainsWheel","Ring of Hypnosis","ReplayTheSpireMod:Ring of Exchange","Philosopher\u0027s Stone"],"acts_visited":["Exordium","TheCity"],"potions_floor_usage":[18,18],"damage_taken":[{"damage":1,"enemies":"Jaw Worm","floor":1,"turns":5},{"damage":0,"enemies":"2 Louse","floor":2,"turns":2},{"damage":0,"enemies":"Cultist","floor":3,"turns":4},{"damage":17,"enemies":"Red Slaver","floor":5,"turns":5},{"damage":35,"enemies":"3 Sentries","floor":6,"turns":12},{"damage":6,"enemies":"2 Fungi Beasts","floor":8,"turns":5},{"damage":14,"enemies":"Looter","floor":11,"turns":4},{"damage":1,"enemies":"Large Slime","floor":14,"turns":12},{"damage":28,"enemies":"Fading Forest","floor":16,"turns":11},{"damage":60,"enemies":"3 Byrds","floor":18,"turns":9},{"damage":8,"enemies":"2 Thieves","floor":19,"turns":5},{"damage":33,"enemies":"Snecko","floor":20,"turns":8}],"seed_played":"-5808974513757683052","potions_obtained":[{"floor":2,"key":"Reflective Coating"},{"floor":6,"key":"Energy Potion"}],"is_trial":false,"path_per_floor":["M","M","M","?","M","E","$","M","T","?","M","?","$","M","R","B",null,"M","M","M"],"character_chosen":"HIEROPHANT","items_purchased":["LiquidMemories","hierophant:OrnateBuckler"],"campfire_rested":0,"item_purchase_floors":[7,13],"current_hp_per_floor":[74,74,74,74,61,40,40,48,48,48,41,41,41,54,54,50,75,29,35,16,16],"gold":217,"neow_bonus":"TRANSFORM_CARD","is_daily":false,"chose_seed":false,"campfire_upgraded":1,"win_rate":0.0,"timestamp":1610753129,"path_taken":["M","M","M","?","M","E","$","M","T","?","M","?","$","M","R","BOSS","M","M","M"],"items_purchased_type":["Potion","Card"],"build_version":"2020-12-22","purchased_purges":1,"victory":false,"max_hp_per_floor":[75,75,75,75,75,75,75,75,75,75,75,75,75,75,75,75,75,75,75,75,75],"relic_stats":{"counters":[12,81],"War Paint":["hierophant:Defend_Hierophant","hierophant:Defend_Hierophant"],"obtain_stats":[{"ReplayTheSpireMod:Ring of Exchange":10,"CaptainsWheel":9,"Ring of Hypnosis":10,"hierophant:PropheticMaskRelic":0,"Philosopher\u0027s Stone":17,"War Paint":6},{"ReplayTheSpireMod:Ring of Exchange":6,"CaptainsWheel":6,"Ring of Hypnosis":6,"hierophant:PropheticMaskRelic":0,"Philosopher\u0027s Stone":9,"War Paint":5},{"ReplayTheSpireMod:Ring of Exchange":33,"CaptainsWheel":33,"Ring of Hypnosis":33,"hierophant:PropheticMaskRelic":0,"Philosopher\u0027s Stone":60,"War Paint":28}]},"card_choices":[{"not_picked":["hierophant:MorningPrayer","hierophant:Encroach"],"picked":"hierophant:Shelter","floor":1},{"not_picked":["hierophant:FlamingChariot","hierophant:Shelter"],"picked":"hierophant:CursedGold","floor":2},{"not_picked":["hierophant:Kindle","hierophant:RepressedViolence"],"picked":"hierophant:Blessing","floor":3},{"not_picked":["hierophant:Bribe","hierophant:Sermon"],"picked":"hierophant:Blessing","floor":5},{"not_picked":["hierophant:FlamingChariot","hierophant:Invocation","hierophant:Upheaval"],"picked":"SKIP","floor":6},{"not_picked":["hierophant:Encroach","hierophant:FieryStrike"],"picked":"hierophant:Smite","floor":8},{"not_picked":["hierophant:AuricBeam","hierophant:ArchangelShield"],"picked":"hierophant:Shelter","floor":11},{"not_picked":["hierophant:FlamingChariot","hierophant:Sermon"],"picked":"hierophant:ConvertCurrency","floor":14},{"not_picked":["hierophant:MintersHammer","hierophant:Cornucopia"],"picked":"hierophant:Generosity","floor":16},{"not_picked":["hierophant:FlamingChariot","hierophant:HolyVerse"],"picked":"hierophant:PassingBell+1","floor":18},{"not_picked":["hierophant:Bribe","hierophant:CursedGold","hierophant:Blessing"],"picked":"SKIP","floor":19}],"player_experience":95152,"relics_obtained":[{"floor":6,"key":"War Paint"},{"floor":9,"key":"CaptainsWheel"},{"floor":10,"key":"Ring of Hypnosis"},{"floor":10,"key":"ReplayTheSpireMod:Ring of Exchange"}],"event_choices":[{"damage_healed":0,"gold_gain":0,"player_choice":"Grow","damage_taken":0,"max_hp_gain":0,"max_hp_loss":0,"event_name":"Living Wall","floor":4,"gold_loss":0,"cards_upgraded":["hierophant:Shelter"]},{"damage_healed":0,"gold_gain":100,"player_choice":"Pray","damage_taken":0,"max_hp_gain":0,"max_hp_loss":0,"event_name":"Golden Shrine","floor":12,"gold_loss":0}],"is_beta":false,"boss_relics":[{"not_picked":["Ring of Chaos","Painkiller Herb"],"picked":"Philosopher\u0027s Stone"}],"items_purged_floors":[7],"is_endless":false,"potions_floor_spawned":[2,6,11],"killed_by":"Snecko","ascension_level":0}}