{"host":"Krakhan","time":1610678533,"event":{"mods":["AchievementEnabler","BaseMod","Colored Map","Colored Powertips","Faster Ascension Climbing","Highlight Path","Minty Spire (QoL Compilation)","Rare Cards Sparkle","Relic Stats","StSLib"],"gold_per_floor":[99,99,99,99,24,24,24,49,49,49,80,92,129,155,167,308,320,320],"floor_reached":17,"language":"ENG","playtime":298,"items_purged":["Defend_R"],"score":178,"play_id":"9caf37c4-0869-4ff9-9067-bf3d2e7c5859","local_time":"20210114214213","is_ascension_mode":false,"campfire_choices":[{"data":"Wild Strike","floor":6,"key":"SMITH"},{"data":"Flame Barrier","floor":10,"key":"SMITH"},{"data":"Armaments","floor":12,"key":"SMITH"},{"data":"Twin Strike","floor":15,"key":"SMITH"}],"circlet_count":0,"master_deck":["Strike_R","Strike_R","Strike_R","Strike_R","Strike_R","Defend_R","Defend_R","Defend_R","Bash+1","Wild Strike+1","Flame Barrier+1","Armaments+1","Twin Strike+1","Feed"],"relics":["Black Blood","NeowsBlessing","Golden Idol","Pen Nib","MawBank"],"acts_visited":["Exordium","TheCity"],"potions_floor_usage":[],"damage_taken":[{"damage":0,"enemies":"2 Louse","floor":1,"turns":1},{"damage":0,"enemies":"Jaw Worm","floor":8,"turns":1},{"damage":0,"enemies":"Lagavulin","floor":11,"turns":1},{"damage":0,"enemies":"Small Slimes","floor":13,"turns":3},{"damage":6,"enemies":"Exordium Wildlife","floor":14,"turns":4},{"damage":45,"enemies":"The Guardian","floor":16,"turns":13}],"seed_played":"5315883667652927360","potions_obtained":[{"floor":8,"key":"Explosive Potion"},{"floor":13,"key":"Ancient Potion"},{"floor":14,"key":"DuplicationPotion"},{"floor":16,"key":"CultistPotion"}],"is_trial":false,"path_per_floor":["M","?","?","?","$","R","?","M","T","R","E","R","M","M","R","B",null],"character_chosen":"IRONCLAD","items_purchased":[],"campfire_rested":0,"item_purchase_floors":[],"current_hp_per_floor":[80,85,85,85,85,85,79,79,79,79,79,79,79,79,79,40,79,79],"gold":320,"neow_bonus":"THREE_ENEMY_KILL","is_daily":false,"chose_seed":false,"campfire_upgraded":4,"win_rate":0.0,"timestamp":1610678533,"path_taken":["M","?","?","?","$","R","?","?","T","R","E","R","M","M","R","BOSS"],"items_purchased_type":[],"build_version":"2020-12-18","purchased_purges":1,"victory":false,"max_hp_per_floor":[80,85,85,85,85,85,79,79,79,79,79,79,79,79,79,79,79,79],"relic_stats":{"counters":[6,23],"Golden Idol":45,"Black Blood":12,"Pen Nib":[3],"MawBank":72,"obtain_stats":[{"NeowsBlessing":0,"Golden Idol":7,"Black Blood":17,"Pen Nib":9,"MawBank":11,"Burning Blood":0},{"NeowsBlessing":0,"Golden Idol":1,"Black Blood":6,"Pen Nib":2,"MawBank":3,"Burning Blood":0},{"NeowsBlessing":0,"Golden Idol":1,"Black Blood":23,"Pen Nib":2,"MawBank":3,"Burning Blood":0}]},"card_choices":[{"not_picked":["Twin Strike","Second Wind"],"picked":"Wild Strike","floor":1},{"not_picked":["Flex","True Grit"],"picked":"Flame Barrier","floor":8},{"not_picked":["Rupture","Iron Wave"],"picked":"Armaments","floor":11},{"not_picked":["Ghostly Armor","Heavy Blade"],"picked":"Twin Strike","floor":13},{"not_picked":["Warcry","Armaments","Corruption"],"picked":"SKIP","floor":14},{"not_picked":["Exhume","Barricade"],"picked":"Feed","floor":16}],"player_experience":1316376,"relics_obtained":[{"floor":9,"key":"Pen Nib"},{"floor":11,"key":"MawBank"}],"event_choices":[{"damage_healed":0,"gold_gain":0,"player_choice":"Donut","damage_taken":0,"max_hp_gain":5,"max_hp_loss":0,"event_name":"Big Fish","floor":2,"gold_loss":0},{"damage_healed":0,"gold_gain":0,"player_choice":"Ignored","damage_taken":0,"max_hp_gain":0,"max_hp_loss":0,"event_name":"Liars Game","floor":3,"gold_loss":0},{"damage_healed":0,"gold_gain":0,"player_choice":"Grow","damage_taken":0,"max_hp_gain":0,"max_hp_loss":0,"event_name":"Living Wall","floor":4,"gold_loss":0,"cards_upgraded":["Bash"]},{"damage_healed":0,"gold_gain":0,"player_choice":"Lose Max HP","damage_taken":0,"relics_obtained":["Golden Idol"],"max_hp_gain":0,"max_hp_loss":6,"event_name":"Golden Idol","floor":7,"gold_loss":0}],"is_beta":true,"boss_relics":[{"not_picked":["Ectoplasm","Busted Crown"],"picked":"Black Blood"}],"items_purged_floors":[5],"is_endless":false,"potions_floor_spawned":[8,13,14,16],"ascension_level":0}}