{"host":"3qkmyeoym75lj4wn","time":1610732333,"event":{"mods":["2.2 Compatiblity","BaseMod","Block Reminder","Colored Powertips","Highlight Path","Minty Spire (QoL Compilation)","Permanent Neow","Potion Indicator Mod","Rare Cards Sparkle","Relic Stats","StSLib","Unceasing Turn Reminder"],"gold_per_floor":[119,129,129,140,5,5,37,37,62,101,101,122,31,60,60,143,152,172,172,172],"floor_reached":19,"language":"ENG","playtime":522,"items_purged":["Strike_B"],"score":354,"play_id":"09c7b14a-1e01-45c7-aef4-4699d249763d","local_time":"20210115173853","is_ascension_mode":true,"campfire_choices":[{"data":"Defragment","floor":6,"key":"SMITH"},{"data":"Consume","floor":8,"key":"SMITH"},{"floor":15,"key":"REST"}],"circlet_count":0,"master_deck":["AscendersBane","Strike_B","Strike_B","Strike_B","Defend_B","Defend_B","Defend_B","Defend_B","Zap","Dualcast","Dramatic Entrance","Go for the Eyes","Defragment+1","Consume+1","Core Surge","Capacitor","Ball Lightning","Cold Snap","Fission","CurseOfTheBell","Hologram"],"relics":["Cracked Core","Smiling Mask","PreservedInsect","CeramicFish","Calling Bell","Lantern","Meat on the Bone","Peace Pipe"],"acts_visited":["Exordium","TheCity"],"potions_floor_usage":[2,7,18,19],"damage_taken":[{"damage":0,"enemies":"2 Louse","floor":1,"turns":2},{"damage":0,"enemies":"Jaw Worm","floor":2,"turns":1},{"damage":1,"enemies":"Cultist","floor":4,"turns":3},{"damage":25,"enemies":"Lagavulin","floor":7,"turns":7},{"damage":11,"enemies":"Gremlin Nob","floor":10,"turns":3},{"damage":8,"enemies":"Blue Slaver","floor":12,"turns":3},{"damage":13,"enemies":"Exordium Thugs","floor":14,"turns":3},{"damage":18,"enemies":"Slime Boss","floor":16,"turns":9},{"damage":19,"enemies":"Spheric Guardian","floor":18,"turns":6},{"damage":42,"enemies":"Shell Parasite","floor":19,"turns":3}],"seed_played":"-8173442674691325268","potions_obtained":[{"floor":1,"key":"AttackPotion"},{"floor":16,"key":"Block Potion"},{"floor":18,"key":"FearPotion"}],"is_trial":false,"path_per_floor":["M","M","?","M","$","R","E","R","T","E","?","M","$","M","R","B",null,"M","M"],"character_chosen":"DEFECT","items_purchased":["Defragment","SteroidPotion","Ball Lightning"],"campfire_rested":1,"item_purchase_floors":[5,5,13],"current_hp_per_floor":[64,64,64,63,63,63,38,38,38,27,27,19,19,6,27,9,56,37,0,0],"gold":172,"neow_bonus":"RANDOM_COLORLESS","is_daily":false,"chose_seed":false,"campfire_upgraded":2,"win_rate":0.0,"timestamp":1610732333,"path_taken":["M","M","?","M","$","R","E","R","T","E","?","M","?","M","R","BOSS","M","?"],"items_purchased_type":["Card","Potion","Card"],"build_version":"2020-12-22","purchased_purges":1,"victory":false,"max_hp_per_floor":[71,71,71,71,71,71,71,71,71,71,71,71,71,71,71,71,71,71,71,71],"relic_stats":{"Peace Pipe":0,"counters":[10,40],"CeramicFish":63,"PreservedInsect":22,"Smiling Mask":25,"obtain_stats":[{"Calling Bell":17,"Peace Pipe":17,"Lantern":17,"CeramicFish":10,"PreservedInsect":9,"Cracked Core":0,"Smiling Mask":7,"Meat on the Bone":17},{"Calling Bell":8,"Peace Pipe":8,"Lantern":8,"CeramicFish":5,"PreservedInsect":4,"Cracked Core":0,"Smiling Mask":4,"Meat on the Bone":8},{"Calling Bell":31,"Peace Pipe":31,"Lantern":31,"CeramicFish":16,"PreservedInsect":13,"Cracked Core":0,"Smiling Mask":13,"Meat on the Bone":31}],"Meat on the Bone":0},"card_choices":[{"not_picked":["Jack Of All Trades","Discovery"],"picked":"Dramatic Entrance","floor":0},{"not_picked":["Redo","Static Discharge","Turbo"],"picked":"SKIP","floor":1},{"not_picked":["Hologram","Gash"],"picked":"Go for the Eyes","floor":2},{"not_picked":["Barrage","Loop","Static Discharge"],"picked":"SKIP","floor":4},{"not_picked":["Redo","Steam"],"picked":"Consume","floor":7},{"not_picked":["Go for the Eyes","Turbo"],"picked":"Core Surge","floor":10},{"not_picked":["Reinforced Body","Coolheaded"],"picked":"Capacitor","floor":12},{"not_picked":["Go for the Eyes","Heatsinks"],"picked":"Cold Snap","floor":14},{"not_picked":["All For One","Meteor Strike"],"picked":"Fission","floor":16},{"not_picked":["Beam Cell","Compile Driver"],"picked":"Hologram","floor":18}],"player_experience":1679694,"relics_obtained":[{"floor":7,"key":"Smiling Mask"},{"floor":9,"key":"PreservedInsect"},{"floor":10,"key":"CeramicFish"},{"floor":17,"key":"Lantern"},{"floor":17,"key":"Meat on the Bone"},{"floor":17,"key":"Peace Pipe"}],"event_choices":[{"damage_healed":0,"gold_gain":0,"player_choice":"Ignored","damage_taken":0,"max_hp_gain":0,"max_hp_loss":0,"event_name":"Golden Wing","floor":3,"gold_loss":0},{"damage_healed":0,"gold_gain":0,"player_choice":"Fled","damage_taken":0,"max_hp_gain":0,"max_hp_loss":0,"event_name":"Scrap Ooze","floor":11,"gold_loss":0}],"is_beta":false,"boss_relics":[{"not_picked":["Philosopher\u0027s Stone","Tiny House"],"picked":"Calling Bell"}],"items_purged_floors":[13],"is_endless":false,"potions_floor_spawned":[1,16,18],"killed_by":"Shell Parasite","ascension_level":20}}