{"host":"4coy96o7l3fioe37","time":1610746801,"event":{"mods":["AchievementEnabler","Act Like it!","AlwaysNeverKeys","BaseMod","Better Altar","Better Match","Better Note","Better Sensory Stone","Better Skull","Better Third Choice","Better Vampires","BetterRewards","ChefMod","Colored Map","Disable Question Mark Monsters","Minty Spire (QoL Compilation)","Rare Cards Sparkle","Replay The Spire","StSLib","The Marked"],"gold_per_floor":[118,118,182,132,132,163,163,65,88,88,103,119,134,147,147,270,270,284,284,284,284,267,306,306,331,331,331,355,355,405,428,428,558,558,582,582,602,122,122,122,122],"floor_reached":40,"language":"ENG","playtime":6420,"items_purged":["Sickly"],"score":554,"play_id":"c3be703e-afd5-415c-b049-c2a1789bacd3","local_time":"20210115214001","is_ascension_mode":false,"campfire_choices":[{"floor":7,"key":"REST"},{"data":"Sever Soul","floor":10,"key":"SMITH"},{"data":"Armaments","floor":15,"key":"SMITH"},{"floor":27,"key":"REST"},{"floor":29,"key":"REST"},{"floor":32,"key":"REST"}],"circlet_count":0,"master_deck":["Strike_R","Strike_R","Strike_R","Strike_R","Strike_R","Defend_R","Defend_R","Defend_R","Defend_R","Bash","Hallucinations","Exhume+1","Sever Soul+1","ReplayTheSpireMod:Strike From Hell","True Grit+1","Power Through","Clash","Armaments+1","Exhume+1","True Grit+1","Secret Technique+1","Metamorphosis+1","Disarm","Dark Embrace+1","Impervious+1","Pot Of Greed","Pot Of Greed","Pot Of Greed","betterMatch:CurseCard","Defy Death+1","Feel No Pain","Rage+1","Fiend Fire+1"],"relics":["Burning Blood","Golden Idol","Golden Egg","Replay:Mystery Machine","Centennial Puzzle","SacredBark","Potion Belt","betterThird:NestCultRelic","Bird Faced Urn","Replay:Ancient Bell","Grinning Jar","Mercury Hourglass","Thread and Needle","Prayer Wheel","Quantum Egg"],"acts_visited":["Exordium","TheCity","TheBeyond"],"potions_floor_usage":[6,8,14,22,23,33,35],"damage_taken":[{"damage":9,"enemies":"Cultist","floor":1,"turns":4},{"damage":34,"enemies":"3 Sentries","floor":6,"turns":9},{"damage":0,"enemies":"Small Slimes","floor":11,"turns":3},{"damage":1,"enemies":"2 Louse","floor":12,"turns":3},{"damage":6,"enemies":"Blue Slaver","floor":13,"turns":3},{"damage":7,"enemies":"Lots of Slimes","floor":14,"turns":6},{"damage":71,"enemies":"Fading Forest","floor":16,"turns":11},{"damage":35,"enemies":"Spheric Guardian","floor":18,"turns":10},{"damage":4,"enemies":"2 Thieves","floor":22,"turns":4},{"damage":15,"enemies":"Replay:Snechameleon","floor":23,"turns":5},{"damage":18,"enemies":"3 Cultists","floor":25,"turns":5},{"damage":28,"enemies":"Snecko","floor":28,"turns":6},{"damage":26,"enemies":"Snake Plant","floor":31,"turns":6},{"damage":71,"enemies":"Pondfish","floor":33,"turns":9},{"damage":13,"enemies":"3 Shapes","floor":35,"turns":5},{"damage":24,"enemies":"3 Darklings","floor":37,"turns":7},{"damage":219,"enemies":"Nemesis","floor":40,"turns":6}],"seed_played":"-2970336462813246701","potions_obtained":[{"floor":1,"key":"Explosive Potion"},{"floor":3,"key":"FairyPotion"},{"floor":13,"key":"Regen Potion"},{"floor":14,"key":"Block Potion"},{"floor":18,"key":"SteroidPotion"},{"floor":23,"key":"Milkshake"},{"floor":33,"key":"EssenceOfSteel"}],"is_trial":false,"path_per_floor":["M","?","?","$","?","E","R","$","T","R","M","M","M","M","R","B",null,"M","?","?","?","M","E","?","M","T","R","M","R","?","M","R","B",null,"M","T","M","$","?","E"],"character_chosen":"IRONCLAD","items_purchased":["True Grit","Fruit Juice","Quantum Egg","Rage","Fiend Fire"],"campfire_rested":4,"item_purchase_floors":[4,8,38,38,38],"current_hp_per_floor":[77,57,25,25,25,21,45,50,50,50,56,61,61,75,75,20,85,56,56,56,56,58,49,49,37,37,62,42,67,67,49,74,11,85,78,78,64,64,64,0,0],"gold":122,"neow_bonus":"THREE_RARE_CARDS","is_daily":false,"chose_seed":false,"campfire_upgraded":2,"win_rate":0.0,"timestamp":1610746801,"path_taken":["M","?","?","$","?","E","R","$","T","R","M","?","?","M","R","BOSS","M","?","?","?","M","E","?","?","T","R","M","R","?","?","R","BOSS","M","?","M","$","?","E"],"items_purchased_type":["Card","Potion","Relic","Card","Card"],"build_version":"2020-12-22","purchased_purges":1,"victory":false,"max_hp_per_floor":[80,80,80,80,80,80,80,85,85,85,85,85,85,85,85,85,85,85,85,85,85,85,85,85,85,85,85,85,85,85,85,85,85,85,85,85,85,85,81,81,81],"card_choices":[{"not_picked":["Bludgeon","Brutality"],"picked":"Exhume","floor":0},{"not_picked":["Uppercut","Heavy Blade"],"picked":"Sever Soul","floor":1},{"not_picked":["Wild Strike","Clothesline"],"picked":"ReplayTheSpireMod:Strike From Hell","floor":3},{"not_picked":["Heavy Blade","Demonic Infusion","Uppercut"],"picked":"SKIP","floor":6},{"not_picked":["Thunderclap","Anger"],"picked":"Power Through","floor":11},{"not_picked":["Second Wind","Reaper"],"picked":"Clash","floor":12},{"not_picked":["Massacre","Entrench","Wild Strike"],"picked":"SKIP","floor":13},{"not_picked":["Thunderclap","Heavy Blade"],"picked":"Armaments","floor":14},{"not_picked":["Demonic Infusion","Barricade"],"picked":"Exhume","floor":16},{"not_picked":["True Grit+1","Thunderclap","Body Slam+1"],"picked":"SKIP","floor":18},{"not_picked":["Good Instincts","Specialist"],"picked":"Secret Technique","floor":21},{"not_picked":["Good Instincts","Madness"],"picked":"Metamorphosis","floor":21},{"not_picked":["Wild Strike","Pommel Strike","Uppercut"],"picked":"SKIP","floor":22},{"not_picked":["Sword Boomerang","Anger"],"picked":"Disarm","floor":23},{"not_picked":["Blood for Blood","Anger+1"],"picked":"Dark Embrace+1","floor":25},{"not_picked":["Clothesline","ReplayTheSpireMod:LeadingStrike+1","Havoc"],"picked":"SKIP","floor":28},{"not_picked":["Heavy Blade","Power Through+1","Perfected Strike"],"picked":"SKIP","floor":31},{"not_picked":["Barricade","Berserk"],"picked":"Impervious","floor":33},{"not_picked":["Amnesia","Decay"],"picked":"Sickly","floor":34},{"not_picked":["ReplayTheSpireMod:IOU","Doubt"],"picked":"betterMatch:CurseCard","floor":34},{"not_picked":["ReplayTheSpireMod:Restless Dread","Overencumbered"],"picked":"ReplayTheSpireMod:Doomed","floor":34},{"not_picked":["Anger","Perfected Strike+1"],"picked":"Defy Death+1","floor":35},{"not_picked":["Wild Strike","Infernal Blade","Searing Blow+1"],"picked":"SKIP","floor":37},{"not_picked":["Feel No Pain","Life Link+1","Replay:Undeath\u0027s Touch+1"],"picked":"SKIP","floor":37},{"not_picked":["Life Link+1","Replay:Undeath\u0027s Touch+1"],"picked":"Feel No Pain","floor":37},{"not_picked":["Wild Strike","Infernal Blade","Searing Blow+1"],"picked":"SKIP","floor":37}],"player_experience":242159,"relics_obtained":[{"floor":3,"key":"Golden Egg"},{"floor":6,"key":"Replay:Mystery Machine"},{"floor":9,"key":"Centennial Puzzle"},{"floor":23,"key":"Potion Belt"},{"floor":26,"key":"Bird Faced Urn"},{"floor":36,"key":"Prayer Wheel"}],"event_choices":[{"damage_healed":0,"gold_gain":0,"player_choice":"Take Damage","damage_taken":20,"relics_obtained":["Golden Idol"],"max_hp_gain":0,"max_hp_loss":0,"event_name":"Golden Idol","floor":2,"gold_loss":0},{"damage_healed":0,"gold_gain":0,"player_choice":"Forge","damage_taken":0,"max_hp_gain":0,"max_hp_loss":0,"event_name":"Accursed Blacksmith","floor":5,"gold_loss":0,"cards_upgraded":["Exhume"]},{"damage_healed":0,"gold_gain":0,"player_choice":"Copied","damage_taken":0,"max_hp_gain":0,"max_hp_loss":0,"event_name":"Duplicator","floor":19,"gold_loss":0,"cards_obtained":["True Grit"]},{"damage_healed":0,"gold_gain":0,"player_choice":"Ignored","damage_taken":0,"max_hp_gain":0,"max_hp_loss":0,"event_name":"betterNote:BetterNote","floor":20,"gold_loss":0,"cards_obtained":["Glass Knife"]},{"damage_healed":0,"gold_gain":2,"player_choice":"1","damage_taken":0,"max_hp_gain":0,"max_hp_loss":0,"event_name":"betterStone:BetterStone","floor":21,"gold_loss":0},{"damage_healed":0,"gold_gain":0,"player_choice":"Madness","damage_taken":0,"relics_obtained":["betterThird:NestCultRelic"],"max_hp_gain":0,"max_hp_loss":0,"event_name":"betterThird:BetterNest","floor":24,"gold_loss":0},{"damage_healed":0,"gold_gain":100,"player_choice":"Bet on Murderer","damage_taken":0,"max_hp_gain":0,"max_hp_loss":0,"event_name":"The Joust","floor":30,"gold_loss":50},{"damage_healed":0,"gold_gain":0,"player_choice":"Max HP","damage_taken":0,"max_hp_gain":0,"max_hp_loss":4,"event_name":"Winding Halls","floor":39,"gold_loss":0}],"is_beta":false,"boss_relics":[{"not_picked":["Replay:Grab Bag","Honey Jar"],"picked":"SacredBark"},{"not_picked":["Ring of Chaos","Runic Pyramid"],"picked":"Replay:Ancient Bell"},{"not_picked":["Lantern","Regal Pillow"],"picked":"Grinning Jar"},{"not_picked":["Replay:Bottled Steam","Question Card"],"picked":"Mercury Hourglass"},{"not_picked":["Mango","Champion Belt"],"picked":"Thread and Needle"}],"items_purged_floors":[38],"is_endless":false,"potions_floor_spawned":[1,13,14,18,23,33],"killed_by":"Nemesis","ascension_level":0}}