{"host":"jl3raagrljzztomj","time":1610720434,"event":{"mods":["Aspiration","BaseMod","BetterRewards","Colored Map","Colored Powertips","Custom Start","Hermit","Highlight Path","Minty Spire (QoL Compilation)","Permanent Neow","StSLib","SuperFastMode","The Runesmith"],"gold_per_floor":[118,5,19,194,212,212,247,266,266,282,282,313,313,313,313,418,418,438,458,468,496,496,496,529,529,529,529,547,547,822,838,838,838,838],"floor_reached":33,"language":"ENG","playtime":1155,"items_purged":[],"score":275,"play_id":"98a3f07b-9332-4364-a7cc-a197ce0a4090","local_time":"20210115082034","is_ascension_mode":false,"campfire_choices":[{"data":"Neutralize","floor":6,"key":"SMITH"},{"floor":13,"key":"REST"},{"floor":15,"key":"REST"},{"floor":23,"key":"REST"},{"floor":25,"key":"REST"},{"floor":27,"key":"REST"},{"floor":29,"key":"REST"},{"floor":32,"key":"REST"}],"circlet_count":0,"master_deck":["Strike_G","Strike_G","Strike_G","Strike_G","Strike_G","Defend_G+1","Defend_G","Defend_G","Defend_G","Defend_G","Survivor","Neutralize+1","Caltrops","Dash+1","Bouncing Flask","Doubt","Poisoned Stab","Noxious Fumes","Blur","Adrenaline","Bouncing Flask","Noxious Fumes","Pain","Deadly Poison","Regret","Noxious Fumes"],"relics":["Ring of the Snake","aspiration:DSix","Ancient Tea Set","Vajra","Runesmith:Nanobots","aspiration:MobileForge","Red Mask","WarpedTongs","Nunchaku","Lantern"],"acts_visited":["Exordium","TheCity"],"potions_floor_usage":[10,12,21,33,33],"damage_taken":[{"damage":0,"enemies":"Cultist","floor":1,"turns":4},{"damage":0,"enemies":"Small Slimes","floor":3,"turns":3},{"damage":1,"enemies":"Jaw Worm","floor":5,"turns":5},{"damage":40,"enemies":"Lagavulin","floor":7,"turns":7},{"damage":2,"enemies":"2 Fungi Beasts","floor":8,"turns":3},{"damage":4,"enemies":"Blue Slaver","floor":10,"turns":4},{"damage":15,"enemies":"Gremlin Nob","floor":12,"turns":5},{"damage":15,"enemies":"Slime Boss","floor":16,"turns":9},{"damage":0,"enemies":"Chosen","floor":18,"turns":5},{"damage":4,"enemies":"Shell Parasite","floor":19,"turns":5},{"damage":16,"enemies":"Centurion and Healer","floor":20,"turns":5},{"damage":33,"enemies":"Masked Bandits","floor":21,"turns":5},{"damage":30,"enemies":"Gremlin Leader","floor":24,"turns":7},{"damage":20,"enemies":"Snake Plant","floor":28,"turns":4},{"damage":22,"enemies":"Shelled Parasite and Fungi","floor":31,"turns":5},{"damage":60,"enemies":"Automaton","floor":33,"turns":8}],"seed_played":"-6255745683290386102","potions_obtained":[{"floor":1,"key":"Strength Potion"},{"floor":3,"key":"Swift Potion"},{"floor":7,"key":"CultistPotion"},{"floor":10,"key":"Fruit Juice"},{"floor":19,"key":"LiquidBronze"},{"floor":28,"key":"Block Potion"}],"is_trial":false,"path_per_floor":["M","$","M","?","M","R","E","M","T","M","T","E","R","?","R","B",null,"M","M","M","?","?","R","E","R","T","R","M","R","?","M","R","B"],"character_chosen":"THE_SILENT","items_purchased":["Caltrops","Dash"],"campfire_rested":7,"item_purchase_floors":[2,2],"current_hp_per_floor":[70,70,70,70,69,69,29,27,27,28,28,13,35,20,42,27,75,75,71,55,22,22,44,14,36,36,58,38,60,60,38,60,0,0],"gold":838,"neow_bonus":"DSIX","is_daily":false,"chose_seed":false,"campfire_upgraded":1,"win_rate":0.0,"timestamp":1610720434,"path_taken":["M","?","M","?","M","R","E","M","T","M","?","E","R","?","R","BOSS","M","M","M","?","?","R","E","R","T","R","?","R","?","M","R","BOSS"],"items_purchased_type":["Card","Card"],"build_version":"2020-12-22","purchased_purges":0,"victory":false,"max_hp_per_floor":[70,70,70,70,70,70,70,70,70,75,75,75,75,75,75,75,75,75,75,75,75,75,75,75,75,75,75,75,75,75,75,75,75,75],"card_choices":[{"not_picked":["PiercingWail","Masterful Stab","Setup"],"picked":"SKIP","floor":1},{"not_picked":["Deadly Poison","Dagger Spray"],"picked":"Bouncing Flask","floor":3},{"not_picked":["PiercingWail","Prepared"],"picked":"Poisoned Stab","floor":5},{"not_picked":["Deadly Poison","Outmaneuver"],"picked":"Noxious Fumes","floor":7},{"not_picked":["Envenom","Slice"],"picked":"Blur","floor":8},{"not_picked":["Acrobatics","Dagger Spray","Terror"],"picked":"SKIP","floor":10},{"not_picked":["Infinite Blades","Cloak And Dagger","Malaise"],"picked":"SKIP","floor":12},{"not_picked":["A Thousand Cuts","Die Die Die"],"picked":"Adrenaline","floor":16},{"not_picked":["PiercingWail","Accuracy+1"],"picked":"Bouncing Flask","floor":18},{"not_picked":["Deflect","Sucker Punch"],"picked":"Noxious Fumes","floor":19},{"not_picked":["Quick Slash+1","Acrobatics","Dodge and Roll"],"picked":"SKIP","floor":20},{"not_picked":["Setup","Reflex"],"picked":"Deadly Poison","floor":24},{"not_picked":["Distraction+1","Bane","Outmaneuver"],"picked":"SKIP","floor":28},{"not_picked":["Escape Plan","Setup+1"],"picked":"Noxious Fumes","floor":31}],"player_experience":945925,"relics_obtained":[{"floor":7,"key":"Ancient Tea Set"},{"floor":11,"key":"Vajra"},{"floor":12,"key":"Runesmith:Nanobots"},{"floor":21,"key":"Red Mask"},{"floor":24,"key":"Nunchaku"},{"floor":26,"key":"Lantern"}],"event_choices":[{"damage_healed":0,"gold_gain":175,"player_choice":"AGREE","damage_taken":0,"max_hp_gain":0,"max_hp_loss":0,"event_name":"Liars Game","floor":4,"gold_loss":0,"cards_obtained":["Doubt"]},{"damage_healed":0,"gold_gain":0,"player_choice":"Entered Light","damage_taken":15,"max_hp_gain":0,"max_hp_loss":0,"event_name":"Shining Light","floor":14,"gold_loss":0,"cards_upgraded":["Dash","Defend_G"]},{"damage_healed":0,"gold_gain":0,"player_choice":"Fought Bandits","damage_taken":0,"max_hp_gain":0,"max_hp_loss":0,"event_name":"Masked Bandits","floor":21,"gold_loss":0},{"damage_healed":0,"gold_gain":0,"player_choice":"Rummage","damage_taken":0,"relics_obtained":["WarpedTongs"],"max_hp_gain":0,"max_hp_loss":0,"event_name":"Accursed Blacksmith","floor":22,"gold_loss":0,"cards_obtained":["Pain"]},{"damage_healed":0,"gold_gain":275,"player_choice":"Desecrate","damage_taken":0,"max_hp_gain":0,"max_hp_loss":0,"event_name":"Golden Shrine","floor":30,"gold_loss":0,"cards_obtained":["Regret"]}],"is_beta":false,"boss_relics":[{"not_picked":["Runesmith:UraniumAnvil","WristBlade"],"picked":"aspiration:MobileForge"}],"items_purged_floors":[],"is_endless":false,"potions_floor_spawned":[1,3,7,10,19,28],"killed_by":"Automaton","ascension_level":0}}