{"host":"udyc8f81k2jocuhg","time":1610733260,"event":{"mods":["2.2 Compatiblity","BaseMod","Better Third Choice","Colored Powertips","Conspire","Custom Start","GifTheSpireLib","Hermit","Minty Spire (QoL Compilation)","Permanent Neow","Quick Restart","Relic Filter","Relic Stats","Replay The Spire","Shop Mod","Spikes Relics","StSLib","Stuff the Spire"],"gold_per_floor":[117,133,148,148,22,52,66,66,66],"floor_reached":8,"language":"ENG","playtime":428,"items_purged":["Strike_B"],"score":110,"play_id":"5209e715-d186-4e91-8069-fa2a5c0dc8da","local_time":"20210115185420","is_ascension_mode":true,"campfire_choices":[],"circlet_count":0,"master_deck":["AscendersBane","Strike_B","Strike_B","Defend_B","Defend_B","Defend_B","Defend_B","Zap","Dualcast","hermit:Defend_Hermit","Defend_B","Defragment","ReplaySolidLightProjector","Cold Snap","Ball Lightning","Steam","Sunder"],"relics":["Cracked Core","CrustySpines","Replay:Multitool"],"acts_visited":["Exordium"],"potions_floor_usage":[],"damage_taken":[{"damage":1,"enemies":"Small Slimes","floor":1,"turns":3},{"damage":1,"enemies":"Cultist","floor":2,"turns":4},{"damage":2,"enemies":"2 Louse","floor":3,"turns":2},{"damage":17,"enemies":"3 Sentries","floor":6,"turns":8},{"damage":29,"enemies":"Exordium Thugs","floor":7,"turns":5},{"damage":19,"enemies":"Lagavulin","floor":8,"turns":8}],"seed_played":"-8485671593348440699","potions_obtained":[{"floor":7,"key":"Elixir"}],"is_trial":false,"path_per_floor":["M","M","M","?","$","E","M","E"],"character_chosen":"DEFECT","items_purchased":["Ball Lightning"],"campfire_rested":0,"item_purchase_floors":[5],"current_hp_per_floor":[63,62,60,60,60,43,14,0,0],"gold":66,"neow_bonus":"ONE_RARE_RELIC","is_daily":false,"chose_seed":false,"campfire_upgraded":0,"win_rate":0.0,"timestamp":1610733260,"path_taken":["M","M","M","?","$","E","M","E"],"items_purchased_type":["Card"],"build_version":"2020-12-22","purchased_purges":1,"victory":false,"max_hp_per_floor":[71,71,71,71,71,71,71,71,71],"relic_stats":{"counters":[6,30],"obtain_stats":[{"Replay:Multitool":6,"Cracked Core":0,"CrustySpines":0},{"Replay:Multitool":4,"Cracked Core":0,"CrustySpines":0},{"Replay:Multitool":17,"Cracked Core":0,"CrustySpines":0}]},"card_choices":[{"not_picked":["Turbo","Coolheaded"],"picked":"Defragment","floor":1},{"not_picked":["BasicCrystalCard","Barrage"],"picked":"ReplaySolidLightProjector","floor":2},{"not_picked":["Skim","Darkness"],"picked":"Cold Snap","floor":3},{"not_picked":["Streamline","Redo"],"picked":"Steam","floor":6},{"not_picked":["Gash","Skim"],"picked":"Sunder","floor":7}],"player_experience":2000035,"relics_obtained":[{"floor":6,"key":"Replay:Multitool"}],"event_choices":[{"cards_removed":["Strike_B"],"damage_healed":0,"gold_gain":0,"player_choice":"Purged","damage_taken":0,"max_hp_gain":0,"max_hp_loss":0,"event_name":"Purifier","floor":4,"gold_loss":0}],"is_beta":false,"boss_relics":[],"items_purged_floors":[5],"is_endless":false,"potions_floor_spawned":[7],"killed_by":"Lagavulin","ascension_level":18}}