{"host":"j49z5jz0n7e8vjox","time":1610736817,"event":{"mods":["AchievementEnabler","BaseMod","Bestiary","Colored Map","Colored Powertips","DeckTracker","Minty Spire (QoL Compilation)","UnlockEverythingMod"],"gold_per_floor":[119,136,154,172,192,192,226,258,332,332,332],"floor_reached":10,"language":"ENG","playtime":439,"items_purged":[],"score":140,"play_id":"fc3aabb5-c961-46f9-987d-0cb7c8ca45d6","local_time":"20210115125337","is_ascension_mode":true,"campfire_choices":[{"floor":6,"key":"REST"}],"circlet_count":0,"master_deck":["AscendersBane","Strike_B","Strike_B","Strike_B","Strike_B","Defend_B","Defend_B","Defend_B","Defend_B","Zap+1","Dualcast","Cold Snap","Loop","Compile Driver","Coolheaded","Capacitor","Cold Snap","Ball Lightning"],"relics":["Cracked Core","CeramicFish","Odd Mushroom"],"acts_visited":["Exordium"],"potions_floor_usage":[7,7,10],"damage_taken":[{"damage":8,"enemies":"Small Slimes","floor":1,"turns":3},{"damage":4,"enemies":"Jaw Worm","floor":2,"turns":3},{"damage":0,"enemies":"2 Louse","floor":3,"turns":3},{"damage":6,"enemies":"Looter","floor":4,"turns":3},{"damage":12,"enemies":"Blue Slaver","floor":5,"turns":3},{"damage":12,"enemies":"Lagavulin","floor":7,"turns":6},{"damage":33,"enemies":"The Mushroom Lair","floor":8,"turns":6},{"damage":14,"enemies":"3 Sentries","floor":10,"turns":2}],"seed_played":"-4140929097041419503","potions_obtained":[{"floor":3,"key":"AttackPotion"},{"floor":4,"key":"Weak Potion"},{"floor":8,"key":"EssenceOfSteel"}],"is_trial":false,"path_per_floor":["M","M","M","M","M","R","E","?","T","E"],"character_chosen":"DEFECT","items_purchased":[],"campfire_rested":1,"item_purchase_floors":[],"current_hp_per_floor":[56,52,52,46,34,55,43,10,10,0,0],"gold":332,"neow_bonus":"UPGRADE_CARD","is_daily":false,"chose_seed":false,"campfire_upgraded":0,"win_rate":0.0,"timestamp":1610736817,"path_taken":["M","M","M","M","M","R","E","?","T","E"],"items_purchased_type":[],"build_version":"2020-12-22","purchased_purges":0,"victory":false,"max_hp_per_floor":[71,71,71,71,71,71,71,71,71,71,71],"card_choices":[{"not_picked":["Melter","Go for the Eyes"],"picked":"Cold Snap","floor":1},{"not_picked":["Streamline","Hello World"],"picked":"Loop","floor":2},{"not_picked":["Storm","Conserve Battery"],"picked":"Compile Driver","floor":3},{"not_picked":["Stack","Sweeping Beam"],"picked":"Coolheaded","floor":4},{"not_picked":["Doom and Gloom","Sweeping Beam"],"picked":"Capacitor","floor":5},{"not_picked":["Rebound","Double Energy"],"picked":"Cold Snap","floor":7},{"not_picked":["Chaos","Rip and Tear"],"picked":"Ball Lightning","floor":8}],"player_experience":760842,"relics_obtained":[{"floor":7,"key":"CeramicFish"},{"floor":8,"key":"Odd Mushroom"}],"event_choices":[{"damage_healed":0,"gold_gain":0,"player_choice":"Fought Mushrooms","damage_taken":0,"max_hp_gain":0,"max_hp_loss":0,"event_name":"Mushrooms","floor":8,"gold_loss":0}],"is_beta":false,"boss_relics":[],"items_purged_floors":[],"is_endless":false,"potions_floor_spawned":[3,4,8],"killed_by":"3 Sentries","ascension_level":20}}