{"host":"51o3r5t75wwkyw8q","time":1610722951,"event":{"mods":["BaseMod","Infinite Spire","Minty Spire (QoL Compilation)","Replay The Spire","StSLib"],"gold_per_floor":[116,126,141,158,158,183,183,216,264,274,291,67,142,142,52,52,52],"floor_reached":16,"language":"ENG","playtime":829,"items_purged":["Strike_R"],"score":118,"play_id":"fd6656af-788a-4956-869b-dba127380e45","local_time":"20210115090231","is_ascension_mode":true,"campfire_choices":[{"data":"Evolve","floor":7,"key":"SMITH"}],"circlet_count":0,"master_deck":["Defend_R","Defend_R","Defend_R","Defend_R","Bash","Pommel Strike","Power Through","Wild Strike+1","True Grit","Evolve+1","Iron Wave","ReplayTheSpireMod:Stacked"],"relics":["Burning Blood","Replay:Rubber Ducky","Mirror","Bag of Marbles","Oddly Smooth Stone"],"acts_visited":["Exordium"],"potions_floor_usage":[6],"damage_taken":[{"damage":1,"enemies":"Cultist","floor":1,"turns":4},{"damage":5,"enemies":"Jaw Worm","floor":2,"turns":4},{"damage":0,"enemies":"Small Slimes","floor":3,"turns":3},{"damage":5,"enemies":"Gremlin Gang","floor":4,"turns":6},{"damage":40,"enemies":"Lagavulin","floor":6,"turns":7},{"damage":8,"enemies":"Replay:BlueRogue","floor":8,"turns":7},{"damage":5,"enemies":"Red Slaver","floor":10,"turns":3},{"damage":2,"enemies":"Large Slime","floor":11,"turns":6},{"damage":37,"enemies":"Hexaghost","floor":16,"turns":10}],"seed_played":"-8403634052142914227","potions_obtained":[{"floor":4,"key":"SkillPotion"},{"floor":8,"key":"Ancient Potion"},{"floor":10,"key":"SmokeBomb"},{"floor":11,"key":"Explosive Potion"}],"is_trial":false,"path_per_floor":["M","M","M","M","?","E","R","E","T","M","M","$","?","?","R","B"],"character_chosen":"IRONCLAD","items_purchased":["Oddly Smooth Stone"],"campfire_rested":0,"item_purchase_floors":[12],"current_hp_per_floor":[80,80,80,80,73,39,39,37,37,38,42,42,31,31,31,0,0],"gold":52,"neow_bonus":"REMOVE_CARD","is_daily":false,"chose_seed":false,"campfire_upgraded":1,"win_rate":0.0,"timestamp":1610722951,"path_taken":["M","M","M","M","?","E","R","E","T","M","M","$","?","?","R","BOSS"],"items_purchased_type":["Relic"],"build_version":"2020-12-22","purchased_purges":1,"victory":false,"max_hp_per_floor":[80,80,80,80,80,80,80,80,80,80,80,80,80,80,80,80,80],"card_choices":[{"not_picked":["Disarm","Anger"],"picked":"Pommel Strike","floor":1},{"not_picked":["Inflame","Shrug It Off"],"picked":"Power Through","floor":2},{"not_picked":["Sword Boomerang","Massacre"],"picked":"Wild Strike","floor":3},{"not_picked":["Shockwave","Heavy Blade"],"picked":"True Grit","floor":4},{"not_picked":["Dual Wield","Inflame"],"picked":"Evolve","floor":6},{"not_picked":["ReplayTheSpireMod:Strike From Hell","Run Through","infinitespire:OneForAll"],"picked":"SKIP","floor":8},{"not_picked":["Carnage","Perfected Strike"],"picked":"Iron Wave","floor":10},{"not_picked":["Inflame","Anger"],"picked":"ReplayTheSpireMod:Stacked","floor":11}],"player_experience":85948,"relics_obtained":[{"floor":6,"key":"Replay:Rubber Ducky"},{"floor":8,"key":"Mirror"},{"floor":9,"key":"Bag of Marbles"}],"event_choices":[{"cards_removed":["Strike_R"],"damage_healed":0,"gold_gain":0,"player_choice":"Card Removal","damage_taken":7,"max_hp_gain":0,"max_hp_loss":0,"event_name":"Golden Wing","floor":5,"gold_loss":0},{"damage_healed":0,"gold_gain":75,"player_choice":"Gather Gold","damage_taken":11,"max_hp_gain":0,"max_hp_loss":0,"event_name":"World of Goop","floor":13,"gold_loss":0},{"cards_removed":["Strike_R"],"damage_healed":0,"gold_gain":0,"player_choice":"Offered Basic","damage_taken":0,"max_hp_gain":0,"max_hp_loss":0,"event_name":"Bonfire Elementals","floor":14,"gold_loss":0},{"cards_removed":["Strike_R"],"damage_healed":0,"gold_gain":0,"player_choice":"Upgrade and Remove","damage_taken":0,"max_hp_gain":0,"max_hp_loss":0,"event_name":"Designer","floor":15,"gold_loss":90,"cards_upgraded":["Wild Strike"]}],"is_beta":false,"boss_relics":[],"items_purged_floors":[12],"is_endless":false,"potions_floor_spawned":[4,8,10,11],"killed_by":"Hexaghost","ascension_level":1}}