{"host":"z4nt7tdd4gjrinn7","time":1610718744,"event":{"mods":["100% Spire Juice","BaseMod","Minty Spire (QoL Compilation)","StSLib"],"gold_per_floor":[214,35,49,68,68,68,87,111,111,111,123,123,138,150,150,255,255,268,268,280,280,330,330,365,365,365],"floor_reached":25,"language":"ENG","playtime":1351,"items_purged":[],"score":238,"play_id":"af63da66-22ce-40f8-bbdb-46197e272f8e","local_time":"20210115085224","is_ascension_mode":false,"campfire_choices":[{"data":"Moonworks:DevilHand","floor":6.0,"key":"SMITH"},{"floor":15.0,"key":"REST"},{"floor":23.0,"key":"REST"}],"circlet_count":0,"master_deck":["Moonworks:Strike","Moonworks:Strike","Moonworks:Strike","Moonworks:Strike","Moonworks:Defend","Moonworks:Defend","Moonworks:Defend","Moonworks:Defend","Moonworks:Ambush","Moonworks:LongDistanceShot","Moonworks:SakisCookie","Moonworks:EvilSpyWorkPreparation","Moonworks:DevilHand+1","Moonworks:JonathanRush","Moonworks:RagingMadness+1","Moonworks:Dinner","Moonworks:DeployBits","Moonworks:JonathanRush","Moonworks:JonathanRush","Moonworks:Accelerator","Moonworks:IndiscriminateFireSupport","Moonworks:x16BigRocket","Moonworks:JonathanRush+1","Moonworks:LuckyCharm"],"relics":["Moonworks:BrokenBomb","Moonworks:Homemark","Anchor","Dream Catcher","Sundial","SacredBark","Bag of Preparation"],"acts_visited":["Exordium","TheCity"],"potions_floor_usage":[25],"damage_taken":[{"damage":1.0,"enemies":"Cultist","floor":1.0,"turns":4.0},{"damage":2.0,"enemies":"Small Slimes","floor":3.0,"turns":4.0},{"damage":0.0,"enemies":"Jaw Worm","floor":4.0,"turns":2.0},{"damage":0.0,"enemies":"3 Louse","floor":7.0,"turns":4.0},{"damage":0.0,"enemies":"2 Fungi Beasts","floor":11.0,"turns":3.0},{"damage":9.0,"enemies":"Blue Slaver","floor":13.0,"turns":4.0},{"damage":11.0,"enemies":"Exordium Wildlife","floor":14.0,"turns":3.0},{"damage":44.0,"enemies":"Hexaghost","floor":16.0,"turns":7.0},{"damage":34.0,"enemies":"3 Byrds","floor":18.0,"turns":4.0},{"damage":17.0,"enemies":"Shell Parasite","floor":20.0,"turns":5.0},{"damage":83.0,"enemies":"Book of Stabbing","floor":24.0,"turns":5.0},{"damage":21,"enemies":"Chosen and Byrds","floor":25,"turns":4}],"seed_played":"8895696825969533826","potions_obtained":[{"floor":1.0,"key":"BlessingOfTheForge"},{"floor":3.0,"key":"BlessingOfTheForge"},{"floor":16.0,"key":"FairyPotion"},{"floor":20.0,"key":"LiquidBronze"},{"floor":24.0,"key":"SpeedPotion"}],"is_trial":false,"path_per_floor":["M","$","M","M","?","R","M","T","T","?","M","?","M","M","R","B",null,"M","?","M","?","?","R","E","M"],"character_chosen":"THE_STARBREAKER","items_purchased":["Anchor","Moonworks:EvilSpyWorkPreparation"],"campfire_rested":2,"item_purchase_floors":[2,2],"current_hp_per_floor":[59,59,57,59,64,64,64,64,64,64,64,64,55,44,63,24,65,31,52,35,35,35,54,15,0,0],"gold":365,"neow_bonus":"HUNDRED_GOLD","is_daily":false,"chose_seed":false,"campfire_upgraded":1,"win_rate":0.0,"timestamp":1610718744,"path_taken":["M","$","M","?","?","R","M","?","T","?","M","?","?","M","R","BOSS","M","?","M","?","?","R","E","?"],"items_purchased_type":["Relic","Card"],"build_version":"2020-12-22","purchased_purges":0,"victory":false,"max_hp_per_floor":[60,60,60,60,65,65,65,65,65,65,65,65,65,65,65,65,65,65,65,65,65,65,65,65,65,65],"card_choices":[{"not_picked":["Moonworks:Flamethrower","Moonworks:Assault"],"picked":"Moonworks:SakisCookie","floor":1.0},{"not_picked":["Moonworks:x16BigRocket","Moonworks:BigMagnum"],"picked":"Moonworks:DevilHand","floor":3.0},{"not_picked":["Moonworks:BigMagnum","Moonworks:EvilSpyWorkPreparation"],"picked":"Moonworks:JonathanRush","floor":4.0},{"not_picked":["Moonworks:StiffCrystal","Moonworks:TacticalRetreat"],"picked":"Moonworks:RagingMadness","floor":7.0},{"not_picked":["Moonworks:Wanted","Moonworks:ImmovableObject"],"picked":"Moonworks:Dinner","floor":11.0},{"not_picked":["Moonworks:BigMagnum","Moonworks:LulusLuckyEgg"],"picked":"Moonworks:DeployBits","floor":13.0},{"not_picked":["Moonworks:Dinner","Moonworks:Bloodlust"],"picked":"Moonworks:JonathanRush","floor":14.0},{"not_picked":["Moonworks:EvilSpyWorkPreparation","Moonworks:DeployBits"],"picked":"Moonworks:JonathanRush","floor":15.0},{"not_picked":["Moonworks:Wanted","Moonworks:AnotherUltimateWeapon"],"picked":"Moonworks:Accelerator","floor":16.0},{"not_picked":["Moonworks:DeployBits","Moonworks:CloudOfSeagulls"],"picked":"Moonworks:IndiscriminateFireSupport","floor":18.0},{"not_picked":["Moonworks:MiracleWalker","Moonworks:CloudOfSeagulls"],"picked":"Moonworks:x16BigRocket","floor":20.0},{"not_picked":["Moonworks:WindyEnchantment","Moonworks:ImmovableObject+1"],"picked":"Moonworks:JonathanRush+1","floor":23.0},{"not_picked":["Moonworks:ScrambledEve","Moonworks:NicePresent"],"picked":"Moonworks:LuckyCharm","floor":24.0}],"player_experience":54881,"relics_obtained":[{"floor":8.0,"key":"Dream Catcher"},{"floor":9.0,"key":"Sundial"},{"floor":24.0,"key":"Bag of Preparation"}],"event_choices":[{"damage_healed":0.0,"max_hp_gain":5.0,"max_hp_loss":0.0,"gold_gain":0.0,"event_name":"Big Fish","player_choice":"Donut","floor":5.0,"gold_loss":0.0,"damage_taken":0.0},{"damage_healed":0.0,"max_hp_gain":0.0,"max_hp_loss":0.0,"gold_gain":0.0,"event_name":"The Cleric","player_choice":"Leave","floor":10.0,"gold_loss":0.0,"damage_taken":0.0},{"damage_healed":0.0,"max_hp_gain":0.0,"max_hp_loss":0.0,"gold_gain":0.0,"event_name":"Living Wall","player_choice":"Grow","floor":12.0,"gold_loss":0.0,"damage_taken":0.0,"cards_upgraded":["Moonworks:RagingMadness"]},{"damage_healed":21.0,"max_hp_gain":0.0,"max_hp_loss":0.0,"gold_gain":0.0,"event_name":"The Library","player_choice":"Heal","floor":19.0,"gold_loss":0.0,"damage_taken":0.0},{"damage_healed":0.0,"max_hp_gain":0.0,"max_hp_loss":0.0,"gold_gain":0.0,"event_name":"Beggar","player_choice":"Ignored","floor":21.0,"gold_loss":0.0,"damage_taken":0.0},{"damage_healed":0.0,"max_hp_gain":0.0,"max_hp_loss":0.0,"gold_gain":100.0,"event_name":"The Joust","player_choice":"Bet on Murderer","floor":22.0,"gold_loss":50.0,"damage_taken":0.0}],"is_beta":false,"boss_relics":[{"not_picked":["Velvet Choker","Busted Crown"],"picked":"SacredBark"}],"items_purged_floors":[],"is_endless":false,"potions_floor_spawned":[1,3,16,20,24],"killed_by":"Chosen and Byrds","ascension_level":0}}