{"host":"yv7ijgyl7mqt7c0r","time":1610678699,"event":{"mods":["2.2 Compatiblity","Act Like it!","Aspiration","BaseMod","Bestiary","Better Note","Better Skull","Conspire","DeckTracker","Elementarium","Energized Spire","Friendly Minions","Gensokyo","GifTheSpireLib","Hallownest","Mari Mod (Legacy)","Mari\u0027s V1 Patch","Marisa????????","Menagerie","Minty Spire (QoL Compilation)","Prisma Mod","Random Character Button","Reimu??????","Remilia_Scarlet Moed?????·?????3.3.5","StSLib","Stuff the Spire","The Bug Knight","The Factory","The Jungle","The Senshi","The Servant 0.9.4","Wandering Minibosses"],"gold_per_floor":[117,117,143,163,173,173,200,219,219,249,263,273,223,223,223,331,331,356,5,5,5,26,26,59,105,130,156,10,10,45,64,64,181,181,191,241,241,271,293,293],"floor_reached":39,"language":"ENG","playtime":5172,"items_purged":["RemiliaMod:CYMZW"],"score":454,"play_id":"955ee27c-c0ee-4250-ad5f-bbc4ed4ae4b2","local_time":"20210114204459","is_ascension_mode":false,"campfire_choices":[{"data":"theSenshi:MoonHealingEscalation","floor":6,"key":"SMITH"},{"data":"theSenshi:MoonSpiralHeartAttack","floor":15,"key":"SMITH"},{"data":"theSenshi:RainbowMoonHeartAche","floor":23,"key":"SMITH"},{"data":"theSenshi:MoonCrisisMakeUp","floor":29,"key":"SMITH"},{"floor":32,"key":"REST"}],"circlet_count":0,"master_deck":["theSenshi:SailorKick","theSenshi:SailorKick","theSenshi:SailorKick","theSenshi:SailorKick","theSenshi:SailorBlock","theSenshi:SailorBlock","theSenshi:SailorBlock","theSenshi:SailorBlock","theSenshi:RoseThrow","theSenshi:MoonPrismPowerMakeUp","theSenshi:MoonHealingEscalation+1","theSenshi:MoonTiaraMagic","theSenshi:SailorVenusAssists","theSenshi:MoonSpiralHeartAttack+1","theSenshi:MoonPunch","theSenshi:MoonKick","theSenshi:CrisisMakeUp","conspire:SpireCoStock","theSenshi:MoonGorgeousMeditation","theSenshi:MoonCrisisMakeUp+1","theSenshi:RainbowMoonHeartAche+1","theSenshi:TallSilhouette","theSenshi:SailorMarsAssists+1","theSenshi:MoonTiaraMagic","theSenshi:MoonsReflection+1","theSenshi:MoonTwilightFlash","theSenshi:SailorCosmosAssists","theSenshi:SailorMercuryAssists","theSenshi:KlutzyLuck","theSenshi:SailorChibiMoonAssists","theSenshi:GatheringStrength+1","theSenshi:StudyParty","theSenshi:EncouragingSpeech","theSenshi:SailorStarMakerAssists","theSenshi:Sidestep+1"],"relics":["theSenshi:TransformationBroochRelic","Torii","Ancient Tea Set","theSenshi:CutieMoonRodRelic","Sundial","aspiration:DSix","aspiration:FutureDiary","Membership Card","Oddly Smooth Stone","Bronze Scales","Red Mask","StuffTheSpire:HeavyRock","aspiration:Lifesprig","energizedSpire:SpiderWeb","theSenshi:SpiralHeartMoonRodRelic"],"acts_visited":["Exordium","TheCity","TheBeyond"],"potions_floor_usage":[7,10,22,30,33,36,38,39],"damage_taken":[{"damage":0,"enemies":"Small Slimes","floor":1,"turns":4},{"damage":0,"enemies":"Jaw Worm","floor":4,"turns":5},{"damage":0,"enemies":"2 Louse","floor":5,"turns":3},{"damage":20,"enemies":"Gremlin Nob","floor":7,"turns":5},{"damage":12,"enemies":"Large Slime","floor":8,"turns":9},{"damage":16,"enemies":"Lagavulin","floor":10,"turns":8},{"damage":3,"enemies":"Exordium Wildlife","floor":11,"turns":4},{"damage":7,"enemies":"Blue Slaver","floor":12,"turns":3},{"damage":39,"enemies":"The Guardian","floor":16,"turns":12},{"damage":25,"enemies":"Chosen","floor":18,"turns":7},{"damage":18,"enemies":"Snecko","floor":22,"turns":8},{"damage":23,"enemies":"HollowMod:Nosk","floor":24,"turns":8},{"damage":30,"enemies":"Masked Bandits","floor":25,"turns":5},{"damage":26,"enemies":"Book of Stabbing","floor":27,"turns":6},{"damage":41,"enemies":"Centurion and Healer","floor":30,"turns":9},{"damage":0,"enemies":"conspire:HollyBat","floor":31,"turns":10},{"damage":26,"enemies":"Collector","floor":33,"turns":11},{"damage":9,"enemies":"Orb Walker","floor":35,"turns":5},{"damage":6,"enemies":"Mind Bloom Boss Battle","floor":36,"turns":8},{"damage":48,"enemies":"3 Shapes","floor":38,"turns":8},{"damage":38,"enemies":"Transient","floor":39,"turns":2}],"seed_played":"9031248292715525530","potions_obtained":[{"floor":1,"key":"BlessingOfTheForge"},{"floor":4,"key":"PowerPotion"},{"floor":8,"key":"Block Potion"},{"floor":10,"key":"GamblersBrew"},{"floor":18,"key":"Swift Potion"},{"floor":30,"key":"DuplicationPotion"},{"floor":31,"key":"Explosive Potion"},{"floor":33,"key":"SkillPotion"},{"floor":36,"key":"ColorlessPotion"}],"is_trial":false,"path_per_floor":["M","?","T","M","M","R","E","M","T","E","M","M","?","?","R","B",null,"M","$","?","?","M","R","E","?","T","E","$","R","M","M","R","B",null,"M","?","?","M","M"],"character_chosen":"THE_SENSHI","items_purchased":["Membership Card","Oddly Smooth Stone","theSenshi:RainbowMoonHeartAche","theSenshi:TallSilhouette","theSenshi:SailorCosmosAssists","theSenshi:SailorMercuryAssists","FairyPotion","theSenshi:KlutzyLuck"],"campfire_rested":1,"item_purchase_floors":[19,19,19,19,28,28,28,28],"current_hp_per_floor":[54,59,59,64,69,69,69,79,79,73,80,73,73,80,80,71,80,65,65,65,65,67,67,64,44,44,28,28,28,23,43,67,61,80,71,80,80,38,0,0],"gold":293,"neow_bonus":"ONE_RARE_RELIC","is_daily":false,"chose_seed":false,"campfire_upgraded":4,"win_rate":0.0,"timestamp":1610678699,"path_taken":["M","?","?","M","M","R","E","M","T","E","M","M","?","?","R","BOSS","M","$","?","?","?","R","E","?","T","E","?","R","M","M","R","BOSS","M","?","?","M","M"],"items_purchased_type":["Relic","Relic","Card","Card","Card","Card","Potion","Card"],"build_version":"2020-12-22","purchased_purges":1,"victory":false,"max_hp_per_floor":[75,80,80,80,80,80,80,80,80,80,80,80,80,80,80,80,80,80,80,80,80,80,80,80,80,80,80,80,80,80,80,80,80,80,80,80,80,80,80,80],"card_choices":[{"not_picked":["theSenshi:NeptunesGrace","theSenshi:TallSilhouette"],"picked":"theSenshi:MoonHealingEscalation","floor":1},{"not_picked":["theSenshi:TuxedoSmokingBomber","theSenshi:SailorChibiMoonAssists"],"picked":"theSenshi:MoonTiaraMagic","floor":4},{"not_picked":["theSenshi:SailorJupiterAssists","theSenshi:MercurysCunning"],"picked":"theSenshi:SailorVenusAssists","floor":5},{"not_picked":["theSenshi:SteeledNerves","theSenshi:SchoolBag"],"picked":"theSenshi:MoonSpiralHeartAttack","floor":7},{"not_picked":["theSenshi:SupersonicWaves","theSenshi:MoonTiaraMagic"],"picked":"theSenshi:MoonPunch","floor":8},{"not_picked":["theSenshi:MoonlightKnight","theSenshi:OdangoHead"],"picked":"theSenshi:MoonKick","floor":10},{"not_picked":["theSenshi:MoonsReflection","theSenshi:SupersonicWaves","theSenshi:TuxedoSmokingBomber"],"picked":"SKIP","floor":11},{"not_picked":["theSenshi:MoonPunch","theSenshi:LateForSchool"],"picked":"theSenshi:CrisisMakeUp","floor":12},{"not_picked":["theSenshi:InTheNameOfTheMoon","theSenshi:SailorCosmosAssists"],"picked":"theSenshi:MoonGorgeousMeditation","floor":16},{"not_picked":["theSenshi:SupersonicWaves","theSenshi:MoonTiaraMagic"],"picked":"theSenshi:MoonCrisisMakeUp","floor":18},{"not_picked":["theSenshi:TuxedoSmokingBomber","theSenshi:NeptunesGrace"],"picked":"theSenshi:SailorMarsAssists+1","floor":22},{"not_picked":["theSenshi:EncouragingSpeech","theSenshi:PlutosSolemnity"],"picked":"theSenshi:MoonTiaraMagic","floor":24},{"not_picked":["theSenshi:MoonPunch","theSenshi:SailorChibiMoonAssists"],"picked":"theSenshi:MoonsReflection+1","floor":25},{"not_picked":["theSenshi:TuxedoSmokingBomber","theSenshi:UranusStrength"],"picked":"theSenshi:MoonTwilightFlash","floor":27},{"not_picked":["theSenshi:SupersonicWaves","theSenshi:MoonKick"],"picked":"theSenshi:SailorChibiMoonAssists","floor":30},{"not_picked":["theSenshi:SupersonicWaves","theSenshi:SailorChibiMoonAssists"],"picked":"theSenshi:GatheringStrength+1","floor":31},{"not_picked":["theSenshi:GlimpseOfThePast","theSenshi:WarriorOfTheMoon"],"picked":"theSenshi:StudyParty","floor":33},{"not_picked":["theSenshi:MoonTiaraMagic","theSenshi:TuxedoSmokingBomber"],"picked":"theSenshi:EncouragingSpeech","floor":35},{"not_picked":["theSenshi:SailorNeptuneAssists+1","theSenshi:EncouragingSpeech+1"],"picked":"theSenshi:SailorStarMakerAssists","floor":36},{"not_picked":["theSenshi:SchoolBag+1","theSenshi:SailorJupiterAssists"],"picked":"theSenshi:Sidestep+1","floor":38}],"player_experience":483769,"relics_obtained":[{"floor":3,"key":"Ancient Tea Set"},{"floor":7,"key":"theSenshi:CutieMoonRodRelic"},{"floor":9,"key":"Sundial"},{"floor":10,"key":"aspiration:DSix"},{"floor":24,"key":"Bronze Scales"},{"floor":25,"key":"Red Mask"},{"floor":26,"key":"StuffTheSpire:HeavyRock"},{"floor":27,"key":"aspiration:Lifesprig"},{"floor":36,"key":"theSenshi:SpiralHeartMoonRodRelic"}],"event_choices":[{"damage_healed":0,"gold_gain":0,"player_choice":"CYMZW","damage_taken":0,"max_hp_gain":5,"max_hp_loss":0,"event_name":"Remilia_CDSJ09","floor":2,"gold_loss":0},{"damage_healed":0,"gold_gain":0,"player_choice":"Invest 1","damage_taken":0,"max_hp_gain":0,"max_hp_loss":0,"event_name":"conspire:Investor","floor":13,"gold_loss":0},{"damage_healed":0,"gold_gain":0,"player_choice":"Ignored","damage_taken":0,"max_hp_gain":0,"max_hp_loss":0,"event_name":"betterNote:BetterNote","floor":20,"gold_loss":0,"cards_obtained":["conspire:DoublingDagger"]},{"damage_healed":0,"gold_gain":0,"player_choice":"Fought Bandits","damage_taken":0,"max_hp_gain":0,"max_hp_loss":0,"event_name":"Masked Bandits","floor":25,"gold_loss":0},{"damage_healed":0,"gold_gain":0,"player_choice":"Fight","damage_taken":0,"max_hp_gain":0,"max_hp_loss":0,"event_name":"MindBloom","floor":36,"gold_loss":0},{"damage_healed":0,"gold_gain":0,"player_choice":"Got Potions","damage_taken":0,"max_hp_gain":0,"max_hp_loss":0,"event_name":"Lab","floor":37,"gold_loss":0}],"is_beta":false,"boss_relics":[{"not_picked":["conspire:RunicOctahedron","aspiration:RunicSpoon"],"picked":"aspiration:FutureDiary"},{"not_picked":["aspiration:ServantSkillbook","Snecko Eye"],"picked":"energizedSpire:SpiderWeb"}],"items_purged_floors":[19],"is_endless":false,"potions_floor_spawned":[1,4,8,10,18,30,31,33,35,36],"killed_by":"Transient","ascension_level":0}}