{"host":"5e0jz0sn42a2vhx9","time":1610680199,"event":{"mods":["ATMod(°¢èªMod)","Act Like it!","BaseMod","Downfall","Hallownest","Lobotomy","Minty Spire (QoL Compilation)","Replay The Spire","StSLib","The Bug Knight","The Cursed","The Hierophant"],"gold_per_floor":[117,117,117,117,9999,9999,9090,9103,9103,9103,9128,9142,9142,9142],"floor_reached":13,"language":"ZHS","playtime":774,"items_purged":[],"score":83,"play_id":"dce9947b-8cc1-4fbe-85fb-efa189762b81","local_time":"20210115110959","is_ascension_mode":false,"campfire_choices":[{"floor":6,"key":"RECALL"},{"data":"Midas Touch","floor":10,"key":"SMITH"}],"circlet_count":0,"master_deck":["HollowMod:NailStrikeStart","HollowMod:NailStrikeStart","HollowMod:NailStrikeStart","HollowMod:NailStrikeStart","HollowMod:QuickDashStart","HollowMod:QuickDashStart","HollowMod:QuickDashStart","HollowMod:QuickDashStart","HollowMod:FocusHealStart","HollowMod:PogoStrike","AT_FamilyPortrait+1","HollowMod:FastStrike","HollowMod:NewGlowingWomb","HollowMod:BrokenVessel","HollowMod:LifebloodCore","HollowMod:InfectedCysts","Midas Touch+1","HollowMod:Grubsong","HollowMod:InfectedAttack","HollowMod:NewJinnsSoul","HollowMod:MothsMistake"],"relics":["HollowMod:VesselMask","AT_ATBox","CogitoBucket","Darkstone Periapt","Pantograph","Orrery","Ancient Tea Set"],"acts_visited":["Exordium"],"potions_floor_usage":[11],"damage_taken":[{"damage":4,"enemies":"Jaw Worm","floor":1,"turns":5},{"damage":0,"enemies":"2 Louse","floor":5,"turns":3},{"damage":3,"enemies":"Small Slimes","floor":8,"turns":3},{"damage":48,"enemies":"Lagavulin","floor":11,"turns":6},{"damage":7,"enemies":"Red Slaver","floor":12,"turns":2},{"damage":67,"enemies":"Gremlin Nob","floor":13,"turns":2}],"seed_played":"-3880989431142900013","potions_obtained":[{"floor":5,"key":"Explosive Potion"},{"floor":8,"key":"Elixir"},{"floor":12,"key":"champ:CounterPotion"}],"is_trial":false,"path_per_floor":["M","?","?","?","M","R","$","M","T","R","E","M","E"],"character_chosen":"THE_BUGKNIGHT","items_purchased":["Darkstone Periapt","Pantograph","Orrery","Midas Touch","HollowMod:Grubsong"],"campfire_rested":0,"item_purchase_floors":[7,7,7,7,7],"current_hp_per_floor":[75,75,75,75,75,75,75,72,72,72,24,17,0,0],"gold":9142,"neow_bonus":"","is_daily":false,"chose_seed":false,"campfire_upgraded":1,"win_rate":0.0,"timestamp":1610680199,"path_taken":["M","?","?","?","?","R","$","M","T","R","E","M","E"],"items_purchased_type":["Relic","Relic","Relic","Card","Card"],"build_version":"2020-12-22","purchased_purges":0,"victory":false,"max_hp_per_floor":[75,75,75,75,75,75,75,75,75,75,75,75,75,75],"card_choices":[{"not_picked":["OSAHOGD","HeroicMonk"],"picked":"Laetitia","floor":1},{"not_picked":["HollowMod:CornifersMapStart","HollowMod:NewLittleFool"],"picked":"HollowMod:FastStrike","floor":1},{"not_picked":["VoidDream","CherryBlossoms","SnowQueen"],"picked":"Singing Bowl","floor":5},{"not_picked":["HollowMod:HeavyBlow","HollowMod:VengefulVoid"],"picked":"HollowMod:NewGlowingWomb","floor":5},{"not_picked":["HollowMod:HowlingWraiths","HollowMod:SoulSplash"],"picked":"HollowMod:BrokenVessel","floor":7},{"not_picked":["HollowMod:RecoilStrike","HollowMod:DoubleDash"],"picked":"HollowMod:LifebloodCore","floor":7},{"not_picked":["HollowMod:DungDefenderAura","HollowMod:GoodIntentions"],"picked":"HollowMod:InfectedCysts","floor":7},{"not_picked":["FairyFestival","Wellcheers","VoidDream"],"picked":"Singing Bowl","floor":8},{"not_picked":["HollowMod:SoulShaman","HollowMod:CloakDash"],"picked":"HollowMod:InfectedAttack","floor":8},{"not_picked":["SpiderBud","Murderer","QueenOfHatred"],"picked":"Singing Bowl","floor":11},{"not_picked":["HollowMod:BlackTendrils","HollowMod:SiblingsSouls"],"picked":"HollowMod:NewJinnsSoul","floor":11},{"not_picked":["ShyLook","Scorched","OSAHOGD"],"picked":"Singing Bowl","floor":12},{"not_picked":["HollowMod:ShadowDash","HollowMod:SharpenedNail"],"picked":"HollowMod:MothsMistake","floor":12}],"player_experience":379791,"relics_obtained":[{"floor":11,"key":"Ancient Tea Set"}],"event_choices":[{"damage_healed":0,"gold_gain":0,"player_choice":"Grow","damage_taken":0,"max_hp_gain":0,"max_hp_loss":0,"event_name":"Living Wall","floor":2,"gold_loss":0,"cards_upgraded":["AT_FamilyPortrait"]},{"damage_healed":0,"gold_gain":0,"player_choice":"Ignored","damage_taken":0,"max_hp_gain":0,"max_hp_loss":0,"event_name":"Golden Wing","floor":3,"gold_loss":0},{"cards_removed":["Laetitia"],"damage_healed":0,"gold_gain":0,"player_choice":"Purged","damage_taken":0,"max_hp_gain":0,"max_hp_loss":0,"event_name":"Purifier","floor":4,"gold_loss":0}],"is_beta":false,"boss_relics":[],"items_purged_floors":[],"is_endless":false,"potions_floor_spawned":[5,8,12],"killed_by":"Gremlin Nob","ascension_level":0}}