{"host":"4gr5irrdjh39ysed","time":1610753623,"event":{"mods":["AchievementEnabler","BaseMod","Colored Map","Downfall","Hermit","Minty Spire (QoL Compilation)","Random Character Button","StSLib","The Construct","The Cursed","The Disciple","The Hierophant","The Mystic","The Necromancer","The Runesmith"],"gold_per_floor":[119,135,135,160,160,155,155,176,200,244,259,283,133,147,147,270,270,291,291,311,211,211,247,247,122,122,122,165,165,189,202,202,328,328,343,407,114,139,139,139,139,177,258,258,273,273,273,273,273,273,273,273,98,139,139],"floor_reached":56,"language":"ENG","playtime":3068,"items_purged":["TheCursedMod:Defend_TheCursed","TheCursedMod:CleanUpWorkshop","TheCursedMod:StunningStrike","TheCursedMod:CursedSpellbook","TheCursedMod:AntiAging"],"score":1215,"play_id":"19d880b6-5311-40ed-8245-b5465308a6d4","local_time":"20210115163343","is_ascension_mode":false,"campfire_choices":[{"floor":7,"key":"RECALL"},{"data":"TheCursedMod:SpreadPlague","floor":15,"key":"SMITH"},{"data":"RitualDagger","floor":27,"key":"SMITH"},{"data":"TheCursedMod:UltimatePain","floor":32,"key":"SMITH"},{"data":"TheCursedMod:CursedRelics","floor":40,"key":"SMITH"},{"data":"TheCursedMod:NeowsMight","floor":49,"key":"SMITH"},{"data":"TheCursedMod:Hemoplague","floor":52,"key":"SMITH"}],"circlet_count":0,"master_deck":["TheCursedMod:CursedWand","TheCursedMod:Dregs","TheCursedMod:VitalStrike+1","TheCursedMod:AshesToAshes","Injury","TheCursedMod:CursedSpellbook","TheCursedMod:UltimatePain+1","TheCursedMod:CursedBlade","TheCursedMod:SurpriseAttack","TheCursedMod:WearCloak","TheCursedMod:SpreadPlague+1","TheCursedMod:ReleasedKnowledge","TheCursedMod:NeowsMight+1","TheCursedMod:StunningStrike","TheCursedMod:Grudge","TheCursedMod:SpitefulPray","TheCursedMod:CursedBlade","TheCursedMod:CursedBlade","TheCursedMod:CursedShiv","Shame","TheCursedMod:HellfireBreathing","RitualDagger+1","TheCursedMod:RavingStaff+1","TheCursedMod:CursedShiv+1","TheCursedMod:ReleasedStrength","TheCursedMod:CursedRelics+1","TheCursedMod:Wield","TheCursedMod:Hemoplague+1","TheCursedMod:StingEye","TheCursedMod:CircleOfFlame","Pain","TheCursedMod:StingEye+1","TheCursedMod:VoidForm","TheCursedMod:CursedArmor"],"relics":["TheCursedMod:BlackMagic101","NeowsBlessing","Golden Idol","Tiny Chest","Whetstone","Pandora\u0027s Box","Strawberry","Anchor","Shuriken","Juzu Bracelet","Runic Dome","Runesmith:Locket","WarpedTongs","TheCursedMod:BloodyHarpoon","Pear","White Beast Statue","TheCursedMod:DemonicMark","Art of War"],"acts_visited":["Exordium","TheCity","TheBeyond","TheEnding"],"potions_floor_usage":[33,45,50,55,55],"damage_taken":[{"damage":0,"enemies":"Cultist","floor":1,"turns":1},{"damage":0,"enemies":"2 Louse","floor":2,"turns":1},{"damage":0,"enemies":"Jaw Worm","floor":4,"turns":1},{"damage":13,"enemies":"Exordium Thugs","floor":6,"turns":4},{"damage":17,"enemies":"3 Louse","floor":8,"turns":5},{"damage":82,"enemies":"Gremlin Nob","floor":10,"turns":6},{"damage":32,"enemies":"Exordium Wildlife","floor":11,"turns":4},{"damage":0,"enemies":"2 Fungi Beasts","floor":12,"turns":3},{"damage":2,"enemies":"3 Louse","floor":14,"turns":4},{"damage":32,"enemies":"Slime Boss","floor":16,"turns":6},{"damage":8,"enemies":"3 Byrds","floor":18,"turns":4},{"damage":16,"enemies":"Spheric Guardian","floor":20,"turns":4},{"damage":97,"enemies":"Book of Stabbing","floor":23,"turns":7},{"damage":34,"enemies":"Slavers","floor":28,"turns":3},{"damage":13,"enemies":"3 Cultists","floor":30,"turns":3},{"damage":0,"enemies":"Shelled Parasite and Fungi","floor":31,"turns":2},{"damage":120,"enemies":"Champ","floor":33,"turns":10},{"damage":11,"enemies":"3 Darklings","floor":35,"turns":3},{"damage":20,"enemies":"2 Orb Walkers","floor":36,"turns":2},{"damage":1,"enemies":"3 Shapes","floor":38,"turns":3},{"damage":39,"enemies":"Reptomancer","floor":42,"turns":2},{"damage":27,"enemies":"Maw","floor":45,"turns":4},{"damage":135,"enemies":"Awakened One","floor":50,"turns":8},{"damage":71,"enemies":"Shield and Spear","floor":54,"turns":5},{"damage":226,"enemies":"The Heart","floor":55,"turns":9}],"seed_played":"9205441471736105567","potions_obtained":[{"floor":2,"key":"AttackPotion"},{"floor":6,"key":"champ:CounterPotion"},{"floor":10,"key":"FairyPotion"},{"floor":23,"key":"FearPotion"},{"floor":36,"key":"SkillPotion"},{"floor":45,"key":"Regen Potion"},{"floor":54,"key":"sneckomod:MuddlingPotion"}],"is_trial":false,"path_per_floor":["M","M","?","M","?","M","R","M","T","E","M","M","$","M","R","B",null,"M","?","M","$","?","E","?","$","T","R","E","T","M","M","R","B",null,"M","?","$","M","?","R","T","E","T","?","M","?","?","T","R","B",null,"R","$","E","B",null],"character_chosen":"THE_CURSED","items_purchased":["TheCursedMod:SpreadPlague","TheCursedMod:Hemoplague","TheCursedMod:StingEye"],"campfire_rested":0,"item_purchase_floors":[13,37,37],"current_hp_per_floor":[2075,2075,2075,2075,2080,2067,2067,2050,2050,1968,1936,1936,1936,1934,1934,1902,2080,2072,2072,2058,2058,2065,1968,1962,1962,1962,1962,1928,1928,1915,1915,1915,1797,2091,2080,2060,2060,2059,2059,2059,2059,2030,2030,1996,1969,1969,1969,1969,1969,1849,1996,1996,1996,1925,1699],"gold":139,"neow_bonus":"THREE_ENEMY_KILL","is_daily":false,"chose_seed":false,"campfire_upgraded":6,"win_rate":0.0,"timestamp":1610753623,"path_taken":["M","M","?","M","?","M","R","M","T","E","M","M","$","M","R","BOSS","M","?","M","$","?","E","?","$","T","R","E","?","M","M","R","BOSS","M","?","?","M","?","R","?","E","T","?","M","?","?","?","R","BOSS","R","$","E","BOSS"],"items_purchased_type":["Card","Card","Card"],"build_version":"2020-12-22","purchased_purges":5,"victory":true,"max_hp_per_floor":[2075,2075,2075,2075,2080,2080,2080,2080,2080,2080,2080,2080,2080,2080,2080,2080,2080,2080,2080,2082,2082,2089,2089,2089,2089,2089,2089,2089,2089,2089,2089,2089,2091,2091,2091,2091,2091,2091,2091,2091,2091,2101,2101,1996,1996,1996,1996,1996,1996,1996,1996,1996,1996,1996,1996],"card_choices":[{"not_picked":["TheCursedMod:RavingStaff","TheCursedMod:CursedMace"],"picked":"TheCursedMod:VitalStrike","floor":1},{"not_picked":["TheCursedMod:Stretching","TheCursedMod:SmokeScreen"],"picked":"TheCursedMod:AshesToAshes","floor":2},{"not_picked":["TheCursedMod:Torture","TheCursedMod:WearCloak"],"picked":"TheCursedMod:CursedSpellbook","floor":4},{"not_picked":["TheCursedMod:EmpowerCircles","TheCursedMod:CursedAmulet"],"picked":"TheCursedMod:UltimatePain","floor":6},{"not_picked":["TheCursedMod:Stretching","TheCursedMod:CursedMace"],"picked":"TheCursedMod:CursedBlade","floor":8},{"not_picked":["TheCursedMod:EmpowerCircles","TheCursedMod:RavingStaff"],"picked":"TheCursedMod:SurpriseAttack","floor":10},{"not_picked":["TheCursedMod:SmokeScreen","TheCursedMod:SurpriseAttack"],"picked":"TheCursedMod:WearCloak","floor":11},{"not_picked":["TheCursedMod:CursedMace","TheCursedMod:CircleOfBlood"],"picked":"TheCursedMod:CircleOfWindfury","floor":12},{"not_picked":["TheCursedMod:CircleOfAmplification","TheCursedMod:RapidMovement"],"picked":"TheCursedMod:ReleasedKnowledge","floor":14},{"not_picked":["TheCursedMod:DarkBarrier","TheCursedMod:ParallelWorld"],"picked":"TheCursedMod:NeowsMight","floor":16},{"not_picked":["TheCursedMod:CircleOfCorruption","TheCursedMod:PrepareRite"],"picked":"TheCursedMod:CursedBlade","floor":18},{"not_picked":["TheCursedMod:VitalStrike","TheCursedMod:CursedArmor"],"picked":"TheCursedMod:CursedShiv","floor":20},{"not_picked":["TheCursedMod:DoubleShield+1","TheCursedMod:Mangle"],"picked":"TheCursedMod:HellfireBreathing","floor":23},{"not_picked":["TheCursedMod:SurpriseAttack","TheCursedMod:FleshFromBone"],"picked":"TheCursedMod:RavingStaff+1","floor":28},{"not_picked":["TheCursedMod:CircleOfAbyss","TheCursedMod:SmokeScreen"],"picked":"TheCursedMod:CursedShiv+1","floor":30},{"not_picked":["TheCursedMod:VitalStrike","TheCursedMod:CircleOfWindfury"],"picked":"TheCursedMod:ReleasedStrength","floor":31},{"not_picked":["TheCursedMod:ShockAndAwe","TheCursedMod:DemonicPact"],"picked":"TheCursedMod:CursedRelics","floor":33},{"not_picked":["TheCursedMod:CursedShiv","TheCursedMod:CircleOfCorruption"],"picked":"TheCursedMod:Wield","floor":35},{"not_picked":["TheCursedMod:FleshFromBone","TheCursedMod:VitalStrike+1"],"picked":"TheCursedMod:CircleOfFlame","floor":38},{"not_picked":["TheCursedMod:SurpriseAttack+1","TheCursedMod:HellsGateOpen+1"],"picked":"TheCursedMod:StingEye+1","floor":42},{"not_picked":["TheCursedMod:CircleOfFocus","TheCursedMod:CircleOfCorruption"],"picked":"TheCursedMod:VoidForm","floor":45},{"not_picked":["TheCursedMod:LuckyCharm+1","TheCursedMod:EmpowerCircles+1"],"picked":"TheCursedMod:CursedArmor","floor":54}],"player_experience":195162,"relics_obtained":[{"floor":9,"key":"Tiny Chest"},{"floor":10,"key":"Whetstone"},{"floor":23,"key":"Anchor"},{"floor":28,"key":"Shuriken"},{"floor":29,"key":"Juzu Bracelet"},{"floor":36,"key":"Runesmith:Locket"},{"floor":41,"key":"TheCursedMod:BloodyHarpoon"},{"floor":42,"key":"Pear"},{"floor":43,"key":"White Beast Statue"},{"floor":48,"key":"TheCursedMod:DemonicMark"},{"floor":54,"key":"Art of War"}],"event_choices":[{"damage_healed":0,"gold_gain":0,"player_choice":"Take Wound","damage_taken":0,"relics_obtained":["Golden Idol"],"max_hp_gain":0,"max_hp_loss":0,"event_name":"Golden Idol","floor":3,"gold_loss":0,"cards_obtained":["Injury"]},{"damage_healed":0,"gold_gain":0,"player_choice":"Donut","damage_taken":0,"max_hp_gain":5,"max_hp_loss":0,"event_name":"Big Fish","floor":5,"gold_loss":0},{"damage_healed":0,"gold_gain":0,"player_choice":"Stole Relic","damage_taken":0,"relics_obtained":["Strawberry"],"max_hp_gain":0,"max_hp_loss":0,"event_name":"Addict","floor":22,"gold_loss":0,"cards_obtained":["Shame"]},{"damage_healed":0,"gold_gain":0,"player_choice":"Joined the Cult","damage_taken":6,"max_hp_gain":0,"max_hp_loss":0,"event_name":"Nest","floor":24,"gold_loss":0,"cards_obtained":["RitualDagger"]},{"damage_healed":0,"gold_gain":0,"player_choice":"Fight","damage_taken":0,"max_hp_gain":0,"max_hp_loss":0,"event_name":"Mysterious Sphere","floor":36,"gold_loss":0},{"damage_healed":0,"gold_gain":0,"player_choice":"Rummage","damage_taken":0,"relics_obtained":["WarpedTongs"],"max_hp_gain":0,"max_hp_loss":0,"event_name":"Accursed Blacksmith","floor":39,"gold_loss":0,"cards_obtained":["Pain"]},{"damage_healed":0,"gold_gain":0,"player_choice":"Max HP","damage_taken":0,"max_hp_gain":0,"max_hp_loss":105,"event_name":"Winding Halls","floor":44,"gold_loss":0},{"damage_healed":0,"gold_gain":0,"player_choice":"Ignored","damage_taken":0,"max_hp_gain":0,"max_hp_loss":0,"event_name":"Tomb of Lord Red Mask","floor":46,"gold_loss":0},{"cards_removed":["TheCursedMod:CircleOfWindfury"],"damage_healed":0,"gold_gain":0,"player_choice":"Removed Skill","damage_taken":0,"max_hp_gain":0,"max_hp_loss":0,"event_name":"Falling","floor":47,"gold_loss":0}],"is_beta":false,"boss_relics":[{"not_picked":["Fusion Hammer","Runic Pyramid"],"picked":"Pandora\u0027s Box"},{"not_picked":["Busted Crown","SlaversCollar"],"picked":"Runic Dome"}],"items_purged_floors":[13,21,25,37,53],"is_endless":false,"potions_floor_spawned":[2,6,10,23,28,30,36,42,45,54],"ascension_level":0}}