{"host":"qfrmffs8rw9cf08l","time":1610742657,"event":{"mods":["AchievementEnabler","Act Like it!","AlwaysNeverKeys","Arknights The Spire","BaseMod","Bestiary","Better Match","Better Note","Better Sensory Stone","Better Skull","Better Third Choice","Better Vampires","BetterRewards","Curses Come First","Custom Start","Gensokyo","Gold Saver","MarisaÅiñ∂âJÅ@ñÇóùçπÅj","Minty Spire (QoL Compilation)","Permanent Neow","Poor People Problems","Quick Restart","Relic Filter","Relic Sorter","Relic Stats","Shop Mod","StSLib"],"gold_per_floor":[1273,1273,1273,1293,1310,1336,1346,1346,1346,774,774,788,808,828,828,923,923,937,952,243,243,253,287,307,325,325,325,354,372,385,412,412,507,507,524,544,544,559,559,559,559],"floor_reached":40,"language":"ENG","playtime":5508,"items_purged":[],"score":554,"play_id":"a780c0f0-b416-48ef-ab41-3ab967c241ec","local_time":"20210116043057","is_ascension_mode":false,"campfire_choices":[{"data":"ats:Revitalization","floor":8.0,"key":"SMITH"},{"data":"ats:Thorns","floor":11.0,"key":"SMITH"},{"data":"ats:Hammer On","floor":15.0,"key":"SMITH"},{"data":"ats:Demon Strength","floor":27.0,"key":"SMITH"},{"floor":32.0,"key":"REST"}],"circlet_count":0,"master_deck":["ats:Armor Crushing Shot","ats:Emotion Absorption+1","ats:Thorns+1","ats:Powerful Strike","ats:Curse Doll","ats:Hammer On+1","ats:Revitalization+1","ats:Poison Spread","ats:Healing Drone","ats:Automatic Cover","ats:Red Shift","ats:Cat Scratch","ats:Steam Pump","ats:Blood Oath+1","ats:Shell Defense","ats:Consecutive Shot Auto+1","ats:Apocalypse","ats:Explosion Area Strengthen+1","ats:Leaping Hammer+1","ats:Echo Reverb","ats:Support Order","ats:Leaping Hammer+1","ats:Defend Order","ats:Poison Spread+1","ats:Closed Bolt Burst Fire+1","ats:Thorns","ats:Cat Scratch+1","ats:Demon Strength+1","ats:Rapid Magazine","ats:Directed Diagnosis","ats:Roar Of Ursus","ats:Blood Oath+1","ats:Composite Medical Shells","ats:Revitalization","ats:Nebulous Foxfire","ats:Childhood Dance","ats:Collapsing Strike+1","ats:Rapid Magazine","ats:Revitalization+1","Wraith","ats:Demon Strength+1"],"relics":["ats:Sanity Plus","ats:Support","ats:Special","Vajra","Singing Bowl","Bird Faced Urn","ats:Originium","Molten Egg 2","Darkstone Periapt","Gambling Chip","Centennial Puzzle","ats:Defend","ats:Bonebreaker","Art of War","ats:Berate","ats:Military Tradition","FossilizedHelix","Boot","Pandora\u0027s Box","Mango"],"acts_visited":["Exordium","TheCity","TheBeyond"],"potions_floor_usage":[40],"damage_taken":[{"damage":0.0,"enemies":"2 Louse","floor":1.0,"turns":3.0},{"damage":0.0,"enemies":"Small Slimes","floor":4.0,"turns":2.0},{"damage":1.0,"enemies":"Cultist","floor":5.0,"turns":3.0},{"damage":17.0,"enemies":"Gremlin Nob","floor":6.0,"turns":4.0},{"damage":6.0,"enemies":"Exordium Wildlife","floor":7.0,"turns":8.0},{"damage":0.0,"enemies":"Lots of Slimes","floor":12.0,"turns":4.0},{"damage":5.0,"enemies":"Blue Slaver","floor":13.0,"turns":3.0},{"damage":8.0,"enemies":"Exordium Wildlife","floor":14.0,"turns":5.0},{"damage":0.0,"enemies":"Slime Boss","floor":16.0,"turns":5.0},{"damage":18.0,"enemies":"Chosen","floor":18.0,"turns":5.0},{"damage":31.0,"enemies":"2 Thieves","floor":19.0,"turns":5.0},{"damage":18.0,"enemies":"Snecko","floor":22.0,"turns":5.0},{"damage":90.0,"enemies":"Gremlin Leader","floor":23.0,"turns":11.0},{"damage":14.0,"enemies":"Centurion and Healer","floor":24.0,"turns":10.0},{"damage":15.0,"enemies":"Cultist and Chosen","floor":25.0,"turns":6.0},{"damage":39.0,"enemies":"Book of Stabbing","floor":28.0,"turns":6.0},{"damage":21.0,"enemies":"Snake Plant","floor":29.0,"turns":4.0},{"damage":9.0,"enemies":"3 Cultists","floor":30.0,"turns":5.0},{"damage":64.0,"enemies":"Gremlin Leader","floor":31.0,"turns":10.0},{"damage":112.0,"enemies":"Champ","floor":33.0,"turns":13.0},{"damage":52.0,"enemies":"3 Darklings","floor":35.0,"turns":6.0},{"damage":28.0,"enemies":"3 Shapes","floor":36.0,"turns":6.0},{"damage":56.0,"enemies":"3 Darklings","floor":38.0,"turns":7.0},{"damage":153,"enemies":"Giant Head","floor":40,"turns":9}],"seed_played":"3741858208105746823","potions_obtained":[{"floor":5.0,"key":"BlessingOfTheForge"},{"floor":6.0,"key":"Regen Potion"},{"floor":13.0,"key":"ColorlessPotion"},{"floor":14.0,"key":"LiquidMemories"},{"floor":16.0,"key":"Block Potion"},{"floor":22.0,"key":"LiquidMemories"},{"floor":24.0,"key":"AttackPotion"},{"floor":25.0,"key":"Dexterity Potion"},{"floor":29.0,"key":"LiquidMemories"},{"floor":31.0,"key":"ats:Emergency Sanity Potion"},{"floor":36.0,"key":"Swift Potion"}],"is_trial":false,"path_per_floor":["M","?","?","M","M","E","M","R","T","$","R","M","M","M","R","B",null,"M","M","$","?","M","E","M","M","T","R","E","M","M","E","R","B",null,"M","M","?","M","T","E"],"character_chosen":"DOCTOR_CLASS","items_purchased":["ats:Thorns","ats:Support","ats:Powerful Strike","ats:Special","ats:Curse Doll","ats:Hammer On","Vajra","ats:Revitalization","ats:Poison Spread","ats:Shell Defense","ats:Consecutive Shot Auto+1","Gambling Chip","Centennial Puzzle","ats:Defend","ats:Bonebreaker","ats:Defend Order","ats:Poison Spread+1","Art of War","ats:Closed Bolt Burst Fire+1"],"campfire_rested":1,"item_purchase_floors":[0,0,0,0,0,0,0,0,0,10,10,10,10,20,20,20,20,20,20],"current_hp_per_floor":[72,72,72,72,71,55,58,58,58,58,58,71,72,72,72,72,72,63,49,49,49,56,50,74,68,68,68,49,45,53,32,55,20,78,42,60,66,53,67,0,0],"gold":559,"neow_bonus":"","is_daily":false,"chose_seed":false,"campfire_upgraded":4,"win_rate":0.0,"timestamp":1610742657,"path_taken":["M","?","?","M","M","E","M","R","T","$","R","M","?","M","R","BOSS","M","M","$","?","M","E","M","M","T","R","E","M","M","E","R","BOSS","M","?","?","M","?","E"],"items_purchased_type":["Card","Relic","Card","Relic","Card","Card","Relic","Card","Card","Card","Card","Relic","Relic","Card","Relic","Card","Card","Relic","Card"],"build_version":"2020-12-22","purchased_purges":0,"victory":false,"max_hp_per_floor":[72,72,72,72,72,72,72,72,72,72,72,72,72,72,72,72,72,72,72,72,72,72,72,74,74,74,74,74,76,76,78,78,78,78,78,80,86,86,100,100,100],"relic_stats":{"Darkstone Periapt":18,"Centennial Puzzle":[51],"Singing Bowl":38,"counters":[53,225],"Bird Faced Urn":[97],"Gambling Chip":[31],"Pandora\u0027s Box":["ats:Blood Oath","ats:Composite Medical Shells","ats:Revitalization","ats:Nebulous Foxfire","ats:Childhood Dance","ats:Collapsing Strike","ats:Rapid Magazine"],"Art of War":[21],"Boot":[49],"obtain_stats":[{"Calipers":48,"CeramicFish":13,"Vajra":21,"ats:Support":0,"Bottled Tornado":43,"Boot":21,"ats:Special":0,"Blood Vial":25,"Sozu":34,"Lizard Tail":6,"Centennial Puzzle":21,"DollysMirror":38,"Strawberry":9,"Prayer Wheel":21,"MealTicket":44,"Toxic Egg 2":0,"ats:Bonebreaker":20,"ats:Defend":20,"BreadOfAWashokuLover":52,"Pen Nib":30,"Letter Opener":54,"War Paint":21,"Question Card":21,"Akabeko":41,"Du-Vu Doll":21,"Bird Faced Urn":0,"Molten Egg 2":0,"Pandora\u0027s Box":34,"Black Star":0,"MiniHakkero":0,"StrikeDummy":26,"ats:Military Tradition":26,"Unceasing Top":11,"Pocketwatch":0,"AmplifyWand":9,"Darkstone Periapt":20,"Lantern":25,"Regal Pillow":42,"Torii":21,"Singing Bowl":23,"StoneCalendar":20,"Mango":27,"Bag of Preparation":8,"Juzu Bracelet":21,"Smiling Mask":0,"Empty Cage":23,"Ancient Tea Set":29,"Gensokyo:LunaticRedEyes":12,"Frozen Eye":38,"Nunchaku":21,"Matryoshka":0,"Shovel":0,"TheAbacus":38,"Mummified Hand":21,"Pantograph":40,"Gambling Chip":10,"ats:Berate":23,"Tiny Chest":0,"HandmadeGrimoire":27,"SimpleLauncher":0,"Potion Belt":0,"ats:Sanity Plus":17,"Thread and Needle":48,"The Courier":0,"PreservedInsect":30,"Omamori":0,"Frozen Egg 2":0,"Orichalcum":32,"MawBank":0,"Medical Kit":53,"ats:Gyao":0,"Mercury Hourglass":54,"Peace Pipe":0,"Calling Bell":6,"Strange Spoon":21,"ShroomBag":39,"CaptainsWheel":8,"Anchor":21,"Busted Crown":17,"ats:Originium":6,"Art of War":13,"Bag of Marbles":40,"Membership Card":0,"TungstenRod":42,"FossilizedHelix":28},{"Calipers":26,"CeramicFish":8,"Vajra":11,"ats:Support":29,"Bottled Tornado":22,"Boot":11,"ats:Special":29,"Blood Vial":15,"Sozu":18,"Lizard Tail":5,"Centennial Puzzle":11,"DollysMirror":20,"Strawberry":6,"Prayer Wheel":11,"MealTicket":22,"Toxic Egg 2":0,"ats:Bonebreaker":40,"ats:Defend":40,"BreadOfAWashokuLover":27,"Pen Nib":16,"Letter Opener":28,"War Paint":11,"Question Card":11,"Akabeko":21,"Du-Vu Doll":11,"Bird Faced Urn":29,"Molten Egg 2":0,"Pandora\u0027s Box":49,"Black Star":0,"MiniHakkero":0,"StrikeDummy":15,"ats:Military Tradition":44,"Unceasing Top":7,"Pocketwatch":0,"AmplifyWand":6,"Darkstone Periapt":11,"Lantern":15,"Regal Pillow":22,"Torii":11,"Singing Bowl":13,"StoneCalendar":11,"Mango":16,"Bag of Preparation":6,"Juzu Bracelet":11,"Smiling Mask":0,"Empty Cage":13,"Ancient Tea Set":16,"Gensokyo:LunaticRedEyes":7,"Frozen Eye":20,"Nunchaku":11,"Matryoshka":0,"Shovel":0,"TheAbacus":20,"Mummified Hand":11,"Pantograph":21,"Gambling Chip":34,"ats:Berate":42,"Tiny Chest":0,"HandmadeGrimoire":16,"SimpleLauncher":0,"Potion Belt":0,"ats:Sanity Plus":38,"Thread and Needle":26,"The Courier":0,"PreservedInsect":16,"Omamori":0,"Frozen Egg 2":0,"Orichalcum":17,"MawBank":0,"Medical Kit":27,"ats:Gyao":0,"Mercury Hourglass":28,"Peace Pipe":0,"Calling Bell":5,"Strange Spoon":11,"ShroomBag":20,"CaptainsWheel":6,"Anchor":11,"Busted Crown":9,"ats:Originium":33,"Art of War":8,"Bag of Marbles":21,"Membership Card":0,"TungstenRod":22,"FossilizedHelix":45},{"Calipers":72,"CeramicFish":31,"Vajra":44,"ats:Support":80,"Bottled Tornado":66,"Boot":44,"ats:Special":80,"Blood Vial":54,"Sozu":61,"Lizard Tail":19,"Centennial Puzzle":44,"DollysMirror":64,"Strawberry":24,"Prayer Wheel":44,"MealTicket":66,"Toxic Egg 2":0,"ats:Bonebreaker":127,"ats:Defend":127,"BreadOfAWashokuLover":74,"Pen Nib":55,"Letter Opener":75,"War Paint":44,"Question Card":44,"Akabeko":65,"Du-Vu Doll":44,"Bird Faced Urn":80,"Molten Egg 2":0,"Pandora\u0027s Box":197,"Black Star":0,"MiniHakkero":0,"StrikeDummy":54,"ats:Military Tradition":159,"Unceasing Top":27,"Pocketwatch":0,"AmplifyWand":24,"Darkstone Periapt":44,"Lantern":54,"Regal Pillow":66,"Torii":44,"Singing Bowl":48,"StoneCalendar":44,"Mango":55,"Bag of Preparation":24,"Juzu Bracelet":44,"Smiling Mask":0,"Empty Cage":48,"Ancient Tea Set":55,"Gensokyo:LunaticRedEyes":27,"Frozen Eye":64,"Nunchaku":44,"Matryoshka":0,"Shovel":0,"TheAbacus":64,"Mummified Hand":44,"Pantograph":65,"Gambling Chip":100,"ats:Berate":143,"Tiny Chest":0,"HandmadeGrimoire":55,"SimpleLauncher":0,"Potion Belt":0,"ats:Sanity Plus":117,"Thread and Needle":72,"The Courier":0,"PreservedInsect":55,"Omamori":0,"Frozen Egg 2":0,"Orichalcum":56,"MawBank":0,"Medical Kit":74,"ats:Gyao":0,"Mercury Hourglass":75,"Peace Pipe":0,"Calling Bell":19,"Strange Spoon":44,"ShroomBag":64,"CaptainsWheel":24,"Anchor":44,"Busted Crown":36,"ats:Originium":92,"Art of War":31,"Bag of Marbles":65,"Membership Card":0,"TungstenRod":66,"FossilizedHelix":165}]},"card_choices":[{"not_picked":["ats:Shell Defense","ats:Curse Doll"],"picked":"ats:Healing Drone","floor":1.0},{"not_picked":["ats:Charging Defense","ats:Guardian Obelisk"],"picked":"ats:Red Shift","floor":4.0},{"not_picked":["ats:Assault Order","ats:Powerful Strike"],"picked":"ats:Cat Scratch","floor":5.0},{"not_picked":["ats:Revitalization","ats:Curse Doll"],"picked":"ats:Steam Pump","floor":6.0},{"not_picked":["ats:Powerful Strike+1","ats:Automatic Cover"],"picked":"ats:Blood Oath+1","floor":7.0},{"not_picked":["ats:Consecutive Shot Auto+1","ats:Shadow Raid"],"picked":"ats:Apocalypse","floor":12.0},{"not_picked":["ats:Flexible Camouflage","ats:Hammer On+1"],"picked":"ats:Explosion Area Strengthen+1","floor":13.0},{"not_picked":["ats:Consecutive Shot Auto+1","ats:Echo Reverb"],"picked":"ats:Leaping Hammer+1","floor":14.0},{"not_picked":["ats:Nebulous Foxfire","ats:Shadow Assault+1"],"picked":"ats:Echo Reverb","floor":16.0},{"not_picked":["ats:Consecutive Shot Auto+1","ats:Flexible Camouflage"],"picked":"ats:Support Order","floor":18.0},{"not_picked":["ats:Cat Scratch+1","ats:Shadow Raid"],"picked":"ats:Leaping Hammer+1","floor":19.0},{"not_picked":["ats:Ignite+1","ats:Hammer On+1"],"picked":"ats:Thorns","floor":22.0},{"not_picked":["ats:Explosion Area Strengthen+1","ats:Shell Defense"],"picked":"ats:Cat Scratch+1","floor":23.0},{"not_picked":["ats:Revitalization","ats:Steam Pump+1","ats:Curse Doll"],"picked":"Singing Bowl","floor":24.0},{"not_picked":["ats:Apocalypse","ats:Durian"],"picked":"ats:Demon Strength","floor":25.0},{"not_picked":["ats:Hammer On+1","ats:Red Shift+1"],"picked":"ats:Rapid Magazine","floor":28.0},{"not_picked":["ats:Cat Scratch+1","ats:Childhood Dance","ats:Flexible Camouflage"],"picked":"Singing Bowl","floor":29.0},{"not_picked":["ats:Assault Order","ats:Blood Oath+1"],"picked":"ats:Directed Diagnosis","floor":30.0},{"not_picked":["ats:Fractured Body","ats:Childhood Dance","ats:Counter Healing Mode"],"picked":"Singing Bowl","floor":31.0},{"not_picked":["ats:Soul Rend","ats:Wolf Pack+1"],"picked":"ats:Roar Of Ursus","floor":33.0},{"not_picked":["ats:Powerful Strike+1","ats:Collapsing Strike+1"],"picked":"ats:Revitalization+1","floor":35.0},{"not_picked":["ats:Consecutive Shot Auto+1","ats:Flexible Camouflage","ats:Poison Spread+1"],"picked":"Singing Bowl","floor":36.0},{"not_picked":["ats:Childhood Dance","ats:Revitalization"],"picked":"ats:Demon Strength+1","floor":38.0}],"player_experience":282922,"relics_obtained":[{"floor":6.0,"key":"ats:Originium"},{"floor":6.0,"key":"Molten Egg 2"},{"floor":9.0,"key":"Darkstone Periapt"},{"floor":23.0,"key":"ats:Originium"},{"floor":23.0,"key":"ats:Berate"},{"floor":26.0,"key":"ats:Military Tradition"},{"floor":28.0,"key":"ats:Originium"},{"floor":28.0,"key":"FossilizedHelix"},{"floor":31.0,"key":"ats:Originium"},{"floor":31.0,"key":"Boot"},{"floor":39.0,"key":"Mango"}],"event_choices":[{"damage_healed":0.0,"max_hp_gain":0.0,"max_hp_loss":0.0,"gold_gain":0.0,"event_name":"Living Wall","player_choice":"Grow","floor":2.0,"gold_loss":0.0,"damage_taken":0.0,"cards_upgraded":["ats:Emotion Absorption"]},{"damage_healed":0.0,"max_hp_gain":0.0,"max_hp_loss":0.0,"gold_gain":0.0,"cards_transformed":["ats:Strike C"],"event_name":"Transmorgrifier","player_choice":"Transformed","floor":3.0,"gold_loss":0.0,"damage_taken":0.0,"cards_obtained":["ats:Automatic Cover"]},{"damage_healed":0.0,"max_hp_gain":0.0,"max_hp_loss":0.0,"gold_gain":0.0,"event_name":"betterNote:BetterNote","player_choice":"Ignored","floor":21.0,"gold_loss":0.0,"damage_taken":0.0,"cards_obtained":["MillisecondPulsars"]},{"damage_healed":0.0,"max_hp_gain":0.0,"max_hp_loss":0.0,"gold_gain":0.0,"event_name":"OrinTheCat","player_choice":"Ignored","floor":37.0,"gold_loss":0.0,"damage_taken":0.0}],"is_beta":false,"boss_relics":[{"not_picked":["ats:Omniscience","Ectoplasm"],"picked":"ats:Sanity Plus"},{"not_picked":["Snecko Eye","SacredBark"],"picked":"Pandora\u0027s Box"}],"items_purged_floors":[],"is_endless":false,"potions_floor_spawned":[5,6,13,14,16,22,24,25,29,31,36],"killed_by":"Giant Head","ascension_level":0}}