{"host":"yvncskwfyqnc3wqi","time":1610735474,"event":{"mods":["2.2 Compatiblity","AchievementEnabler","Act Like it!","Bartender","BaseMod","Friendly Minions","Gensokyo","KinomotoSakuraMod(????)","Kiyohime????","Marisa????????","Minty Spire (QoL Compilation)","Nova Terra(??·??)","Permanent Neow","Prisma Mod","Railgun Mod","Reimu??????","Remove Card Discount Mod","Shade Mod","Shop Mod","StSLib","Td1madao Mod","The Alterego","The Disciple","The Gatherer","The Marked","The Runesmith","The Servant 0.9.4","TheFirefly","TheSwordswoman","TheVelvet","Waifu the Spire","WarShipGirlsR/????R mod","Yakumo Yukari mod","Yohane!","Yuri Mod"],"gold_per_floor":[112,130,59,75,85,113,113,130,153,153,153,173,199,65,65,166,166,182,32,46,81,42,76,76,91,91,91,105,131,131,154,154,251,251,267,319,331,29,29,63,63,82,106,58,58,70,95,105,105,105,105,105,34,63,63,63],"floor_reached":55,"language":"ENG","playtime":3889,"items_purged":["Gensokyo:AllTheWorldsEvil"],"score":775,"play_id":"2914df4f-8b57-47d9-a3c6-33b167b887b7","local_time":"20210115183114","is_ascension_mode":false,"campfire_choices":[{"floor":7.0,"key":"RECALL"},{"floor":10.0,"key":"REST"},{"data":"FairyDestructionRay","floor":15.0,"key":"SMITH"},{"floor":24.0,"key":"REST"},{"floor":32.0,"key":"REST"},{"data":"SprinkleStarSeal","floor":41.0,"key":"SMITH"},{"data":"SatelliteIllusion","floor":45.0,"key":"SMITH"},{"data":"GasGiant","floor":49,"key":"SMITH"},{"data":"ChargeUpSpray","floor":52,"key":"SMITH"}],"circlet_count":0,"master_deck":["Strike_MRS","Strike_MRS","Strike_MRS","Strike_MRS","Defend_MRS","Defend_MRS","MasterSpark+1","UpSweep","DC","AsteroidBelt+1","FairyDestructionRay+1","DeepEcoloBomb","GasGiant+1","DoubleSpark","OortCloud","SporeBomb","GravityBeat","MaximisePower","ChargeUpSpray+1","BlazeAway+1","ShootTheMoon+1","ManaConvection","SprinkleStarSeal+1","GalacticHalo","SporeBomb+1","NonDirectionalLaser","SatelliteIllusion+1","EarthLightRay+1","GasGiant+1","OrrerysSun+1","DeepEcoloBomb+1","GrandCross+1","MysteriousBeam+1","IllusionStar+1","WitchLeyline+1","ShootingEcho+1","EscapeVelocity"],"relics":["MiniHakkero","Blood Vial","PreservedInsect","MawBank","Pen Nib","Philosopher\u0027s Stone","HandDrill","Red Mask","Orichalcum","Mercury Hourglass","TungstenRod","Runesmith:AutoHammer","Cursed Key","FossilizedHelix","SimpleLauncher","Molten Egg 2","Protect_Vest","Toxic Egg 2","Centennial Puzzle"],"acts_visited":["Exordium","TheCity","TheBeyond","TheEnding"],"potions_floor_usage":[48,50,50,50,54],"damage_taken":[{"damage":0.0,"enemies":"2 Louse","floor":1.0,"turns":3.0},{"damage":1.0,"enemies":"Jaw Worm","floor":2.0,"turns":3.0},{"damage":0.0,"enemies":"Small Slimes","floor":4.0,"turns":1.0},{"damage":8.0,"enemies":"Gremlin Gang","floor":5.0,"turns":3.0},{"damage":14.0,"enemies":"3 Sentries","floor":6.0,"turns":7.0},{"damage":10.0,"enemies":"Looter","floor":8.0,"turns":2.0},{"damage":8.0,"enemies":"Blue Slaver","floor":12.0,"turns":2.0},{"damage":0.0,"enemies":"Gremlin Nob","floor":13.0,"turns":4.0},{"damage":22.0,"enemies":"Slime Boss","floor":16.0,"turns":8.0},{"damage":4.0,"enemies":"Shell Parasite","floor":18.0,"turns":3.0},{"damage":0.0,"enemies":"Chosen","floor":20.0,"turns":3.0},{"damage":25.0,"enemies":"Masked Bandits","floor":21.0,"turns":4.0},{"damage":16.0,"enemies":"Book of Stabbing","floor":23.0,"turns":5.0},{"damage":6.0,"enemies":"3 Cultists","floor":25.0,"turns":4.0},{"damage":6.0,"enemies":"Snake Plant","floor":28.0,"turns":3.0},{"damage":4.0,"enemies":"Slavers","floor":29.0,"turns":3.0},{"damage":38.0,"enemies":"Collector","floor":33.0,"turns":8.0},{"damage":0.0,"enemies":"3 Shapes","floor":35.0,"turns":3.0},{"damage":23.0,"enemies":"2 Orb Walkers","floor":36.0,"turns":4.0},{"damage":0.0,"enemies":"Orb Walker","floor":37.0,"turns":3.0},{"damage":8.0,"enemies":"Nemesis","floor":40.0,"turns":3.0},{"damage":0.0,"enemies":"Maw","floor":42.0,"turns":6.0},{"damage":0.0,"enemies":"Transient","floor":46.0,"turns":5.0},{"damage":25,"enemies":"Reptomancer","floor":47,"turns":4},{"damage":0,"enemies":"4 Shapes","floor":48,"turns":3},{"damage":35,"enemies":"Awakened One","floor":50,"turns":8},{"damage":10,"enemies":"Shield and Spear","floor":54,"turns":4},{"damage":97,"enemies":"The Heart","floor":55,"turns":6}],"seed_played":"-8663048876648449325","potions_obtained":[{"floor":1.0,"key":"SpeedPotion"},{"floor":6.0,"key":"BottledSpark"},{"floor":12.0,"key":"Swift Potion"},{"floor":21.0,"key":"CultistPotion"},{"floor":23.0,"key":"Energy Potion"},{"floor":37.0,"key":"LiquidMemories"},{"floor":40.0,"key":"CultistPotion"},{"floor":42.0,"key":"ShroomBrew"},{"floor":47,"key":"SkillPotion"},{"floor":48,"key":"LiquidBronze"}],"is_trial":false,"path_per_floor":["M","M","$","M","M","E","R","M","T","R","?","M","E","$","R","B",null,"M","$","M","?","$","E","R","M","T","?","M","E","?","T","R","B",null,"M","?","M","$","?","E","R","M","T","$","R","M","E","M","R","B",null,"R","$","E","B"],"character_chosen":"MARISA","items_purchased":["FairyDestructionRay","Pen Nib","HandDrill","ManaConvection","SimpleLauncher","MysteriousBeam+1","DistilledChaos"],"campfire_rested":3,"item_purchase_floors":[3,14,19,22,38,44,53],"current_hp_per_floor":[75,74,74,75,67,55,55,47,47,69,63,57,59,59,59,39,75,71,71,73,50,50,36,58,54,54,54,50,48,48,48,70,34,75,75,58,66,66,66,60,60,68,68,68,68,75,56,64,64,37,75,75,75,71,0,0],"gold":63,"neow_bonus":"RANDOM_COMMON_RELIC","is_daily":false,"chose_seed":false,"campfire_upgraded":5,"win_rate":0.0,"timestamp":1610735474,"path_taken":["M","M","$","M","M","E","R","M","T","R","?","M","E","$","R","BOSS","M","$","M","?","$","E","R","M","T","?","?","E","?","?","R","BOSS","M","?","M","$","?","E","R","M","T","$","R","M","E","?","R","BOSS","R","$","E","BOSS"],"items_purchased_type":["Card","Relic","Relic","Card","Relic","Card","Potion"],"build_version":"2020-12-22","purchased_purges":1,"victory":false,"max_hp_per_floor":[75,75,75,75,75,75,75,75,75,75,75,75,75,75,75,75,75,75,75,75,75,75,75,75,75,75,75,75,75,75,75,75,75,75,75,75,75,75,75,75,75,75,75,75,75,75,75,75,75,75,75,75,75,75,75,75],"card_choices":[{"not_picked":["UnstableBomb","6A"],"picked":"DC","floor":1.0},{"not_picked":["StarlightTyphoon","DC"],"picked":"AsteroidBelt","floor":2.0},{"not_picked":["EarthLightRay","AsteroidBelt"],"picked":"DeepEcoloBomb","floor":4.0},{"not_picked":["RefractionSpark","MilkyWay"],"picked":"GasGiant","floor":5.0},{"not_picked":["MilkyWay","TreasureHunter"],"picked":"DoubleSpark","floor":6.0},{"not_picked":["AlicesGift","OrrerysSun"],"picked":"OortCloud","floor":8.0},{"not_picked":["RefractionSpark","WitchOfGreed"],"picked":"SporeBomb","floor":12.0},{"not_picked":["DarkSpark","MachineGunSpark"],"picked":"GravityBeat","floor":13.0},{"not_picked":["AbsoluteMagnitude","CollectingQuirk"],"picked":"MaximisePower","floor":16.0},{"not_picked":["OpenUniverse","SporeBomb"],"picked":"ChargeUpSpray","floor":18.0},{"not_picked":["GravityBeat","MagicAbsorber"],"picked":"BlazeAway+1","floor":20.0},{"not_picked":["Robbery","MeteoricShower"],"picked":"ShootTheMoon+1","floor":21.0},{"not_picked":["DragonMeteor","SuperPerseids"],"picked":"SprinkleStarSeal","floor":23.0},{"not_picked":["Acceleration","LuminesStrike+1"],"picked":"GalacticHalo","floor":25.0},{"not_picked":["PropBag","PowerUp"],"picked":"SporeBomb+1","floor":28.0},{"not_picked":["MagicAbsorber","TreasureHunter"],"picked":"NonDirectionalLaser","floor":29.0},{"not_picked":["SuperNova","TreasureHunter"],"picked":"SatelliteIllusion","floor":33.0},{"not_picked":["LuminesStrike+1","NonDirectionalLaser"],"picked":"EarthLightRay+1","floor":35.0},{"not_picked":["MilkyWay","PowerUp"],"picked":"GasGiant+1","floor":36.0},{"not_picked":["MilkyWay+1","DoubleSpark+1"],"picked":"OrrerysSun+1","floor":37.0},{"not_picked":["SprinkleStarSeal","OneTimeOff"],"picked":"DeepEcoloBomb+1","floor":40.0},{"not_picked":["UnstableBomb+1","EscapeVelocity"],"picked":"GrandCross+1","floor":42.0},{"not_picked":["Occultation+1","StarlightTyphoon"],"picked":"IllusionStar+1","floor":46.0},{"not_picked":["StarBarrage+1","LuminesStrike+1"],"picked":"WitchLeyline+1","floor":47},{"not_picked":["WitchLeyline+1","NonDirectionalLaser+1"],"picked":"ShootingEcho+1","floor":48},{"not_picked":["DoubleSpark+1","StarlightTyphoon+1"],"picked":"EscapeVelocity","floor":54}],"player_experience":435269,"relics_obtained":[{"floor":6.0,"key":"PreservedInsect"},{"floor":13.0,"key":"MawBank"},{"floor":21.0,"key":"Red Mask"},{"floor":23.0,"key":"Orichalcum"},{"floor":26.0,"key":"Mercury Hourglass"},{"floor":29.0,"key":"TungstenRod"},{"floor":31.0,"key":"Runesmith:AutoHammer"},{"floor":36.0,"key":"FossilizedHelix"},{"floor":40.0,"key":"Molten Egg 2"},{"floor":43.0,"key":"Protect_Vest"},{"floor":47,"key":"Toxic Egg 2"},{"floor":54,"key":"Centennial Puzzle"}],"event_choices":[{"damage_healed":0.0,"max_hp_gain":0.0,"max_hp_loss":0.0,"gold_gain":0.0,"event_name":"Masked Bandits","player_choice":"Fought Bandits","floor":21.0,"gold_loss":0.0,"damage_taken":0.0},{"damage_healed":0.0,"max_hp_gain":0.0,"max_hp_loss":0.0,"gold_gain":0.0,"event_name":"Upgrade Shrine","player_choice":"Upgraded","floor":27.0,"gold_loss":0.0,"damage_taken":0.0,"cards_upgraded":["AsteroidBelt"]},{"damage_healed":0.0,"max_hp_gain":0.0,"max_hp_loss":0.0,"gold_gain":0.0,"event_name":"Ghosts","player_choice":"Ignored","floor":30.0,"gold_loss":0.0,"damage_taken":0.0},{"damage_healed":0.0,"max_hp_gain":0.0,"max_hp_loss":0.0,"gold_gain":0.0,"event_name":"Mysterious Sphere","player_choice":"Fight","floor":36.0,"gold_loss":0.0,"damage_taken":0.0},{"cards_removed":["Defend_MRS"],"damage_healed":0.0,"max_hp_gain":0.0,"max_hp_loss":0.0,"gold_gain":0.0,"event_name":"Purifier","player_choice":"Purged","floor":39.0,"gold_loss":0.0,"damage_taken":0.0}],"is_beta":false,"boss_relics":[{"not_picked":["Busted Crown","Empty Cage"],"picked":"Philosopher\u0027s Stone"},{"not_picked":["Pandora\u0027s Box","Coffee Dripper"],"picked":"Cursed Key"}],"items_purged_floors":[44],"is_endless":false,"potions_floor_spawned":[1,6,12,21,23,37,40,42,47,48],"killed_by":"The Heart","ascension_level":0}}