{"host":"fiyb7gvx7tok3jeh","time":1610736252,"event":{"mods":["BaseMod","Colored Map","Colored Powertips","DeckTracker","Googly Eyes","Highlight Path","Minty Spire (QoL Compilation)"],"gold_per_floor":[211,24,199,219,294,294,320,320,320,340,358,21,40,59,59,155,155,138,152,163,182,182,182,182],"floor_reached":23,"language":"ENG","playtime":1411,"items_purged":["Doubt"],"score":224,"play_id":"11ea9f42-98dd-4bae-9413-112333797630","local_time":"20210115204412","is_ascension_mode":true,"campfire_choices":[{"data":"WindmillStrike","floor":6,"key":"SMITH"},{"floor":8,"key":"REST"},{"data":"Eruption","floor":15,"key":"SMITH"}],"circlet_count":0,"master_deck":["Strike_P","Strike_P","Strike_P","Strike_P","Defend_P+1","Defend_P","Defend_P","Defend_P","Eruption+1","Vigilance","FollowUp","WindmillStrike+1","FlurryOfBlows+1","ClearTheMind","Evaluate","Adaptation+1","LessonLearned","CurseOfTheBell","Pray","CrushJoints+1","Vengeance"],"relics":["PureWater","Nunchaku","Bottled Flame","Letter Opener","Frozen Egg 2","Calling Bell","Happy Flower","Kunai","Incense Burner"],"acts_visited":["Exordium","TheCity"],"potions_floor_usage":[11,18,21,23],"damage_taken":[{"damage":0,"enemies":"Jaw Worm","floor":1,"turns":5},{"damage":0,"enemies":"Small Slimes","floor":4,"turns":3},{"damage":41,"enemies":"Lagavulin","floor":7,"turns":8},{"damage":0,"enemies":"2 Louse","floor":10,"turns":2},{"damage":6,"enemies":"Looter","floor":11,"turns":2},{"damage":4,"enemies":"2 Fungi Beasts","floor":13,"turns":3},{"damage":0,"enemies":"Exordium Wildlife","floor":14,"turns":2},{"damage":11,"enemies":"Hexaghost","floor":16,"turns":6},{"damage":12,"enemies":"2 Thieves","floor":18,"turns":4},{"damage":11,"enemies":"Spheric Guardian","floor":19,"turns":4},{"damage":19,"enemies":"3 Cultists","floor":20,"turns":5},{"damage":23,"enemies":"Sentry and Sphere","floor":21,"turns":4},{"damage":31,"enemies":"Gremlin Leader","floor":23,"turns":5}],"seed_played":"-8965574749347835431","potions_obtained":[{"floor":4,"key":"Fire Potion"},{"floor":11,"key":"DuplicationPotion"},{"floor":14,"key":"BlessingOfTheForge"},{"floor":20,"key":"SpeedPotion"}],"is_trial":false,"path_per_floor":["M","$","?","M","?","R","E","R","T","M","M","$","M","M","R","B",null,"M","M","M","M","?","E"],"character_chosen":"WATCHER","items_purchased":["Nunchaku","WindmillStrike","Frozen Egg 2"],"campfire_rested":1,"item_purchase_floors":[2,2,12],"current_hp_per_floor":[72,72,72,72,61,61,20,41,41,41,35,35,31,31,31,20,72,60,49,30,7,31,0,0],"gold":182,"neow_bonus":"HUNDRED_GOLD","is_daily":false,"chose_seed":false,"campfire_upgraded":2,"win_rate":0.0,"timestamp":1610736252,"path_taken":["M","$","?","M","?","R","E","R","T","M","M","$","M","M","R","BOSS","M","M","M","M","?","E"],"items_purchased_type":["Relic","Card","Relic"],"build_version":"2020-12-22","purchased_purges":1,"victory":false,"max_hp_per_floor":[72,72,72,72,72,72,72,72,72,72,72,72,72,72,72,72,72,72,72,72,72,72,72,72],"card_choices":[{"not_picked":["Study","EmptyBody"],"picked":"FollowUp","floor":1},{"not_picked":["Worship","ReachHeaven","EmptyFist"],"picked":"SKIP","floor":4},{"not_picked":["EmptyMind","SandsOfTime"],"picked":"FlurryOfBlows","floor":7},{"not_picked":["FlyingSleeves","MentalFortress","MasterReality"],"picked":"SKIP","floor":10},{"not_picked":["FollowUp","PathToVictory"],"picked":"ClearTheMind","floor":11},{"not_picked":["FlyingSleeves","EmptyBody"],"picked":"Evaluate","floor":13},{"not_picked":["ThirdEye","ForeignInfluence"],"picked":"Adaptation+1","floor":14},{"not_picked":["Brilliance","Alpha"],"picked":"LessonLearned","floor":16},{"not_picked":["SandsOfTime","EmptyMind"],"picked":"Pray","floor":18},{"not_picked":["EmptyBody","BowlingBash"],"picked":"CrushJoints+1","floor":19},{"not_picked":["Collect+1","CrushJoints","ThirdEye"],"picked":"SKIP","floor":20},{"not_picked":["LikeWater+1","Sanctity"],"picked":"Vengeance","floor":21}],"player_experience":254728,"relics_obtained":[{"floor":7,"key":"Bottled Flame"},{"floor":9,"key":"Letter Opener"},{"floor":17,"key":"Happy Flower"},{"floor":17,"key":"Kunai"},{"floor":17,"key":"Incense Burner"}],"event_choices":[{"damage_healed":0,"gold_gain":175,"player_choice":"AGREE","damage_taken":0,"max_hp_gain":0,"max_hp_loss":0,"event_name":"Liars Game","floor":3,"gold_loss":0,"cards_obtained":["Doubt"]},{"damage_healed":0,"gold_gain":75,"player_choice":"Gather Gold","damage_taken":11,"max_hp_gain":0,"max_hp_loss":0,"event_name":"World of Goop","floor":5,"gold_loss":0},{"damage_healed":24,"gold_gain":0,"player_choice":"Heal","damage_taken":0,"max_hp_gain":0,"max_hp_loss":0,"event_name":"The Library","floor":22,"gold_loss":0}],"is_beta":false,"boss_relics":[{"not_picked":["Velvet Choker","Fusion Hammer"],"picked":"Calling Bell"}],"items_purged_floors":[12],"is_endless":false,"potions_floor_spawned":[4,11,14,20],"killed_by":"Gremlin Leader","ascension_level":3}}