{"host":"i0avyit1s6jb1siw","time":1610728636,"event":{"mods":["BaseMod","DeckTracker","Dota2Spire","Highlight Path","Minty Spire (QoL Compilation)","Quick Restart","StSLib","SuperFastMode"],"gold_per_floor":[118,118,118,135,5,37,57,57,357,371,401,401,39,59,59,137,137,153,153,153,203,32,32,60,60,60,60,94,119,165,179,179,179,179],"floor_reached":33,"language":"ENG","playtime":490,"items_purged":["Defend_P"],"score":861,"play_id":"d233eb97-8f49-464e-8f4d-aa7e96c8a7e1","local_time":"20210115173716","is_ascension_mode":true,"campfire_choices":[{"data":"CrushJoints","floor":8,"key":"SMITH"},{"data":"BowlingBash","floor":12,"key":"SMITH"},{"data":"Strike_P","floor":15,"key":"PURGE"},{"data":"WheelKick","floor":23,"key":"SMITH"},{"data":"MentalFortress","floor":25,"key":"SMITH"},{"data":"Strike_P","floor":32,"key":"PURGE"}],"circlet_count":0,"master_deck":["AscendersBane","Defend_P","Defend_P","Eruption+1","Vigilance","FearNoEvil","BowlingBash+1","CrushJoints+1","FlurryOfBlows","WheelKick+1","InnerPeace","Omniscience+1","Wish+1","CarveReality+1","Indignation","MentalFortress+1","Prostrate+1"],"relics":["PureWater","NeowsBlessing","FossilizedHelix","Old Coin","Peace Pipe","Dota2Spire:Mjollnir","Astrolabe","Lee\u0027s Waffle","Dota2Spire:CrimsonGuard","White Beast Statue","Blue Candle","Red Mask"],"acts_visited":["Exordium","TheCity"],"potions_floor_usage":[11,28,29,33],"damage_taken":[{"damage":0,"enemies":"2 Louse","floor":1,"turns":1},{"damage":0,"enemies":"Cultist","floor":4,"turns":1},{"damage":0,"enemies":"Lagavulin","floor":6,"turns":1},{"damage":1,"enemies":"Small Slimes","floor":7,"turns":3},{"damage":7,"enemies":"Exordium Wildlife","floor":10,"turns":3},{"damage":0,"enemies":"Gremlin Nob","floor":11,"turns":3},{"damage":0,"enemies":"2 Fungi Beasts","floor":14,"turns":1},{"damage":0,"enemies":"Slime Boss","floor":16,"turns":4},{"damage":17,"enemies":"2 Thieves","floor":18,"turns":3},{"damage":0,"enemies":"Spheric Guardian","floor":21,"turns":3},{"damage":0,"enemies":"Book of Stabbing","floor":24,"turns":2},{"damage":33,"enemies":"Gremlin Leader","floor":28,"turns":5},{"damage":0,"enemies":"Masked Bandits","floor":29,"turns":2},{"damage":1,"enemies":"Centurion and Healer","floor":30,"turns":6},{"damage":0,"enemies":"3 Cultists","floor":31,"turns":3},{"damage":64,"enemies":"Champ","floor":33,"turns":7}],"seed_played":"-47351371844542352","potions_obtained":[{"floor":1,"key":"AttackPotion"},{"floor":6,"key":"SkillPotion"},{"floor":11,"key":"SteroidPotion"},{"floor":28,"key":"Fire Potion"},{"floor":29,"key":"Fire Potion"},{"floor":31,"key":"Fruit Juice"}],"is_trial":false,"path_per_floor":["M","?","?","M","$","E","M","R","T","M","E","R","$","M","R","B",null,"M","?","?","M","$","R","E","R","T","$","E","?","M","M","R","B"],"character_chosen":"WATCHER","items_purchased":["BowlingBash","Dota2Spire:Mjollnir","InnerPeace","Lee\u0027s Waffle"],"campfire_rested":0,"item_purchase_floors":[5,13,13,22],"current_hp_per_floor":[61,66,66,66,66,66,65,65,65,58,58,58,58,58,58,58,69,52,31,31,31,85,85,85,85,85,85,52,52,51,51,51,0,0],"gold":179,"neow_bonus":"THREE_ENEMY_KILL","is_daily":false,"chose_seed":false,"campfire_upgraded":4,"win_rate":0.0,"timestamp":1610728636,"path_taken":["M","?","?","M","$","E","?","R","T","M","E","R","?","M","R","BOSS","M","?","?","M","?","R","E","R","T","$","E","?","M","M","R","BOSS"],"items_purchased_type":["Card","Relic","Card","Relic"],"build_version":"2020-12-22","purchased_purges":1,"victory":false,"max_hp_per_floor":[68,73,73,73,73,73,73,73,73,73,73,73,73,73,73,73,73,73,78,78,78,85,85,85,85,85,85,85,85,85,85,85,90,90],"card_choices":[{"not_picked":["EmptyMind","ClearTheMind","Prostrate"],"picked":"SKIP","floor":1},{"not_picked":["Wallop","Prostrate"],"picked":"FearNoEvil","floor":4},{"not_picked":["BowlingBash","Protect","FollowUp"],"picked":"SKIP","floor":6},{"not_picked":["EmptyFist","BattleHymn"],"picked":"CrushJoints","floor":7},{"not_picked":["Devotion","EmptyMind"],"picked":"FlurryOfBlows","floor":10},{"not_picked":["WreathOfFlame","Evaluate"],"picked":"WheelKick","floor":11},{"not_picked":["WaveOfTheHand","CrushJoints","Nirvana"],"picked":"SKIP","floor":14},{"not_picked":["ReachHeaven","Protect","FearNoEvil"],"picked":"SKIP","floor":18},{"not_picked":["Conclude","PathToVictory"],"picked":"Indignation","floor":21},{"not_picked":["BowlingBash+1","Evaluate"],"picked":"MentalFortress","floor":24},{"not_picked":["CrushJoints+1","WheelKick+1"],"picked":"Prostrate+1","floor":28},{"not_picked":["DeceiveReality","SashWhip","Halt"],"picked":"SKIP","floor":30},{"not_picked":["Judgement","CutThroughFate","SashWhip"],"picked":"SKIP","floor":31}],"player_experience":2247317,"relics_obtained":[{"floor":6,"key":"FossilizedHelix"},{"floor":9,"key":"Old Coin"},{"floor":11,"key":"Peace Pipe"},{"floor":24,"key":"Dota2Spire:CrimsonGuard"},{"floor":26,"key":"White Beast Statue"},{"floor":28,"key":"Blue Candle"},{"floor":29,"key":"Red Mask"}],"event_choices":[{"damage_healed":0,"gold_gain":0,"player_choice":"Donut","damage_taken":0,"max_hp_gain":5,"max_hp_loss":0,"event_name":"Big Fish","floor":2,"gold_loss":0},{"damage_healed":0,"gold_gain":0,"player_choice":"Forge","damage_taken":0,"max_hp_gain":0,"max_hp_loss":0,"event_name":"Accursed Blacksmith","floor":3,"gold_loss":0,"cards_upgraded":["Eruption"]},{"damage_healed":0,"gold_gain":0,"player_choice":"Shed Blood","damage_taken":26,"max_hp_gain":5,"max_hp_loss":0,"event_name":"Forgotten Altar","floor":19,"gold_loss":0},{"damage_healed":0,"gold_gain":0,"player_choice":"Ignored","damage_taken":0,"max_hp_gain":0,"max_hp_loss":0,"event_name":"Ghosts","floor":20,"gold_loss":0},{"damage_healed":0,"gold_gain":0,"player_choice":"Fought Bandits","damage_taken":0,"max_hp_gain":0,"max_hp_loss":0,"event_name":"Masked Bandits","floor":29,"gold_loss":0}],"is_beta":false,"boss_relics":[{"not_picked":["Pandora\u0027s Box","Runic Pyramid"],"picked":"Astrolabe"}],"items_purged_floors":[5],"is_endless":false,"potions_floor_spawned":[1,6,11,16,24,28,29,30,31],"killed_by":"Champ","ascension_level":20}}