{"host":"5oxscleocp360blz","time":1610753976,"event":{"mods":["AchievementEnabler","BaseMod","Marisa????????","Minty Spire (QoL Compilation)","Replay The Spire","StSLib","The Necromancer"],"gold_per_floor":[116,116,14,27,202,237,237,237,237,237,252,271,284,297,297,395,395,395,395],"floor_reached":18,"language":"ENG","playtime":836,"items_purged":["Strike_P"],"score":224,"play_id":"ec8c5c77-4e03-4e51-bbe6-015124b5f203","local_time":"20210115203936","is_ascension_mode":true,"campfire_choices":[{"data":"Eruption","floor":8.0,"key":"SMITH"},{"data":"FearNoEvil","floor":10.0,"key":"SMITH"},{"floor":15,"key":"DIG"}],"circlet_count":0,"master_deck":["Strike_P","Strike_P","Strike_P","Defend_P","Defend_P","Defend_P","Defend_P+1","Eruption+1","Vigilance+1","Wireheading","EmptyFist","FearNoEvil+1","Doubt","MentalFortress","Sanctity","SpiritShield"],"relics":["PureWater","NeowsBlessing","Lantern","Replay:Bottled Snecko","Regal Pillow","Cursed Key"],"acts_visited":["Exordium","TheCity"],"potions_floor_usage":[16],"damage_taken":[{"damage":0.0,"enemies":"Small Slimes","floor":1.0,"turns":1.0},{"damage":0.0,"enemies":"Jaw Worm","floor":4.0,"turns":1.0},{"damage":0.0,"enemies":"Gremlin Nob","floor":6.0,"turns":1.0},{"damage":0.0,"enemies":"2 Louse","floor":11.0,"turns":3.0},{"damage":11.0,"enemies":"2 Fungi Beasts","floor":12.0,"turns":4.0},{"damage":0.0,"enemies":"Exordium Wildlife","floor":13.0,"turns":4.0},{"damage":4,"enemies":"3 Louse","floor":14,"turns":3},{"damage":49,"enemies":"Fading Forest","floor":16,"turns":11},{"damage":6,"enemies":"Spheric Guardian","floor":18,"turns":3}],"seed_played":"-5619122710429047264","potions_obtained":[{"floor":1.0,"key":"Adrenaline Potion"},{"floor":6.0,"key":"Fire Potion"}],"is_trial":false,"path_per_floor":["M","?","$","M","?","E","?","R","T","R","M","M","M","M","R","B",null,"M"],"character_chosen":"WATCHER","items_purchased":["EmptyFist"],"campfire_rested":0,"item_purchase_floors":[3],"current_hp_per_floor":[72,58,58,58,58,58,63,63,63,63,63,52,52,48,48,15,77,71,71],"gold":395,"neow_bonus":"THREE_ENEMY_KILL","is_daily":false,"chose_seed":false,"campfire_upgraded":2,"win_rate":0.0,"timestamp":1610753976,"path_taken":["M","?","$","M","?","E","?","R","T","R","M","M","?","M","R","BOSS","M"],"items_purchased_type":["Card"],"build_version":"2020-12-22","purchased_purges":1,"victory":false,"max_hp_per_floor":[72,72,72,72,72,72,77,77,77,77,77,77,77,77,77,77,77,77,77],"card_choices":[{"not_picked":["Nirvana","EmptyBody"],"picked":"Wireheading","floor":1.0},{"not_picked":["CutThroughFate","Consecrate"],"picked":"FearNoEvil","floor":4.0},{"not_picked":["Replay:AtTheReady","MasterReality","CarveReality"],"picked":"SKIP","floor":6.0},{"not_picked":["Replay:BluntJabs","ThirdEye","Crescendo"],"picked":"SKIP","floor":11.0},{"not_picked":["EmptyBody","Replay:AtTheReady"],"picked":"MentalFortress","floor":12.0},{"not_picked":["Halt","Replay:AtTheReady"],"picked":"Sanctity","floor":13},{"not_picked":["Replay:AllIn","Replay:AtTheReady","SashWhip"],"picked":"SKIP","floor":14},{"not_picked":["Alpha","Omniscience"],"picked":"SpiritShield","floor":16}],"player_experience":179240,"relics_obtained":[{"floor":6.0,"key":"Lantern"},{"floor":9.0,"key":"Replay:Bottled Snecko"},{"floor":15,"key":"Regal Pillow"}],"event_choices":[{"damage_healed":0.0,"max_hp_gain":0.0,"max_hp_loss":0.0,"gold_gain":0.0,"event_name":"Shining Light","player_choice":"Entered Light","floor":2.0,"gold_loss":0.0,"damage_taken":14.0,"cards_upgraded":["Defend_P","Vigilance"]},{"damage_healed":0.0,"max_hp_gain":0.0,"max_hp_loss":0.0,"gold_gain":175.0,"event_name":"Liars Game","player_choice":"AGREE","floor":5.0,"gold_loss":0.0,"damage_taken":0.0,"cards_obtained":["Doubt"]},{"damage_healed":0.0,"max_hp_gain":5.0,"max_hp_loss":0.0,"gold_gain":0.0,"event_name":"Big Fish","player_choice":"Donut","floor":7.0,"gold_loss":0.0,"damage_taken":0.0}],"is_beta":false,"boss_relics":[{"not_picked":["Runic Pyramid","Coffee Dripper"],"picked":"Cursed Key"}],"items_purged_floors":[3],"is_endless":false,"potions_floor_spawned":[1,6],"killed_by":"Spheric Guardian","ascension_level":4}}