{"host":"54jr43vd79817238","time":1610713810,"event":{"mods":["100% Spire Juice","ATMod(°¢èªMod)","Act Like it!","Arknights The Spire","Aspiration","BaseMod","CapriCore","Dota2Spire","Friendly Minions","Gensokyo","GungeonMod","Hallownest","Hermit","Jedi Mod","KinomotoSakuraMod(Ä¾Ö®±¾Ó£)","Lobotomy","LobotomyExtend","Mari Mod (Legacy)","Mari\u0027s V1 Patch","Marisa£¨ìFÓê¡¡Ä§ÀíÉ³£©","Minty Spire (QoL Compilation)","MostiFishMod","Quarter Circle Forward PUNCH!","Replay The Spire","Robot Space Explorer","RumiaBox-Â¶Ã×æ«µÄÉñÃØºÐ×Ó","Spicy Shops","StSLib","TestMod","The Alterego","The Dragon Tamer","The Marked","WarShipGirlsR/Õ½½¢ÉÙÅ®R mod","Yakumo Yukari mod","Youmu£¨»êÆÇÑýÃÎ£©","vexMod","¡¾ÒÅÎï¿¨ÅÆ¡¿REMEMod"],"gold_per_floor":[114,127,102,117,132,132,132,132,213,233,233,243,262,402,402,498,498,511,359,359,609,609,609,640,659,659,735,501,501,501,521,521,624,624,653,667,667,223,248,248,265,291,291,403,428,453,156,231,231,243,243,243,243,0,39,53],"floor_reached":57,"language":"ZHS","playtime":10283,"items_purged":["Spreading Infection","ats:Ambush"],"score":1289,"play_id":"dbe1f618-23ae-4c37-8001-4cfdcf67a3f2","local_time":"20210115203010","is_ascension_mode":false,"campfire_choices":[{"floor":6.0,"key":"RECALL"},{"data":"ats:Emotion Absorption","floor":8.0,"key":"SMITH"},{"data":"ats:Rapid Magazine","floor":15.0,"key":"SMITH"},{"data":"ats:Overload","floor":23.0,"key":"SMITH"},{"data":"ats:Shell Defense","floor":29,"key":"SMITH"},{"data":"ats:Part Time Job","floor":32,"key":"SMITH"},{"data":"ats:Consecutive Shot Auto","floor":40,"key":"SMITH"},{"floor":49,"key":"REST"},{"data":"ats:Soul Rend","floor":53,"key":"SMITH"}],"circlet_count":0,"master_deck":["ats:Strike C","ats:Strike G","ats:Strike S","ats:Strike V","ats:Armor Crushing Shot","ats:Defend","ats:Defend","ats:Defend","ats:Defend","ats:Emotion Absorption+1","AT_DarkMatter","ats:Soul Rend+1","ats:Sword Rain","ats:Rapid Magazine+1","ats:Neurotoxin","ats:Overload+1","ats:Shadow Assault","ats:Powerful Strike","ats:Ambush","ats:Hammer On+1","ats:Ambush+1","ats:Shell Defense+1","ats:Thorns","ats:Neurotoxin","ats:Part Time Job+1","AbeCurse","ats:Flexible Camouflage+1","ats:Consecutive Shot Auto+1","ats:Spore Proliferation","ats:Thermite Blade","ats:Mental Burst+1","ats:Composite Medical Shells","ats:Powerful Strike+1","ats:Poison Spread+1"],"relics":["ats:Sanity","testmod-TestBox","DaveBox","REME_ComplimentaryCards","AT_ATBox","BionicSphere","testmod-SaigiyounoYou","LetterFromLob","Gremlin Food","Hallownest:DreamNailRelic","DemoMod:RiddleOfLead","TheAbacus","ats:Originium","testmod-Acrobat","Ornamental Fan","ats:Industrial Water Cannon","ats:Attack","Abe\u0027s Treasure","Dota2Spire:Vanguard","AT_ChloranthyRing","ats:Cure","DemoMod:PinkGuonStone","ats:Defend","ats:Arts","ReplayTheSpireMod:CursedCoin","ClockworkSouvenir","testmod-Muramasa"],"acts_visited":["Hallownest:Greenpath","Gensokyo:Gensokyoer","Gensokyo:Gensokyoest","TheEnding"],"potions_floor_usage":[55,55,56],"damage_taken":[{"damage":0.0,"enemies":"Hallownest:monsterHuskWarrior","floor":1.0,"turns":6.0},{"damage":0.0,"enemies":"Hallownest:2_MossCreeps","floor":2.0,"turns":4.0},{"damage":0.0,"enemies":"Hallownest:monsterHuskGuard","floor":4.0,"turns":4.0},{"damage":0.0,"enemies":"Hallownest:Wandering_and_Horned","floor":5.0,"turns":5.0},{"damage":4.0,"enemies":"Hallownest:Guard_and_Warrior","floor":10.0,"turns":6.0},{"damage":14.0,"enemies":"Hallownest:1_Ooma_and_2_Uuma","floor":12.0,"turns":6.0},{"damage":0.0,"enemies":"Hallownest:1_Baldur_1_Crawlid_1_Warrior","floor":13.0,"turns":4.0},{"damage":0.0,"enemies":"Hallownest:BossFalseKnight","floor":16.0,"turns":7.0},{"damage":0.0,"enemies":"Gensokyo:CosmicMonolith","floor":18.0,"turns":4.0},{"damage":22.0,"enemies":"Gensokyo:Tenshi","floor":24.0,"turns":5.0},{"damage":16.0,"enemies":"Gensokyo:3_Dogs","floor":25.0,"turns":5.0},{"damage":0,"enemies":"Gensokyo:Chomper_and_Gloop","floor":31,"turns":5},{"damage":50,"enemies":"Gensokyo:Kaguya","floor":33,"turns":11},{"damage":26,"enemies":"Gensokyo:AncientGuardian","floor":35,"turns":9},{"damage":0,"enemies":"Gensokyo:3_Bats","floor":36,"turns":3},{"damage":6,"enemies":"Gensokyo:Rafflesia","floor":39,"turns":8},{"damage":21,"enemies":"Gensokyo:Sharpion","floor":41,"turns":6},{"damage":4,"enemies":"Gensokyo:4_Bats","floor":42,"turns":4},{"damage":0,"enemies":"Gensokyo:Rafflesia","floor":45,"turns":7},{"damage":14,"enemies":"Gensokyo:Sharpion","floor":46,"turns":5},{"damage":0,"enemies":"Gensokyo:Shinki","floor":50,"turns":8},{"damage":56,"enemies":"Shield and Spear","floor":55,"turns":6},{"damage":93,"enemies":"The Heart","floor":56,"turns":11}],"seed_played":"-2724563267702830254","potions_obtained":[{"floor":1.0,"key":"Dota2Spire:Clarity"},{"floor":10.0,"key":"ats:Emergency Sanity Potion"},{"floor":12.0,"key":"EssenceOfSteel"},{"floor":31,"key":"ats:Emergency Sanity Potion"},{"floor":41,"key":"Block Potion"},{"floor":45,"key":"ats:Top Emergency Sanity Potion"}],"is_trial":false,"path_per_floor":["M","M","?","M","M","R","E","R","T","M","?","M","M","?","R","B",null,"M","COS","?","?","?","R","E","M","T","T","$","R","?","M","R","B",null,"M","M","?","$","M","R","M","M","T","?","M","M","COS","$","R","B",null,null,"R","$","E","B",null],"character_chosen":"DOCTOR_CLASS","items_purchased":["ats:Attack","ats:Neurotoxin","Dota2Spire:Vanguard","AT_ChloranthyRing","ats:Cure","ReplayTheSpireMod:CursedCoin","ClockworkSouvenir"],"campfire_rested":1,"item_purchase_floors":[28,28,38,38,38,48,54],"current_hp_per_floor":[72,72,72,72,72,72,72,72,72,72,72,68,72,72,72,72,82,82,82,82,78,78,78,72,70,70,70,70,70,70,78,78,74,78,70,78,78,78,78,78,78,78,85,85,85,76,76,76,85,85,85,85,85,85,45,43],"gold":53,"neow_bonus":"ONE_RANDOM_RARE_CARD","is_daily":false,"chose_seed":false,"campfire_upgraded":7,"win_rate":0.0,"timestamp":1610713810,"path_taken":["M","M","?","M","M","R","E","R","T","M","?","M","?","?","R","BOSS","M","COS","?","?","?","R","E","?","T","?","?","R","?","M","R","BOSS","M","M","?","$","M","R","M","M","T","?","M","?","COS","?","R","BOSS","R","$","E","BOSS"],"items_purchased_type":["Relic","Card","Relic","Relic","Relic","Relic","Relic"],"build_version":"2020-12-22","purchased_purges":2,"victory":true,"max_hp_per_floor":[72,72,72,72,72,72,72,72,72,72,72,72,72,72,72,72,82,82,82,82,78,78,78,78,78,78,78,78,78,78,78,78,78,78,78,78,78,78,78,78,78,78,85,85,85,85,85,85,85,85,85,85,85,85,85,85],"card_choices":[{"not_picked":["ats:Curse Doll","ats:Childhood Dance"],"picked":"ats:Flexible Camouflage","floor":1.0},{"not_picked":["ats:Explosion Area Strengthen","ats:Childhood Dance"],"picked":"ats:Sword Rain","floor":2.0},{"not_picked":["ats:Curse Doll","ats:Sword Rain"],"picked":"ats:Rapid Magazine","floor":4.0},{"not_picked":["ats:Flexible Camouflage","ats:Cat Scratch"],"picked":"ats:Neurotoxin","floor":5.0},{"not_picked":["ats:Song Of Battle","ats:Poison Spread"],"picked":"ats:Overload","floor":10.0},{"not_picked":["ats:Powerful Strike","ats:Blood Oath"],"picked":"ats:Shadow Assault","floor":12.0},{"not_picked":["ats:Hammer On","ats:Cat Scratch"],"picked":"ats:Powerful Strike","floor":13.0},{"not_picked":["ats:Dogmatic Field","ats:Durian"],"picked":"ats:Ambush","floor":16.0},{"not_picked":["ats:Curse Doll+1","ats:Leaping Hammer"],"picked":"ats:Hammer On+1","floor":18.0},{"not_picked":["ats:Ignite+1","ats:Closed Bolt Burst Fire"],"picked":"ats:Shell Defense","floor":24.0},{"not_picked":["ats:Chain Hook","ats:LN2 Cannon"],"picked":"ats:Thorns","floor":25.0},{"not_picked":["ats:Hook Shot","ats:Apocalypse"],"picked":"ats:Part Time Job","floor":31},{"not_picked":["ats:Durian","ats:True Silver Slash"],"picked":"ats:Ambush","floor":33},{"not_picked":["ats:Revitalization+1","ats:Ignite+1","ats:Powerful Strike"],"picked":"SKIP","floor":35},{"not_picked":["ats:Hammer On","ats:Powerful Strike"],"picked":"ats:Flexible Camouflage+1","floor":36},{"not_picked":["ats:Leaping Hammer","ats:Cat Scratch"],"picked":"ats:Consecutive Shot Auto","floor":39},{"not_picked":["ats:Sword Rain+1","ats:Blood Oath"],"picked":"ats:Spore Proliferation","floor":41},{"not_picked":["ats:Demon Strength","ats:Encircling Forest","ats:Revitalization"],"picked":"SKIP","floor":42},{"not_picked":["ats:Hammer On","ats:Counter Healing Mode"],"picked":"ats:Thermite Blade","floor":44},{"not_picked":["ats:Healing Strengthening","ats:Ignite+1"],"picked":"ats:Mental Burst+1","floor":44},{"not_picked":["ats:Powerful Strike","ats:Consecutive Shot Auto+1"],"picked":"ats:Composite Medical Shells","floor":45},{"not_picked":["ats:Volcano","ats:Sword Rain+1"],"picked":"ats:Powerful Strike+1","floor":46},{"not_picked":["ats:Healing Strengthening","ats:Shadow Raid+1"],"picked":"ats:Poison Spread+1","floor":55}],"player_experience":250359,"relics_obtained":[{"floor":1.0,"key":"LetterFromLob"},{"floor":24.0,"key":"ats:Originium"},{"floor":24.0,"key":"testmod-Acrobat"},{"floor":26.0,"key":"Ornamental Fan"},{"floor":27,"key":"ats:Industrial Water Cannon"},{"floor":43,"key":"DemoMod:PinkGuonStone"},{"floor":55,"key":"ats:Originium"},{"floor":55,"key":"testmod-Muramasa"}],"event_choices":[],"is_beta":false,"boss_relics":[{"not_picked":["Kintsugi","BloodWine"],"picked":"DemoMod:RiddleOfLead"},{"not_picked":["testmod-TimeTraveler","testmod-IncinerationGenerator"],"picked":"Abe\u0027s Treasure"}],"items_purged_floors":[48,54],"is_endless":false,"potions_floor_spawned":[1,10,12,31,41,42,45],"ascension_level":0}}