{"host":"o8qgt737q1lp1iok","time":1610721815,"event":{"mods":["BaseMod","Colored Map","Colored Powertips","Hermit","Marisa????????","Minty Spire (QoL Compilation)","StSLib"],"gold_per_floor":[118,68,82,97,110,110,125,43,67,43,43,118,147,72,72,177,177,132,132,132,132,32,32,32,32,32,32,32,32,32,32,32,32,32,32,32,32,32,32,32,32,32,32,32,32,32,32,32,32,32],"floor_reached":51,"language":"ENG","playtime":2120,"items_purged":["hermit:Defend_Hermit","hermit:Defend_Hermit"],"score":675,"play_id":"dfbb82b4-9281-4e78-9c47-b6b5e31ebf5e","local_time":"20210115064335","is_ascension_mode":false,"campfire_choices":[{"data":"hermit:Quickdraw","floor":6,"key":"SMITH"},{"data":"hermit:Determination","floor":11,"key":"SMITH"},{"floor":15,"key":"REST"},{"data":"hermit:Gestalt","floor":23,"key":"SMITH"},{"floor":25,"key":"REST"},{"floor":32,"key":"REST"},{"floor":40,"key":"RECALL"},{"floor":42,"key":"REST"},{"floor":45,"key":"REST"},{"data":"hermit:HeroicBravado","floor":49,"key":"SMITH"}],"circlet_count":0,"master_deck":["hermit:Strike_Hermit","hermit:Strike_Hermit","hermit:Strike_Hermit","hermit:Strike_Hermit","hermit:Snapshot","hermit:Quickdraw+1","hermit:Gestalt+1","hermit:RoundhouseKick","hermit:TakeCover","hermit:Determination+1","hermit:Desperado","hermit:HeroicBravado+1","hermit:HeroicBravado+1","hermit:Desperado+1","hermit:RoundhouseKick","hermit:Gestalt+1"],"relics":["Empty Cage","Pen Nib","Odd Mushroom","Ectoplasm","MutagenicStrength","Bronze Scales","Orichalcum","SacredBark","Peace Pipe","Singing Bowl","War Paint"],"acts_visited":["Exordium","TheCity","TheBeyond"],"potions_floor_usage":[7,7,16,19,27,27,30,33,33,33,50,50],"damage_taken":[{"damage":2.0,"enemies":"Small Slimes","floor":1.0,"turns":3.0},{"damage":2.0,"enemies":"2 Louse","floor":3.0,"turns":2.0},{"damage":1.0,"enemies":"Jaw Worm","floor":4.0,"turns":2.0},{"damage":9.0,"enemies":"Exordium Wildlife","floor":5.0,"turns":3.0},{"damage":4,"enemies":"2 Fungi Beasts","floor":7,"turns":2},{"damage":2,"enemies":"The Mushroom Lair","floor":13,"turns":3},{"damage":35,"enemies":"The Guardian","floor":16,"turns":7},{"damage":3,"enemies":"2 Thieves","floor":18,"turns":3},{"damage":1,"enemies":"Spheric Guardian","floor":19,"turns":3},{"damage":7,"enemies":"Cultist and Chosen","floor":21,"turns":6},{"damage":39,"enemies":"Book of Stabbing","floor":24,"turns":6},{"damage":21,"enemies":"Gremlin Leader","floor":27,"turns":5},{"damage":1,"enemies":"Snake Plant","floor":29,"turns":2},{"damage":2,"enemies":"Centurion and Healer","floor":30,"turns":3},{"damage":11,"enemies":"Champ","floor":33,"turns":13},{"damage":7,"enemies":"3 Darklings","floor":35,"turns":5},{"damage":5,"enemies":"3 Shapes","floor":36,"turns":2},{"damage":33,"enemies":"2 Orb Walkers","floor":39,"turns":4},{"damage":26,"enemies":"Sphere and 2 Shapes","floor":41,"turns":3},{"damage":6,"enemies":"4 Shapes","floor":46,"turns":1},{"damage":6,"enemies":"Maw","floor":48,"turns":7},{"damage":12,"enemies":"Donu and Deca","floor":50,"turns":9}],"seed_played":"927667257108363891","potions_obtained":[{"floor":3.0,"key":"Fruit Juice"},{"floor":4.0,"key":"SkillPotion"},{"floor":5,"key":"LiquidBronze"},{"floor":7,"key":"hermit:Eclipse"},{"floor":18,"key":"Swift Potion"},{"floor":24,"key":"BlessingOfTheForge"},{"floor":27,"key":"EntropicBrew"},{"floor":30,"key":"Dexterity Potion"},{"floor":41,"key":"LiquidBronze"},{"floor":48,"key":"hermit:Tonic"}],"is_trial":false,"path_per_floor":["M","?","M","M","M","R","M","$","T","$","R","?","?","$","R","B",null,"M","M","?","M","$","R","E","R","T","E","$","M","M","?","R","B",null,"M","M","?","$","?","R","M","R","T","T","R","M","$","M","R","B",null],"character_chosen":"HERMIT","items_purchased":["hermit:Determination","hermit:Desperado"],"campfire_rested":5,"item_purchase_floors":[8,10],"current_hp_per_floor":[73,73,71,75,66,66,62,62,62,62,62,51,49,49,73,38,80,77,76,76,69,69,69,30,54,54,33,33,32,30,30,54,43,80,73,68,73,73,40,40,14,38,38,38,62,58,58,54,54,42],"gold":32,"neow_bonus":"BOSS_RELIC","is_daily":false,"chose_seed":false,"campfire_upgraded":4,"win_rate":0.0,"timestamp":1610721815,"path_taken":["M","?","M","M","M","R","M","$","T","$","R","?","?","?","R","BOSS","M","M","?","M","$","R","E","R","T","E","$","M","M","?","R","BOSS","M","M","?","?","?","R","M","R","T","?","R","M","?","M","R","BOSS"],"items_purchased_type":["Card","Card"],"build_version":"2020-12-22","purchased_purges":2,"victory":true,"max_hp_per_floor":[75,75,75,80,80,80,80,80,80,80,80,80,80,80,80,80,80,80,80,80,80,80,80,80,80,80,80,80,80,80,80,80,80,80,80,80,80,80,80,80,80,80,80,80,80,82,82,84,84,84],"card_choices":[{"not_picked":["hermit:Headshot","hermit:LuckOfTheDraw"],"picked":"hermit:Quickdraw","floor":1.0},{"not_picked":["hermit:HoleUp","hermit:TrackingShot"],"picked":"hermit:Gestalt","floor":3.0},{"not_picked":["hermit:ItchyTrigger","hermit:TrackingShot","hermit:BigShot"],"picked":"SKIP","floor":4.0},{"not_picked":["hermit:TrackingShot","hermit:Vantage"],"picked":"hermit:RoundhouseKick","floor":5},{"not_picked":["hermit:Quickdraw","hermit:WideOpen"],"picked":"hermit:TakeCover","floor":7},{"not_picked":["hermit:Reprieve","hermit:Dissolve"],"picked":"hermit:HeroicBravado","floor":16},{"not_picked":["hermit:Feint","hermit:Roulette+1"],"picked":"hermit:LowProfile","floor":18},{"not_picked":["hermit:Misfire","hermit:ShadowCloak","hermit:Coalescence"],"picked":"SKIP","floor":19},{"not_picked":["hermit:HighCaliber","hermit:Headshot+1","hermit:TrackingShot"],"picked":"SKIP","floor":21},{"not_picked":["hermit:BodyArmor","hermit:HighCaliber+1","hermit:Gambit"],"picked":"SKIP","floor":24},{"not_picked":["hermit:Snipe","hermit:Maintenance"],"picked":"hermit:HeroicBravado","floor":27},{"not_picked":["hermit:Coalescence+1","hermit:Horror","hermit:LuckOfTheDraw"],"picked":"SKIP","floor":29},{"not_picked":["hermit:Coalescence+1","hermit:SprayPray"],"picked":"hermit:Desperado+1","floor":30},{"not_picked":["hermit:BlackWind","hermit:Dissolve"],"picked":"hermit:RoundhouseKick","floor":33},{"not_picked":["hermit:Malice+1","hermit:Ricochet","hermit:Misfire"],"picked":"SKIP","floor":35},{"not_picked":["hermit:Headshot","hermit:Virtue","hermit:Snipe"],"picked":"SKIP","floor":36},{"not_picked":["hermit:Spite+1","hermit:ItchyTrigger"],"picked":"hermit:Gestalt","floor":41},{"not_picked":["hermit:Grudge","hermit:FlashPowder","hermit:Coalescence+1"],"picked":"Singing Bowl","floor":46},{"not_picked":["hermit:Glare+1","hermit:FullyLoaded","hermit:Feint+1"],"picked":"Singing Bowl","floor":48}],"player_experience":395112,"relics_obtained":[{"floor":9,"key":"Pen Nib"},{"floor":13,"key":"Odd Mushroom"},{"floor":24,"key":"Bronze Scales"},{"floor":27,"key":"Orichalcum"},{"floor":39,"key":"Peace Pipe"},{"floor":43,"key":"Singing Bowl"},{"floor":44,"key":"War Paint"}],"event_choices":[{"cards_removed":["hermit:Defend_Hermit"],"damage_healed":0.0,"max_hp_gain":0.0,"max_hp_loss":0.0,"gold_gain":0.0,"event_name":"The Cleric","player_choice":"Card Removal","floor":2.0,"gold_loss":50.0,"damage_taken":0.0},{"damage_healed":0,"gold_gain":75,"player_choice":"Gather Gold","damage_taken":11,"max_hp_gain":0,"max_hp_loss":0,"event_name":"World of Goop","floor":12,"gold_loss":0},{"damage_healed":0,"gold_gain":0,"player_choice":"Fought Mushrooms","damage_taken":0,"max_hp_gain":0,"max_hp_loss":0,"event_name":"Mushrooms","floor":13,"gold_loss":0},{"damage_healed":0,"gold_gain":0,"player_choice":"Inject Mutagens","damage_taken":0,"relics_obtained":["MutagenicStrength"],"max_hp_gain":0,"max_hp_loss":0,"event_name":"Drug Dealer","floor":20,"gold_loss":0},{"cards_removed":["hermit:LowProfile"],"damage_healed":5,"gold_gain":0,"player_choice":"Offered Common","damage_taken":0,"max_hp_gain":0,"max_hp_loss":0,"event_name":"Bonfire Elementals","floor":37,"gold_loss":0},{"cards_removed":["hermit:LowProfile"],"damage_healed":5,"gold_gain":0,"player_choice":"Offered Special","damage_taken":0,"max_hp_gain":0,"max_hp_loss":0,"event_name":"Bonfire Elementals","floor":37,"gold_loss":0},{"damage_healed":0,"gold_gain":0,"player_choice":"Fight","damage_taken":0,"max_hp_gain":0,"max_hp_loss":0,"event_name":"Mysterious Sphere","floor":39,"gold_loss":0}],"is_beta":false,"boss_relics":[{"not_picked":["Snecko Eye","Pandora\u0027s Box"],"picked":"Ectoplasm"},{"not_picked":["hermit:BartenderGlass","hermit:DentedPlate"],"picked":"SacredBark"}],"items_purged_floors":[14,22],"is_endless":false,"potions_floor_spawned":[3,4,5,7,18,24,27,30,41,48],"ascension_level":0}}