{"host":"vzugls1u57eppbds","time":1610732329,"event":{"mods":["AchievementEnabler","BaseMod","Better Third Choice","Minty Spire (QoL Compilation)","Relic Stats","Shop Mod","StSLib","The IronCluck"],"gold_per_floor":[118,135,135,53,228,228,263,263,313,339,366,366,366,19,19,116,116,131,50,50,64,0,28,45,55,355,355,368,368,368,31,31,31,31],"floor_reached":33,"language":"ENG","playtime":899,"items_purged":[],"score":415,"play_id":"20aa4326-3f84-4bea-9391-f281fddde45a","local_time":"20210115183849","is_ascension_mode":true,"campfire_choices":[{"data":"Infernal Blade","floor":6.0,"key":"SMITH"},{"data":"Rampage","floor":8.0,"key":"SMITH"},{"floor":12.0,"key":"REST"},{"floor":15.0,"key":"REST"},{"floor":27,"key":"REST"},{"floor":32,"key":"REST"}],"circlet_count":0,"master_deck":["Strike_R+1","Strike_R","Strike_R","Strike_R","Defend_R","Defend_R","Defend_R","Bash","Rampage+1","Infernal Blade+1","Swift Strike","Doubt","Iron Wave","Pommel Strike+1","Perfected Strike","Master of Strategy","Bludgeon","Reaper","CurseOfTheBell","Pummel","Thunderclap+1","Dark Embrace","Cleave+1","Combust","Uppercut","Immolate"],"relics":["Burning Blood","MealTicket","Self Forming Clay","Orichalcum","Odd Mushroom","Smiling Mask","Calling Bell","Red Skull","Blue Candle","Turnip","Enchiridion","Omamori","Old Coin","Regal Pillow"],"acts_visited":["Exordium","TheCity"],"potions_floor_usage":[25,33],"damage_taken":[{"damage":1.0,"enemies":"Cultist","floor":1.0,"turns":3.0},{"damage":0.0,"enemies":"2 Louse","floor":2.0,"turns":2.0},{"damage":25.0,"enemies":"Lagavulin","floor":7.0,"turns":5.0},{"damage":8.0,"enemies":"The Mushroom Lair","floor":10.0,"turns":4.0},{"damage":31.0,"enemies":"3 Sentries","floor":11.0,"turns":8.0},{"damage":56.0,"enemies":"Hexaghost","floor":16.0,"turns":8.0},{"damage":1,"enemies":"Spheric Guardian","floor":18,"turns":3},{"damage":22,"enemies":"2 Thieves","floor":21,"turns":4},{"damage":68,"enemies":"Book of Stabbing","floor":23,"turns":6},{"damage":25,"enemies":"3 Cultists","floor":24,"turns":6},{"damage":29,"enemies":"Centurion and Healer","floor":25,"turns":5},{"damage":26,"enemies":"Shelled Parasite and Fungi","floor":28,"turns":5},{"damage":100,"enemies":"Automaton","floor":33,"turns":6}],"seed_played":"-5080491527314639330","potions_obtained":[{"floor":1.0,"key":"PowerPotion"},{"floor":2.0,"key":"Strength Potion"},{"floor":7.0,"key":"ColorlessPotion"},{"floor":24,"key":"BloodPotion"},{"floor":25,"key":"BloodPotion"}],"is_trial":false,"path_per_floor":["M","M","T","$","?","R","E","R","T","?","E","R","?","$","R","B",null,"M","$","?","M","?","E","M","M","T","R","M","?","?","$","R","B"],"character_chosen":"IRONCLAD","items_purchased":["Swift Strike","Master of Strategy","CultistPotion","Bludgeon","Pummel","Immolate","PowerPotion","Regal Pillow"],"campfire_rested":4,"item_purchase_floors":[4,14,14,14,19,31,31,31],"current_hp_per_floor":[72,78,78,93,93,93,74,74,74,72,47,75,56,71,96,46,84,89,96,80,77,77,21,23,33,33,61,47,47,47,62,96,0,0],"gold":31,"neow_bonus":"TWENTY_PERCENT_HP_BONUS","is_daily":false,"chose_seed":false,"campfire_upgraded":2,"win_rate":0.0,"timestamp":1610732329,"path_taken":["M","M","?","$","?","R","E","R","T","?","E","R","?","?","R","BOSS","M","?","?","M","?","E","M","M","T","R","M","?","?","$","R","BOSS"],"items_purchased_type":["Card","Card","Potion","Card","Card","Card","Potion","Relic"],"build_version":"2020-12-22","purchased_purges":0,"victory":false,"max_hp_per_floor":[96,96,96,96,96,96,96,96,96,96,96,96,96,96,96,96,96,96,96,96,96,96,96,96,96,96,96,96,96,96,96,96,96,96],"relic_stats":{"Regal Pillow":6,"counters":[13,65],"Self Forming Clay":[174],"Blue Candle":[7],"MealTicket":52,"Turnip":[7],"Orichalcum":[66],"Smiling Mask":0,"obtain_stats":[{"Regal Pillow":31,"Self Forming Clay":7,"Blue Candle":17,"Enchiridion":20,"Omamori":23,"Orichalcum":9,"Odd Mushroom":10,"Smiling Mask":11,"Burning Blood":0,"Old Coin":26,"Calling Bell":17,"MealTicket":3,"Turnip":17,"Red Skull":17},{"Regal Pillow":12,"Self Forming Clay":3,"Blue Candle":6,"Enchiridion":7,"Omamori":9,"Orichalcum":3,"Odd Mushroom":4,"Smiling Mask":5,"Burning Blood":0,"Old Coin":11,"Calling Bell":6,"MealTicket":2,"Turnip":6,"Red Skull":6},{"Regal Pillow":59,"Self Forming Clay":10,"Blue Candle":30,"Enchiridion":33,"Omamori":43,"Orichalcum":10,"Odd Mushroom":14,"Smiling Mask":22,"Burning Blood":0,"Old Coin":54,"Calling Bell":30,"MealTicket":5,"Turnip":30,"Red Skull":30}],"Burning Blood":72},"card_choices":[{"not_picked":["Second Wind","Evolve"],"picked":"Rampage","floor":1.0},{"not_picked":["Dropkick","Feel No Pain"],"picked":"Infernal Blade","floor":2.0},{"not_picked":["Armaments","Hemokinesis"],"picked":"Iron Wave","floor":7.0},{"not_picked":["True Grit","Shrug It Off"],"picked":"Pommel Strike","floor":10.0},{"not_picked":["Body Slam","Havoc"],"picked":"Perfected Strike","floor":11.0},{"not_picked":["Exhume","Limit Break"],"picked":"Reaper","floor":16.0},{"not_picked":["Heavy Blade+1","Second Wind","Body Slam"],"picked":"SKIP","floor":18},{"not_picked":["Headbutt","Flex"],"picked":"Thunderclap+1","floor":21},{"not_picked":["Bloodletting","Clash+1"],"picked":"Dark Embrace","floor":23},{"not_picked":["Limit Break","Thunderclap","Clash+1"],"picked":"SKIP","floor":24},{"not_picked":["Clothesline+1","Armaments","Sword Boomerang"],"picked":"SKIP","floor":25},{"not_picked":["Dual Wield","Heavy Blade"],"picked":"Cleave+1","floor":28}],"player_experience":225441,"relics_obtained":[{"floor":3.0,"key":"MealTicket"},{"floor":7.0,"key":"Self Forming Clay"},{"floor":9.0,"key":"Orichalcum"},{"floor":10.0,"key":"Odd Mushroom"},{"floor":11.0,"key":"Smiling Mask"},{"floor":17,"key":"Red Skull"},{"floor":17,"key":"Blue Candle"},{"floor":17,"key":"Turnip"},{"floor":20,"key":"Enchiridion"},{"floor":23,"key":"Omamori"},{"floor":26,"key":"Old Coin"}],"event_choices":[{"damage_healed":0.0,"max_hp_gain":0.0,"max_hp_loss":0.0,"gold_gain":175.0,"event_name":"betterThird:BetterSerpent","player_choice":"AGREE","floor":5.0,"gold_loss":0.0,"damage_taken":53.0},{"damage_healed":0.0,"max_hp_gain":0.0,"max_hp_loss":0.0,"gold_gain":0.0,"event_name":"Mushrooms","player_choice":"Fought Mushrooms","floor":10.0,"gold_loss":0.0,"damage_taken":0.0},{"damage_healed":75.0,"max_hp_gain":0.0,"max_hp_loss":96.0,"gold_gain":0.0,"event_name":"betterThird:BetterShining","player_choice":"Upgrade","floor":13.0,"gold_loss":0.0,"damage_taken":19.0,"cards_upgraded":["Strike_R","Pommel Strike"]},{"damage_healed":0,"gold_gain":0,"player_choice":"Obtained Book","damage_taken":16,"max_hp_gain":0,"max_hp_loss":0,"event_name":"Cursed Tome","floor":20,"gold_loss":0},{"damage_healed":0,"gold_gain":0,"player_choice":"Paid Fearfully","damage_taken":0,"max_hp_gain":0,"max_hp_loss":0,"event_name":"Masked Bandits","floor":22,"gold_loss":64},{"damage_healed":0,"gold_gain":0,"cards_transformed":["Strike_R","Defend_R"],"player_choice":"Became Test Subject","damage_taken":0,"max_hp_gain":0,"max_hp_loss":0,"event_name":"Drug Dealer","floor":29,"gold_loss":0,"cards_obtained":["Combust","Uppercut"]},{"damage_healed":0,"gold_gain":0,"player_choice":"Ignored","damage_taken":0,"max_hp_gain":0,"max_hp_loss":0,"event_name":"Beggar","floor":30,"gold_loss":0}],"is_beta":false,"boss_relics":[{"not_picked":["Velvet Choker","Runic Dome"],"picked":"Calling Bell"}],"items_purged_floors":[],"is_endless":false,"potions_floor_spawned":[1,2,7,24,25],"killed_by":"Automaton","ascension_level":9}}