{"host":"vlqejv0notyktumz","time":1610741927,"event":{"mods":["AchievementEnabler","BaseMod","Colored Map","Colored Powertips","Downfall","Googly Eyes","Minty Spire (QoL Compilation)","StSLib"],"gold_per_floor":[99,99,20,20,32,32,109,129,162,180,180,180,64,64,82,185,185,110,120,5,18,3,3,3,22,22,41,54,54,54,39,49,151,201,201,201,251,266,280,280,306,306,322,353,367,34,34,34,52,52],"floor_reached":51,"language":"ENG","playtime":2621,"items_purged":["Guardian:Strike_Guardian","Guardian:Strike_Guardian"],"score":702,"play_id":"51b7598f-1e46-46c2-b37b-d7cf7bf7d399","local_time":"20210115141847","is_ascension_mode":false,"campfire_choices":[{"data":"Guardian:CurlUp","floor":1,"key":"SMITH"},{"data":"Guardian:EvasiveProtocol","floor":6,"key":"SMITH"},{"data":"Guardian:PiercingHide","floor":18,"key":"SMITH"},{"data":"Guardian:Defend_Guardian","floor":26,"key":"SMITH"},{"floor":30,"key":"REST"},{"data":"Guardian:SpikerProtocol","floor":35,"key":"SMITH"},{"data":"Guardian:TwinSlam","floor":40,"key":"SMITH"},{"data":"Guardian:WalkerClaw","floor":42,"key":"SMITH"},{"data":"Guardian:PrimingBeam","floor":47,"key":"SMITH"}],"circlet_count":0,"master_deck":["Guardian:Strike_Guardian","Guardian:Strike_Guardian","Guardian:Defend_Guardian","Guardian:Defend_Guardian+1","Guardian:Defend_Guardian","Guardian:Defend_Guardian","Guardian:CurlUp+1","Guardian:TwinSlam+1","Guardian:TimeBomb","Guardian:AncientConstruct","Guardian:EvasiveProtocol+1","Guardian:TemporalStrike","Guardian:WalkerClaw+1","Guardian:PiercingHide+1","Guardian:Recover+1","Guardian:PrimingBeam+1","Guardian:RevengeProtocol","Guardian:Recover+1","Guardian:Harden+1","Guardian:StasisField+1","Guardian:ChargeCore","Guardian:Reroute+1","Guardian:Incinerate","Guardian:BronzeOrb+1","Guardian:Emergency+1","Guardian:SpikerProtocol+1","Guardian:CrystalBeam+1","Guardian:TimeSifter+1","Guardian:PrimingBeam+1","Parasite","Guardian:SentryBeam+1","Guardian:Incinerate+1","Guardian:Gem_Red"],"relics":["Guardian:ModeShifter","downfall:HeartsMalice","Gremlin Horn","Toxic Egg 2","Guardian:PickAxe","SlaversCollar","downfall:HeartBlessingGreen","Enchiridion","Matryoshka","Tiny House","Thread and Needle","MealTicket","Happy Flower","Boot"],"acts_visited":["Exordium","TheCity","TheBeyond"],"potions_floor_usage":[9,16,44,48,49],"damage_taken":[{"damage":0,"enemies":"2 Louse","floor":2,"turns":1},{"damage":0,"enemies":"downfall:FleeingMerchant","floor":3,"turns":1},{"damage":0,"enemies":"Small Slimes","floor":4,"turns":1},{"damage":6,"enemies":"Jaw Worm","floor":5,"turns":4},{"damage":0,"enemies":"Large Slime","floor":8,"turns":6},{"damage":32,"enemies":"Gremlin Nob","floor":9,"turns":6},{"damage":0,"enemies":"2 Fungi Beasts","floor":10,"turns":4},{"damage":0,"enemies":"2 Fungi Beasts","floor":11,"turns":5},{"damage":0,"enemies":"downfall:FleeingMerchant","floor":13,"turns":4},{"damage":0,"enemies":"3 Louse","floor":15,"turns":4},{"damage":2,"enemies":"downfall:Watcher","floor":16,"turns":9},{"damage":2,"enemies":"3 Byrds","floor":19,"turns":4},{"damage":0,"enemies":"downfall:FleeingMerchant","floor":20,"turns":4},{"damage":14,"enemies":"Spheric Guardian","floor":21,"turns":5},{"damage":0,"enemies":"downfall:FleeingMerchant","floor":22,"turns":4},{"damage":21,"enemies":"Snake Plant","floor":25,"turns":5},{"damage":10,"enemies":"3 Cultists","floor":27,"turns":6},{"damage":0,"enemies":"Sentry and Sphere","floor":28,"turns":7},{"damage":8,"enemies":"downfall:FleeingMerchant","floor":31,"turns":4},{"damage":0,"enemies":"Chosen and Byrds","floor":32,"turns":8},{"damage":13,"enemies":"downfall:Defect","floor":33,"turns":8},{"damage":0,"enemies":"Mind Bloom Boss Battle","floor":37,"turns":6},{"damage":0,"enemies":"Orb Walker","floor":38,"turns":4},{"damage":11,"enemies":"3 Darklings","floor":39,"turns":6},{"damage":15,"enemies":"Writhing Mass","floor":43,"turns":6},{"damage":5,"enemies":"Giant Head","floor":44,"turns":8},{"damage":0,"enemies":"Sphere and 2 Shapes","floor":45,"turns":7},{"damage":0,"enemies":"Spire Growth","floor":48,"turns":2},{"damage":17,"enemies":"Transient","floor":49,"turns":5},{"damage":32,"enemies":"downfall:Silent","floor":50,"turns":11}],"seed_played":"723696064997297939","potions_obtained":[{"floor":5,"key":"EssenceOfSteel"},{"floor":10,"key":"Swift Potion"},{"floor":15,"key":"EssenceOfSteel"},{"floor":16,"key":"sneckomod:MuddlingPotion"},{"floor":25,"key":"FearPotion"},{"floor":37,"key":"FearPotion"},{"floor":38,"key":"Fire Potion"},{"floor":45,"key":"SmokeBomb"}],"is_trial":false,"path_per_floor":["R","M","$","M","M","R","T","M","E","M","?","?","$","?","M","B",null,"R","M","$","M","$","?","T","M","R","M","M","?","R","$","M","B",null,"R","?","?","M","M","R","T","R","M","E","M","?","R","M","M","B",null],"character_chosen":"GUARDIAN","items_purchased":["Guardian:EvasiveProtocol","Guardian:Recover+1"],"campfire_rested":1,"item_purchase_floors":[3,13],"current_hp_per_floor":[80,80,80,80,74,74,74,74,42,42,18,44,44,44,44,42,80,80,78,78,64,64,48,48,27,27,17,17,43,67,59,59,46,85,85,85,85,85,74,74,74,74,59,54,54,96,96,96,79,47],"gold":52,"neow_bonus":"THREE_ENEMY_KILL","is_daily":false,"chose_seed":false,"campfire_upgraded":8,"win_rate":0.0,"timestamp":1610741927,"path_taken":["R","M","$","M","M","R","T","M","E","M","?","?","$","?","M","BOSS","R","M","$","M","$","?","T","M","R","M","M","?","R","$","M","BOSS","R","?","?","M","M","R","T","R","M","E","M","?","R","M","M","BOSS"],"items_purchased_type":["Card","Card"],"build_version":"2020-12-22","purchased_purges":2,"victory":true,"max_hp_per_floor":[80,80,80,80,80,80,80,80,80,80,80,80,80,80,80,80,80,80,80,80,80,80,80,80,80,80,80,80,80,80,80,80,80,85,85,85,85,85,85,85,85,85,85,85,85,96,96,96,96,96],"card_choices":[{"not_picked":["Guardian:BronzeOrb","Guardian:ShieldCharger"],"picked":"Guardian:TimeBomb","floor":2},{"not_picked":["Guardian:ArmoredProtocol","Guardian:Reroute"],"picked":"Guardian:AncientConstruct","floor":3},{"not_picked":["Guardian:Gem_Lightblue","Guardian:Suspension"],"picked":"Guardian:TemporalStrike","floor":4},{"not_picked":["Guardian:BronzeOrb","Guardian:ShieldCharger"],"picked":"Guardian:WalkerClaw","floor":5},{"not_picked":["Guardian:StasisStrike","Guardian:RollAttack"],"picked":"Guardian:PiercingHide","floor":8},{"not_picked":["Guardian:Clone+1","Guardian:AncientConstruct"],"picked":"Guardian:Recover+1","floor":9},{"not_picked":["Guardian:VentSteam+1","Guardian:Gem_Red"],"picked":"Guardian:PrimingBeam","floor":10},{"not_picked":["Guardian:PiercingHide+1","Guardian:VentSteam+1"],"picked":"Guardian:RevengeProtocol","floor":13},{"not_picked":["Guardian:PiercingHide+1","Guardian:Recover+1"],"picked":"Guardian:Harden+1","floor":15},{"not_picked":["Guardian:HyperBeam_Guardian","Guardian:SphericShield+1"],"picked":"Guardian:StasisField+1","floor":16},{"not_picked":["Guardian:ShieldCharger+1","Guardian:RollAttack"],"picked":"Guardian:ChargeCore","floor":19},{"not_picked":["Guardian:Harden+1","Guardian:Gem_Red"],"picked":"Guardian:Reroute+1","floor":20},{"not_picked":["Guardian:Recover+1","Guardian:ShieldCharger+1"],"picked":"Guardian:Incinerate","floor":21},{"not_picked":["Guardian:Preprogram+1","Guardian:PrimingBeam"],"picked":"Guardian:Gem_Synthetic","floor":22},{"not_picked":["Guardian:Reroute+1","Guardian:RefractedBeam"],"picked":"Guardian:BronzeOrb+1","floor":25},{"not_picked":["Guardian:BronzeArmor+1","Guardian:Incinerate","Guardian:ShieldCharger+1"],"picked":"SKIP","floor":27},{"not_picked":["Guardian:DonusPower+1","Guardian:Gem_Blue"],"picked":"Guardian:Emergency+1","floor":28},{"not_picked":["Guardian:WalkerClaw","Guardian:VentSteam+1"],"picked":"Guardian:SpikerProtocol","floor":31},{"not_picked":["Guardian:ShieldCharger+1","Guardian:FloatingOrbs+1"],"picked":"Guardian:CrystalBeam+1","floor":32},{"not_picked":["Guardian:AncientConstruct","Guardian:HyperBeam_Guardian"],"picked":"Guardian:TimeSifter","floor":33},{"not_picked":["Guardian:ShieldCharger+1","Guardian:TemporalStrike"],"picked":"Guardian:PrimingBeam+1","floor":34},{"not_picked":["Guardian:PrismaticBarrier+1","Guardian:PrismaticBeam"],"picked":"Guardian:Gem_White","floor":38},{"not_picked":["Guardian:PrimingBeam","Guardian:Harden+1","Guardian:WalkerClaw+1"],"picked":"SKIP","floor":39},{"not_picked":["Guardian:ChargeCore","Guardian:CrystalBeam+1"],"picked":"Guardian:SentryBeam+1","floor":43},{"not_picked":["Guardian:TemporalShield+1","Guardian:PiercingHide+1","Guardian:PrismaticBarrier+1"],"picked":"SKIP","floor":44},{"not_picked":["Guardian:TemporalShield+1","Guardian:RefractedBeam+1"],"picked":"Guardian:Incinerate+1","floor":45},{"not_picked":["Guardian:RollAttack","Guardian:SpikerProtocol+1"],"picked":"Guardian:Gem_Red","floor":49}],"player_experience":347000,"relics_obtained":[{"floor":7,"key":"Gremlin Horn"},{"floor":9,"key":"Toxic Egg 2"},{"floor":23,"key":"Enchiridion"},{"floor":24,"key":"Matryoshka"},{"floor":37,"key":"Thread and Needle"},{"floor":41,"key":"MealTicket"},{"floor":41,"key":"Happy Flower"},{"floor":44,"key":"Boot"}],"event_choices":[{"damage_healed":26,"gold_gain":0,"player_choice":"Banana","damage_taken":0,"max_hp_gain":0,"max_hp_loss":0,"event_name":"Big Fish","floor":12,"gold_loss":0},{"damage_healed":26,"gold_gain":0,"player_choice":"Heal","damage_taken":0,"max_hp_gain":0,"max_hp_loss":0,"event_name":"The Library","floor":29,"gold_loss":0}],"is_beta":false,"boss_relics":[{"not_picked":["Snecko Eye","SacredBark"],"picked":"SlaversCollar"},{"not_picked":["Astrolabe","Coffee Dripper"],"picked":"Tiny House"}],"items_purged_floors":[13,20],"is_endless":false,"potions_floor_spawned":[5,10,11,15,16,25,27,32,37,38,39,45],"ascension_level":0}}