{"host":"ecaj4hn004xnnrw9","time":1610712950,"event":{"mods":["AchievementEnabler","BaseMod","Better Third Choice","Hermit","Hubris","Infinite Spire","Jorbs\u0027s Wanderer Trilogy","Minty Spire (QoL Compilation)","Quick Restart","Shop Mod","StSLib","The Construct","The Jungle","The Runesmith"],"gold_per_floor":[115,5,18,31,31,66,66,87,112,129,164,164,182,182,182,182,182],"floor_reached":16,"language":"ENG","playtime":252,"items_purged":["Strike_P"],"score":107,"play_id":"0eb6cb5f-7d7f-4ab0-a1a6-bb94835e7c3d","local_time":"20210115121550","is_ascension_mode":true,"campfire_choices":[{"data":"Vault","floor":7,"key":"SMITH"},{"floor":12,"key":"REST"},{"floor":15,"key":"REST"}],"circlet_count":0,"master_deck":["Strike_P","Strike_P","Defend_P","Defend_P","Defend_P","Defend_P","Eruption","Vigilance","BowlingBash","Wallop","Consecrate","Wish","Vault+1","Scrawl","JustLucky","FlurryOfBlows"],"relics":["Philosopher\u0027s Stone","Ancient Tea Set","Odd Mushroom","Strawberry"],"acts_visited":["Exordium"],"potions_floor_usage":[6],"damage_taken":[{"damage":0,"enemies":"Cultist","floor":1,"turns":2},{"damage":0,"enemies":"Small Slimes","floor":3,"turns":2},{"damage":0,"enemies":"Jaw Worm","floor":4,"turns":3},{"damage":14,"enemies":"Gremlin Nob","floor":6,"turns":3},{"damage":0,"enemies":"The Mushroom Lair","floor":8,"turns":3},{"damage":0,"enemies":"2 Fungi Beasts","floor":10,"turns":2},{"damage":30,"enemies":"Blue Slaver","floor":11,"turns":3},{"damage":0,"enemies":"Exordium Wildlife","floor":13,"turns":3},{"damage":0,"enemies":"Hexaghost","floor":16,"turns":1}],"seed_played":"-5273397084175245169","potions_obtained":[{"floor":3,"key":"Strength Potion"},{"floor":8,"key":"DuplicationPotion"},{"floor":11,"key":"Weak Potion"}],"is_trial":false,"path_per_floor":["M","$","M","M","?","E","R","?","T","M","M","R","M","?","R","B"],"character_chosen":"WATCHER","items_purchased":["Wallop"],"campfire_rested":2,"item_purchase_floors":[2],"current_hp_per_floor":[72,72,72,72,65,51,51,51,58,58,28,51,51,51,74,74,74],"gold":182,"neow_bonus":"BOSS_RELIC","is_daily":false,"chose_seed":false,"campfire_upgraded":1,"win_rate":0.0,"timestamp":1610712950,"path_taken":["M","$","?","M","?","E","R","?","T","M","M","R","M","?","R","BOSS"],"items_purchased_type":["Card"],"build_version":"2020-12-22","purchased_purges":1,"victory":false,"max_hp_per_floor":[72,72,72,72,72,72,72,72,79,79,79,79,79,79,79,79,79],"card_choices":[{"not_picked":["CutThroughFate","JustLucky"],"picked":"BowlingBash","floor":1},{"not_picked":["FlyingSleeves","CarveReality"],"picked":"Consecrate","floor":3},{"not_picked":["Protect","Nirvana"],"picked":"Wish","floor":4},{"not_picked":["JustLucky","FlurryOfBlows"],"picked":"Vault","floor":6},{"not_picked":["JustLucky","SashWhip"],"picked":"Scrawl","floor":8},{"not_picked":["Halt","FlyingSleeves"],"picked":"JustLucky","floor":10},{"not_picked":["Meditate","Protect"],"picked":"FlurryOfBlows","floor":11},{"not_picked":["Perseverance","WaveOfTheHand","SashWhip"],"picked":"SKIP","floor":13}],"player_experience":348968,"relics_obtained":[{"floor":6,"key":"Ancient Tea Set"},{"floor":8,"key":"Odd Mushroom"},{"floor":9,"key":"Strawberry"}],"event_choices":[{"cards_removed":["Strike_P"],"damage_healed":0,"gold_gain":0,"player_choice":"Card Removal","damage_taken":7,"max_hp_gain":0,"max_hp_loss":0,"event_name":"Golden Wing","floor":5,"gold_loss":0},{"damage_healed":0,"gold_gain":0,"player_choice":"Fought Mushrooms","damage_taken":0,"max_hp_gain":0,"max_hp_loss":0,"event_name":"Mushrooms","floor":8,"gold_loss":0},{"damage_healed":51,"gold_gain":0,"player_choice":"Leave","damage_taken":0,"max_hp_gain":0,"max_hp_loss":79,"event_name":"betterThird:BetterShining","floor":14,"gold_loss":0}],"is_beta":false,"boss_relics":[],"items_purged_floors":[2],"is_endless":false,"potions_floor_spawned":[3,8,11],"killed_by":"Hexaghost","ascension_level":1}}