{"host":"kiauivt48syq9iz6","time":1610747587,"event":{"mods":["A Magickal Journey","BaseMod","Conspire","Downfall","Hermit","Minty Spire (QoL Compilation)","Replay The Spire","SIMod","Somnambulant","StSLib","The Animator","The Construct","The Cursed","The Disciple","The Forsaken","The Judge","The Marked","The Runesmith","The Servant 0.9.4","The Spell Scribe"],"gold_per_floor":[216,216,127,146,5,5,22,32,32,107,107,121,121,155,155,278,278,292,261,17,17,17],"floor_reached":21,"language":"ENG","playtime":794,"items_purged":[],"score":229,"play_id":"1d275d25-2bf1-4ec2-85a5-4694257c5f65","local_time":"20210115145307","is_ascension_mode":false,"campfire_choices":[{"floor":11,"key":"REST"},{"floor":15,"key":"REST"}],"circlet_count":0,"master_deck":["hermit:Strike_Hermit","hermit:Strike_Hermit","hermit:Strike_Hermit+1","hermit:Strike_Hermit","hermit:Defend_Hermit+1","hermit:Defend_Hermit","hermit:Defend_Hermit","hermit:Defend_Hermit","hermit:Snapshot","hermit:Covet","hermit:SprayPray","hermit:Ricochet+1","hermit:Quickdraw","hermit:Combo","hermit:TakeAim","hermit:Grudge+1","hermit:ItchyTrigger","hermit:TakeCover","hermit:Feint","Injury","hermit:Determination","hermit:Roughhouse","hermit:LowProfile+1","hermit:Snipe","hermit:ShadowCloak","hermit:TakeCover"],"relics":["hermit:Momento","Bottled Flame","Golden Idol","Whetstone","hermit:DentedPlate"],"acts_visited":["Exordium","TheCity"],"potions_floor_usage":[14,16,19,20],"damage_taken":[{"damage":6,"enemies":"Jaw Worm","floor":1,"turns":5},{"damage":8,"enemies":"conspire:RoseBush","floor":4,"turns":1},{"damage":0,"enemies":"2 Louse","floor":7,"turns":1},{"damage":8,"enemies":"Exordium Wildlife","floor":8,"turns":4},{"damage":2,"enemies":"3 Louse","floor":12,"turns":4},{"damage":9,"enemies":"3 Sentries","floor":14,"turns":8},{"damage":62,"enemies":"Hexaghost","floor":16,"turns":12},{"damage":17,"enemies":"Chosen","floor":18,"turns":6},{"damage":9,"enemies":"2 Thieves","floor":19,"turns":5},{"damage":26,"enemies":"3 Cultists","floor":21,"turns":4}],"seed_played":"1706792121304091135","potions_obtained":[{"floor":4,"key":"SkillPotion"},{"floor":7,"key":"Weak Potion"},{"floor":12,"key":"sneckomod:MuddlingPotion"},{"floor":19,"key":"Death Potion"}],"is_trial":false,"path_per_floor":["M","?","$","M","$","?","M","M","T","?","R","M","?","E","R","B",null,"M","M","$","M"],"character_chosen":"HERMIT","items_purchased":["hermit:Ricochet+1","hermit:Quickdraw","hermit:TakeAim","hermit:Grudge","hermit:ShadowCloak","hermit:TakeCover","Fruit Juice"],"campfire_rested":2,"item_purchase_floors":[3,3,5,5,20,20,20],"current_hp_per_floor":[69,69,69,61,61,61,61,53,53,42,64,62,62,53,75,13,45,28,19,24,0,0],"gold":17,"neow_bonus":"HUNDRED_GOLD","is_daily":false,"chose_seed":false,"campfire_upgraded":0,"win_rate":0.0,"timestamp":1610747587,"path_taken":["M","?","$","M","$","?","M","M","T","?","R","?","?","E","R","BOSS","M","M","$","M"],"items_purchased_type":["Card","Card","Card","Card","Card","Card","Potion"],"build_version":"2020-12-22","purchased_purges":0,"victory":false,"max_hp_per_floor":[75,75,75,75,75,75,75,75,75,75,75,75,75,75,75,75,107,107,107,112,112,112],"card_choices":[{"not_picked":["hermit:Dive","hermit:Ricochet"],"picked":"hermit:SprayPray","floor":1},{"not_picked":["hermit:Horror","hermit:Maintenance"],"picked":"hermit:Combo","floor":4},{"not_picked":["hermit:CursedWeapon","hermit:Midnight"],"picked":"hermit:ItchyTrigger","floor":7},{"not_picked":["hermit:HighCaliber","hermit:Glare"],"picked":"hermit:TakeCover","floor":8},{"not_picked":["hermit:Headshot","hermit:HighCaliber"],"picked":"hermit:Feint","floor":12},{"not_picked":["hermit:Coalescence","hermit:RoundhouseKick"],"picked":"hermit:Determination","floor":14},{"not_picked":["hermit:DeadOrAlive","hermit:FatalDesire"],"picked":"hermit:Roughhouse","floor":16},{"not_picked":["hermit:Feint","hermit:Quickdraw"],"picked":"hermit:LowProfile+1","floor":18},{"not_picked":["hermit:Shortfuse+1","hermit:Desperado+1"],"picked":"hermit:Snipe","floor":19}],"player_experience":154639,"relics_obtained":[{"floor":9,"key":"Bottled Flame"},{"floor":14,"key":"Whetstone"}],"event_choices":[{"damage_healed":0,"gold_gain":0,"player_choice":"Disagree","damage_taken":0,"max_hp_gain":0,"max_hp_loss":0,"event_name":"conspire:LoneGhost","floor":6,"gold_loss":0},{"damage_healed":0,"gold_gain":75,"player_choice":"Gather Gold","damage_taken":11,"max_hp_gain":0,"max_hp_loss":0,"event_name":"World of Goop","floor":10,"gold_loss":0},{"damage_healed":0,"gold_gain":0,"player_choice":"Take Wound","damage_taken":0,"relics_obtained":["Golden Idol"],"max_hp_gain":0,"max_hp_loss":0,"event_name":"Golden Idol","floor":13,"gold_loss":0,"cards_obtained":["Injury"]}],"is_beta":false,"boss_relics":[{"not_picked":["Replay:Drink Me","ChewingGum"],"picked":"hermit:DentedPlate"}],"items_purged_floors":[],"is_endless":false,"potions_floor_spawned":[4,7,12,19],"killed_by":"3 Cultists","ascension_level":0}}