{"host":"344lv32hnei0mdhu","time":1610705762,"event":{"mods":["Act Like it!","BaseMod","Better Match","Better Sensory Stone","Better Skull","Better Third Choice","Better Vampires","Colored Powertips","Highlight Path","Minty Spire (QoL Compilation)","Quick Restart","Random Character Button","Rare Cards Sparkle","StSLib"],"gold_per_floor":[116,116,133,25,25,52,52,79,79,90,90,119,8,18,18,121,121,133,143,143,155,84,117,117,149,149,181,181,196,196,208,208,208,208],"floor_reached":33,"language":"ENG","playtime":1302,"items_purged":[],"score":522,"play_id":"629908eb-1aa3-4f08-b604-55d7157d07c1","local_time":"20210115041602","is_ascension_mode":true,"campfire_choices":[{"data":"Flame Barrier","floor":7,"key":"SMITH"},{"floor":11,"key":"REST"},{"floor":15,"key":"REST"},{"floor":24,"key":"REST"},{"floor":28,"key":"REST"},{"floor":30,"key":"REST"},{"floor":32,"key":"REST"}],"circlet_count":0,"master_deck":["AscendersBane","Strike_R","Strike_R","Strike_R","Strike_R","Defend_R","Defend_R+1","Defend_R","Defend_R","Bash","Disarm+1","Thunderclap","Flame Barrier+1","Fire Breathing","Wild Strike","Fire Breathing","Reckless Charge","Shrug It Off","Whirlwind","Wild Strike+1","Inflame","Limit Break","Shame","Shrug It Off+1","Rage+1","Spot Weakness+1"],"relics":["Burning Blood","NeowsBlessing","Singing Bowl","War Paint","PreservedInsect","Cursed Key","Bottled Flame","Girya","Toxic Egg 2","Lantern"],"acts_visited":["Exordium","TheCity"],"potions_floor_usage":[8,16,23,27],"damage_taken":[{"damage":0,"enemies":"Small Slimes","floor":1,"turns":1},{"damage":0,"enemies":"2 Louse","floor":3,"turns":1},{"damage":0,"enemies":"3 Sentries","floor":6,"turns":2},{"damage":31,"enemies":"Gremlin Nob","floor":8,"turns":6},{"damage":12,"enemies":"Cultist","floor":10,"turns":8},{"damage":24,"enemies":"3 Sentries","floor":12,"turns":5},{"damage":13,"enemies":"Blue Slaver","floor":14,"turns":4},{"damage":27,"enemies":"Hexaghost","floor":16,"turns":13},{"damage":5,"enemies":"3 Byrds","floor":18,"turns":5},{"damage":16,"enemies":"Shell Parasite","floor":19,"turns":5},{"damage":33,"enemies":"Sentry and Sphere","floor":21,"turns":6},{"damage":33,"enemies":"Slavers","floor":23,"turns":4},{"damage":43,"enemies":"Book of Stabbing","floor":25,"turns":4},{"damage":6,"enemies":"Slavers","floor":27,"turns":3},{"damage":24,"enemies":"Snake Plant","floor":29,"turns":4},{"damage":42,"enemies":"Shelled Parasite and Fungi","floor":31,"turns":6},{"damage":85,"enemies":"Automaton","floor":33,"turns":6}],"seed_played":"-8495187313757871619","potions_obtained":[{"floor":1,"key":"SkillPotion"},{"floor":3,"key":"ElixirPotion"},{"floor":12,"key":"GamblersBrew"},{"floor":14,"key":"ElixirPotion"},{"floor":21,"key":"Block Potion"},{"floor":25,"key":"DistilledChaos"}],"is_trial":false,"path_per_floor":["M","?","M","$","?","E","R","E","T","M","R","E","$","M","R","B",null,"M","M","?","M","$","E","R","E","T","E","R","M","R","M","R","B"],"character_chosen":"IRONCLAD","items_purchased":["Flame Barrier","Fire Breathing","Fire Breathing","Reckless Charge","Inflame"],"campfire_rested":6,"item_purchase_floors":[4,4,13,13,22],"current_hp_per_floor":[78,78,80,80,80,82,82,59,59,55,80,62,62,55,80,61,81,82,72,72,47,47,20,47,12,12,12,39,21,48,12,39,0,0],"gold":208,"neow_bonus":"THREE_ENEMY_KILL","is_daily":false,"chose_seed":false,"campfire_upgraded":1,"win_rate":0.0,"timestamp":1610705762,"path_taken":["M","?","M","$","?","E","R","E","T","?","R","E","$","M","R","BOSS","M","M","?","M","$","E","R","E","T","E","R","M","R","M","R","BOSS"],"items_purchased_type":["Card","Card","Card","Card","Card"],"build_version":"2020-12-22","purchased_purges":0,"victory":false,"max_hp_per_floor":[80,80,80,80,80,82,82,84,84,86,86,86,86,86,86,88,88,88,88,88,90,90,90,90,92,92,92,92,92,92,92,92,92,92],"card_choices":[{"not_picked":["Sever Soul","True Grit"],"picked":"Disarm","floor":1},{"not_picked":["Iron Wave","Havoc"],"picked":"Thunderclap","floor":3},{"not_picked":["Body Slam","Cleave","Fiend Fire"],"picked":"Singing Bowl","floor":6},{"not_picked":["Armaments","Clash","Iron Wave"],"picked":"Singing Bowl","floor":8},{"not_picked":["Iron Wave","Body Slam","Armaments"],"picked":"Singing Bowl","floor":10},{"not_picked":["Clothesline","Clash"],"picked":"Wild Strike","floor":12},{"not_picked":["Limit Break","Headbutt"],"picked":"Shrug It Off","floor":14},{"not_picked":["Corruption","Juggernaut","Offering"],"picked":"Singing Bowl","floor":16},{"not_picked":["Pummel","Body Slam"],"picked":"Whirlwind","floor":18},{"not_picked":["Flex","Warcry"],"picked":"Wild Strike+1","floor":19},{"not_picked":["Clash","Rampage+1","Infernal Blade"],"picked":"Singing Bowl","floor":21},{"not_picked":["Bloodletting","Cleave+1"],"picked":"Limit Break","floor":23},{"not_picked":["Pummel","Blood for Blood","Thunderclap"],"picked":"Singing Bowl","floor":25},{"not_picked":["Pummel","Battle Trance+1"],"picked":"Shrug It Off+1","floor":27},{"not_picked":["Seeing Red+1","Warcry+1"],"picked":"Rage+1","floor":29},{"not_picked":["Uppercut","Fire Breathing+1"],"picked":"Spot Weakness+1","floor":31}],"player_experience":336339,"relics_obtained":[{"floor":6,"key":"Singing Bowl"},{"floor":8,"key":"War Paint"},{"floor":12,"key":"PreservedInsect"},{"floor":23,"key":"Bottled Flame"},{"floor":25,"key":"Girya"},{"floor":26,"key":"Toxic Egg 2"},{"floor":27,"key":"Lantern"}],"event_choices":[{"damage_healed":78,"gold_gain":0,"player_choice":"Leave","damage_taken":0,"max_hp_gain":0,"max_hp_loss":80,"event_name":"betterThird:BetterShining","floor":2,"gold_loss":0},{"cards_removed":["Strike_R"],"damage_healed":0,"gold_gain":0,"player_choice":"Purged","damage_taken":0,"max_hp_gain":0,"max_hp_loss":0,"event_name":"Purifier","floor":5,"gold_loss":0},{"damage_healed":0,"gold_gain":0,"player_choice":"Ignored","damage_taken":0,"max_hp_gain":0,"max_hp_loss":0,"event_name":"N\u0027loth","floor":20,"gold_loss":0}],"is_beta":false,"boss_relics":[{"not_picked":["Empty Cage","Fusion Hammer"],"picked":"Cursed Key"}],"items_purged_floors":[],"is_endless":false,"potions_floor_spawned":[1,3,12,14,21,25],"killed_by":"Automaton","ascension_level":10}}