{"host":"b995t17pt6d05w8c","time":1610736365,"event":{"mods":["AchievementEnabler","BaseMod","Colored Map","DeckTracker","Keyboard Shortcuts","Minty Spire (QoL Compilation)","Permanent Neow","SuperFastMode"],"gold_per_floor":[109,109,109,122,142,142,174,191,215,215,140,155,155,69,69,143,143,157,157,172,11,27,27,27,50,130,142,161,173,192,204,204,277,277,287,91,102,102,113,141,141,141,165,179,54,84,102,102,102,102],"floor_reached":51,"language":"KOR","playtime":2046,"items_purged":["Strike_R","Defend_R","Defend_R"],"score":1496,"play_id":"70403c58-49b3-4451-b0bc-4e8d0f0c74fc","local_time":"20210116034605","is_ascension_mode":true,"campfire_choices":[{"data":"Armaments","floor":6.0,"key":"SMITH"},{"floor":10.0,"key":"REST"},{"data":"Bash","floor":13.0,"key":"SMITH"},{"data":"Evolve","floor":15.0,"key":"SMITH"},{"floor":23.0,"key":"REST"},{"floor":32.0,"key":"REST"},{"floor":41.0,"key":"REST"},{"data":"Offering","floor":49,"key":"SMITH"}],"circlet_count":0,"master_deck":["AscendersBane","Defend_R+1","Bash+1","Battle Trance+1","Dropkick","Armaments+1","Seeing Red","Dual Wield","Warcry","Rage","Burning Pact+1","Shrug It Off","Offering+1","Flash of Steel+1","Flash of Steel+1","True Grit+1"],"relics":["Burning Blood","Art of War","Omamori","Sozu","WarpedTongs","TheAbacus","Red Skull","Molten Egg 2","Empty Cage","Lantern","Toy Ornithopter","StoneCalendar"],"acts_visited":["Exordium","TheCity","TheBeyond"],"potions_floor_usage":[50],"damage_taken":[{"damage":11.0,"enemies":"Jaw Worm","floor":1.0,"turns":5.0},{"damage":1.0,"enemies":"Small Slimes","floor":4.0,"turns":4.0},{"damage":6.0,"enemies":"Cultist","floor":5.0,"turns":3.0},{"damage":57.0,"enemies":"3 Sentries","floor":7.0,"turns":14.0},{"damage":6.0,"enemies":"Looter","floor":8.0,"turns":3.0},{"damage":14.0,"enemies":"Lots of Slimes","floor":12.0,"turns":5.0},{"damage":27.0,"enemies":"Hexaghost","floor":16.0,"turns":8.0},{"damage":15.0,"enemies":"Chosen","floor":18.0,"turns":4.0},{"damage":22.0,"enemies":"Spheric Guardian","floor":20.0,"turns":9.0},{"damage":6.0,"enemies":"Chosen and Byrds","floor":22.0,"turns":5.0},{"damage":20.0,"enemies":"Snake Plant","floor":27.0,"turns":4.0},{"damage":7.0,"enemies":"Cultist and Chosen","floor":28.0,"turns":6.0},{"damage":10.0,"enemies":"Centurion and Healer","floor":29.0,"turns":4.0},{"damage":30.0,"enemies":"Sentry and Sphere","floor":30.0,"turns":12.0},{"damage":15.0,"enemies":"Shelled Parasite and Fungi","floor":31.0,"turns":4.0},{"damage":6.0,"enemies":"Champ","floor":33.0,"turns":4.0},{"damage":7.0,"enemies":"3 Darklings","floor":35.0,"turns":7.0},{"damage":16.0,"enemies":"Orb Walker","floor":37.0,"turns":4.0},{"damage":15.0,"enemies":"4 Shapes","floor":39.0,"turns":4.0},{"damage":7.0,"enemies":"Nemesis","floor":40.0,"turns":5.0},{"damage":7.0,"enemies":"Writhing Mass","floor":44.0,"turns":6.0},{"damage":6.0,"enemies":"Giant Head","floor":46.0,"turns":3.0},{"damage":6.0,"enemies":"Transient","floor":47.0,"turns":6.0},{"damage":63,"enemies":"Time Eater","floor":50,"turns":9}],"seed_played":"4750002135095863065","potions_obtained":[{"floor":5.0,"key":"ElixirPotion"},{"floor":12.0,"key":"GamblersBrew"}],"is_trial":false,"path_per_floor":["M","?","?","M","M","R","E","M","T","R","$","M","R","$","R","B",null,"M","?","M","$","M","R","?","T","T","M","M","M","M","M","R","B",null,"M","$","M","?","M","E","R","?","T","M","$","E","M","?","R","B",null],"character_chosen":"IRONCLAD","items_purchased":["Rage","TheAbacus","Flash of Steel+1"],"campfire_rested":4,"item_purchase_floors":[14,21,36],"current_hp_per_floor":[45,22,85,85,85,85,34,34,34,59,59,51,51,51,51,30,71,62,62,46,46,46,71,71,71,71,57,56,52,28,19,44,44,75,74,74,64,64,55,54,79,79,79,78,78,78,78,78,78,26],"gold":102,"neow_bonus":"TRANSFORM_TWO_CARDS","is_daily":false,"chose_seed":false,"campfire_upgraded":4,"win_rate":0.0,"timestamp":1610736365,"path_taken":["M","?","?","?","M","R","E","M","T","R","$","M","R","$","R","BOSS","M","?","?","$","M","R","?","?","T","M","M","M","?","M","R","BOSS","M","$","M","?","M","E","R","?","T","M","$","E","M","?","R","BOSS"],"items_purchased_type":["Card","Relic","Card"],"build_version":"2020-12-22","purchased_purges":3,"victory":true,"max_hp_per_floor":[75,75,85,85,85,85,85,85,85,85,85,85,85,85,85,85,85,85,85,85,85,85,85,85,85,85,85,85,85,85,85,85,85,85,85,85,85,85,85,85,85,85,85,85,85,85,85,85,85,85],"card_choices":[{"not_picked":["Headbutt","Havoc"],"picked":"Dropkick","floor":1.0},{"not_picked":["Clash","True Grit"],"picked":"Armaments","floor":4.0},{"not_picked":["Headbutt","Exhume"],"picked":"Seeing Red","floor":5.0},{"not_picked":["Seeing Red","Reaper"],"picked":"Dual Wield","floor":7.0},{"not_picked":["Headbutt","Pummel"],"picked":"Evolve","floor":8.0},{"not_picked":["Whirlwind","Pommel Strike"],"picked":"Warcry","floor":12.0},{"not_picked":["Fire Breathing","Heavy Blade","Anger"],"picked":"SKIP","floor":18.0},{"not_picked":["True Grit","Perfected Strike","Clothesline"],"picked":"SKIP","floor":20.0},{"not_picked":["Clash","Thunderclap","Fire Breathing"],"picked":"SKIP","floor":22.0},{"not_picked":["Perfected Strike+1","Seeing Red"],"picked":"Burning Pact+1","floor":27.0},{"not_picked":["Headbutt+1","Blood for Blood+1","Perfected Strike+1"],"picked":"SKIP","floor":28.0},{"not_picked":["Clash+1","Uppercut+1"],"picked":"Shrug It Off","floor":29.0},{"not_picked":["Sword Boomerang+1","Wild Strike+1","Pommel Strike+1"],"picked":"SKIP","floor":30.0},{"not_picked":["True Grit","Clothesline+1"],"picked":"Offering","floor":31.0},{"not_picked":["Flex","Sword Boomerang+1","Fire Breathing+1"],"picked":"SKIP","floor":35.0},{"not_picked":["Pommel Strike+1","Cleave+1","Ghostly Armor+1"],"picked":"SKIP","floor":37.0},{"not_picked":["Blind","Jack Of All Trades"],"picked":"Flash of Steel+1","floor":38.0},{"not_picked":["Hemokinesis+1","Headbutt+1","Sword Boomerang+1"],"picked":"SKIP","floor":39.0},{"not_picked":["Headbutt+1","Dual Wield+1"],"picked":"True Grit+1","floor":40.0},{"not_picked":["Heavy Blade+1","Cleave+1","Blood for Blood+1"],"picked":"SKIP","floor":44.0},{"not_picked":["Rupture","Warcry","Wild Strike+1"],"picked":"SKIP","floor":46.0},{"not_picked":["Headbutt+1","Brutality","Fire Breathing"],"picked":"SKIP","floor":47}],"player_experience":133387,"relics_obtained":[{"floor":7.0,"key":"Art of War"},{"floor":9.0,"key":"Omamori"},{"floor":25.0,"key":"Red Skull"},{"floor":26.0,"key":"Molten Egg 2"},{"floor":40.0,"key":"Lantern"},{"floor":43.0,"key":"Toy Ornithopter"},{"floor":46.0,"key":"StoneCalendar"}],"event_choices":[{"damage_healed":0.0,"max_hp_gain":0.0,"max_hp_loss":0.0,"gold_gain":0.0,"event_name":"Shining Light","player_choice":"Entered Light","floor":2.0,"gold_loss":0.0,"damage_taken":23.0,"cards_upgraded":["Battle Trance","Defend_R"]},{"cards_removed":["Limit Break"],"damage_healed":53.0,"max_hp_gain":10.0,"max_hp_loss":0.0,"gold_gain":0.0,"event_name":"Bonfire Elementals","player_choice":"Offered Rare","floor":3.0,"gold_loss":0.0,"damage_taken":0.0},{"damage_healed":0.0,"max_hp_gain":0.0,"max_hp_loss":0.0,"gold_gain":0.0,"event_name":"Accursed Blacksmith","player_choice":"Rummage","floor":19.0,"gold_loss":0.0,"damage_taken":0.0,"relics_obtained":["WarpedTongs"],"cards_obtained":["Pain"]},{"cards_removed":["Strike_R"],"damage_healed":0.0,"max_hp_gain":0.0,"max_hp_loss":0.0,"gold_gain":0.0,"event_name":"Back to Basics","player_choice":"Elegance","floor":24.0,"gold_loss":0.0,"damage_taken":0.0},{"damage_healed":0.0,"max_hp_gain":0.0,"max_hp_loss":0.0,"gold_gain":0.0,"event_name":"SensoryStone","player_choice":"Memory 1","floor":38.0,"gold_loss":0.0,"damage_taken":0.0},{"damage_healed":0.0,"max_hp_gain":0.0,"max_hp_loss":0.0,"gold_gain":0.0,"event_name":"Mysterious Sphere","player_choice":"Ignored","floor":42.0,"gold_loss":0.0,"damage_taken":0.0},{"cards_removed":["Evolve"],"damage_healed":0,"gold_gain":0,"player_choice":"Removed Power","damage_taken":0,"max_hp_gain":0,"max_hp_loss":0,"event_name":"Falling","floor":48,"gold_loss":0}],"is_beta":false,"boss_relics":[{"not_picked":["Velvet Choker","Black Blood"],"picked":"Sozu"},{"not_picked":["Coffee Dripper","Fusion Hammer"],"picked":"Empty Cage"}],"items_purged_floors":[11,36,45],"is_endless":false,"potions_floor_spawned":[5,12,20,28,29,31,39,40,44,46],"ascension_level":18}}