{"host":"hx5bui4di82vxq8x","time":1610712625,"event":{"mods":["Act Like it!","Arknights The Spire","BaseMod","Colored Powertips","Friendly Minions","Minty Spire (QoL Compilation)","Quick Restart","Replay The Spire","Spicy Shops","StSLib","The Alterego","The Animator"],"gold_per_floor":[110,41,41,61,26,61,61,77,100,135,147,147,147,157,157,259,259,276,376,1,17,17,17,17],"floor_reached":23,"language":"ZHS","playtime":1141,"items_purged":["ats:Dogmatic Field"],"score":224,"play_id":"02d6a893-546d-449d-9195-732535944904","local_time":"20210115201025","is_ascension_mode":false,"campfire_choices":[{"data":"ats:Emotion Absorption","floor":7,"key":"SMITH"},{"floor":13,"key":"REST"},{"data":"ats:Soul Absorption","floor":15,"key":"SMITH"}],"circlet_count":0,"master_deck":["ats:Strike C","ats:Strike G","ats:Strike S","ats:Strike V","ats:Armor Crushing Shot","ats:Defend","ats:Defend","ats:Defend","ats:Defend","ats:Emotion Absorption+1","ats:Hammer On+1","ats:Explosion Area Strengthen+1","ats:Apocalypse","ats:Flexible Camouflage","ats:Ignite","ats:Soul Absorption+1","ats:Overload","ats:Shell Defense","ats:Roar Of Ursus","ats:Automatic Cover","ats:Part Time Job","ats:Magnetic Hammer"],"relics":["ats:Sanity","NeowsBlessing","Dream Catcher","ats:Originium","Tiny Chest","Whetstone","ReplayFunnel","Ring of Searing","Black Star","ats:Snipe","Shovel"],"acts_visited":["Exordium","TheCity"],"potions_floor_usage":[21],"damage_taken":[{"damage":0,"enemies":"Cultist","floor":1,"turns":1},{"damage":0,"enemies":"2 Louse","floor":4,"turns":1},{"damage":0,"enemies":"Gremlin Nob","floor":6,"turns":1},{"damage":2,"enemies":"Small Slimes","floor":8,"turns":3},{"damage":18,"enemies":"3 Sentries","floor":10,"turns":6},{"damage":51,"enemies":"Exordium Thugs","floor":11,"turns":5},{"damage":0,"enemies":"Large Slime","floor":14,"turns":3},{"damage":21,"enemies":"Hexaghost","floor":16,"turns":9},{"damage":73,"enemies":"Chosen","floor":18,"turns":7},{"damage":19,"enemies":"3 Byrds","floor":21,"turns":6},{"damage":37,"enemies":"Replay:Snechameleon","floor":23,"turns":10}],"seed_played":"-4557607707101643649","potions_obtained":[{"floor":8,"key":"BlessingOfTheForge"},{"floor":16,"key":"BlessingOfTheForge"},{"floor":18,"key":"Regen Potion"}],"is_trial":false,"path_per_floor":["M","$","?","M","?","E","R","M","T","E","M","?","R","M","R","B",null,"M","?","$","M","T","E"],"character_chosen":"DOCTOR_CLASS","items_purchased":["ats:Explosion Area Strengthen","ats:Part Time Job","ats:Magnetic Hammer","ats:Snipe"],"campfire_rested":1,"item_purchase_floors":[2,20,20,20],"current_hp_per_floor":[72,72,54,54,72,72,72,70,70,56,16,16,37,37,37,24,72,23,23,23,26,26,3,3],"gold":17,"neow_bonus":"THREE_ENEMY_KILL","is_daily":false,"chose_seed":false,"campfire_upgraded":2,"win_rate":0.0,"timestamp":1610712625,"path_taken":["M","$","?","M","?","E","R","M","T","E","M","?","R","?","R","BOSS","M","?","$","M","?","E"],"items_purchased_type":["Card","Card","Card","Relic"],"build_version":"2020-12-22","purchased_purges":1,"victory":false,"max_hp_per_floor":[72,72,72,72,72,72,72,72,72,72,72,72,72,72,72,72,72,72,72,72,72,72,72,72],"card_choices":[{"not_picked":["ats:Revitalization","ats:Counter Healing Mode"],"picked":"ats:Hammer On","floor":1},{"not_picked":["ats:Cat Scratch","ats:Curse Doll"],"picked":"ats:Apocalypse","floor":4},{"not_picked":["ats:Encircling Forest","ats:Overload"],"picked":"ats:Dogmatic Field","floor":6},{"not_picked":["ats:Childhood Dance","ats:Powerful Strike"],"picked":"ats:Flexible Camouflage","floor":8},{"not_picked":["ats:Flexible Camouflage","ats:Rat Pack"],"picked":"ats:Ignite","floor":10},{"not_picked":["ats:Assault Order","ats:Ignite"],"picked":"ats:Soul Absorption","floor":11},{"not_picked":["ats:Consecutive Shot Auto","ats:Directed Diagnosis"],"picked":"ats:Overload","floor":13},{"not_picked":["ats:Childhood Dance","ats:Ignite"],"picked":"ats:Shell Defense","floor":14},{"not_picked":["ats:Echo Reverb","ats:Fractured Body"],"picked":"ats:Roar Of Ursus","floor":16},{"not_picked":["ats:Song Of Battle","ats:Counter Healing Mode"],"picked":"ats:Automatic Cover","floor":18},{"not_picked":["ats:Curse Doll","ats:Counter Healing Mode","ats:Encircling Forest"],"picked":"SKIP","floor":21}],"player_experience":666104,"relics_obtained":[{"floor":6,"key":"ats:Originium"},{"floor":6,"key":"Tiny Chest"},{"floor":9,"key":"Whetstone"},{"floor":10,"key":"ats:Originium"},{"floor":10,"key":"ReplayFunnel"},{"floor":12,"key":"Ring of Searing"},{"floor":22,"key":"Shovel"}],"event_choices":[{"damage_healed":0,"gold_gain":0,"player_choice":"Success","damage_taken":18,"relics_obtained":["Dream Catcher"],"max_hp_gain":0,"max_hp_loss":0,"event_name":"Scrap Ooze","floor":3,"gold_loss":0},{"damage_healed":18,"gold_gain":0,"player_choice":"Healed","damage_taken":0,"max_hp_gain":0,"max_hp_loss":0,"event_name":"The Cleric","floor":5,"gold_loss":35},{"damage_healed":0,"gold_gain":100,"player_choice":"Pray","damage_taken":0,"max_hp_gain":0,"max_hp_loss":0,"event_name":"Golden Shrine","floor":19,"gold_loss":0}],"is_beta":false,"boss_relics":[{"not_picked":["ReplayTheSpireMod:DimensionalGlitch","Pandora\u0027s Box"],"picked":"Black Star"}],"items_purged_floors":[20],"is_endless":false,"potions_floor_spawned":[8,16,18],"killed_by":"Replay:Snechameleon","ascension_level":0}}