{"host":"j7tjb4cvlhh9ur1i","time":1610729691,"event":{"mods":["BaseMod","Hermit","Marisa????????","Minty Spire (QoL Compilation)","StSLib","The Animator","The Cursed","The Dragon Tamer","The Marked","The Servant 0.9.4"],"gold_per_floor":[119,33,33,45,56,56,89,130,153,133,86,131,178,239,239,293,293],"floor_reached":16,"language":"ENG","playtime":1249,"items_purged":[],"score":154,"play_id":"9879f61f-42d0-49e4-99f4-83035d28adfb","local_time":"20210115175451","is_ascension_mode":false,"campfire_choices":[{"floor":6,"key":"RECALL"},{"floor":15,"key":"REST"}],"circlet_count":0,"master_deck":["Strike_MRS","Strike_MRS","Strike_MRS","Strike_MRS","Defend_MRS","Defend_MRS","Defend_MRS","Defend_MRS","MasterSpark","UpSweep","GrandCross","WitchOfGreed","ShootTheMoon","SuperPerseids","SprinkleStarSeal","Robbery","AsteroidBelt","UnstableBomb","Occultation","RefractionSpark","DragonMeteor"],"relics":["MiniHakkero","NeowsBlessing","Regal Pillow","Strawberry"],"acts_visited":["Exordium"],"potions_floor_usage":[12,13,14,16,16,16],"damage_taken":[{"damage":0,"enemies":"2 Louse","floor":1,"turns":1},{"damage":0,"enemies":"Cultist","floor":4,"turns":1},{"damage":0,"enemies":"Jaw Worm","floor":5,"turns":1},{"damage":17,"enemies":"Exordium Thugs","floor":7,"turns":3},{"damage":13,"enemies":"2 Fungi Beasts","floor":8,"turns":3},{"damage":8,"enemies":"Large Slime","floor":12,"turns":4},{"damage":10,"enemies":"3 Louse","floor":13,"turns":4},{"damage":22,"enemies":"Gremlin Nob","floor":14,"turns":4}],"seed_played":"2045605071311528362","potions_obtained":[{"floor":5,"key":"FearPotion"},{"floor":7,"key":"Explosive Potion"},{"floor":8,"key":"DuplicationPotion"},{"floor":10,"key":"Regen Potion"},{"floor":12,"key":"Strength Potion"},{"floor":13,"key":"DistilledChaos"},{"floor":14,"key":"BlessingOfTheForge"}],"is_trial":false,"path_per_floor":["M","$","?","M","M","R","M","M","T","?","$","M","M","E","R","B"],"character_chosen":"MARISA","items_purchased":["WitchOfGreed","ShootTheMoon","UnstableBomb"],"campfire_rested":1,"item_purchase_floors":[2,2,11],"current_hp_per_floor":[75,75,75,75,75,75,58,45,45,45,45,46,36,21,60,0,0],"gold":293,"neow_bonus":"THREE_ENEMY_KILL","is_daily":false,"chose_seed":false,"campfire_upgraded":0,"win_rate":0.0,"timestamp":1610729691,"path_taken":["M","$","?","M","?","R","M","M","T","?","?","M","M","E","R","BOSS"],"items_purchased_type":["Card","Card","Card"],"build_version":"2020-12-22","purchased_purges":0,"victory":false,"max_hp_per_floor":[75,75,75,75,75,75,75,75,75,75,75,75,75,82,82,82,82],"card_choices":[{"not_picked":["Acceleration","WitchLeyline"],"picked":"GrandCross","floor":1},{"not_picked":["PropBag","OneTimeOff"],"picked":"SuperPerseids","floor":4},{"not_picked":["SporeBomb","StarlightTyphoon"],"picked":"SprinkleStarSeal","floor":5},{"not_picked":["ShootingEcho","NonDirectionalLaser"],"picked":"Robbery","floor":7},{"not_picked":["DarkSpark","ShootTheMoon"],"picked":"AsteroidBelt","floor":8},{"not_picked":["MysteriousBeam","AsteroidBelt"],"picked":"Occultation","floor":12},{"not_picked":["UnstableBomb","WitchOfGreed"],"picked":"RefractionSpark","floor":13},{"not_picked":["DC","MysteriousBeam"],"picked":"DragonMeteor","floor":14}],"player_experience":48626,"relics_obtained":[{"floor":9,"key":"Regal Pillow"},{"floor":14,"key":"Strawberry"}],"event_choices":[{"damage_healed":0,"gold_gain":0,"player_choice":"Ignored","damage_taken":0,"max_hp_gain":0,"max_hp_loss":0,"event_name":"Purifier","floor":3,"gold_loss":0},{"damage_healed":0,"gold_gain":0,"player_choice":"Bought 1 Potion","damage_taken":0,"max_hp_gain":0,"max_hp_loss":0,"event_name":"The Woman in Blue","floor":10,"gold_loss":0}],"is_beta":false,"boss_relics":[],"items_purged_floors":[],"is_endless":false,"potions_floor_spawned":[5,8,13],"killed_by":"The Guardian","ascension_level":0}}