{"host":"utcbn1j9ebmpc40m","time":1610681614,"event":{"mods":["BaseMod","Better Altar","Better Match","GifTheSpireLib","Minty Spire (QoL Compilation)","Poor People Problems","StSLib","SuperFastMode","The IronCluck","The Servant 0.9.4"],"gold_per_floor":[18,30,48,48,48,48,63,63,63,78,107,123,140,153,153,153,153],"floor_reached":16,"language":"ENG","playtime":629,"items_purged":[],"score":170,"play_id":"3c6a948e-8914-46a4-8ae1-890bc8f40776","local_time":"20210114223334","is_ascension_mode":true,"campfire_choices":[{"data":"Body Slam","floor":6,"key":"SMITH"},{"floor":8,"key":"REST"},{"floor":15,"key":"REST"}],"circlet_count":0,"master_deck":["AscendersBane","Strike_R","Strike_R","Strike_R","Defend_R","Defend_R","Defend_R","Bash","Blood for Blood","Armaments","Flex","Body Slam+1","True Grit","Shrug It Off","Blood for Blood","Iron Wave","Spot Weakness"],"relics":["Burning Blood","MealTicket","Eternal Feather"],"acts_visited":["Exordium"],"potions_floor_usage":[7,10,11,11],"damage_taken":[{"damage":6,"enemies":"Cultist","floor":1,"turns":3},{"damage":9,"enemies":"2 Louse","floor":2,"turns":3},{"damage":7,"enemies":"Jaw Worm","floor":3,"turns":3},{"damage":21,"enemies":"Exordium Thugs","floor":7,"turns":4},{"damage":2,"enemies":"Red Slaver","floor":10,"turns":3},{"damage":16,"enemies":"3 Sentries","floor":11,"turns":9},{"damage":18,"enemies":"2 Fungi Beasts","floor":12,"turns":5},{"damage":1,"enemies":"Exordium Wildlife","floor":13,"turns":3},{"damage":17,"enemies":"Looter","floor":14,"turns":3},{"damage":80,"enemies":"Hexaghost","floor":16,"turns":9}],"seed_played":"-1206052928558583286","potions_obtained":[{"floor":1,"key":"Fire Potion"},{"floor":2,"key":"Strength Potion"},{"floor":7,"key":"SneckoOil"},{"floor":10,"key":"Dexterity Potion"},{"floor":14,"key":"Swift Potion"}],"is_trial":false,"path_per_floor":["M","M","M","$","?","R","M","R","T","M","E","M","M","M","R","B"],"character_chosen":"IRONCLAD","items_purchased":[],"campfire_rested":2,"item_purchase_floors":[],"current_hp_per_floor":[72,69,68,68,68,68,53,77,77,80,70,58,63,52,80,0,0],"gold":153,"neow_bonus":"REMOVE_TWO","is_daily":false,"chose_seed":false,"campfire_upgraded":1,"win_rate":0.0,"timestamp":1610681614,"path_taken":["M","?","M","$","?","R","M","R","T","?","E","M","M","M","R","BOSS"],"items_purchased_type":[],"build_version":"2020-12-22","purchased_purges":0,"victory":false,"max_hp_per_floor":[80,80,80,80,80,80,80,80,80,80,80,80,80,80,80,80,80],"card_choices":[{"not_picked":["Carnage","Combust"],"picked":"Blood for Blood","floor":1},{"not_picked":["Shrug It Off","Anger"],"picked":"Armaments","floor":2},{"not_picked":["Havoc","Pummel"],"picked":"Flex","floor":3},{"not_picked":["Cleave","Shockwave"],"picked":"True Grit","floor":7},{"not_picked":["Cleave","Reaper"],"picked":"Shrug It Off","floor":10},{"not_picked":["Shockwave","Uppercut"],"picked":"Blood for Blood","floor":11},{"not_picked":["Shrug It Off","Thunderclap"],"picked":"Iron Wave","floor":12},{"not_picked":["Twin Strike","Havoc"],"picked":"Spot Weakness","floor":13},{"not_picked":["Dark Embrace","Shockwave","Pommel Strike"],"picked":"SKIP","floor":14}],"player_experience":491325,"relics_obtained":[{"floor":9,"key":"MealTicket"},{"floor":11,"key":"Eternal Feather"}],"event_choices":[{"damage_healed":0,"gold_gain":0,"cards_transformed":["Strike_R"],"player_choice":"Transformed","damage_taken":0,"max_hp_gain":0,"max_hp_loss":0,"event_name":"Transmorgrifier","floor":5,"gold_loss":0,"cards_obtained":["Body Slam"]}],"is_beta":false,"boss_relics":[],"items_purged_floors":[],"is_endless":false,"potions_floor_spawned":[1,2,7,10,14],"killed_by":"Hexaghost","ascension_level":12}}