{"host":"dn6kke80v5f7isus","time":1610737215,"event":{"mods":["AchievementEnabler","Act Like it!","BaseMod","Colored Powertips","Custom Start","Defuse TimeMaze Blight","Downfall","Gremlin Skip","Highlight Path","Hubris","Infinite Spire","Minty Spire (QoL Compilation)","Rare Cards Sparkle","Replay The Spire","StSLib","The Servant 0.9.4","Uncapped"],"gold_per_floor":[199,199,349,360,375,375,427,427,437,456,1,1,13,0,11,11,11],"floor_reached":16,"language":"ENG","playtime":551,"items_purged":[],"score":117,"play_id":"18879416-c1b0-4172-b658-2e1bd15a0170","local_time":"20210115140015","is_ascension_mode":false,"campfire_choices":[{"data":"KidneyShot","floor":1.0,"key":"SMITH"},{"floor":8.0,"key":"RECALL"}],"circlet_count":0,"master_deck":["Strike_S","Strike_S","Strike_S","Strike_S","Defend_S","Defend_S","Defend_S","Defend_S","KidneyShot+1","Exchange","Slimebound:Icky","Rearm","BottledTime","BottledTime","BottledTime","Sabotage"],"relics":["Uniform","Dream Catcher","Replay:Ringing Soul","Tiny Chest","hubris:64BitClover","Juzu Bracelet","FaceOfCleric"],"acts_visited":["Exordium"],"potions_floor_usage":[14],"damage_taken":[{"damage":3.0,"enemies":"Small Slimes","floor":4.0,"turns":4.0},{"damage":3.0,"enemies":"Jaw Worm","floor":5.0,"turns":4.0},{"damage":1.0,"enemies":"Cultist","floor":9.0,"turns":4.0},{"damage":0.0,"enemies":"3 Louse","floor":10.0,"turns":6.0},{"damage":0.0,"enemies":"downfall:FleeingMerchant","floor":11.0,"turns":5.0},{"damage":23,"enemies":"Exordium Thugs","floor":13,"turns":7},{"damage":10,"enemies":"downfall:FleeingMerchant","floor":14,"turns":4},{"damage":0,"enemies":"Large Slime","floor":15,"turns":7},{"damage":35,"enemies":"downfall:Defect","floor":16,"turns":4}],"seed_played":"6405944218589257311","potions_obtained":[{"floor":9.0,"key":"Flashbang"},{"floor":10.0,"key":"Strength Potion"},{"floor":13,"key":"Strength Potion"}],"is_trial":false,"path_per_floor":["R","?","?","M","M","T","T","R","M","M","$","?","M","$","M","B"],"character_chosen":"THE_SERVANT","items_purchased":["hubris:64BitClover","Juzu Bracelet"],"campfire_rested":0,"item_purchase_floors":[11,11],"current_hp_per_floor":[65,65,65,62,59,59,59,59,61,61,64,64,45,39,40,5,5],"gold":11,"neow_bonus":"HUNDRED_GOLD","is_daily":false,"chose_seed":false,"campfire_upgraded":1,"win_rate":0.0,"timestamp":1610737215,"path_taken":["R","?","?","M","M","?","T","R","?","M","$","?","M","?","M","BOSS"],"items_purchased_type":["Relic","Relic"],"build_version":"2020-12-22","purchased_purges":0,"victory":false,"max_hp_per_floor":[65,65,65,65,65,65,65,65,68,68,71,71,75,79,80,80,80],"card_choices":[{"not_picked":["StarChef","Revamp"],"picked":"Rearm","floor":4.0},{"not_picked":["Spin","Unruled","Desolation"],"picked":"SKIP","floor":5.0},{"not_picked":["Starlight","Potential"],"picked":"BottledTime","floor":9.0},{"not_picked":["Potential","Rearm","DoubleEdge"],"picked":"SKIP","floor":10.0},{"not_picked":["Replace","InstantArmor"],"picked":"BottledTime","floor":11.0},{"not_picked":["GearUp","Rearm"],"picked":"BottledTime","floor":13},{"not_picked":["ReturningBlade","Rearm"],"picked":"Sabotage","floor":14},{"not_picked":["Replace","Snipe","Read"],"picked":"SKIP","floor":15}],"player_experience":429995,"relics_obtained":[{"floor":2.0,"key":"Dream Catcher"},{"floor":6.0,"key":"Replay:Ringing Soul"},{"floor":7.0,"key":"Tiny Chest"}],"event_choices":[{"damage_healed":0,"gold_gain":0,"player_choice":"Trade","damage_taken":0,"relics_obtained":["FaceOfCleric"],"max_hp_gain":0,"max_hp_loss":0,"event_name":"FaceTrader","floor":12,"gold_loss":0}],"is_beta":false,"boss_relics":[],"items_purged_floors":[],"is_endless":false,"potions_floor_spawned":[9,10,13],"killed_by":"downfall:Defect","ascension_level":0}}