{"host":"j1eo1fqrqta44853","time":1610676943,"event":{"mods":["Act Like it!","Bartender","BaseMod","CatGirl Mod","Custom Start","Downfall","Elementarium","Gensokyo","GungeonMod","HololiveMod","Hubris","Infinite Spire","KinomotoSakuraMod(????)","Koishi","Lobotomy","LobotomyExtend","Marisa????????","Minty Spire (QoL Compilation)","Pale of the Ancients","Rare Cards Sparkle","Reimu??????","Replay The Spire","SIMod","Shedinja","StSLib","The Alterego","The Jungle","The Marked","The Mystic","The Runesmith","The Senshi","The Vixen","TheBandit","Waifu the Spire","WarShipGirlsR/????R mod","Yakumo Yukari mod"],"gold_per_floor":[110,110,120,140,140,170,170,170,194,71,81,113,140,159,159,262,262,175,194,72,83,83,101,101,101,101,101,101,101,120,134,134,134,134,234,234,244,244,244,256,267,267,125,125,125,125,140,155,155,186,186,186,200,216,229,104,104,115,115,115,115,115],"floor_reached":63,"language":"ENG","playtime":11615,"items_purged":["alterego_mod:Impale","Replay:UnknownCurse","alterego_mod:BigMeatyClaws"],"score":1535,"play_id":"387f4705-97e6-4113-bbfd-17ed906c71a3","local_time":"20210114201543","is_ascension_mode":false,"campfire_choices":[{"data":"alterego_mod:Nekomimi","floor":8.0,"key":"SMITH"},{"floor":15.0,"key":"RECALL"},{"floor":24.0,"key":"REST"},{"data":"alterego_mod:Punishment","floor":27.0,"key":"SMITH"},{"data":"alterego_mod:Punishment","floor":29.0,"key":"SMITH"},{"data":"infinitespire:Collect","floor":32.0,"key":"SMITH"},{"data":"alterego_mod:IndependentAction","floor":34.0,"key":"SMITH"},{"data":"alterego_mod:SideboobHour","floor":42.0,"key":"SMITH"},{"data":"alterego_mod:Cushion","floor":46.0,"key":"SMITH"},{"data":"alterego_mod:BrynhildrsRune","floor":49.0,"key":"SMITH"},{"data":"alterego_mod:Rip","floor":57.0,"key":"SMITH"},{"data":"alterego_mod:Rip","floor":59,"key":"SMITH"}],"circlet_count":0,"master_deck":["alterego_mod:Strike","alterego_mod:Strike","alterego_mod:Strike","alterego_mod:Strike","alterego_mod:Defend","alterego_mod:Defend","alterego_mod:Defend","alterego_mod:Defend","alterego_mod:BrynhildrsRune+1","alterego_mod:Rip+1","alterego_mod:GoddessCore","infinitespire:Collect+1","alterego_mod:Nekomimi+1","alterego_mod:Bounce","alterego_mod:Cushion+1","alterego_mod:BiFurious","alterego_mod:Maid","alterego_mod:TrickOrTreatment+1","alterego_mod:Punishment+1","alterego_mod:IndependentAction+1","alterego_mod:Punishment+1","alterego_mod:Undulate","alterego_mod:Jiggle+1","alterego_mod:Schoolgirl+1","alterego_mod:SideboobHour+1","alterego_mod:Jiggle+1","alterego_mod:Pet+1","alterego_mod:Nekomimi+1","alterego_mod:Rip+1"],"relics":["alterego_mod:MasochisticConstitution","Turnip","Mango","Centennial Puzzle","Vajra","infinitespire:CheckeredPen","Replay:Ancient Bell","Bronze Scales","Matryoshka","hubris:64BitClover","Cleaning_Rag","theSenshi:SuperSailorFukuRelic","Elementarium:ElementariumTrophy","Lizard Tail","DemoMod:RiddleOfLead","Gensokyo:EmptyGrave","TentaclePot:ReiMu","infinitespire:EmpoweringShard","hubris:ToyBattleship","Happy Flower","paleoftheancients:Timepiece","paleoftheancients:KeyRelic","Ice Cream","Gremlin Horn","paleoftheancients:SoulOfTheShapes","Hololive_LightStick","DemoMod:GlassGuonStoneRelic","paleoftheancients:BlurryLens","ReplayTheSpireMod:Ninjato"],"acts_visited":["Gensokyo:Gensokyo","Elementarium:Elementarium","Gensokyo:Gensokyoest","paleoftheancients:PaleOfTheAncients"],"potions_floor_usage":[58,62,62],"damage_taken":[{"damage":2.0,"enemies":"Gensokyo:Gryphon","floor":1.0,"turns":8.0},{"damage":5.0,"enemies":"Gensokyo:3_Fairies","floor":3.0,"turns":6.0},{"damage":0.0,"enemies":"Gensokyo:2_Kodama","floor":4.0,"turns":4.0},{"damage":8.0,"enemies":"Gensokyo:Cirno","floor":6.0,"turns":14.0},{"damage":13.0,"enemies":"Gensokyo:5_Fairies","floor":11.0,"turns":8.0},{"damage":9.0,"enemies":"Gensokyo:Mamizou","floor":12.0,"turns":9.0},{"damage":11.0,"enemies":"Gensokyo:Aya","floor":13.0,"turns":7.0},{"damage":8.0,"enemies":"Gensokyo:3_Kodama","floor":14.0,"turns":5.0},{"damage":7.0,"enemies":"Gensokyo:Kokoro","floor":16.0,"turns":11.0},{"damage":12.0,"enemies":"Elementarium:VoidCorruption","floor":18.0,"turns":6.0},{"damage":9.0,"enemies":"Elementarium:2_ELEMENTALS","floor":19.0,"turns":5.0},{"damage":38.0,"enemies":"Elementarium:Hydrostalker","floor":21.0,"turns":5.0},{"damage":35.0,"enemies":"Elementarium:CYCLONE_AND_LIVING_STORMCLOUD","floor":23.0,"turns":6.0},{"damage":0.0,"enemies":"Elementarium:RubyGolem","floor":30.0,"turns":5.0},{"damage":0.0,"enemies":"Elementarium:3_ELEMENTALS","floor":31.0,"turns":6.0},{"damage":0.0,"enemies":"Elementarium:PHOENIXES","floor":35.0,"turns":8.0},{"damage":38.0,"enemies":"Gensokyo:3_Boulders","floor":37.0,"turns":5.0},{"damage":0.0,"enemies":"Gensokyo:3_Bats","floor":40.0,"turns":4.0},{"damage":12.0,"enemies":"Gensokyo:Rafflesia","floor":41.0,"turns":9.0},{"damage":0.0,"enemies":"Gensokyo:SeedOfUnknown","floor":47.0,"turns":4.0},{"damage":0.0,"enemies":"Gensokyo:Sharpion","floor":48.0,"turns":3.0},{"damage":0.0,"enemies":"Gensokyo:Marisa","floor":50.0,"turns":4.0},{"damage":11.0,"enemies":"Gensokyo:Yuyuko","floor":52.0,"turns":8.0},{"damage":16.0,"enemies":"Gensokyo:Yuyuko","floor":53.0,"turns":5.0},{"damage":67.0,"enemies":"Gensokyo:Yuyuko","floor":54.0,"turns":8.0},{"damage":0.0,"enemies":"paleoftheancients:BASlime1","floor":55.0,"turns":1.0},{"damage":0,"enemies":"","floor":58,"turns":5},{"damage":0,"enemies":"paleoftheancients:N","floor":62,"turns":8}],"seed_played":"1906380886448875527","potions_obtained":[{"floor":4.0,"key":"EssenceOfSteel"},{"floor":11.0,"key":"ColorlessPotion"},{"floor":12.0,"key":"Dexterity Potion"},{"floor":16.0,"key":"ZuzhouPotion:ReiMu"},{"floor":19.0,"key":"LiquidMemories"},{"floor":21.0,"key":"Reflective Coating"},{"floor":31.0,"key":"BlessingOfTheForge"},{"floor":41.0,"key":"Reflective Coating"},{"floor":50.0,"key":"Fire Potion"},{"floor":53.0,"key":"Explosive Potion"},{"floor":55.0,"key":"Energy Potion"}],"is_trial":false,"path_per_floor":["M","?","M","M","?","E","?","R","T","$","M","E","?","M","R","B",null,"M","M","$","M","?","M","R","PTL","PTL","R","T","R","M","M","R","?","R","B",null,"M","?","?","M","M","R","COS","?","T","R","M","M","R","E","R","B","M","M","M","$","R","M","R","T","?","B",null],"character_chosen":"The_Alterego","items_purchased":["alterego_mod:Bounce","alterego_mod:Punishment"],"campfire_rested":1,"item_purchase_floors":[10,20],"current_hp_per_floor":[55,48,44,58,37,30,56,56,56,56,44,43,40,54,54,55,92,88,94,94,64,64,47,75,75,75,75,75,75,84,95,95,95,95,96,106,83,83,83,83,95,95,95,95,95,95,100,100,100,100,100,101,98,79,96,96,96,103,103,103,103,103],"gold":115,"neow_bonus":"ONE_RARE_RELIC","is_daily":false,"chose_seed":false,"campfire_upgraded":10,"win_rate":0.0,"timestamp":1610676943,"path_taken":["M","?","M","?","?","E","?","R","T","$","?","E","?","M","R","BOSS","M","?","$","M","?","M","R","PTL","PTL","R","T","R","M","?","R","?","R","BOSS","M","?","?","M","?","R","COS","?","T","R","M","M","R","E","R","BOSS","M","M","?","$","R","M","R","T","?","BOSS"],"items_purchased_type":["Card","Card"],"build_version":"2020-12-22","purchased_purges":3,"victory":true,"max_hp_per_floor":[71,85,86,86,86,87,87,87,87,87,88,89,90,91,91,92,92,93,94,94,95,95,96,96,96,96,96,96,96,96,96,96,96,96,96,106,107,99,99,99,100,100,100,100,100,100,100,100,100,100,100,101,102,103,103,103,103,103,103,103,103,103],"card_choices":[{"not_picked":["alterego_mod:Crossover","alterego_mod:Undulate"],"picked":"alterego_mod:Rip","floor":1.0},{"not_picked":["alterego_mod:DiscoLights","alterego_mod:Crossover"],"picked":"alterego_mod:GoddessCore","floor":3.0},{"not_picked":["alterego_mod:Stockings","alterego_mod:DeftHands","alterego_mod:Clones"],"picked":"SKIP","floor":4.0},{"not_picked":["ReplayTheSpireMod:Echoes of Time","ReplayTheSpireMod:Haul"],"picked":"infinitespire:Collect","floor":5.0},{"not_picked":["alterego_mod:BrynhildrRomantia","alterego_mod:HighServant"],"picked":"alterego_mod:Nekomimi","floor":6.0},{"not_picked":["alterego_mod:HighServant","alterego_mod:Table"],"picked":"alterego_mod:Cushion","floor":11.0},{"not_picked":["alterego_mod:Stockings","alterego_mod:Bloomers","alterego_mod:Cooking"],"picked":"SKIP","floor":12.0},{"not_picked":["alterego_mod:Alter","alterego_mod:Lingerie"],"picked":"alterego_mod:BiFurious","floor":13.0},{"not_picked":["alterego_mod:DeftHands","alterego_mod:BiFurious"],"picked":"alterego_mod:Maid","floor":14.0},{"not_picked":["alterego_mod:GIGAMILK","alterego_mod:IdEs"],"picked":"alterego_mod:TrickOrTreatment","floor":16.0},{"not_picked":["ReplayTheSpireMod:Doomed","ReplayTheSpireMod:Restless Dread"],"picked":"Overencumbered","floor":17.0},{"not_picked":["Voices","Poor:ReiMu"],"picked":"ReplayTheSpireMod:IOU","floor":17.0},{"not_picked":["CommonCold","Looming Evil"],"picked":"Replay:UnknownCurse","floor":17.0},{"not_picked":["alterego_mod:SakuraFive","alterego_mod:RingBreak"],"picked":"alterego_mod:Punishment","floor":18.0},{"not_picked":["alterego_mod:TrashNCrash","alterego_mod:Cooking"],"picked":"alterego_mod:IndependentAction","floor":19.0},{"not_picked":["alterego_mod:Cushion","alterego_mod:DustData"],"picked":"alterego_mod:Undulate","floor":21.0},{"not_picked":["alterego_mod:1TonWallop","alterego_mod:Table"],"picked":"alterego_mod:Jiggle+1","floor":23.0},{"not_picked":["alterego_mod:PurpleHair","alterego_mod:Weigh"],"picked":"alterego_mod:Schoolgirl+1","floor":30.0},{"not_picked":["alterego_mod:TrashNCrash+1","alterego_mod:BustOut","alterego_mod:RocketPunch"],"picked":"SKIP","floor":31.0},{"not_picked":["alterego_mod:TrickOrTreatment","alterego_mod:Tantrum"],"picked":"alterego_mod:SideboobHour","floor":35.0},{"not_picked":["alterego_mod:Cycle","alterego_mod:Cushion"],"picked":"alterego_mod:Jiggle+1","floor":37.0},{"not_picked":["alterego_mod:Cycle+1","alterego_mod:BiFurious","alterego_mod:Stockings+1"],"picked":"SKIP","floor":40.0},{"not_picked":["alterego_mod:Complex+1","alterego_mod:Jiggle"],"picked":"alterego_mod:Pet+1","floor":41.0},{"not_picked":["alterego_mod:Support","alterego_mod:Crossover+1"],"picked":"alterego_mod:Nekomimi+1","floor":47.0},{"not_picked":["alterego_mod:Stockings","alterego_mod:Schoolgirl+1","alterego_mod:Maid"],"picked":"SKIP","floor":48.0},{"not_picked":["alterego_mod:Belts","alterego_mod:BustOut","alterego_mod:Jiggle+1"],"picked":"SKIP","floor":50.0},{"not_picked":["alterego_mod:BiFurious","alterego_mod:Maid+1","alterego_mod:Jiggle+1"],"picked":"SKIP","floor":53.0},{"not_picked":["alterego_mod:DustData+1","alterego_mod:Mirror+1"],"picked":"alterego_mod:Rip","floor":54.0},{"not_picked":["alterego_mod:Mirror","alterego_mod:DiscoLights","alterego_mod:Undulate+1"],"picked":"SKIP","floor":55.0},{"not_picked":["alterego_mod:BoobPocket","alterego_mod:Cooking+1","alterego_mod:DiscoLights+1"],"picked":"SKIP","floor":58}],"player_experience":1093056,"relics_obtained":[{"floor":6.0,"key":"Centennial Puzzle"},{"floor":12.0,"key":"Vajra"},{"floor":13.0,"key":"infinitespire:CheckeredPen"},{"floor":28.0,"key":"Cleaning_Rag"},{"floor":28.0,"key":"theSenshi:SuperSailorFukuRelic"},{"floor":35.0,"key":"Lizard Tail"},{"floor":45.0,"key":"infinitespire:EmpoweringShard"},{"floor":45.0,"key":"hubris:ToyBattleship"},{"floor":50.0,"key":"Happy Flower"},{"floor":53.0,"key":"paleoftheancients:SoulOfTheShapes"},{"floor":54.0,"key":"paleoftheancients:SoulOfTheWokeBloke"},{"floor":54.0,"key":"Hololive_LightStick"},{"floor":55.0,"key":"paleoftheancients:BlurryLens"},{"floor":58,"key":"paleoftheancients:SoulOfTheDefect"},{"floor":60,"key":"ReplayTheSpireMod:Ninjato"}],"event_choices":[{"cards_removed":["Overencumbered"],"damage_healed":0.0,"max_hp_gain":0.0,"max_hp_loss":0.0,"gold_gain":0.0,"event_name":"Elementarium:LostScrolls","player_choice":"Burn","floor":22.0,"gold_loss":0.0,"damage_taken":0.0}],"is_beta":false,"boss_relics":[{"not_picked":["hubris:CrackedHourglass","Runesmith:UraniumAnvil"],"picked":"Replay:Ancient Bell"},{"not_picked":["Replay:Bandana","Runesmith:AutoHammer"],"picked":"Bronze Scales"},{"not_picked":["Iron Hammer","DemoMod:JetPack"],"picked":"Matryoshka"},{"not_picked":["PureWhite:ReiMu","Pocketwatch"],"picked":"hubris:64BitClover"},{"not_picked":["Calling Bell","Coffee Dripper"],"picked":"DemoMod:RiddleOfLead"}],"items_purged_floors":[10,20,56],"is_endless":false,"potions_floor_spawned":[4,11,12,16,19,21,31,41,50,53,55],"ascension_level":0}}