{"host":"0009l0kk6tb2u2kt","time":1610676666,"event":{"mods":["BaseMod","Downfall","Hubris","Minty Spire (QoL Compilation)","Replay The Spire","StSLib"],"gold_per_floor":[99,112,123,123,123,123,191,220,237,250,264,274,284,333,344,344,344,344],"floor_reached":16,"language":"ENG","playtime":1077,"items_purged":[],"score":131,"play_id":"fcb08b45-d26a-4b02-b61f-7a209a4c3b80","local_time":"20210115031106","is_ascension_mode":false,"campfire_choices":[{"data":"Guardian:TwinSlam","floor":1.0,"key":"SMITH"},{"data":"Guardian:CrystalBeam","floor":6,"key":"SMITH"}],"circlet_count":0,"master_deck":["Guardian:Strike_Guardian","Guardian:Strike_Guardian","Guardian:Strike_Guardian","Guardian:Defend_Guardian","Guardian:Defend_Guardian","Guardian:Defend_Guardian","Guardian:CurlUp","Guardian:TwinSlam+1","Guardian:Gem_Blue","Guardian:CrystalBeam+1","Guardian:PrimingBeam","Guardian:BaubleBeam","Guardian:Gem_Cyan","Guardian:PiercingHide","Guardian:ShieldCharger"],"relics":["Guardian:ModeShifter","Gremlin Food","Replay:Ringing Soul","Nunchaku"],"acts_visited":["Exordium"],"potions_floor_usage":[10,12,16],"damage_taken":[{"damage":0,"enemies":"Small Slimes","floor":2,"turns":3},{"damage":0,"enemies":"2 Louse","floor":3,"turns":2},{"damage":32,"enemies":"Lagavulin","floor":8,"turns":7},{"damage":0,"enemies":"Jaw Worm","floor":9,"turns":2},{"damage":11,"enemies":"Exordium Wildlife","floor":10,"turns":3},{"damage":8,"enemies":"Gremlin Gang","floor":11,"turns":4},{"damage":6,"enemies":"Lots of Slimes","floor":12,"turns":5},{"damage":8,"enemies":"Blue Slaver","floor":13,"turns":3},{"damage":8,"enemies":"Exordium Wildlife","floor":15,"turns":5},{"damage":28,"enemies":"downfall:Defect","floor":16,"turns":6}],"seed_played":"-1007075886019290845","potions_obtained":[{"floor":3,"key":"LiquidMemories"},{"floor":8,"key":"Swift Potion"},{"floor":13,"key":"AttackPotion"},{"floor":15,"key":"SteroidPotion"}],"is_trial":false,"path_per_floor":["R","M","M","?","?","R","T","E","M","M","M","M","M","T","M","B"],"character_chosen":"GUARDIAN","items_purchased":[],"campfire_rested":0,"item_purchase_floors":[],"current_hp_per_floor":[80,80,80,80,80,80,80,51,51,43,38,32,27,27,22,0,0,0],"gold":344,"neow_bonus":"RANDOM_COMMON_RELIC","is_daily":false,"chose_seed":false,"campfire_upgraded":2,"win_rate":0.0,"timestamp":1610676666,"path_taken":["R","M","M","?","?","R","T","E","M","M","M","?","M","?","M","BOSS"],"items_purchased_type":[],"build_version":"2020-12-22","purchased_purges":0,"victory":false,"max_hp_per_floor":[80,80,80,80,80,80,80,83,83,86,89,89,92,92,95,95,95,95],"card_choices":[{"not_picked":["Guardian:Planning","Guardian:Gem_Red"],"picked":"Guardian:Gem_Blue","floor":2},{"not_picked":["Guardian:Gem_Cyan","Guardian:DonusPower"],"picked":"Guardian:CrystalBeam","floor":3},{"not_picked":["Guardian:Preprogram","Guardian:PrismaticBarrier"],"picked":"Guardian:PrimingBeam","floor":8},{"not_picked":["Guardian:GuardianWhirl","Guardian:TemporalShield","Guardian:Recover"],"picked":"SKIP","floor":9},{"not_picked":["Guardian:TemporalStrike","Guardian:Suspension"],"picked":"Guardian:BaubleBeam","floor":10},{"not_picked":["Guardian:PiercingHide","Guardian:Gem_Lightblue"],"picked":"Guardian:Gem_Cyan","floor":11},{"not_picked":["Guardian:ShieldCharger","Guardian:TemporalShield","Guardian:FloatingOrbs"],"picked":"SKIP","floor":12},{"not_picked":["Guardian:PrismaticBeam","Guardian:Reroute"],"picked":"Guardian:PiercingHide","floor":13},{"not_picked":["Guardian:VentSteam","Guardian:TemporalShield"],"picked":"Guardian:ShieldCharger","floor":15}],"player_experience":218768,"relics_obtained":[{"floor":8,"key":"Replay:Ringing Soul"},{"floor":14,"key":"Nunchaku"}],"event_choices":[],"is_beta":false,"boss_relics":[],"items_purged_floors":[],"is_endless":false,"potions_floor_spawned":[3,8,13,15],"killed_by":"downfall:Defect","ascension_level":0}}