{"host":"13o02hya6v6rzuva","time":1610704279,"event":{"mods":["BaseMod","Minty Spire (QoL Compilation)","Relic Stats"],"gold_per_floor":[117,129,129,129,129,154,154,182,230,249,266,283,294,294,294,394,394,409,426,444,478,493,493,518,518,570,570,570,605,620,545,545,545,545],"floor_reached":33,"language":"ENG","playtime":930,"items_purged":[],"score":521,"play_id":"d7a194df-f2f0-4809-bbe2-8532ad30ef5a","local_time":"20210115105119","is_ascension_mode":true,"campfire_choices":[{"data":"Zap","floor":7,"key":"SMITH"},{"data":"Barrage","floor":15,"key":"SMITH"},{"floor":23,"key":"REST"},{"floor":25,"key":"REST"},{"floor":27,"key":"RECALL"},{"floor":32,"key":"REST"}],"circlet_count":0,"master_deck":["AscendersBane","Strike_B+1","Strike_B+1","Strike_B+1","Defend_B+1","Defend_B+1","Defend_B+1","Defend_B+1","Zap+1","Dualcast","Coolheaded","Barrage","Lockon","Barrage+1","Electrodynamics+1","Compile Driver","Defragment+1","Buffer+1","CurseOfTheBell","Cold Snap","Electrodynamics+1","Ball Lightning+1","Conserve Battery+1"],"relics":["Cracked Core","NeowsBlessing","Anchor","Boot","Frozen Egg 2","MealTicket","Calling Bell","War Paint","Singing Bowl","Turnip","Red Mask","Blood Vial","The Courier"],"acts_visited":["Exordium","TheCity"],"potions_floor_usage":[8,16,19,19,24,33,33],"damage_taken":[{"damage":0,"enemies":"Cultist","floor":1,"turns":1},{"damage":0,"enemies":"Small Slimes","floor":2,"turns":1},{"damage":0,"enemies":"3 Sentries","floor":6,"turns":2},{"damage":31,"enemies":"Gremlin Nob","floor":8,"turns":4},{"damage":0,"enemies":"2 Louse","floor":10,"turns":2},{"damage":0,"enemies":"Gremlin Gang","floor":11,"turns":3},{"damage":0,"enemies":"Large Slime","floor":12,"turns":2},{"damage":0,"enemies":"Exordium Wildlife","floor":13,"turns":2},{"damage":32,"enemies":"Hexaghost","floor":16,"turns":7},{"damage":11,"enemies":"Spheric Guardian","floor":18,"turns":5},{"damage":14,"enemies":"3 Byrds","floor":19,"turns":3},{"damage":18,"enemies":"Cultist and Chosen","floor":20,"turns":5},{"damage":0,"enemies":"Masked Bandits","floor":21,"turns":2},{"damage":0,"enemies":"Centurion and Healer","floor":22,"turns":4},{"damage":16,"enemies":"Book of Stabbing","floor":24,"turns":5},{"damage":0,"enemies":"Gremlin Leader","floor":29,"turns":4},{"damage":25,"enemies":"Snecko","floor":30,"turns":4},{"damage":31,"enemies":"Automaton","floor":33,"turns":10}],"seed_played":"1508243580065480248","potions_obtained":[{"floor":2,"key":"DistilledChaos"},{"floor":8,"key":"Swift Potion"},{"floor":10,"key":"SteroidPotion"},{"floor":16,"key":"DuplicationPotion"},{"floor":20,"key":"SkillPotion"},{"floor":21,"key":"Explosive Potion"},{"floor":22,"key":"SpeedPotion"},{"floor":30,"key":"DistilledChaos"}],"is_trial":false,"path_per_floor":["M","M","?","?","?","E","R","E","T","M","M","M","M","?","R","B",null,"M","M","M","?","M","R","E","R","T","R","?","E","M","?","R","B"],"character_chosen":"DEFECT","items_purchased":[],"campfire_rested":3,"item_purchase_floors":[],"current_hp_per_floor":[68,68,61,61,61,61,61,30,30,30,30,30,30,48,48,16,60,49,37,19,21,23,47,33,57,57,57,57,59,36,36,60,31,31],"gold":545,"neow_bonus":"THREE_ENEMY_KILL","is_daily":false,"chose_seed":false,"campfire_upgraded":2,"win_rate":0.0,"timestamp":1610704279,"path_taken":["M","M","?","?","?","E","R","E","T","?","M","M","?","?","R","BOSS","M","M","M","?","M","R","E","R","T","R","?","E","M","?","R","BOSS"],"items_purchased_type":[],"build_version":"2020-12-22","purchased_purges":0,"victory":false,"max_hp_per_floor":[75,75,75,75,75,75,75,75,75,75,75,75,75,75,75,75,75,75,77,77,79,81,81,83,83,83,83,83,83,83,80,80,80,80],"relic_stats":{"Blood Vial":6,"Singing Bowl":8,"counters":[18,66],"MealTicket":0,"Turnip":[7],"War Paint":["Defend_B","Defend_B"],"Boot":[56],"obtain_stats":[{"NeowsBlessing":0,"Singing Bowl":17,"The Courier":29,"Frozen Egg 2":8,"War Paint":17,"Boot":6,"Calling Bell":17,"Blood Vial":24,"Anchor":4,"MealTicket":9,"Turnip":17,"Red Mask":21,"Cracked Core":0},{"NeowsBlessing":0,"Singing Bowl":9,"The Courier":16,"Frozen Egg 2":4,"War Paint":9,"Boot":3,"Calling Bell":9,"Blood Vial":15,"Anchor":2,"MealTicket":4,"Turnip":9,"Red Mask":13,"Cracked Core":0},{"NeowsBlessing":0,"Singing Bowl":24,"The Courier":52,"Frozen Egg 2":8,"War Paint":24,"Boot":4,"Calling Bell":24,"Blood Vial":48,"Anchor":2,"MealTicket":8,"Turnip":24,"Red Mask":39,"Cracked Core":0}]},"card_choices":[{"not_picked":["Steam","Turbo"],"picked":"Coolheaded","floor":1},{"not_picked":["Hologram","Compile Driver"],"picked":"Barrage","floor":2},{"not_picked":["Chaos","Gash"],"picked":"Lockon","floor":6},{"not_picked":["Heatsinks+1","Redo"],"picked":"Barrage","floor":8},{"not_picked":["Gash","Sweeping Beam"],"picked":"Electrodynamics+1","floor":10},{"not_picked":["Beam Cell","Tempest"],"picked":"Compile Driver","floor":11},{"not_picked":["Gash","Beam Cell","Fusion"],"picked":"SKIP","floor":12},{"not_picked":["Compile Driver","Sweeping Beam"],"picked":"Defragment+1","floor":13},{"not_picked":["Biased Cognition+1","Amplify"],"picked":"Buffer+1","floor":16},{"not_picked":["Leap+1","Redo"],"picked":"Cold Snap","floor":18},{"not_picked":["Compile Driver","Go for the Eyes","Aggregate"],"picked":"Singing Bowl","floor":19},{"not_picked":["Hologram","Redo+1"],"picked":"Electrodynamics+1","floor":20},{"not_picked":["Go for the Eyes","Reprogram","Stack"],"picked":"Singing Bowl","floor":21},{"not_picked":["Go for the Eyes","Scrape+1","Rebound"],"picked":"Singing Bowl","floor":22},{"not_picked":["Coolheaded+1","Fusion","Streamline+1"],"picked":"Singing Bowl","floor":24},{"not_picked":["Chaos+1","Storm+1"],"picked":"Ball Lightning+1","floor":29},{"not_picked":["Steam","Sweeping Beam"],"picked":"Conserve Battery+1","floor":30}],"player_experience":1124999,"relics_obtained":[{"floor":6,"key":"Boot"},{"floor":8,"key":"Frozen Egg 2"},{"floor":9,"key":"MealTicket"},{"floor":17,"key":"War Paint"},{"floor":17,"key":"Singing Bowl"},{"floor":17,"key":"Turnip"},{"floor":21,"key":"Red Mask"},{"floor":24,"key":"Blood Vial"},{"floor":29,"key":"The Courier"}],"event_choices":[{"cards_removed":["Strike_B"],"damage_healed":0,"gold_gain":0,"player_choice":"Card Removal","damage_taken":7,"max_hp_gain":0,"max_hp_loss":0,"event_name":"Golden Wing","floor":3,"gold_loss":0},{"damage_healed":0,"gold_gain":0,"player_choice":"Box","damage_taken":0,"relics_obtained":["Anchor"],"max_hp_gain":0,"max_hp_loss":0,"event_name":"Big Fish","floor":4,"gold_loss":0,"cards_obtained":["Regret"]},{"cards_removed":["Regret"],"damage_healed":0,"gold_gain":0,"player_choice":"Purged","damage_taken":0,"max_hp_gain":0,"max_hp_loss":0,"event_name":"Purifier","floor":5,"gold_loss":0},{"damage_healed":18,"gold_gain":0,"player_choice":"Healed and dodged fight","damage_taken":0,"max_hp_gain":0,"max_hp_loss":0,"event_name":"Mushrooms","floor":14,"gold_loss":0,"cards_obtained":["Parasite"]},{"damage_healed":0,"gold_gain":0,"player_choice":"Fought Bandits","damage_taken":0,"max_hp_gain":0,"max_hp_loss":0,"event_name":"Masked Bandits","floor":21,"gold_loss":0},{"damage_healed":0,"gold_gain":0,"player_choice":"Simplicity","damage_taken":0,"max_hp_gain":0,"max_hp_loss":0,"event_name":"Back to Basics","floor":28,"gold_loss":0,"cards_upgraded":["Strike_B","Strike_B","Strike_B","Defend_B","Defend_B"]},{"cards_removed":["Parasite"],"damage_healed":0,"gold_gain":0,"player_choice":"Gave Gold","damage_taken":0,"max_hp_gain":0,"max_hp_loss":0,"event_name":"Beggar","floor":31,"gold_loss":75}],"is_beta":false,"boss_relics":[{"not_picked":["Pandora\u0027s Box","Fusion Hammer"],"picked":"Calling Bell"}],"items_purged_floors":[],"is_endless":false,"potions_floor_spawned":[2,8,10,16,20,21,22,30],"killed_by":"Automaton","ascension_level":10}}