{"host":"lh9qfzqeqctr28d2","time":1610703327,"event":{"mods":["BaseMod","Luminous","Minty Spire (QoL Compilation)","Quick Restart","Relic Stats","Remilia£®¿Ÿ√◊¿Ú—«£©","StSLib"],"gold_per_floor":[117,132,151,182,182,214,228,228,251,298,298,314,314,314,314,418,418,450,483,176,186,201,201,238,238,312,322,374,374,406,424,424,424,424],"floor_reached":33,"language":"ZHS","playtime":1830,"items_purged":["Regret"],"score":439,"play_id":"87dbd62f-8234-4656-9c7b-86c30b415346","local_time":"20210115173527","is_ascension_mode":true,"campfire_choices":[{"data":"ScarletSymphony","floor":8.0,"key":"SMITH"},{"floor":11.0,"key":"REST"},{"data":"BloodRain","floor":15.0,"key":"SMITH"},{"floor":23.0,"key":"REST"},{"data":"DemonKingCradle","floor":25.0,"key":"SMITH"},{"floor":29,"key":"REST"},{"data":"Enlightenment","floor":32,"key":"SMITH"}],"circlet_count":0,"master_deck":["Strike_RM","Strike_RM","Strike_RM","Strike_RM","Defend_RM","Defend_RM","Defend_RM+1","Defend_RM","RedMoon","ScarletShoot","FavorOfDestiny","DiffusionOfMisfortune","ScarletSymphony+1","FitfulNightmare","KillingBlow","Stigmanizer","BloodRain+1","UnstableMagic","DemonKingCradle+1","ScarletImprint+1","VampirishNight","BloodHunter","Enlightenment+1","BloodHunter","ScarletImprint+1","BombardNight","ScarletGensokyo+1"],"relics":["ScarletHat","NeowsBlessing","RedBat","Potion Belt","Happy Flower","Lantern","ScarletDevilRocket","APieceOfRedMist","Strange Spoon","Singing Bowl","Pen Nib","Bag of Preparation"],"acts_visited":["Exordium","TheCity"],"potions_floor_usage":[28,28,33],"damage_taken":[{"damage":0.0,"enemies":"2 Louse","floor":1.0,"turns":2.0},{"damage":0.0,"enemies":"Small Slimes","floor":2.0,"turns":1.0},{"damage":0.0,"enemies":"Jaw Worm","floor":3.0,"turns":2.0},{"damage":0.0,"enemies":"Blue Slaver","floor":4.0,"turns":6.0},{"damage":33.0,"enemies":"3 Sentries","floor":6.0,"turns":2.0},{"damage":0.0,"enemies":"2 Fungi Beasts","floor":7.0,"turns":2.0},{"damage":14.0,"enemies":"Gremlin Nob","floor":10.0,"turns":5.0},{"damage":1.0,"enemies":"Looter","floor":12.0,"turns":3.0},{"damage":41.0,"enemies":"Hexaghost","floor":16.0,"turns":8.0},{"damage":19.0,"enemies":"Spheric Guardian","floor":18.0,"turns":4.0},{"damage":24.0,"enemies":"Shell Parasite","floor":19.0,"turns":5.0},{"damage":0.0,"enemies":"Sentry and Sphere","floor":21.0,"turns":1.0},{"damage":7.0,"enemies":"3 Cultists","floor":22.0,"turns":4.0},{"damage":56.0,"enemies":"Chosen and Byrds","floor":24.0,"turns":6.0},{"damage":17.0,"enemies":"Centurion and Healer","floor":27.0,"turns":5.0},{"damage":46,"enemies":"Slavers","floor":28,"turns":4},{"damage":24,"enemies":"Gremlin Leader","floor":30,"turns":3},{"damage":6,"enemies":"Snake Plant","floor":31,"turns":2},{"damage":104,"enemies":"Automaton","floor":33,"turns":6}],"seed_played":"-4686376402453608659","potions_obtained":[{"floor":1.0,"key":"Fire Potion"},{"floor":2.0,"key":"LiquidBronze"},{"floor":3.0,"key":"DuplicationPotion"},{"floor":4.0,"key":"Weak Potion"},{"floor":10.0,"key":"AttackPotion"},{"floor":12.0,"key":"EssenceOfSteel"},{"floor":12.0,"key":"Explosive Potion"},{"floor":16.0,"key":"Ancient Potion"},{"floor":16.0,"key":"Fire Potion"},{"floor":18.0,"key":"LiquidMemories"},{"floor":19.0,"key":"EntropicBrew"},{"floor":22.0,"key":"Energy Potion"},{"floor":27.0,"key":"SpeedPotion"},{"floor":28,"key":"Dexterity Potion"}],"is_trial":false,"path_per_floor":["M","M","M","M","?","E","M","R","T","E","R","M","?","?","R","B",null,"M","M","$","M","M","R","M","R","T","M","E","R","E","M","R","B"],"character_chosen":"REMILIA","items_purchased":["Strange Spoon","Enlightenment"],"campfire_rested":3,"item_purchase_floors":[20,20],"current_hp_per_floor":[75,75,75,75,68,37,37,37,37,33,55,56,56,56,56,34,65,46,29,29,29,30,52,39,39,39,32,27,50,44,54,54,0,0],"gold":424,"neow_bonus":"THREE_ENEMY_KILL","is_daily":false,"chose_seed":false,"campfire_upgraded":4,"win_rate":0.0,"timestamp":1610703327,"path_taken":["M","M","M","M","?","E","M","R","T","E","R","M","?","?","R","BOSS","M","M","$","M","M","R","M","R","T","M","E","R","E","M","R","BOSS"],"items_purchased_type":["Relic","Card"],"build_version":"2020-12-22","purchased_purges":1,"victory":false,"max_hp_per_floor":[75,75,75,75,75,75,75,75,75,75,75,75,75,75,75,75,75,75,75,75,75,75,75,75,75,75,77,77,77,79,79,79,79,79],"relic_stats":{"Strange Spoon":[5],"Happy Flower":[18],"Singing Bowl":4,"counters":[19,71],"Pen Nib":[3],"Bag of Preparation":[4],"obtain_stats":[{"Potion Belt":6,"Strange Spoon":20,"Lantern":10,"APieceOfRedMist":17,"ScarletDevilRocket":13,"NeowsBlessing":0,"Happy Flower":9,"Singing Bowl":26,"Pen Nib":28,"Bag of Preparation":30,"ScarletHat":0,"RedBat":5},{"Potion Belt":5,"Strange Spoon":11,"Lantern":7,"APieceOfRedMist":9,"ScarletDevilRocket":8,"NeowsBlessing":0,"Happy Flower":6,"Singing Bowl":14,"Pen Nib":16,"Bag of Preparation":17,"ScarletHat":0,"RedBat":4},{"Potion Belt":13,"Strange Spoon":40,"Lantern":20,"APieceOfRedMist":31,"ScarletDevilRocket":23,"NeowsBlessing":0,"Happy Flower":15,"Singing Bowl":51,"Pen Nib":60,"Bag of Preparation":63,"ScarletHat":0,"RedBat":11}]},"card_choices":[{"not_picked":["HunterOfTheNight","EndlessAdversity"],"picked":"FavorOfDestiny","floor":1.0},{"not_picked":["VampireFantasy","ScarletImprint"],"picked":"DiffusionOfMisfortune","floor":2.0},{"not_picked":["ScarletImprint","EndlessAdversity"],"picked":"ScarletSymphony","floor":3.0},{"not_picked":["TricksterDevil","DiffusionOfMisfortune"],"picked":"FitfulNightmare","floor":4.0},{"not_picked":["MastersStateliness","StarOfDavid"],"picked":"KillingBlow","floor":6.0},{"not_picked":["DiffusionOfMisfortune","BloodAndWine"],"picked":"Stigmanizer","floor":7.0},{"not_picked":["ChainGang","CharismaGuard"],"picked":"BloodRain","floor":10.0},{"not_picked":["RedRainbow","EternalNight"],"picked":"UnstableMagic","floor":12.0},{"not_picked":["ScarletMeister","ScarletCoffin"],"picked":"DemonKingCradle","floor":16.0},{"not_picked":["UnderTheZenith","EmergencyRegeneration"],"picked":"ScarletImprint+1","floor":18.0},{"not_picked":["Stigmanizer","MastersStateliness"],"picked":"VampirishNight","floor":19.0},{"not_picked":["CharismaGuard","DiffusionOfMisfortune"],"picked":"BloodHunter","floor":19.0},{"not_picked":["Ultimatum","VampireKiss"],"picked":"BloodHunter","floor":21.0},{"not_picked":["BloodHunter","StarOfDavid","DiffusionOfMisfortune"],"picked":"SKIP","floor":22.0},{"not_picked":["BlasphemousPunishment","ForbiddenFruit"],"picked":"ScarletImprint+1","floor":24.0},{"not_picked":["KillingBlow","BlasphemousPunishment","NightDance"],"picked":"Singing Bowl","floor":27.0},{"not_picked":["ScarletDevil","UnstableMagic"],"picked":"BombardNight","floor":28},{"not_picked":["GlobalNightmare","ScarletDevil","BlasphemousPunishment+1"],"picked":"Singing Bowl","floor":30},{"not_picked":["UltimateOffering","FavorOfDestiny"],"picked":"ScarletGensokyo+1","floor":31}],"player_experience":375834,"relics_obtained":[{"floor":6.0,"key":"Potion Belt"},{"floor":9.0,"key":"Happy Flower"},{"floor":10.0,"key":"Lantern"},{"floor":26.0,"key":"Singing Bowl"},{"floor":28,"key":"Pen Nib"},{"floor":30,"key":"Bag of Preparation"}],"event_choices":[{"damage_healed":0.0,"max_hp_gain":0.0,"max_hp_loss":0.0,"gold_gain":0.0,"event_name":"Scrap Ooze","player_choice":"Success","floor":5.0,"gold_loss":0.0,"damage_taken":7.0,"relics_obtained":["RedBat"]},{"damage_healed":0.0,"max_hp_gain":0.0,"max_hp_loss":0.0,"gold_gain":0.0,"event_name":"Big Fish","player_choice":"Box","floor":13.0,"gold_loss":0.0,"damage_taken":0.0,"relics_obtained":["ScarletDevilRocket"],"cards_obtained":["Regret"]},{"damage_healed":0.0,"max_hp_gain":0.0,"max_hp_loss":0.0,"gold_gain":0.0,"event_name":"Liars Game","player_choice":"Ignored","floor":14.0,"gold_loss":0.0,"damage_taken":0.0}],"is_beta":false,"boss_relics":[{"not_picked":["Runic Pyramid","Cursed Key"],"picked":"APieceOfRedMist"}],"items_purged_floors":[20],"is_endless":false,"potions_floor_spawned":[1,4,10,12,16,18,19,27,28],"killed_by":"Automaton","ascension_level":5}}