{"host":"b995t17pt6d05w8c","time":1610740380,"event":{"mods":["AchievementEnabler","BaseMod","Colored Map","DeckTracker","Keyboard Shortcuts","Minty Spire (QoL Compilation)","Permanent Neow","SuperFastMode"],"gold_per_floor":[14,14,64,77,90,90,90,90,115,145,145,145,145,145,145,224,224,237,120,120,132,150,150,50,66,113,28,41,41,72,84,84,157,157,170,186,199,199,211,211,236,236,283,308,308,324,224,250,250,250],"floor_reached":51,"language":"KOR","playtime":1088,"items_purged":["Defend_P","Strike_P","Strike_P+1"],"score":1376,"play_id":"774dbebe-8b91-455b-8af8-e8b6ec67237e","local_time":"20210116045300","is_ascension_mode":true,"campfire_choices":[{"data":"Eruption","floor":6.0,"key":"SMITH"},{"data":"TalkToTheHand","floor":8.0,"key":"SMITH"},{"data":"Vigilance","floor":12.0,"key":"SMITH"},{"floor":15.0,"key":"REST"},{"data":"MentalFortress","floor":23.0,"key":"SMITH"},{"data":"InnerPeace","floor":29.0,"key":"SMITH"},{"data":"Halt","floor":32.0,"key":"SMITH"},{"data":"Madness","floor":40.0,"key":"SMITH"},{"data":"Madness","floor":42.0,"key":"SMITH"},{"data":"FearNoEvil","floor":49,"key":"SMITH"}],"circlet_count":0,"master_deck":["AscendersBane","Defend_P+1","Eruption+1","Vigilance+1","FearNoEvil+1","TalkToTheHand+1","MentalFortress+1","Ragnarok+1","InnerPeace+1","Halt+1","Madness+1","Madness+1","Crescendo+1","Purity","Flash of Steel+1"],"relics":["PureWater","MealTicket","Bag of Marbles","Ornamental Fan","Molten Egg 2","Runic Pyramid","Bag of Preparation","Eternal Feather","Coffee Dripper","The Courier","Toy Ornithopter","Incense Burner","Bottled Tornado"],"acts_visited":["Exordium","TheCity","TheBeyond"],"potions_floor_usage":[],"damage_taken":[{"damage":4.0,"enemies":"Jaw Worm","floor":1.0,"turns":4.0},{"damage":1.0,"enemies":"Small Slimes","floor":4.0,"turns":3.0},{"damage":0.0,"enemies":"Cultist","floor":5.0,"turns":2.0},{"damage":4.0,"enemies":"Lagavulin","floor":10.0,"turns":7.0},{"damage":6.0,"enemies":"The Guardian","floor":16.0,"turns":14.0},{"damage":0.0,"enemies":"Spheric Guardian","floor":18.0,"turns":3.0},{"damage":0.0,"enemies":"2 Thieves","floor":21.0,"turns":3.0},{"damage":0.0,"enemies":"Snecko","floor":22.0,"turns":5.0},{"damage":0.0,"enemies":"Sentry and Sphere","floor":25.0,"turns":5.0},{"damage":3.0,"enemies":"Chosen and Byrds","floor":28.0,"turns":3.0},{"damage":13.0,"enemies":"Slavers","floor":30.0,"turns":4.0},{"damage":4.0,"enemies":"Snake Plant","floor":31.0,"turns":3.0},{"damage":10.0,"enemies":"Champ","floor":33.0,"turns":8.0},{"damage":5.0,"enemies":"3 Shapes","floor":35.0,"turns":2.0},{"damage":3.0,"enemies":"3 Darklings","floor":36.0,"turns":2.0},{"damage":0.0,"enemies":"Jaw Worm Horde","floor":37.0,"turns":2.0},{"damage":0.0,"enemies":"Spire Growth","floor":39.0,"turns":4.0},{"damage":0.0,"enemies":"Giant Head","floor":41.0,"turns":6.0},{"damage":0.0,"enemies":"Mind Bloom Boss Battle","floor":44.0,"turns":5.0},{"damage":0,"enemies":"Transient","floor":46,"turns":5},{"damage":0,"enemies":"Nemesis","floor":48,"turns":3},{"damage":18,"enemies":"Donu and Deca","floor":50,"turns":6}],"seed_played":"-6320267212821565913","potions_obtained":[{"floor":4.0,"key":"BlessingOfTheForge"},{"floor":16.0,"key":"Regen Potion"},{"floor":22.0,"key":"StancePotion"}],"is_trial":false,"path_per_floor":["M","?","?","M","M","R","?","R","T","E","?","R","T","?","R","B",null,"M","$","?","M","M","R","$","M","T","?","M","R","E","M","R","B",null,"M","M","M","?","M","R","E","R","T","?","?","M","$","E","R","B",null],"character_chosen":"WATCHER","items_purchased":["MentalFortress"],"campfire_rested":1,"item_purchase_floors":[19],"current_hp_per_floor":[57,57,51,50,50,50,50,50,50,46,41,41,41,21,41,35,60,60,68,68,68,68,68,68,68,68,68,65,68,55,51,57,47,63,58,55,55,43,43,49,49,55,55,55,50,50,65,65,68,50],"gold":250,"neow_bonus":"REMOVE_TWO","is_daily":false,"chose_seed":false,"campfire_upgraded":9,"win_rate":0.0,"timestamp":1610740380,"path_taken":["M","?","?","M","?","R","?","R","T","E","?","R","?","?","R","BOSS","M","$","?","?","?","R","$","M","T","?","M","R","E","M","R","BOSS","M","M","M","?","M","R","E","R","T","?","?","M","?","E","R","BOSS"],"items_purchased_type":["Card"],"build_version":"2020-12-22","purchased_purges":3,"victory":true,"max_hp_per_floor":[68,68,68,68,68,68,68,68,68,68,68,68,68,68,68,68,68,68,68,68,68,68,68,68,68,68,68,68,68,68,68,68,68,68,68,68,68,68,68,68,68,68,68,68,68,68,68,68,68,68],"card_choices":[{"not_picked":["FlyingSleeves","ForeignInfluence","CrushJoints"],"picked":"SKIP","floor":1.0},{"not_picked":["Evaluate","CutThroughFate"],"picked":"TalkToTheHand","floor":4.0},{"not_picked":["JustLucky","EmptyBody","EmptyFist"],"picked":"SKIP","floor":5.0},{"not_picked":["Omniscience","Collect","Sanctity"],"picked":"SKIP","floor":10.0},{"not_picked":["ClearTheMind","SandsOfTime+1","BowlingBash+1"],"picked":"SKIP","floor":18.0},{"not_picked":["BattleHymn+1","FollowUp+1","Swivel"],"picked":"SKIP","floor":21.0},{"not_picked":["FlurryOfBlows+1","ReachHeaven+1"],"picked":"Ragnarok+1","floor":22.0},{"not_picked":["CrushJoints+1","EmptyFist+1","EmptyBody"],"picked":"SKIP","floor":25.0},{"not_picked":["ThirdEye","Prostrate"],"picked":"InnerPeace","floor":28.0},{"not_picked":["EmptyMind","Crescendo"],"picked":"Halt","floor":30.0},{"not_picked":["Wish","Vengeance","Prostrate"],"picked":"SKIP","floor":31.0},{"not_picked":["FlyingSleeves+1","Meditate","SashWhip+1"],"picked":"SKIP","floor":35.0},{"not_picked":["SashWhip+1","EmptyBody","BowlingBash+1"],"picked":"SKIP","floor":36.0},{"not_picked":["EmptyBody+1","WaveOfTheHand","CutThroughFate+1"],"picked":"SKIP","floor":37.0},{"not_picked":["Indignation+1","SashWhip+1","ReachHeaven+1"],"picked":"SKIP","floor":39.0},{"not_picked":["Devotion","BowlingBash+1"],"picked":"Crescendo+1","floor":41.0},{"not_picked":["The Bomb","Madness"],"picked":"Purity","floor":45},{"not_picked":["Deep Breath","Magnetism"],"picked":"Flash of Steel+1","floor":45},{"not_picked":["EmptyBody","LikeWater","FollowUp+1"],"picked":"SKIP","floor":46},{"not_picked":["Wallop+1","WaveOfTheHand","EmptyBody+1"],"picked":"SKIP","floor":48}],"player_experience":137331,"relics_obtained":[{"floor":9.0,"key":"MealTicket"},{"floor":10.0,"key":"Bag of Marbles"},{"floor":13.0,"key":"Molten Egg 2"},{"floor":26.0,"key":"Bag of Preparation"},{"floor":41.0,"key":"The Courier"},{"floor":43.0,"key":"Toy Ornithopter"},{"floor":44.0,"key":"Incense Burner"},{"floor":48,"key":"Bottled Tornado"}],"event_choices":[{"damage_healed":0.0,"max_hp_gain":0.0,"max_hp_loss":0.0,"gold_gain":0.0,"cards_transformed":["Strike_P"],"event_name":"Living Wall","player_choice":"Change","floor":2.0,"gold_loss":0.0,"damage_taken":0.0,"cards_obtained":["FearNoEvil"]},{"damage_healed":0.0,"max_hp_gain":0.0,"max_hp_loss":0.0,"gold_gain":50.0,"event_name":"FaceTrader","player_choice":"Touch","floor":3.0,"gold_loss":0.0,"damage_taken":6.0},{"damage_healed":0.0,"max_hp_gain":0.0,"max_hp_loss":0.0,"gold_gain":0.0,"event_name":"Dead Adventurer","player_choice":"Searched \u00270\u0027 times","floor":7.0,"gold_loss":0.0,"damage_taken":0.0},{"damage_healed":0.0,"max_hp_gain":0.0,"max_hp_loss":0.0,"gold_gain":0.0,"event_name":"Scrap Ooze","player_choice":"Success","floor":11.0,"gold_loss":0.0,"damage_taken":5.0,"relics_obtained":["Ornamental Fan"]},{"damage_healed":0.0,"max_hp_gain":0.0,"max_hp_loss":0.0,"gold_gain":0.0,"event_name":"Shining Light","player_choice":"Entered Light","floor":14.0,"gold_loss":0.0,"damage_taken":20.0,"cards_upgraded":["Defend_P","Strike_P"]},{"cards_removed":["Defend_P"],"damage_healed":0.0,"max_hp_gain":0.0,"max_hp_loss":0.0,"gold_gain":0.0,"event_name":"Purifier","player_choice":"Purged","floor":20.0,"gold_loss":0.0,"damage_taken":0.0},{"damage_healed":0.0,"max_hp_gain":0.0,"max_hp_loss":0.0,"gold_gain":0.0,"event_name":"Addict","player_choice":"Obtained Relic","floor":27.0,"gold_loss":85.0,"damage_taken":0.0,"relics_obtained":["Eternal Feather"]},{"damage_healed":0.0,"max_hp_gain":0.0,"max_hp_loss":0.0,"gold_gain":0.0,"event_name":"Winding Halls","player_choice":"Embrace Madness","floor":38.0,"gold_loss":0.0,"damage_taken":12.0,"cards_obtained":["Madness","Madness"]},{"damage_healed":0.0,"max_hp_gain":0.0,"max_hp_loss":0.0,"gold_gain":0.0,"event_name":"MindBloom","player_choice":"Fight","floor":44.0,"gold_loss":0.0,"damage_taken":0.0},{"damage_healed":0,"gold_gain":0,"player_choice":"Memory 2","damage_taken":5,"max_hp_gain":0,"max_hp_loss":0,"event_name":"SensoryStone","floor":45,"gold_loss":0}],"is_beta":false,"boss_relics":[{"not_picked":["Snecko Eye","Cursed Key"],"picked":"Runic Pyramid"},{"not_picked":["Busted Crown","Tiny House"],"picked":"Coffee Dripper"}],"items_purged_floors":[19,24,47],"is_endless":false,"potions_floor_spawned":[4,16,22,28,31,35,36,39,44],"ascension_level":16}}