{"host":"blqtz7f1wyqlnbm9","time":1610678004,"event":{"mods":["BaseMod","Minty Spire (QoL Compilation)","Replay The Spire","StSLib"],"gold_per_floor":[110,110,122,132,144,157,177,193,266,283,283,295,295,295,295,395,395,407,113,129,29,43,43,93,111,111,127,137,137,147,167,167,167,167],"floor_reached":33,"language":"ZHS","playtime":1130,"items_purged":["Spreading Infection","Injury"],"score":286,"play_id":"90cd0806-bfc4-4ead-bc37-57a09c2c2b9b","local_time":"20210115103324","is_ascension_mode":true,"campfire_choices":[{"data":"Bouncing Flask","floor":11.0,"key":"SMITH"},{"data":"Noxious Fumes","floor":13.0,"key":"SMITH"},{"data":"Leg Sweep","floor":15.0,"key":"SMITH"},{"data":"Calculated Gamble","floor":23.0,"key":"SMITH"},{"data":"Venomology","floor":29.0,"key":"SMITH"},{"data":"Neutralize","floor":29.0,"key":"SMITH"},{"data":"Poisoned Stab","floor":32,"key":"SMITH"},{"data":"Bane","floor":32,"key":"SMITH"}],"circlet_count":0,"master_deck":["Strike_G","Strike_G","Strike_G","Strike_G","Strike_G","Defend_G","Defend_G","Defend_G","Defend_G","Defend_G","Survivor","Neutralize+1","Bouncing Flask+1","Neutralize+1","Glass Knife+1","Leg Sweep+1","Bane+1","Noxious Fumes+1","Backstab","Venomology+1","Delirium","Dagger Spray","Calculated Gamble+1","Outmaneuver+1","Corpse Explosion","Poisoned Stab+1","Footwork+1","Poisoned Stab+1"],"relics":["Ring of the Snake","Paper Crane","Replay:Ancient Bell","Vajra","Blue Candle","Lizard Tail","TwistedFunnel","Orichalcum","Replay:Arrowhead"],"acts_visited":["Exordium","TheCity"],"potions_floor_usage":[31,33],"damage_taken":[{"damage":0.0,"enemies":"Jaw Worm","floor":1.0,"turns":5.0},{"damage":0.0,"enemies":"Cultist","floor":3.0,"turns":3.0},{"damage":1.0,"enemies":"Small Slimes","floor":4.0,"turns":3.0},{"damage":4.0,"enemies":"3 Louse","floor":5.0,"turns":3.0},{"damage":3.0,"enemies":"Exordium Wildlife","floor":6.0,"turns":3.0},{"damage":0.0,"enemies":"Large Slime","floor":7.0,"turns":5.0},{"damage":1.0,"enemies":"3 Louse","floor":8.0,"turns":4.0},{"damage":10.0,"enemies":"Lots of Slimes","floor":10.0,"turns":4.0},{"damage":0.0,"enemies":"Large Slime","floor":12.0,"turns":4.0},{"damage":3.0,"enemies":"The Guardian","floor":16.0,"turns":9.0},{"damage":12.0,"enemies":"3 Byrds","floor":18.0,"turns":6.0},{"damage":5.0,"enemies":"Shell Parasite","floor":20.0,"turns":5.0},{"damage":1.0,"enemies":"Cultist and Chosen","floor":22.0,"turns":3.0},{"damage":13.0,"enemies":"Snake Plant","floor":25.0,"turns":4.0},{"damage":8.0,"enemies":"Centurion and Healer","floor":27.0,"turns":3.0},{"damage":5.0,"enemies":"Snecko","floor":28.0,"turns":3.0},{"damage":6,"enemies":"3 Cultists","floor":30,"turns":4},{"damage":27,"enemies":"Shelled Parasite and Fungi","floor":31,"turns":3},{"damage":152,"enemies":"Champ","floor":33,"turns":2}],"seed_played":"1572888880942740782","potions_obtained":[{"floor":3.0,"key":"Toxic Potion"},{"floor":5.0,"key":"SteroidPotion"},{"floor":6.0,"key":"DuplicationPotion"},{"floor":7.0,"key":"EntropicBrew"},{"floor":16.0,"key":"Block Potion"},{"floor":20.0,"key":"Swift Potion"},{"floor":25.0,"key":"Toxic Potion"},{"floor":27.0,"key":"Poison Potion"},{"floor":31,"key":"EssenceOfSteel"}],"is_trial":false,"path_per_floor":["M","?","M","M","M","M","M","M","T","M","R","M","R","?","R","B",null,"M","$","M","$","M","R","T","M","T","M","M","R","M","M","R","B"],"character_chosen":"THE_SILENT","items_purchased":["TwistedFunnel","Calculated Gamble"],"campfire_rested":0,"item_purchase_floors":[19,19],"current_hp_per_floor":[70,70,70,69,65,62,62,61,61,65,65,65,65,65,65,62,70,58,58,53,53,52,52,52,39,39,31,26,26,20,35,35,0,0],"gold":167,"neow_bonus":"RANDOM_EVENT","is_daily":false,"chose_seed":false,"campfire_upgraded":8,"win_rate":0.0,"timestamp":1610678004,"path_taken":["M","?","?","M","M","M","M","M","T","M","R","M","R","?","R","BOSS","M","$","?","$","M","R","?","M","T","?","?","R","M","M","R","BOSS"],"items_purchased_type":["Relic","Card"],"build_version":"2020-12-22","purchased_purges":2,"victory":false,"max_hp_per_floor":[70,70,70,70,70,70,70,70,70,70,70,70,70,70,70,70,70,70,70,70,70,70,70,70,70,70,70,70,70,70,70,70,70,70],"card_choices":[{"not_picked":["Poisoned Stab","Deadly Poison"],"picked":"Bouncing Flask","floor":1.0},{"not_picked":["Fluid Movement","Predator"],"picked":"Leg Sweep","floor":3.0},{"not_picked":["Flying Knee","Acrobatics"],"picked":"Bane","floor":4.0},{"not_picked":["Acrobatics","Dodge and Roll","Choke"],"picked":"SKIP","floor":5.0},{"not_picked":["Burst","Fluid Movement","Bane"],"picked":"SKIP","floor":6.0},{"not_picked":["Quick Slash","Eviscerate","Deflect"],"picked":"SKIP","floor":7.0},{"not_picked":["Escape Plan","ReplayTheSpireMod:Scrap Shanks"],"picked":"Noxious Fumes","floor":8.0},{"not_picked":["Deadly Poison","Concentrate"],"picked":"Backstab","floor":10.0},{"not_picked":["Dagger Throw","Underhanded Strike","Eviscerate"],"picked":"SKIP","floor":12.0},{"not_picked":["Phantasmal Killer","Replay:Bag of Tricks"],"picked":"Venomology","floor":16.0},{"not_picked":["Sickly","Languid"],"picked":"Delirium","floor":17.0},{"not_picked":["Regret","Shame"],"picked":"Injury","floor":17.0},{"not_picked":["ReplayTheSpireMod:IOU","Looming Evil"],"picked":"Spreading Infection","floor":17.0},{"not_picked":["Acrobatics","Caltrops"],"picked":"Dagger Spray","floor":18.0},{"not_picked":["Dodge and Roll","Bane"],"picked":"Outmaneuver+1","floor":20.0},{"not_picked":["PiercingWail","Quick Slash","Backflip"],"picked":"SKIP","floor":22.0},{"not_picked":["ReplayTheSpireMod:Shiv Toss","Noxious Fumes"],"picked":"Corpse Explosion","floor":25.0},{"not_picked":["Outmaneuver","Acrobatics","Dagger Throw+1"],"picked":"SKIP","floor":27.0},{"not_picked":["Outmaneuver","Prepared"],"picked":"Poisoned Stab+1","floor":28.0},{"not_picked":["Dagger Spray","Heel Hook"],"picked":"Footwork+1","floor":30},{"not_picked":["Deadly Poison","Hidden Blade"],"picked":"Poisoned Stab","floor":31}],"player_experience":207303,"relics_obtained":[{"floor":9.0,"key":"Paper Crane"},{"floor":24.0,"key":"Orichalcum"},{"floor":26.0,"key":"Replay:Arrowhead"}],"event_choices":[{"damage_healed":0.0,"max_hp_gain":0.0,"max_hp_loss":0.0,"gold_gain":0.0,"event_name":"Living Wall","player_choice":"Grow","floor":0.0,"gold_loss":0.0,"damage_taken":0.0,"cards_upgraded":["Neutralize"]},{"damage_healed":0.0,"max_hp_gain":0.0,"max_hp_loss":0.0,"gold_gain":0.0,"event_name":"Match and Keep!","player_choice":"2 cards matched","floor":2.0,"gold_loss":0.0,"damage_taken":0.0,"cards_obtained":["Neutralize","Glass Knife"]},{"damage_healed":0.0,"max_hp_gain":0.0,"max_hp_loss":0.0,"gold_gain":0.0,"event_name":"Upgrade Shrine","player_choice":"Upgraded","floor":14.0,"gold_loss":0.0,"damage_taken":0.0,"cards_upgraded":["Glass Knife"]}],"is_beta":false,"boss_relics":[{"not_picked":["Black Star","Tiny House"],"picked":"Replay:Ancient Bell"},{"not_picked":["Happy Flower","Pet Ghost"],"picked":"Vajra"},{"not_picked":["Meat on the Bone","Sundial"],"picked":"Blue Candle"},{"not_picked":["Unceasing Top","CaptainsWheel"],"picked":"Lizard Tail"}],"items_purged_floors":[19,21],"is_endless":false,"potions_floor_spawned":[3,5,6,7,16,20,25,27,31],"killed_by":"Champ","ascension_level":3}}