{"host":"3iouabftir4t7z56","time":1610680094,"event":{"mods":["2.2 Compatiblity","Act Like it!","BaseMod","Colored Map","Hallownest","Minty Spire (QoL Compilation)","StSLib","The Bug Knight","The Cursed"],"gold_per_floor":[18,18,28,28,28,44,56,91,91,56,56,11,24,38,38,143,143,160,176,189,204,224,224,237,237,315,115,115,115,115,4,4,104,104,116,116,116],"floor_reached":36,"language":"ENG","playtime":3790,"items_purged":["Hallownest:curseDreamersLament"],"score":366,"play_id":"df2b93d8-87fb-4483-844e-a0d8b3120888","local_time":"20210115040814","is_ascension_mode":false,"campfire_choices":[{"floor":15,"key":"REST"},{"floor":23,"key":"REST"},{"floor":28,"key":"REST"},{"data":"HollowMod:CrystalDash","floor":30,"key":"SMITH"},{"floor":32,"key":"REST"}],"circlet_count":0,"master_deck":["HollowMod:NailStrikeStart","HollowMod:NailStrikeStart","HollowMod:NailStrikeStart","HollowMod:NailStrikeStart","HollowMod:QuickDashStart","HollowMod:QuickDashStart","HollowMod:QuickDashStart","HollowMod:QuickDashStart","HollowMod:FocusHealStart","HollowMod:PogoStrike","HollowMod:AwokenDreamNail+1","HollowMod:CrystalDash+1","HollowMod:MonomonsArchive","HollowMod:SoulStrike","HollowMod:CycloneSlash","HollowMod:MonarchWings","HollowMod:HerrahsAnger","HollowMod:GoodIntentions","HollowMod:CornifersMapStart","HollowMod:SoulSplash","HollowMod:ShapeofUnn","Doubt","HollowMod:MantisMark","HollowMod:Grubsong","HollowMod:PureVessel","HollowMod:PerfectDash"],"relics":["HollowMod:KingsSoulRelic","Hallownest:TeacherSealRelic","Mercury Hourglass","Hallownest:DreamNailRelic","Cursed Key","Kunai","Hallownest:WatcherSealRelic"],"acts_visited":["Hallownest:Greenpath","Hallownest:CityofTears","Hallownest:KingdomsEdge"],"potions_floor_usage":[13,16,19,24,24,33,33,33],"damage_taken":[{"damage":4,"enemies":"Hallownest:2_Baldur","floor":1,"turns":3},{"damage":15,"enemies":"Hallownest:2_MossCreeps","floor":3,"turns":7},{"damage":5,"enemies":"Hallownest:monsterHuskWarrior","floor":6,"turns":4},{"damage":20,"enemies":"Hallownest:Guard_and_Warrior","floor":7,"turns":8},{"damage":34,"enemies":"Hallownest:eliteCrystalGuardian","floor":8,"turns":8},{"damage":9,"enemies":"Hallownest:2_Tiktiks_1_Baldur_1_Crawlid","floor":13,"turns":4},{"damage":1,"enemies":"Hallownest:monsterMossCharger","floor":14,"turns":5},{"damage":64,"enemies":"Hallownest:BossHornet","floor":16,"turns":17},{"damage":11,"enemies":"Hallownest:2_Mistakes","floor":18,"turns":6},{"damage":22,"enemies":"Hallownest:3_Youths","floor":19,"turns":7},{"damage":24,"enemies":"Hallownest:2_Flukemon","floor":20,"turns":9},{"damage":16,"enemies":"Hallownest:2_Husk_Sentries","floor":21,"turns":9},{"damage":35,"enemies":"Hallownest:3_Mistakes","floor":22,"turns":13},{"damage":25,"enemies":"Hallownest:Master_and_Novice","floor":24,"turns":4},{"damage":68,"enemies":"Hallownest:BossMantisLord","floor":33,"turns":10},{"damage":44,"enemies":"Hallownest:Shield_Heavy","floor":35,"turns":10},{"damage":58,"enemies":"Hallownest:3_Siblings","floor":36,"turns":12}],"seed_played":"-4277638817385383542","potions_obtained":[{"floor":1,"key":"DistilledChaos"},{"floor":7,"key":"Regen Potion"},{"floor":16,"key":"Energy Potion"},{"floor":18,"key":"PowerPotion"},{"floor":19,"key":"EssenceOfSteel"},{"floor":22,"key":"LiquidBronze"}],"is_trial":false,"path_per_floor":["M","?","M","$","?","M","M","E","T","?","?","$","M","M","R","B",null,"M","M","M","M","M","R","M","?","T","$","R","?","R","$","R","B",null,"M","M"],"character_chosen":"THE_BUGKNIGHT","items_purchased":["HollowMod:CycloneSlash","Regen Potion","Fire Potion","HollowMod:MantisMark","HollowMod:Grubsong"],"campfire_rested":4,"item_purchase_floors":[12,27,27,31,31],"current_hp_per_floor":[71,71,66,66,66,67,59,31,31,36,36,36,39,38,62,10,80,75,59,45,40,13,37,16,16,16,16,40,40,40,40,64,14,80,45,0,0],"gold":116,"neow_bonus":"THREE_RARE_CARDS","is_daily":false,"chose_seed":false,"campfire_upgraded":1,"win_rate":0.0,"timestamp":1610680094,"path_taken":["M","?","M","$","?","M","M","E","T","?","?","$","?","M","R","BOSS","M","M","?","M","?","R","M","?","T","$","R","?","R","$","R","BOSS","M","M"],"items_purchased_type":["Card","Potion","Potion","Card","Card"],"build_version":"2020-12-22","purchased_purges":1,"victory":false,"max_hp_per_floor":[75,75,75,75,75,75,75,75,75,80,80,80,80,80,80,80,80,80,80,80,80,80,80,80,80,80,80,80,80,80,80,80,80,80,80,80,80],"card_choices":[{"not_picked":["HollowMod:HornetsHelp","HollowMod:NewInfectedGuardian"],"picked":"HollowMod:AwokenDreamNail","floor":0},{"not_picked":["HollowMod:SiblingsSouls","HollowMod:TaintedHusks"],"picked":"HollowMod:CrystalDash","floor":1},{"not_picked":["HollowMod:SoulSplash","HollowMod:BlackTendrils"],"picked":"HollowMod:MonomonsArchive","floor":3},{"not_picked":["HollowMod:DescendingDark","HollowMod:InfectionAssault"],"picked":"HollowMod:SoulStrike","floor":6},{"not_picked":["HollowMod:SharpenedShadows","HollowMod:DreamGate","HollowMod:InfectedAttack"],"picked":"SKIP","floor":7},{"not_picked":["HollowMod:HeavyBlow","HollowMod:SiblingsShadow","HollowMod:MothsMistake"],"picked":"SKIP","floor":8},{"not_picked":["HollowMod:GoodIntentions","HollowMod:InfectedCysts"],"picked":"HollowMod:MonarchWings","floor":13},{"not_picked":["HollowMod:CycloneSlash","HollowMod:DoubleDash","HollowMod:LordofShades"],"picked":"SKIP","floor":14},{"not_picked":["HollowMod:LordofShades","HollowMod:NewInfectedGuardian"],"picked":"HollowMod:HerrahsAnger","floor":16},{"not_picked":["HollowMod:VengefulVoid","HollowMod:GreatSlash"],"picked":"HollowMod:GoodIntentions","floor":18},{"not_picked":["HollowMod:SiblingsSouls+1","HollowMod:NewLittleFool"],"picked":"HollowMod:CornifersMapStart","floor":19},{"not_picked":["HollowMod:GrimmsGift","HollowMod:GoodIntentions"],"picked":"HollowMod:SoulSplash","floor":20},{"not_picked":["HollowMod:SharpenedNail","HollowMod:HuntersJournal","HollowMod:InfectedCysts"],"picked":"SKIP","floor":21},{"not_picked":["HollowMod:SiblingsSouls","HollowMod:LordofShades"],"picked":"HollowMod:ShapeofUnn","floor":22},{"not_picked":["HollowMod:GrimmsGift","HollowMod:SharpenedShadows+1","HollowMod:AbyssShriek"],"picked":"SKIP","floor":24},{"not_picked":["HollowMod:HerrahsAnger","HollowMod:ZotesMagnificence"],"picked":"HollowMod:PureVessel","floor":33},{"not_picked":["HollowMod:HeavyBlow+1","HollowMod:HuntersJournal+1"],"picked":"HollowMod:PerfectDash","floor":35}],"player_experience":643356,"relics_obtained":[{"floor":8,"key":"Mercury Hourglass"},{"floor":26,"key":"Kunai"}],"event_choices":[],"is_beta":false,"boss_relics":[{"not_picked":["Coffee Dripper","Empty Cage"],"picked":"Cursed Key"},{"not_picked":["Busted Crown","Philosopher\u0027s Stone"],"picked":"HollowMod:KingsSoulRelic"}],"items_purged_floors":[27],"is_endless":false,"potions_floor_spawned":[1,7,16,18,19,22],"killed_by":"Hallownest:3_Siblings","ascension_level":0}}