{"host":"i4yzoangb31cseo0","time":1610727993,"event":{"mods":["AchievementEnabler","BaseMod","ChefMod","Colored Powertips","Curses Come First","Hermit","Minty Spire (QoL Compilation)","StSLib","The Servant 0.9.4","TheWitcher"],"gold_per_floor":[112,112,112,131,131,162,16,16,16,28,43,43,118,134,134,235,235,248,248,266,36,53,53,65,85,108,119,219,219,219,230,230,331,331,341,356,406,70,70,20,33,107,159,179,179,61,78,93,93,93],"floor_reached":51,"language":"ENG","playtime":5193,"items_purged":["Strike_R","Strike_R"],"score":676,"play_id":"a5bb5e54-d49a-4752-a4e5-abdea1d4f27d","local_time":"20210116025633","is_ascension_mode":false,"campfire_choices":[{"floor":8.0,"key":"REST"},{"floor":12.0,"key":"REST"},{"data":"Seeing Red","floor":15.0,"key":"SMITH"},{"data":"Seeing Red","floor":23.0,"key":"SMITH"},{"floor":29.0,"key":"REST"},{"data":"Seeing Red","floor":32.0,"key":"SMITH"},{"floor":45.0,"key":"REST"},{"floor":49,"key":"REST"}],"circlet_count":0,"master_deck":["Strike_R","Strike_R","Defend_R+1","Defend_R","Defend_R","Defend_R+1","Reaper+1","Heavy Blade","Barricade","Seeing Red+1","Rampage","Bloodletting","Anger","Burning Pact","Seeing Red+1","Impervious","CurseOfTheBell","Cleave+1","Inflame+1","Body Slam","Body Slam","Blood for Blood","Entrench","Seeing Red+1","Anger","Warcry","Impervious","Body Slam+1","Power Through+1","Apotheosis+1","Enlightenment+1","Anger","Ghostly Armor+1","Spot Weakness+1","Deep Breath+1","Body Slam+1","Ghostly Armor+1"],"relics":["Burning Blood","Ancient Tea Set","Bag of Marbles","War Paint","Calling Bell","Pen Nib","HornCleat","StoneCalendar","Membership Card","Nunchaku","PreservedInsect","WingedGreaves","Darkstone Periapt","SlaversCollar","Unceasing Top","Toxic Egg 2","Meat on the Bone","Blood Vial","Orichalcum"],"acts_visited":["Exordium","TheCity","TheBeyond"],"potions_floor_usage":[50,50],"damage_taken":[{"damage":0.0,"enemies":"2 Louse","floor":1.0,"turns":2.0},{"damage":22.0,"enemies":"Cultist","floor":4.0,"turns":6.0},{"damage":38.0,"enemies":"Gremlin Nob","floor":6.0,"turns":5.0},{"damage":3.0,"enemies":"Small Slimes","floor":10.0,"turns":3.0},{"damage":18.0,"enemies":"Exordium Thugs","floor":11.0,"turns":4.0},{"damage":4.0,"enemies":"Gremlin Gang","floor":14.0,"turns":4.0},{"damage":67.0,"enemies":"The Guardian","floor":16.0,"turns":11.0},{"damage":5.0,"enemies":"Chosen","floor":18.0,"turns":6.0},{"damage":20.0,"enemies":"3 Byrds","floor":20.0,"turns":7.0},{"damage":36.0,"enemies":"3 Cultists","floor":22.0,"turns":5.0},{"damage":21.0,"enemies":"Cultist and Chosen","floor":24.0,"turns":5.0},{"damage":13.0,"enemies":"Chosen and Byrds","floor":25.0,"turns":5.0},{"damage":31.0,"enemies":"3 Cultists","floor":27.0,"turns":6.0},{"damage":23.0,"enemies":"Colosseum Slavers","floor":28.0,"turns":3.0},{"damage":20.0,"enemies":"Colosseum Nobs","floor":28.0,"turns":5.0},{"damage":7.0,"enemies":"Snake Plant","floor":31.0,"turns":4.0},{"damage":35.0,"enemies":"Champ","floor":33.0,"turns":8.0},{"damage":35.0,"enemies":"Orb Walker","floor":35.0,"turns":6.0},{"damage":0.0,"enemies":"3 Shapes","floor":36.0,"turns":7.0},{"damage":0.0,"enemies":"Mind Bloom Boss Battle","floor":37.0,"turns":7.0},{"damage":39.0,"enemies":"3 Darklings","floor":41.0,"turns":7.0},{"damage":55.0,"enemies":"Sphere and 2 Shapes","floor":44.0,"turns":7.0},{"damage":20.0,"enemies":"Jaw Worm Horde","floor":47.0,"turns":6.0},{"damage":34.0,"enemies":"Spire Growth","floor":48.0,"turns":6.0},{"damage":20,"enemies":"Time Eater","floor":50,"turns":9}],"seed_played":"-2643768717822078548","potions_obtained":[{"floor":4.0,"key":"Energy Potion"},{"floor":10.0,"key":"PowerPotion"},{"floor":14.0,"key":"Energy Potion"},{"floor":18.0,"key":"Dexterity Potion"},{"floor":20.0,"key":"ColorlessPotion"},{"floor":28.0,"key":"ColorlessPotion"},{"floor":36.0,"key":"EssenceOfSteel"},{"floor":37.0,"key":"CultistPotion"},{"floor":41.0,"key":"Swift Potion"},{"floor":47.0,"key":"Regen Potion"}],"is_trial":false,"path_per_floor":["M","?","?","M","?","E","$","R","T","M","M","R","?","M","R","B",null,"M","?","M","$","M","R","M","M","T","M","?","R","?","M","R","B",null,"M","M","?","$","?","$","M","T","T","M","R","$","M","M","R","B",null],"character_chosen":"IRONCLAD","items_purchased":["Rampage","Bloodletting","Membership Card","Body Slam","Nunchaku","Toxic Egg 2","DuplicationPotion","Apotheosis+1","Enlightenment+1","Anger","Deep Breath+1","Orichalcum"],"campfire_rested":5,"item_purchase_floors":[7,7,21,21,21,38,38,38,38,38,46,46],"current_hp_per_floor":[80,80,80,64,64,32,32,56,56,59,54,78,67,72,72,18,80,80,65,62,62,59,59,58,55,55,60,53,78,78,78,78,57,85,60,66,79,79,79,79,62,62,62,31,56,56,58,58,83,85],"gold":93,"neow_bonus":"ONE_RANDOM_RARE_CARD","is_daily":false,"chose_seed":false,"campfire_upgraded":3,"win_rate":0.0,"timestamp":1610727993,"path_taken":["M","?","?","?","?","E","?","R","T","M","?","R","?","M","R","BOSS","M","?","M","$","M","R","M","M","T","M","?","R","?","M","R","BOSS","M","M","?","$","?","?","?","?","T","?","R","$","M","M","R","BOSS"],"items_purchased_type":["Card","Card","Relic","Card","Relic","Relic","Potion","Card","Card","Card","Card","Relic"],"build_version":"2020-12-22","purchased_purges":2,"victory":true,"max_hp_per_floor":[80,80,80,80,80,80,80,80,80,80,80,80,80,80,80,80,80,80,85,85,85,85,85,85,85,85,85,85,85,85,85,85,85,85,85,85,85,85,85,85,85,85,85,85,85,85,85,85,85,85],"card_choices":[{"not_picked":["Shrug It Off","Pommel Strike"],"picked":"Warcry","floor":1.0},{"not_picked":["Headbutt","Seeing Red"],"picked":"Heavy Blade","floor":4.0},{"not_picked":["Reaper","Thunderclap"],"picked":"Seeing Red","floor":6.0},{"not_picked":["Sword Boomerang","Seeing Red"],"picked":"Anger","floor":10.0},{"not_picked":["Spot Weakness","Intimidate"],"picked":"Burning Pact","floor":11.0},{"not_picked":["Dark Embrace","Armaments"],"picked":"Seeing Red","floor":14.0},{"not_picked":["Reaper","Fiend Fire"],"picked":"Impervious","floor":16.0},{"not_picked":["Armaments","Spot Weakness"],"picked":"Cleave+1","floor":18.0},{"not_picked":["Dark Embrace","Armaments"],"picked":"Inflame+1","floor":20.0},{"not_picked":["Searing Blow","Rupture"],"picked":"Body Slam","floor":22.0},{"not_picked":["Searing Blow","Uppercut"],"picked":"Blood for Blood","floor":24.0},{"not_picked":["Berserk","True Grit","Clothesline"],"picked":"SKIP","floor":25.0},{"not_picked":["Clash","Sword Boomerang"],"picked":"Entrench","floor":27.0},{"not_picked":["Rupture","Perfected Strike"],"picked":"Seeing Red","floor":28.0},{"not_picked":["Shrug It Off","Clash"],"picked":"Warcry","floor":31.0},{"not_picked":["Reaper","Corruption"],"picked":"Impervious","floor":33.0},{"not_picked":["Warcry+1","Perfected Strike+1"],"picked":"Body Slam+1","floor":35.0},{"not_picked":["Combust","Perfected Strike+1","Feel No Pain+1"],"picked":"SKIP","floor":36.0},{"not_picked":["Thunderclap+1","Perfected Strike+1"],"picked":"Power Through+1","floor":37.0},{"not_picked":["Heavy Blade","Power Through+1"],"picked":"Ghostly Armor+1","floor":41.0},{"not_picked":["Perfected Strike","Ghostly Armor+1"],"picked":"Spot Weakness+1","floor":44.0},{"not_picked":["Hemokinesis+1","Warcry+1"],"picked":"Body Slam+1","floor":47.0},{"not_picked":["Pummel","True Grit+1"],"picked":"Ghostly Armor+1","floor":48.0}],"player_experience":70501,"relics_obtained":[{"floor":6.0,"key":"Bag of Marbles"},{"floor":9.0,"key":"War Paint"},{"floor":17.0,"key":"Pen Nib"},{"floor":17.0,"key":"HornCleat"},{"floor":17.0,"key":"StoneCalendar"},{"floor":26.0,"key":"PreservedInsect"},{"floor":28.0,"key":"WingedGreaves"},{"floor":28.0,"key":"Darkstone Periapt"},{"floor":37.0,"key":"Unceasing Top"},{"floor":42.0,"key":"Meat on the Bone"},{"floor":43.0,"key":"Blood Vial"}],"event_choices":[{"damage_healed":0.0,"max_hp_gain":0.0,"max_hp_loss":0.0,"gold_gain":0.0,"event_name":"Living Wall","player_choice":"Grow","floor":2.0,"gold_loss":0.0,"damage_taken":0.0,"cards_upgraded":["Reaper"]},{"cards_removed":["Warcry"],"damage_healed":0.0,"max_hp_gain":0.0,"max_hp_loss":0.0,"gold_gain":0.0,"event_name":"WeMeetAgain","player_choice":"Gave Card","floor":3.0,"gold_loss":0.0,"damage_taken":0.0,"relics_obtained":["Ancient Tea Set"]},{"damage_healed":0.0,"max_hp_gain":0.0,"max_hp_loss":0.0,"gold_gain":0.0,"cards_transformed":["Strike_R"],"event_name":"Transmorgrifier","player_choice":"Transformed","floor":5.0,"gold_loss":0.0,"damage_taken":0.0,"cards_obtained":["Barricade"]},{"damage_healed":0.0,"max_hp_gain":0.0,"max_hp_loss":0.0,"gold_gain":75.0,"event_name":"World of Goop","player_choice":"Gather Gold","floor":13.0,"gold_loss":0.0,"damage_taken":11.0},{"damage_healed":0.0,"max_hp_gain":5.0,"max_hp_loss":0.0,"gold_gain":0.0,"event_name":"Forgotten Altar","player_choice":"Shed Blood","floor":19.0,"gold_loss":0.0,"damage_taken":20.0},{"damage_healed":0.0,"max_hp_gain":0.0,"max_hp_loss":0.0,"gold_gain":0.0,"event_name":"Colosseum","player_choice":"Fight","floor":28.0,"gold_loss":0.0,"damage_taken":0.0},{"damage_healed":0.0,"max_hp_gain":0.0,"max_hp_loss":0.0,"gold_gain":0.0,"event_name":"Colosseum","player_choice":"Fought Nobs","floor":28.0,"gold_loss":0.0,"damage_taken":0.0},{"damage_healed":0.0,"max_hp_gain":0.0,"max_hp_loss":0.0,"gold_gain":0.0,"event_name":"Duplicator","player_choice":"Copied","floor":30.0,"gold_loss":0.0,"damage_taken":0.0,"cards_obtained":["Anger"]},{"damage_healed":0.0,"max_hp_gain":0.0,"max_hp_loss":0.0,"gold_gain":0.0,"event_name":"MindBloom","player_choice":"Fight","floor":37.0,"gold_loss":0.0,"damage_taken":0.0},{"cards_removed":["Bash"],"damage_healed":0.0,"max_hp_gain":0.0,"max_hp_loss":0.0,"gold_gain":0.0,"event_name":"Falling","player_choice":"Removed Attack","floor":39.0,"gold_loss":0.0,"damage_taken":0.0}],"is_beta":false,"boss_relics":[{"not_picked":["Fusion Hammer","Busted Crown"],"picked":"Calling Bell"},{"not_picked":["Tiny House","Cursed Key"],"picked":"SlaversCollar"}],"items_purged_floors":[38,40],"is_endless":false,"potions_floor_spawned":[4,10,14,18,20,28,28,36,37,41,47],"ascension_level":0}}