{"host":"y7sd46uq4xlni546","time":1610740309,"event":{"mods":["AchievementEnabler","BaseMod","Colored Map","Colored Powertips","Curses Come First","Filter the Spire","Minty Spire (QoL Compilation)","Quick Restart","Random Character Button","Rare Cards Sparkle","StSLib"],"gold_per_floor":[115,115,134,134,150,150,150,150,173,18,18,31,31,69,69,199,199,212,237,237,237,258,183,183,183,183],"floor_reached":25,"language":"ENG","playtime":1821,"items_purged":[],"score":279,"play_id":"c9dab349-7d98-4ad8-9dcb-6fb9f031e0e0","local_time":"20210115205149","is_ascension_mode":true,"campfire_choices":[{"floor":6.0,"key":"REST"},{"data":"Juggernaut","floor":13,"key":"SMITH"},{"floor":15,"key":"REST"},{"floor":24,"key":"REST"}],"circlet_count":0,"master_deck":["Strike_R","Strike_R","Defend_R","Defend_R","Defend_R","Bash","Sentinel+1","Exhume+1","Double Tap+1","Dropkick","Combust","Armaments+1","Ghostly Armor","Juggernaut+1","Flash of Steel","Double Tap","Rupture","Demon Form","Cleave"],"relics":["Astrolabe","Golden Idol","Nunchaku","Oddly Smooth Stone","Bronze Scales"],"acts_visited":["Exordium","TheCity"],"potions_floor_usage":[18,22,22,25],"damage_taken":[{"damage":10.0,"enemies":"Cultist","floor":1.0,"turns":5.0},{"damage":12.0,"enemies":"Jaw Worm","floor":3.0,"turns":2.0},{"damage":0.0,"enemies":"Small Slimes","floor":5.0,"turns":3.0},{"damage":7,"enemies":"Looter","floor":12,"turns":3},{"damage":26,"enemies":"Lagavulin","floor":14,"turns":7},{"damage":47,"enemies":"Slime Boss","floor":16,"turns":9},{"damage":14,"enemies":"3 Byrds","floor":18,"turns":5},{"damage":31,"enemies":"Shell Parasite","floor":19,"turns":7},{"damage":18,"enemies":"Snake Plant","floor":22,"turns":4},{"damage":34,"enemies":"Slavers","floor":25,"turns":1}],"seed_played":"-7240841945232683634","potions_obtained":[{"floor":1.0,"key":"HeartOfIron"},{"floor":2.0,"key":"DuplicationPotion"},{"floor":2.0,"key":"SteroidPotion"},{"floor":18,"key":"Dexterity Potion"}],"is_trial":false,"path_per_floor":["M","?","M","$","M","R","?","?","T","$","?","M","R","E","R","B",null,"M","M","?","?","M","?","R","E"],"character_chosen":"IRONCLAD","items_purchased":["Oddly Smooth Stone"],"campfire_rested":3,"item_purchase_floors":[10],"current_hp_per_floor":[62,62,50,50,50,74,74,74,74,74,74,67,67,41,65,18,65,51,20,20,20,2,2,26,0,0],"gold":183,"neow_bonus":"BOSS_RELIC","is_daily":false,"chose_seed":false,"campfire_upgraded":1,"win_rate":0.0,"timestamp":1610740309,"path_taken":["M","?","?","$","M","R","?","?","T","$","?","M","R","E","R","BOSS","M","?","?","?","?","?","R","E"],"items_purchased_type":["Relic"],"build_version":"2020-12-22","purchased_purges":0,"victory":false,"max_hp_per_floor":[80,80,80,80,80,80,80,80,80,80,80,80,80,80,80,80,80,80,80,80,80,80,80,80,80,80],"card_choices":[{"not_picked":["Iron Wave","Bloodletting"],"picked":"Dropkick","floor":1.0},{"not_picked":["Uppercut","Havoc"],"picked":"Combust","floor":3.0},{"not_picked":["Flex","Anger"],"picked":"Armaments","floor":5.0},{"not_picked":["Seeing Red","Havoc"],"picked":"Double Tap","floor":12},{"not_picked":["Disarm","Second Wind"],"picked":"Rupture","floor":14},{"not_picked":["Fiend Fire","Double Tap"],"picked":"Demon Form","floor":16},{"not_picked":["Warcry","Pommel Strike","Dropkick"],"picked":"SKIP","floor":18},{"not_picked":["Wild Strike","Uppercut"],"picked":"Cleave","floor":19},{"not_picked":["Dropkick","Iron Wave","Clothesline"],"picked":"SKIP","floor":22}],"player_experience":642561,"relics_obtained":[{"floor":9.0,"key":"Nunchaku"},{"floor":14,"key":"Bronze Scales"}],"event_choices":[{"damage_healed":0.0,"max_hp_gain":0.0,"max_hp_loss":0.0,"gold_gain":0.0,"event_name":"Lab","player_choice":"Got Potions","floor":2.0,"gold_loss":0.0,"damage_taken":0.0},{"damage_healed":0.0,"max_hp_gain":0.0,"max_hp_loss":0.0,"gold_gain":0.0,"event_name":"Living Wall","player_choice":"Grow","floor":7.0,"gold_loss":0.0,"damage_taken":0.0,"cards_upgraded":["Armaments"]},{"damage_healed":0.0,"max_hp_gain":0.0,"max_hp_loss":0.0,"gold_gain":0.0,"event_name":"Golden Idol","player_choice":"Take Wound","floor":8.0,"gold_loss":0.0,"damage_taken":0.0,"relics_obtained":["Golden Idol"],"cards_obtained":["Injury"]},{"damage_healed":0,"gold_gain":0,"player_choice":"3 cards matched","damage_taken":0,"max_hp_gain":0,"max_hp_loss":0,"event_name":"Match and Keep!","floor":11,"gold_loss":0,"cards_obtained":["Ghostly Armor","Juggernaut","Flash of Steel"]},{"damage_healed":0,"gold_gain":0,"player_choice":"Ignored","damage_taken":0,"max_hp_gain":0,"max_hp_loss":0,"event_name":"Ghosts","floor":20,"gold_loss":0},{"cards_removed":["Injury"],"damage_healed":0,"gold_gain":0,"player_choice":"Purged","damage_taken":0,"max_hp_gain":0,"max_hp_loss":0,"event_name":"Purifier","floor":21,"gold_loss":0},{"cards_removed":["Strike_R"],"damage_healed":0,"gold_gain":0,"player_choice":"Gave Gold","damage_taken":0,"max_hp_gain":0,"max_hp_loss":0,"event_name":"Beggar","floor":23,"gold_loss":75}],"is_beta":false,"boss_relics":[{"not_picked":["Philosopher\u0027s Stone","Ectoplasm","Pandora\u0027s Box"]}],"items_purged_floors":[],"is_endless":false,"potions_floor_spawned":[1,5,18,19],"killed_by":"Slavers","ascension_level":8}}