{"host":"61xbmbtf5zrn7rzc","time":1610695700,"event":{"mods":["BaseMod","Challenge The Spire","Hubris","Infinite Spire","Minty Spire (QoL Compilation)","Replay The Spire","StSLib","SuperFastMode"],"gold_per_floor":[362,132,92,110,126,160,160,188,188,188,204,204,218,237,237,241,241],"floor_reached":16,"language":"ENG","playtime":533,"items_purged":["Strike_G"],"score":129,"play_id":"16082bd7-489e-4bf6-a486-a4549b03c8e3","local_time":"20210115022820","is_ascension_mode":true,"campfire_choices":[{"floor":7,"key":"REST"},{"floor":12,"key":"REST"},{"data":"Footwork","floor":15,"key":"SMITH"}],"circlet_count":0,"master_deck":["Strike_G","Strike_G","Strike_G","Strike_G","Defend_G","Defend_G","Defend_G","Defend_G","Defend_G","Survivor","Neutralize","Noxious Fumes","Footwork+1"],"relics":["Bronze Scales","ReplayTheSpireMod:TigerMarble","infinitespire:Midas Blood","Sizzling Blood"],"acts_visited":["Exordium"],"potions_floor_usage":[6,8,8,16,16],"damage_taken":[{"damage":4,"enemies":"Small Slimes","floor":1,"turns":4},{"damage":2,"enemies":"Cultist","floor":4,"turns":4},{"damage":2,"enemies":"Jaw Worm","floor":5,"turns":4},{"damage":44,"enemies":"Gremlin Nob","floor":6,"turns":6},{"damage":32,"enemies":"3 Sentries","floor":8,"turns":10},{"damage":6,"enemies":"2 Fungi Beasts","floor":11,"turns":4},{"damage":4,"enemies":"Red Slaver","floor":13,"turns":4},{"damage":7,"enemies":"3 Louse","floor":14,"turns":4},{"damage":34,"enemies":"Slime Boss","floor":16,"turns":6}],"seed_played":"252327749194112647","potions_obtained":[{"floor":3,"key":"Elixir"},{"floor":3,"key":"SkillPotion"},{"floor":3,"key":"FairyPotion"},{"floor":6,"key":"SkillPotion"},{"floor":8,"key":"Swift Potion"},{"floor":13,"key":"Explosive Potion"},{"floor":14,"key":"AttackPotion"}],"is_trial":false,"path_per_floor":["M","$","?","M","M","E","R","E","T","?","M","R","M","M","R","B"],"character_chosen":"THE_SILENT","items_purchased":["Bronze Scales"],"campfire_rested":2,"item_purchase_floors":[2],"current_hp_per_floor":[45,45,45,43,41,21,42,10,10,14,12,34,34,31,31,0,0],"gold":241,"neow_bonus":"TWO_FIFTY_GOLD","is_daily":false,"chose_seed":false,"campfire_upgraded":1,"win_rate":0.0,"timestamp":1610695700,"path_taken":["M","$","?","M","?","E","R","E","T","?","M","R","M","M","R","BOSS"],"items_purchased_type":["Relic"],"build_version":"2020-12-22","purchased_purges":1,"victory":false,"max_hp_per_floor":[70,70,70,70,70,70,70,70,70,74,74,74,74,74,74,74,74],"card_choices":[{"not_picked":["ReplayTheSpireMod:Tripwire","Quick Slash","Prepared"],"picked":"SKIP","floor":1},{"not_picked":["Terror","Prepared","Setup"],"picked":"SKIP","floor":4},{"not_picked":["Dagger Throw","Heel Hook","Outmaneuver"],"picked":"SKIP","floor":5},{"not_picked":["Calculated Gamble","Eviscerate","ReplayTheSpireMod:Scrap Shanks"],"picked":"SKIP","floor":6},{"not_picked":["ReplayTheSpireMod:The Works","Dagger Spray"],"picked":"Noxious Fumes","floor":8},{"not_picked":["Replay:Poison Smokescreen","Dodge and Roll","All Out Attack"],"picked":"SKIP","floor":11},{"not_picked":["Prepared","Flying Knee","Well Laid Plans"],"picked":"SKIP","floor":13},{"not_picked":["Dagger Spray","Bane"],"picked":"Footwork","floor":14}],"player_experience":122789,"relics_obtained":[{"floor":6,"key":"ReplayTheSpireMod:TigerMarble"},{"floor":8,"key":"infinitespire:Midas Blood"}],"event_choices":[{"damage_healed":0,"gold_gain":0,"player_choice":"Bought 3 Potions","damage_taken":0,"max_hp_gain":0,"max_hp_loss":0,"event_name":"The Woman in Blue","floor":3,"gold_loss":0}],"is_beta":false,"boss_relics":[],"items_purged_floors":[2],"is_endless":false,"potions_floor_spawned":[6,8,13,14],"killed_by":"Slime Boss","ascension_level":3}}