{"host":"2yhbarjh4s9lrrzt","time":1610741010,"event":{"mods":["BaseMod","Better Third Choice","Minty Spire (QoL Compilation)","Replay The Spire","StSLib"],"gold_per_floor":[115,115,115,167,183,225,245,245,245,245,245,245,274,298,298,298,298,413,413,436,436,346,370,400,408,408],"floor_reached":25,"language":"ENG","playtime":2523,"items_purged":[],"score":201,"play_id":"ca592b52-4326-4f9a-98ec-474f8dd443e9","local_time":"20210115150330","is_ascension_mode":false,"campfire_choices":[{"floor":8.0,"key":"REST"},{"floor":12.0,"key":"REST"},{"floor":15.0,"key":"REST"},{"floor":17.0,"key":"REST"}],"circlet_count":0,"master_deck":["Strike_P","Strike_P","Strike_P","Defend_P","Defend_P","Defend_P+1","Eruption+1","Vigilance","EmptyFist","Replay:ManipulateFuture","Prostrate","FollowUp","SashWhip","Replay:DivineShield+1","ThirdEye","Replay:Vibes","DeusExMachina+1","LessonLearned+1","Replay:DivineShield+1","Nirvana+1","CarveReality+1","Vengeance+1"],"relics":["PureWater","Replay:Bandana","Frozen Egg 2","Astrolabe"],"acts_visited":["Exordium","TheCity"],"potions_floor_usage":[23,23,24,25],"damage_taken":[{"damage":8.0,"enemies":"Jaw Worm","floor":1.0,"turns":5.0},{"damage":0.0,"enemies":"Small Slimes","floor":5.0,"turns":6.0},{"damage":56.0,"enemies":"Lagavulin","floor":6.0,"turns":12.0},{"damage":0.0,"enemies":"Cultist","floor":7.0,"turns":4.0},{"damage":14.0,"enemies":"Large Slime","floor":13.0,"turns":5.0},{"damage":9.0,"enemies":"Exordium Wildlife","floor":14.0,"turns":4.0},{"damage":47.0,"enemies":"Fading Forest","floor":18.0,"turns":11.0},{"damage":22,"enemies":"Shell Parasite","floor":20,"turns":12},{"damage":18,"enemies":"Spheric Guardian","floor":23,"turns":10},{"damage":15,"enemies":"Snecko","floor":24,"turns":7},{"damage":17,"enemies":"Book of Stabbing","floor":25,"turns":4}],"seed_played":"-9149567486747707644","potions_obtained":[{"floor":0.0,"key":"LiquidBronze"},{"floor":0.0,"key":"AttackPotion"},{"floor":0.0,"key":"Strength Potion"},{"floor":4.0,"key":"Block Potion"},{"floor":13.0,"key":"Flashbang"},{"floor":14.0,"key":"Dexterity Potion"},{"floor":20,"key":"Energy Potion"},{"floor":24,"key":"PowerPotion"}],"is_trial":false,"path_per_floor":["M","?","?","?","M","E","M","R","T","PTL","PTL","R","M","M","R","?","R","B",null,"M","?","?","M","M","E"],"character_chosen":"WATCHER","items_purchased":[],"campfire_rested":4,"item_purchase_floors":[],"current_hp_per_floor":[64,64,64,64,64,8,8,29,29,29,29,50,36,27,48,48,69,27,72,50,50,50,32,17,0,0],"gold":408,"neow_bonus":"THREE_SMALL_POTIONS","is_daily":false,"chose_seed":false,"campfire_upgraded":0,"win_rate":0.0,"timestamp":1610741010,"path_taken":["M","?","?","?","M","E","?","R","T","PTL","PTL","R","M","M","R","?","R","BOSS","M","?","?","M","M","E"],"items_purchased_type":[],"build_version":"2020-12-22","purchased_purges":0,"victory":false,"max_hp_per_floor":[72,72,72,72,72,72,72,72,72,72,72,72,72,72,72,72,72,72,72,72,72,72,72,72,72,72],"card_choices":[{"not_picked":["FlyingSleeves","ClearTheMind"],"picked":"EmptyFist","floor":1.0},{"not_picked":["SandsOfTime","Halt"],"picked":"Replay:ManipulateFuture","floor":4.0},{"not_picked":["Crescendo","Replay:Anticipation"],"picked":"Prostrate","floor":4.0},{"not_picked":["Blasphemy","Replay:AtTheReady"],"picked":"FollowUp","floor":5.0},{"not_picked":["CrushJoints","Blasphemy"],"picked":"SashWhip","floor":6.0},{"not_picked":["Replay:BluntJabs","ClearTheMind"],"picked":"Replay:DivineShield","floor":7.0},{"not_picked":["Crescendo","Replay:AtTheReady"],"picked":"ThirdEye","floor":13.0},{"not_picked":["Replay:BluntJabs","Replay:AtTheReady"],"picked":"Replay:Vibes","floor":14.0},{"not_picked":["Wish","Alpha"],"picked":"DeusExMachina","floor":18.0},{"not_picked":["Replay:ManipulateFuture+1","SashWhip"],"picked":"Nirvana+1","floor":20},{"not_picked":["Fasting2+1","Collect"],"picked":"CarveReality+1","floor":23},{"not_picked":["CrushJoints","Replay:ManipulateFuture+1"],"picked":"Vengeance+1","floor":24}],"player_experience":204698,"relics_obtained":[{"floor":4.0,"key":"Replay:Bandana"},{"floor":6.0,"key":"Frozen Egg 2"}],"event_choices":[{"damage_healed":0.0,"max_hp_gain":0.0,"max_hp_loss":0.0,"gold_gain":0.0,"event_name":"Living Wall","player_choice":"Grow","floor":3.0,"gold_loss":0.0,"damage_taken":0.0,"cards_upgraded":["Eruption"]},{"damage_healed":0.0,"max_hp_gain":0.0,"max_hp_loss":0.0,"gold_gain":0.0,"event_name":"Dead Adventurer","player_choice":"Searched \u00270\u0027 times","floor":16.0,"gold_loss":0.0,"damage_taken":0.0},{"damage_healed":0,"gold_gain":0,"player_choice":"Ignored","damage_taken":0,"max_hp_gain":0,"max_hp_loss":0,"event_name":"Vampires","floor":21,"gold_loss":0},{"cards_removed":["Spreading Infection"],"damage_healed":0,"gold_gain":0,"player_choice":"Upgrade and Remove","damage_taken":0,"max_hp_gain":0,"max_hp_loss":0,"event_name":"Designer","floor":22,"gold_loss":90,"cards_upgraded":["DeusExMachina"]}],"is_beta":false,"boss_relics":[{"not_picked":["Snecko Eye","Velvet Choker"],"picked":"Astrolabe"}],"items_purged_floors":[],"is_endless":false,"potions_floor_spawned":[13,14,20,24],"killed_by":"Book of Stabbing","ascension_level":0}}