{"host":"dftyqn972q7tuon4","time":1610676605,"event":{"mods":["AchievementEnabler","BaseMod","Better Altar","Better Match","Better Note","Better Sensory Stone","Better Skull","Better Third Choice","Colored Powertips","Highlight Path","Minty Spire (QoL Compilation)","Permanent Neow","Quick Restart","StSLib"],"gold_per_floor":[114,129,108,108,283,313,313,368,368,398,413,428,458,473,473,573,573,588,603,643,643,88,127,127,127,161,200,209,70,109,184,184,353,353,437,246,325,325,494,943,952,1021,1055,1144,1228,1258,1276,1300,1300,1300],"floor_reached":51,"language":"ENG","playtime":3960,"items_purged":["Rainbow","Thunder Strike","Biased Cognition"],"score":1176,"play_id":"9c244101-3e58-491a-9135-46f88f909c57","local_time":"20210115031005","daily_mods":["Shiny","Blue Cards","Elite Swarm"],"is_ascension_mode":false,"campfire_choices":[{"data":"Omniscience","floor":7.0,"key":"SMITH"},{"floor":15.0,"key":"REST"},{"data":"Double Energy","floor":24.0,"key":"SMITH"},{"floor":28.0,"key":"REST"},{"data":"DevaForm","floor":32.0,"key":"SMITH"},{"floor":41.0,"key":"REST"},{"data":"Seek","floor":49,"key":"SMITH"}],"circlet_count":0,"master_deck":["Multi-Cast","Hyperbeam","Machine Learning","Electrodynamics","Buffer","Seek+1","Meteor Strike","Echo Form","All For One","Reboot","Amplify","Creative AI","Fission","Core Surge","Judgement","ConjureBlade","MasterReality","Brilliance+1","Devotion","Blasphemy","Ragnarok","LessonLearned","Scrawl","Vault","Alpha","Wish","Omniscience+1","SpiritShield","DevaForm+1","DeusExMachina","Double Energy+1","Capacitor","Doubt","Wish+1","Hyperbeam","Meteor Strike","ClearTheMind+1","Hologram+1","Meteor Strike","Stack+1","Vault+1","Turbo+1","Swivel+1","Reprogram+1","Writhe","Collect+1","DevaForm","Regret","Echo Form","BootSequence+1","Conserve Battery+1","Brilliance","Ragnarok","Sweeping Beam+1","LikeWater","Hologram+1","ThirdEye+1","SpiritShield+1","Double Energy+1","Vault+1","Normality","Scrawl+1","Perseverance+1","Madness+1","Madness+1","Coolheaded+1"],"relics":["PureWater","betterThird:SlimedRelic","PreservedInsect","Pear","Toxic Egg 2","Bag of Preparation","Pantograph","Cursed Key","Toy Ornithopter","Letter Opener","Pen Nib","CeramicFish","FossilizedHelix","Dream Catcher","Regal Pillow","Ginger","Black Star","Thread and Needle","Whetstone","Old Coin","InkBottle","Happy Flower","Damaru","Vajra","Shuriken","Lantern","HornCleat"],"acts_visited":["Exordium","TheCity","TheBeyond"],"potions_floor_usage":[50,50,50],"damage_taken":[{"damage":0.0,"enemies":"Cultist","floor":1.0,"turns":2.0},{"damage":0.0,"enemies":"Jaw Worm","floor":2.0,"turns":2.0},{"damage":0.0,"enemies":"Gremlin Nob","floor":6.0,"turns":2.0},{"damage":7.0,"enemies":"3 Sentries","floor":8.0,"turns":2.0},{"damage":0.0,"enemies":"Gremlin Nob","floor":10.0,"turns":2.0},{"damage":15.0,"enemies":"Small Slimes","floor":11.0,"turns":3.0},{"damage":11.0,"enemies":"Exordium Wildlife","floor":12.0,"turns":3.0},{"damage":16.0,"enemies":"3 Sentries","floor":13.0,"turns":3.0},{"damage":0.0,"enemies":"Lots of Slimes","floor":14.0,"turns":1.0},{"damage":27.0,"enemies":"Hexaghost","floor":16.0,"turns":8.0},{"damage":0.0,"enemies":"2 Thieves","floor":18.0,"turns":1.0},{"damage":0.0,"enemies":"Shell Parasite","floor":19.0,"turns":2.0},{"damage":6.0,"enemies":"Snake Plant","floor":20.0,"turns":4.0},{"damage":0.0,"enemies":"Gremlin Leader","floor":23.0,"turns":1.0},{"damage":33.0,"enemies":"Slavers","floor":27.0,"turns":3.0},{"damage":0.0,"enemies":"Gremlin Leader","floor":30.0,"turns":2.0},{"damage":0.0,"enemies":"Centurion and Healer","floor":31.0,"turns":4.0},{"damage":5.0,"enemies":"Collector","floor":33.0,"turns":7.0},{"damage":0.0,"enemies":"3 Shapes","floor":35.0,"turns":4.0},{"damage":26.0,"enemies":"3 Darklings","floor":37.0,"turns":6.0},{"damage":33.0,"enemies":"Mind Bloom Boss Battle","floor":39.0,"turns":7.0},{"damage":9.0,"enemies":"Giant Head","floor":40.0,"turns":6.0},{"damage":0.0,"enemies":"Reptomancer","floor":42.0,"turns":5.0},{"damage":0.0,"enemies":"Nemesis","floor":44.0,"turns":6.0},{"damage":0.0,"enemies":"Maw","floor":45.0,"turns":8.0},{"damage":0.0,"enemies":"Reptomancer","floor":46.0,"turns":6.0},{"damage":0,"enemies":"Jaw Worm Horde","floor":48,"turns":2},{"damage":33,"enemies":"Awakened One","floor":50,"turns":10}],"seed_played":"5830580211590973081","potions_obtained":[{"floor":6.0,"key":"Energy Potion"},{"floor":8.0,"key":"PowerPotion"},{"floor":10.0,"key":"Fruit Juice"},{"floor":13.0,"key":"StancePotion"},{"floor":23.0,"key":"SteroidPotion"},{"floor":27.0,"key":"Swift Potion"},{"floor":30.0,"key":"Energy Potion"},{"floor":42.0,"key":"SkillPotion"},{"floor":44.0,"key":"Regen Potion"},{"floor":45.0,"key":"Block Potion"},{"floor":48,"key":"SpeedPotion"}],"is_trial":false,"path_per_floor":["M","M","?","?","?","E","R","E","T","E","M","M","E","M","R","B",null,"M","M","M","T","$","E","R","?","T","E","R","$","E","M","R","B",null,"M","$","M","?","?","E","R","E","T","E","M","E","?","M","R","B",null],"character_chosen":"WATCHER","items_purchased":["Letter Opener","Pen Nib","Collect+1","Conserve Battery+1","LikeWater"],"campfire_rested":3,"item_purchase_floors":[22,22,22,29,36],"current_hp_per_floor":[72,72,61,54,54,54,54,57,57,57,42,31,15,15,39,37,82,82,82,76,76,76,76,76,76,76,43,82,82,87,87,87,82,87,87,87,61,61,53,44,85,85,85,85,87,87,76,76,76,76],"gold":1300,"neow_bonus":"","is_daily":true,"chose_seed":false,"campfire_upgraded":4,"win_rate":0.0,"timestamp":1610676605,"path_taken":["M","M","?","?","?","E","R","E","T","E","M","?","E","M","R","BOSS","M","M","?","?","$","E","R","?","T","E","R","$","E","M","R","BOSS","M","$","M","?","?","E","R","E","T","E","M","E","?","M","R","BOSS"],"items_purchased_type":["Relic","Relic","Card","Card","Card"],"build_version":"2020-12-22","purchased_purges":3,"victory":true,"max_hp_per_floor":[72,72,72,72,72,72,72,82,82,82,82,82,82,82,82,82,82,82,82,82,82,82,82,82,82,82,82,82,82,87,87,87,87,87,87,87,87,87,87,87,87,87,87,87,87,87,87,87,87,87],"card_choices":[{"not_picked":["Consecrate","Static Discharge"],"picked":"Double Energy","floor":1.0},{"not_picked":["Recycle","Barrage"],"picked":"Capacitor","floor":2.0},{"not_picked":["MasterReality","Judgement"],"picked":"Wish","floor":6.0},{"not_picked":["Core Surge","MasterReality"],"picked":"Hyperbeam","floor":8.0},{"not_picked":["LessonLearned","Rainbow+1"],"picked":"Meteor Strike","floor":10.0},{"not_picked":["Genetic Algorithm+1","Gash"],"picked":"ClearTheMind+1","floor":11.0},{"not_picked":["Go for the Eyes","Compile Driver"],"picked":"Hologram+1","floor":12.0},{"not_picked":["Buffer","MasterReality"],"picked":"Meteor Strike","floor":13.0},{"not_picked":["Go for the Eyes","Static Discharge"],"picked":"Stack+1","floor":14.0},{"not_picked":["Core Surge","Devotion"],"picked":"Vault+1","floor":16.0},{"not_picked":["Reinforced Body+1","SignatureMove+1"],"picked":"Turbo+1","floor":18.0},{"not_picked":["Wireheading","Barrage"],"picked":"Swivel+1","floor":19.0},{"not_picked":["Steam+1","Doom and Gloom"],"picked":"Reprogram+1","floor":20.0},{"not_picked":["Multi-Cast+1","Wish+1"],"picked":"DevaForm","floor":23.0},{"not_picked":["Devotion","Judgement+1"],"picked":"Echo Form","floor":27.0},{"not_picked":["Consecrate","PathToVictory+1"],"picked":"BootSequence+1","floor":28.0},{"not_picked":["Blasphemy+1","Meteor Strike"],"picked":"Brilliance","floor":30.0},{"not_picked":["Melter+1","Crescendo+1","Blizzard"],"picked":"SKIP","floor":31.0},{"not_picked":["Fission+1","Biased Cognition"],"picked":"Ragnarok","floor":33.0},{"not_picked":["Reinforced Body+1","Ball Lightning+1"],"picked":"Sweeping Beam","floor":35.0},{"not_picked":["FlyingSleeves","Compile Driver+1"],"picked":"Hologram+1","floor":37.0},{"not_picked":["Halt+1","Consecrate"],"picked":"ThirdEye+1","floor":39.0},{"not_picked":["All For One","Creative AI"],"picked":"SpiritShield+1","floor":40.0},{"not_picked":["Sanctity+1","Evaluate+1"],"picked":"Double Energy+1","floor":41.0},{"not_picked":["All For One","Fission+1"],"picked":"Vault+1","floor":42.0},{"not_picked":["MasterReality","Electrodynamics"],"picked":"Scrawl+1","floor":44.0},{"not_picked":["Nirvana","BowlingBash"],"picked":"Perseverance+1","floor":45.0},{"not_picked":["All For One","Multi-Cast+1","Brilliance"],"picked":"SKIP","floor":46.0},{"not_picked":["Collect+1","Conserve Battery+1"],"picked":"Coolheaded+1","floor":48}],"player_experience":650444,"relics_obtained":[{"floor":6.0,"key":"PreservedInsect"},{"floor":8.0,"key":"Pear"},{"floor":9.0,"key":"Toxic Egg 2"},{"floor":10.0,"key":"Bag of Preparation"},{"floor":13.0,"key":"Pantograph"},{"floor":21.0,"key":"Toy Ornithopter"},{"floor":23.0,"key":"CeramicFish"},{"floor":26.0,"key":"Dream Catcher"},{"floor":27.0,"key":"Regal Pillow"},{"floor":30.0,"key":"Ginger"},{"floor":39.0,"key":"Thread and Needle"},{"floor":40.0,"key":"Whetstone"},{"floor":40.0,"key":"Old Coin"},{"floor":42.0,"key":"InkBottle"},{"floor":42.0,"key":"Happy Flower"},{"floor":43.0,"key":"Damaru"},{"floor":44.0,"key":"Vajra"},{"floor":44.0,"key":"Shuriken"},{"floor":46.0,"key":"Lantern"},{"floor":46.0,"key":"HornCleat"}],"event_choices":[{"damage_healed":0.0,"max_hp_gain":0.0,"max_hp_loss":0.0,"gold_gain":0.0,"event_name":"betterThird:BetterGoop","player_choice":"Slimed","floor":3.0,"gold_loss":21.0,"damage_taken":11.0},{"cards_removed":["Establishment"],"damage_healed":0.0,"max_hp_gain":0.0,"max_hp_loss":0.0,"gold_gain":0.0,"event_name":"Golden Wing","player_choice":"Card Removal","floor":4.0,"gold_loss":0.0,"damage_taken":7.0},{"damage_healed":0.0,"max_hp_gain":0.0,"max_hp_loss":0.0,"gold_gain":175.0,"event_name":"betterThird:BetterSerpent","player_choice":"AGREE","floor":5.0,"gold_loss":0.0,"damage_taken":108.0},{"damage_healed":0.0,"max_hp_gain":0.0,"max_hp_loss":0.0,"gold_gain":0.0,"event_name":"The Mausoleum","player_choice":"Opened","floor":25.0,"gold_loss":0.0,"damage_taken":0.0,"relics_obtained":["FossilizedHelix"]},{"damage_healed":0.0,"max_hp_gain":0.0,"max_hp_loss":0.0,"gold_gain":0.0,"event_name":"Tomb of Lord Red Mask","player_choice":"Ignored","floor":38.0,"gold_loss":0.0,"damage_taken":0.0},{"damage_healed":0.0,"max_hp_gain":0.0,"max_hp_loss":0.0,"gold_gain":0.0,"event_name":"MindBloom","player_choice":"Fight","floor":39.0,"gold_loss":0.0,"damage_taken":0.0},{"damage_healed":0.0,"max_hp_gain":0.0,"max_hp_loss":0.0,"gold_gain":0.0,"event_name":"Winding Halls","player_choice":"Embrace Madness","floor":47.0,"gold_loss":0.0,"damage_taken":11.0,"cards_obtained":["Madness","Madness"]}],"is_beta":false,"boss_relics":[{"not_picked":["Sozu","Coffee Dripper"],"picked":"Cursed Key"},{"not_picked":["Busted Crown","SlaversCollar"],"picked":"Black Star"}],"items_purged_floors":[22,29,36],"is_endless":false,"potions_floor_spawned":[6,8,10,13,23,27,30,42,44,45,48],"ascension_level":0}}