{"host":"1a3cjta80tad0aqj","time":1610715925,"event":{"mods":["2.2 Compatiblity","AchievementEnabler","BaseMod","Colored Map","DeckTracker","KOR Keyword Fix","Keyboard Shortcuts","Minty Spire (QoL Compilation)","Permanent Neow","Quick Restart","Random Character Button","StSLib","SuperFastMode","everything is the same but u backflip on backflip"],"gold_per_floor":[112,131,131,131,148,177,177,206,206,219,244,99,116,129,129,231,231,251,251,264,276,28,28,28,28,28,47,47,78,93,112,112,215,215,230,247,92,92,112,112,131,141,165,165,165,184,184,36,36,36,36,36,36,66,66,66],"floor_reached":55,"language":"KOR","playtime":2054,"items_purged":["Defend_G","Strike_G"],"score":688,"play_id":"bfc47381-ce68-4795-9e95-53c58b7b8e91","local_time":"20210115220525","is_ascension_mode":false,"campfire_choices":[{"floor":7.0,"key":"REST"},{"floor":15.0,"key":"REST"},{"floor":23.0,"key":"RECALL"},{"data":"Bullet Time","floor":25.0,"key":"SMITH"},{"data":"Venomology","floor":28.0,"key":"SMITH"},{"floor":32.0,"key":"REST"},{"data":"Catalyst","floor":40.0,"key":"SMITH"},{"data":"Neutralize","floor":44.0,"key":"SMITH"},{"floor":49.0,"key":"REST"},{"data":"After Image","floor":52.0,"key":"SMITH"}],"circlet_count":0,"master_deck":["Strike_G","Strike_G","Defend_G","Defend_G","Defend_G","Defend_G","Survivor","Neutralize+1","Corpse Explosion+1","Bouncing Flask+1","Catalyst+1","Deadly Poison","Bullet Time+1","Backflip","Catalyst+1","Dodge and Roll","Crippling Poison","Venomology+1","Acrobatics+1","Backflip+1","Necronomicurse","Blur","Distraction+1","Deadly Poison","PiercingWail","After Image+1","Deadly Poison"],"relics":["Ring of the Snake","Snake Skull","Unceasing Top","Ancient Tea Set","Empty Cage","Lantern","Necronomicon","Mummified Hand","Juzu Bracelet","Philosopher\u0027s Stone","Potion Belt","PreservedInsect","StrikeDummy","Oddly Smooth Stone"],"acts_visited":["Exordium","TheCity","TheBeyond","TheEnding"],"potions_floor_usage":[54,55,55],"damage_taken":[{"damage":0.0,"enemies":"2 Louse","floor":1.0,"turns":2.0},{"damage":2.0,"enemies":"Jaw Worm","floor":2.0,"turns":4.0},{"damage":0.0,"enemies":"Cultist","floor":5.0,"turns":2.0},{"damage":13.0,"enemies":"Gremlin Nob","floor":6.0,"turns":3.0},{"damage":21.0,"enemies":"Lagavulin","floor":8.0,"turns":4.0},{"damage":5.0,"enemies":"Looter","floor":10.0,"turns":3.0},{"damage":13.0,"enemies":"Gremlin Nob","floor":11.0,"turns":3.0},{"damage":0.0,"enemies":"2 Fungi Beasts","floor":13.0,"turns":1.0},{"damage":3.0,"enemies":"3 Louse","floor":14.0,"turns":2.0},{"damage":16.0,"enemies":"The Guardian","floor":16.0,"turns":4.0},{"damage":3.0,"enemies":"3 Byrds","floor":18.0,"turns":3.0},{"damage":0.0,"enemies":"Spheric Guardian","floor":20.0,"turns":3.0},{"damage":0.0,"enemies":"Snake Plant","floor":21.0,"turns":1.0},{"damage":3.0,"enemies":"Snecko","floor":27.0,"turns":4.0},{"damage":3.0,"enemies":"Gremlin Leader","floor":29.0,"turns":4.0},{"damage":0.0,"enemies":"3 Cultists","floor":30.0,"turns":1.0},{"damage":2.0,"enemies":"Cultist and Chosen","floor":31.0,"turns":3.0},{"damage":51.0,"enemies":"Automaton","floor":33.0,"turns":9.0},{"damage":6.0,"enemies":"Orb Walker","floor":35.0,"turns":3.0},{"damage":9.0,"enemies":"3 Shapes","floor":36.0,"turns":2.0},{"damage":0.0,"enemies":"Maw","floor":39.0,"turns":4.0},{"damage":0.0,"enemies":"Writhing Mass","floor":41.0,"turns":3.0},{"damage":0.0,"enemies":"4 Shapes","floor":42.0,"turns":4.0},{"damage":0.0,"enemies":"Sphere and 2 Shapes","floor":46.0,"turns":3.0},{"damage":0.0,"enemies":"Writhing Mass","floor":47.0,"turns":1.0},{"damage":9.0,"enemies":"Donu and Deca","floor":50.0,"turns":4.0},{"damage":41,"enemies":"Shield and Spear","floor":54,"turns":4},{"damage":39,"enemies":"The Heart","floor":55,"turns":3}],"seed_played":"3985161107996513537","potions_obtained":[{"floor":1.0,"key":"Dexterity Potion"},{"floor":2.0,"key":"GhostInAJar"},{"floor":8.0,"key":"SteroidPotion"},{"floor":11.0,"key":"Fruit Juice"},{"floor":13.0,"key":"Swift Potion"},{"floor":21.0,"key":"LiquidMemories"},{"floor":27.0,"key":"SmokeBomb"},{"floor":29.0,"key":"SkillPotion"},{"floor":33.0,"key":"AttackPotion"},{"floor":35.0,"key":"LiquidMemories"},{"floor":36.0,"key":"ColorlessPotion"},{"floor":41.0,"key":"Energy Potion"}],"is_trial":false,"path_per_floor":["M","M","?","?","M","E","R","E","T","M","E","$","M","M","R","B",null,"M","?","M","M","$","R","?","R","T","M","R","E","M","M","R","B",null,"M","M","$","?","M","R","M","M","T","R","?","M","M","$","R","B",null,"R","$","E","B"],"character_chosen":"THE_SILENT","items_purchased":["Catalyst","Lantern","Potion Belt","Poison Potion","Fruit Juice"],"campfire_rested":4,"item_purchase_floors":[12,22,37,48,48],"current_hp_per_floor":[70,68,54,54,54,41,62,41,41,36,28,28,28,25,47,31,75,72,72,72,72,72,72,56,56,56,53,53,50,50,48,70,19,75,69,60,60,60,60,60,60,60,60,60,60,60,60,65,80,71,80,80,80,39,0,0],"gold":66,"neow_bonus":"THREE_RARE_CARDS","is_daily":false,"chose_seed":true,"campfire_upgraded":5,"win_rate":0.0,"timestamp":1610715925,"path_taken":["M","M","?","?","M","E","R","E","T","M","E","$","M","M","R","BOSS","M","?","M","M","?","R","?","R","T","M","R","E","M","M","R","BOSS","M","M","$","?","M","R","M","M","T","R","?","M","M","$","R","BOSS","R","$","E","BOSS"],"items_purchased_type":["Card","Relic","Relic","Potion","Potion"],"build_version":"2020-12-22","purchased_purges":2,"victory":false,"max_hp_per_floor":[70,70,70,70,70,70,70,70,70,70,75,75,75,75,75,75,75,75,75,75,75,75,75,75,75,75,75,75,75,75,75,75,75,75,75,75,75,75,75,75,75,75,75,75,75,75,75,80,80,80,80,80,80,80,80,80],"card_choices":[{"not_picked":["A Thousand Cuts","Wraith Form v2"],"picked":"Corpse Explosion","floor":0.0},{"not_picked":["Deflect","Bane"],"picked":"Bouncing Flask","floor":1.0},{"not_picked":["Poisoned Stab","Sucker Punch"],"picked":"Catalyst","floor":2.0},{"not_picked":["Acrobatics","Quick Slash"],"picked":"Deadly Poison","floor":5.0},{"not_picked":["Poisoned Stab","Slice","Dagger Throw"],"picked":"SKIP","floor":6.0},{"not_picked":["Flying Knee","Escape Plan"],"picked":"Bullet Time","floor":8.0},{"not_picked":["Bane","Deflect"],"picked":"Backflip","floor":10.0},{"not_picked":["Eviscerate","Riddle With Holes","Dagger Throw"],"picked":"SKIP","floor":11.0},{"not_picked":["Deflect","Dagger Throw"],"picked":"Dodge and Roll","floor":13.0},{"not_picked":["Prepared","Setup"],"picked":"Crippling Poison","floor":14.0},{"not_picked":["Corpse Explosion","Phantasmal Killer"],"picked":"Venomology","floor":16.0},{"not_picked":["Heel Hook","Slice+1"],"picked":"Acrobatics+1","floor":18.0},{"not_picked":["Outmaneuver","Dagger Spray","Bane"],"picked":"SKIP","floor":20.0},{"not_picked":["Storm of Steel","Acrobatics"],"picked":"Backflip+1","floor":21.0},{"not_picked":["Quick Slash","Slice"],"picked":"Blur","floor":27.0},{"not_picked":["A Thousand Cuts","Riddle With Holes"],"picked":"Distraction+1","floor":29.0},{"not_picked":["Choke","Backflip+1"],"picked":"Deadly Poison","floor":30.0},{"not_picked":["Concentrate","Tactician"],"picked":"PiercingWail","floor":31.0},{"not_picked":["A Thousand Cuts","Corpse Explosion"],"picked":"After Image","floor":33.0},{"not_picked":["Sucker Punch+1","Finisher","Deflect+1"],"picked":"SKIP","floor":35.0},{"not_picked":["Caltrops+1","Flying Knee+1","Underhanded Strike+1"],"picked":"SKIP","floor":36.0},{"not_picked":["Distraction","Eviscerate+1"],"picked":"Deadly Poison","floor":39.0},{"not_picked":["Eviscerate+1","Acrobatics","Quick Slash"],"picked":"SKIP","floor":41.0},{"not_picked":["Skewer","Cloak And Dagger","Acrobatics"],"picked":"SKIP","floor":42.0},{"not_picked":["All Out Attack+1","Cloak And Dagger+1","Outmaneuver+1"],"picked":"SKIP","floor":46.0},{"not_picked":["Well Laid Plans+1","Riddle With Holes+1","Dodge and Roll+1"],"picked":"SKIP","floor":54}],"player_experience":655214,"relics_obtained":[{"floor":6.0,"key":"Snake Skull"},{"floor":8.0,"key":"Unceasing Top"},{"floor":11.0,"key":"Ancient Tea Set"},{"floor":24.0,"key":"Necronomicon"},{"floor":26.0,"key":"Mummified Hand"},{"floor":29.0,"key":"Juzu Bracelet"},{"floor":43.0,"key":"PreservedInsect"},{"floor":54,"key":"Oddly Smooth Stone"}],"event_choices":[{"damage_healed":0.0,"max_hp_gain":0.0,"max_hp_loss":0.0,"gold_gain":0.0,"event_name":"Shining Light","player_choice":"Entered Light","floor":3.0,"gold_loss":0.0,"damage_taken":14.0,"cards_upgraded":["Catalyst","Bouncing Flask"]},{"damage_healed":0.0,"max_hp_gain":0.0,"max_hp_loss":0.0,"gold_gain":0.0,"event_name":"Living Wall","player_choice":"Grow","floor":4.0,"gold_loss":0.0,"damage_taken":0.0,"cards_upgraded":["Corpse Explosion"]},{"cards_removed":["Doubt"],"damage_healed":0.0,"max_hp_gain":0.0,"max_hp_loss":0.0,"gold_gain":0.0,"event_name":"Purifier","player_choice":"Purged","floor":19.0,"gold_loss":0.0,"damage_taken":0.0},{"damage_healed":0.0,"max_hp_gain":0.0,"max_hp_loss":0.0,"gold_gain":0.0,"event_name":"Cursed Tome","player_choice":"Obtained Book","floor":24.0,"gold_loss":0.0,"damage_taken":16.0},{"damage_healed":0.0,"max_hp_gain":0.0,"max_hp_loss":0.0,"gold_gain":0.0,"event_name":"Tomb of Lord Red Mask","player_choice":"Ignored","floor":38.0,"gold_loss":0.0,"damage_taken":0.0},{"damage_healed":0.0,"max_hp_gain":0.0,"max_hp_loss":0.0,"gold_gain":0.0,"event_name":"WeMeetAgain","player_choice":"Gave Potion","floor":45.0,"gold_loss":0.0,"damage_taken":0.0,"relics_obtained":["StrikeDummy"]}],"is_beta":false,"boss_relics":[{"not_picked":["Calling Bell","Cursed Key"],"picked":"Empty Cage"},{"not_picked":["Coffee Dripper","HoveringKite"],"picked":"Philosopher\u0027s Stone"}],"items_purged_floors":[12,22],"is_endless":false,"potions_floor_spawned":[1,2,8,11,13,21,27,29,33,35,36,41],"killed_by":"The Heart","ascension_level":0}}