{"host":"2l97xuagc2u1sty8","time":1610691069,"event":{"mods":["2.2 Compatiblity","Aspiration","BaseMod","Colored Powertips","Conspire","Custom Start","Hubris","Minty Spire (QoL Compilation)","Rare Cards Sparkle","StSLib"],"gold_per_floor":[114,114,131,131,131,172,188,232,257,273,273,316,10,10,10,135,135,149,186,204,225,241,281,281,316,316,316,316,347,367,406,406,406,406],"floor_reached":33,"language":"ENG","playtime":1227,"items_purged":[],"score":439,"play_id":"7ec5e47b-f0d3-4884-8240-c4c177f0449d","local_time":"20210115001109","is_ascension_mode":true,"campfire_choices":[{"floor":11.0,"key":"REST"},{"data":"conspire:Charge","floor":15.0,"key":"SMITH"},{"floor":24,"key":"REST"},{"floor":27,"key":"RECALL"},{"data":"Armaments","floor":32,"key":"SMITH"}],"circlet_count":0,"master_deck":["Strike_R","Strike_R","Strike_R","Strike_R","Strike_R","Defend_R","Defend_R","Defend_R","Defend_R","Bash","Twin Strike","Wild Strike","Wild Strike","Metallicize","Feed","Pommel Strike","conspire:Charge+1","Twin Strike","Double Tap","hubris:CleavingFinish+1","Offering","Pummel","Flex+1","Perfected Strike","hubris:ReadiedAction","Armaments+1","Armaments+1","conspire:ExplosiveBarrier+1","conspire:HitWhereItHurts","hubris:ReadiedAction+1","Sword Boomerang+1"],"relics":["Burning Blood","aspiration:Nostalgia","Ring of the Snake","hubris:Icosahedron","Golden Idol","Blood Vial","conspire:GiftBox","PreservedInsect","Bag of Marbles","hubris:ToyBattleship","aspiration:RunicSpoon","Omamori","aspiration:Lifesprig","Dream Catcher","hubris:BottledHeart","aspiration:DSix","The Courier"],"acts_visited":["Exordium","TheCity"],"potions_floor_usage":[23,23,29,29],"damage_taken":[{"damage":3.0,"enemies":"conspire:RoseBush","floor":1.0,"turns":3.0},{"damage":2.0,"enemies":"Small Slimes","floor":3.0,"turns":3.0},{"damage":42.0,"enemies":"3 Sentries","floor":6.0,"turns":8.0},{"damage":6.0,"enemies":"Jaw Worm","floor":7.0,"turns":2.0},{"damage":11.0,"enemies":"Gremlin Nob","floor":8.0,"turns":3.0},{"damage":7.0,"enemies":"Looter","floor":10.0,"turns":2.0},{"damage":7.0,"enemies":"3 Sentries","floor":12.0,"turns":5.0},{"damage":22.0,"enemies":"Hexaghost","floor":16.0,"turns":6.0},{"damage":10.0,"enemies":"2 Thieves","floor":18.0,"turns":3.0},{"damage":54.0,"enemies":"conspire:MimicChest","floor":19.0,"turns":6.0},{"damage":0.0,"enemies":"Spheric Guardian","floor":20.0,"turns":2.0},{"damage":0.0,"enemies":"Snecko","floor":21.0,"turns":2.0},{"damage":31.0,"enemies":"Snake Plant","floor":22.0,"turns":3.0},{"damage":8,"enemies":"Book of Stabbing","floor":23,"turns":3},{"damage":6,"enemies":"Gremlin Leader","floor":25,"turns":2},{"damage":0,"enemies":"Slavers","floor":29,"turns":3},{"damage":0,"enemies":"Shelled Parasite and Fungi","floor":30,"turns":3},{"damage":0,"enemies":"Gremlin Leader","floor":31,"turns":3},{"damage":14,"enemies":"Collector","floor":33,"turns":6}],"seed_played":"-4170078496824865740","potions_obtained":[{"floor":7.0,"key":"Fire Potion"},{"floor":10.0,"key":"LiquidMemories"},{"floor":16.0,"key":"Dexterity Potion"},{"floor":19.0,"key":"Fire Potion"},{"floor":21.0,"key":"GamblersBrew"},{"floor":22.0,"key":"LiquidBronze"},{"floor":23,"key":"Dexterity Potion"},{"floor":25,"key":"Energy Potion"}],"is_trial":false,"path_per_floor":["M","?","M","?","?","E","M","E","T","M","R","E","$","?","R","B",null,"M","?","M","M","M","E","R","E","T","R","?","E","M","E","R","B"],"character_chosen":"IRONCLAD","items_purchased":["Double Tap","hubris:CleavingFinish","hubris:ToyBattleship"],"campfire_rested":2,"item_purchase_floors":[13,13,13],"current_hp_per_floor":[80,80,80,80,60,24,26,23,23,24,48,52,52,52,52,41,86,85,42,50,58,35,35,62,67,67,67,1,1,1,1,1,0,0],"gold":406,"neow_bonus":"NOSTALGIA","is_daily":false,"chose_seed":false,"campfire_upgraded":2,"win_rate":0.0,"timestamp":1610691069,"path_taken":["M","?","M","?","?","E","M","E","T","M","R","E","$","?","R","BOSS","M","?","M","M","M","E","R","E","T","R","?","E","M","E","R","BOSS"],"items_purchased_type":["Card","Card","Relic"],"build_version":"2020-12-22","purchased_purges":0,"victory":false,"max_hp_per_floor":[80,80,80,80,80,80,80,80,80,80,80,83,83,83,83,86,86,89,92,92,92,92,92,92,95,95,95,1,1,1,1,1,1,1],"card_choices":[{"not_picked":["Heavy Blade","Cleave"],"picked":"Twin Strike","floor":1.0},{"not_picked":["Dual Wield","Anger"],"picked":"Wild Strike","floor":3.0},{"not_picked":["Clash","Metallicize"],"picked":"Wild Strike","floor":6.0},{"not_picked":["Evolve","Spot Weakness"],"picked":"Metallicize","floor":7.0},{"not_picked":["Berserk","Exhume"],"picked":"Feed","floor":8.0},{"not_picked":["Infernal Blade","Thunderclap"],"picked":"Pommel Strike","floor":8.0},{"not_picked":["Sever Soul","True Grit"],"picked":"conspire:Charge","floor":10.0},{"not_picked":["Burning Pact","Cleave"],"picked":"Twin Strike","floor":12.0},{"not_picked":["Limit Break","Bludgeon"],"picked":"Offering","floor":16.0},{"not_picked":["Anger+1","Clash"],"picked":"Pummel","floor":18.0},{"not_picked":["hubris:ReadiedAction","Pommel Strike"],"picked":"Flex+1","floor":19.0},{"not_picked":["Metallicize","hubris:CleavingFinish"],"picked":"Perfected Strike","floor":20.0},{"not_picked":["Shockwave","Clash"],"picked":"hubris:ReadiedAction","floor":21.0},{"not_picked":["Havoc","Sword Boomerang+1"],"picked":"Armaments+1","floor":22.0},{"not_picked":["Demon Form","Cleave"],"picked":"Armaments","floor":23},{"not_picked":["Battle Trance","Searing Blow+1"],"picked":"conspire:ExplosiveBarrier+1","floor":25},{"not_picked":["Brutality","Shrug It Off"],"picked":"conspire:HitWhereItHurts","floor":29},{"not_picked":["Sword Boomerang","Rupture"],"picked":"hubris:ReadiedAction+1","floor":30},{"not_picked":["Flex+1","Combust"],"picked":"Sword Boomerang+1","floor":31}],"player_experience":264366,"relics_obtained":[{"floor":6.0,"key":"Blood Vial"},{"floor":8.0,"key":"conspire:GiftBox"},{"floor":9.0,"key":"PreservedInsect"},{"floor":12.0,"key":"Bag of Marbles"},{"floor":19.0,"key":"Omamori"},{"floor":23,"key":"aspiration:Lifesprig"},{"floor":25,"key":"Dream Catcher"},{"floor":29,"key":"aspiration:DSix"},{"floor":31,"key":"The Courier"}],"event_choices":[{"damage_healed":0.0,"max_hp_gain":0.0,"max_hp_loss":0.0,"gold_gain":0.0,"event_name":"Liars Game","player_choice":"Ignored","floor":4.0,"gold_loss":0.0,"damage_taken":0.0},{"damage_healed":0.0,"max_hp_gain":0.0,"max_hp_loss":0.0,"gold_gain":0.0,"event_name":"Golden Idol","player_choice":"Take Damage","floor":5.0,"gold_loss":0.0,"damage_taken":20.0,"relics_obtained":["Golden Idol"]},{"damage_healed":0.0,"max_hp_gain":0.0,"max_hp_loss":0.0,"gold_gain":0.0,"event_name":"Living Wall","player_choice":"Grow","floor":14.0,"gold_loss":0.0,"damage_taken":0.0,"cards_upgraded":["hubris:CleavingFinish"]}],"is_beta":false,"boss_relics":[{"not_picked":["Runic Dome","Fusion Hammer"],"picked":"aspiration:RunicSpoon"}],"items_purged_floors":[],"is_endless":false,"potions_floor_spawned":[7,10,16,19,21,22,23,25],"killed_by":"Collector","ascension_level":1}}