{"host":"kev6uqotw4tlyx8l","time":1610725274,"event":{"mods":["Act Like it!","Aspiration","BaseMod","Colored Powertips","Dota2Spire","Downfall","Hallownest","Infinite Spire","Marisa????????","Minty Spire (QoL Compilation)","Quick Restart","Remilia??????","Replay The Spire","StSLib","The Cursed","The Jungle","The Marked","The Mystic","The Servant 0.9.4"],"gold_per_floor":[118,118,210,34,82,113,113,129,129,148,148,25,42,58,58,153,153,172,172,172,189,189,189,219,219,219,230,230,230,244,279,279,413,413,433,1432,1508,1508,1525,1525,1525,1584,1584,814,312,462,526,543,543,573],"floor_reached":51,"language":"ENG","playtime":2500,"items_purged":["Normality","Normality","Amnesia"],"score":1039,"play_id":"b439f5f4-413d-4694-aeec-a535df3c52d9","local_time":"20210115224114","is_ascension_mode":false,"campfire_choices":[{"data":"TheCursedMod:CleanUpWorkshop","floor":7,"key":"SMITH"},{"data":"TheCursedMod:NeowsMight","floor":11,"key":"SMITH"},{"data":"TheCursedMod:HellfireBreathing","floor":15,"key":"SMITH"},{"data":"expansioncontent:DashGenerateEvil","floor":23,"key":"SMITH"},{"data":"TheCursedMod:ManaCirculation","floor":32,"key":"SMITH"},{"floor":40,"key":"REST"},{"floor":49,"key":"DIG"}],"circlet_count":0,"master_deck":["TheCursedMod:Defend_TheCursed","TheCursedMod:Defend_TheCursed","TheCursedMod:Defend_TheCursed","TheCursedMod:Defend_TheCursed","TheCursedMod:CursedWand","TheCursedMod:CleanUpWorkshop+1","TheCursedMod:Dregs","Regret","TheCursedMod:SmokeScreen","ReplayTheSpireMod:Splinters","TheCursedMod:CursedShiv","TheCursedMod:SmokeScreen","TheCursedMod:HellfireBreathing+1","TheCursedMod:CircleOfFlame","TheCursedMod:CursedMace","TheCursedMod:Wield","TheCursedMod:Wield","TheCursedMod:NeowsMight+1","expansioncontent:DashGenerateEvil+1","Finesse","Specialist","TheCursedMod:AshesToAshes","TheCursedMod:CursedBlade","TheCursedMod:CollectTribute","TheCursedMod:SpitefulStrike","Overencumbered","Replay:Hysterical Blindness","Replay:Fractal Strike","TheCursedMod:CursedBlade","Bite","Bite","Bite","Bite","Bite","TheCursedMod:LuckyCharm+1","RitualDagger","TheCursedMod:HellsGateOpen+1","TheCursedMod:ManaCirculation+1","TheCursedMod:ShockAndAwe","AbeCurse","TheCursedMod:SurpriseAttack","TheCursedMod:ReleasedStrength","TheCursedMod:FleshFromBone+1","TheCursedMod:CursedShiv","Flash of Steel","ReplayTheSpireMod:IOU","FavorOfDestiny"],"relics":["TheCursedMod:BlackMagic101","Dead Branch","infinitespire:FocusingShard","Bronze Scales","Lantern","aspiration:Lifesprig","Replay:Accelerometer","ReplayTheSpireMod:ShopPack","TheCursedMod:OminousMark","Dota2Spire:LotusOrb","Divine Protection","WingedGreaves","aspiration:HatOfInfinitePower","Dota2Spire:HandOfMidas","Abe\u0027s Treasure","Torii","Ring of Hypnosis","Snack Pack","aspiration:FrozenJewel","PreservedInsect","Pondfish Scales","Dota2Spire:ShivaGuard","Mercury Hourglass","PrismaticShard","ReplayTheSpireMod:CursedCoin","Calipers","TheCursedMod:Tack"],"acts_visited":["Exordium","TheCity","TheBeyond"],"potions_floor_usage":[24,24,24,31,47,50],"damage_taken":[{"damage":0,"enemies":"2 Louse","floor":1,"turns":2},{"damage":13,"enemies":"3 Sentries","floor":6,"turns":4},{"damage":0,"enemies":"Small Slimes","floor":8,"turns":3},{"damage":3,"enemies":"Jaw Worm","floor":10,"turns":2},{"damage":0,"enemies":"Exordium Wildlife","floor":13,"turns":2},{"damage":1,"enemies":"Lots of Slimes","floor":14,"turns":2},{"damage":9,"enemies":"The Guardian","floor":16,"turns":4},{"damage":8,"enemies":"Shell Parasite","floor":18,"turns":3},{"damage":3,"enemies":"3 Byrds","floor":21,"turns":2},{"damage":3,"enemies":"Slavers","floor":24,"turns":3},{"damage":2,"enemies":"3 Cultists","floor":27,"turns":4},{"damage":2,"enemies":"Centurion and Healer","floor":30,"turns":2},{"damage":4,"enemies":"Replay:Snechameleon","floor":31,"turns":3},{"damage":18,"enemies":"Champ","floor":33,"turns":7},{"damage":3,"enemies":"3 Shapes","floor":35,"turns":2},{"damage":35,"enemies":"2 Orb Walkers","floor":37,"turns":5},{"damage":0,"enemies":"Orb Walker","floor":39,"turns":2},{"damage":12,"enemies":"Giant Head","floor":42,"turns":8},{"damage":0,"enemies":"Nemesis","floor":47,"turns":5},{"damage":0,"enemies":"Spire Growth","floor":48,"turns":3},{"damage":1,"enemies":"infinitespire:MassOfShapes","floor":50,"turns":5}],"seed_played":"-862939929958806920","potions_obtained":[{"floor":6,"key":"DuplicationPotion"},{"floor":10,"key":"Dexterity Potion"},{"floor":13,"key":"Elixir"},{"floor":16,"key":"LiquidMemories"},{"floor":21,"key":"Flashbang"},{"floor":24,"key":"GamblersBrew"},{"floor":39,"key":"Dexterity Potion"},{"floor":48,"key":"Cursed Concoction"}],"is_trial":false,"path_per_floor":["M","?","?","$","T","E","R","M","T","M","R","$","M","M","R","B",null,"M","?","?","M","?","R","E","?","T","M","T","AVR","M","E","R","B",null,"M","?","?","?","M","R","T","E","T","$","$","AVR","E","M","R","B",null],"character_chosen":"THE_CURSED","items_purchased":["TheCursedMod:HellfireBreathing","TheCursedMod:CircleOfFlame","TheCursedMod:CursedMace","ReplayTheSpireMod:ShopPack","Pondfish Scales","Dota2Spire:ShivaGuard","Flash of Steel","Mercury Hourglass","PrismaticShard"],"campfire_rested":1,"item_purchase_floors":[4,4,4,12,44,44,44,45,45],"current_hp_per_floor":[75,75,75,75,75,62,62,62,62,59,59,59,59,58,58,49,75,67,67,67,64,52,52,52,46,46,50,50,50,52,51,51,34,52,49,49,16,16,18,33,33,41,41,41,41,41,51,52,52,52],"gold":573,"neow_bonus":"ONE_RARE_RELIC","is_daily":false,"chose_seed":false,"campfire_upgraded":5,"win_rate":0.0,"timestamp":1610725274,"path_taken":["M","?","?","$","?","E","R","?","T","M","R","$","M","M","R","BOSS","M","?","?","?","?","R","E","?","T","M","?","AVR","M","E","R","BOSS","M","?","?","?","M","R","?","E","T","$","$","AVR","E","M","R","BOSS"],"items_purchased_type":["Card","Card","Card","Relic","Relic","Relic","Card","Relic","Relic"],"build_version":"2020-12-22","purchased_purges":3,"victory":true,"max_hp_per_floor":[75,75,75,75,75,75,75,75,75,75,75,75,75,75,75,75,75,75,75,75,75,52,52,52,52,52,52,52,52,52,52,52,52,52,52,52,52,52,52,52,52,52,52,52,52,52,52,52,52,52],"card_choices":[{"not_picked":["TheCursedMod:AshesToAshes","TheCursedMod:Wield"],"picked":"TheCursedMod:SmokeScreen","floor":1},{"not_picked":["TheCursedMod:Mangle","TheCursedMod:Stigma"],"picked":"TheCursedMod:CursedShiv","floor":3},{"not_picked":["TheCursedMod:Stigma","TheCursedMod:CursedShiv"],"picked":"TheCursedMod:SmokeScreen","floor":3},{"not_picked":["TheCursedMod:RavingStaff","TheCursedMod:FuryStrike"],"picked":"TheCursedMod:Wield","floor":6},{"not_picked":["TheCursedMod:ParallelWorld","TheCursedMod:TroublousMinions"],"picked":"TheCursedMod:Wield","floor":8},{"not_picked":["TheCursedMod:WearCloak","TheCursedMod:CircleOfCorruption"],"picked":"TheCursedMod:NeowsMight","floor":10},{"not_picked":["Crow Ritual","expansioncontent:QuickStudy"],"picked":"expansioncontent:DashGenerateEvil","floor":12},{"not_picked":["Survey Options","Forethought"],"picked":"Finesse","floor":12},{"not_picked":["expansioncontent:DarkVoid","Thinking Ahead"],"picked":"Specialist","floor":12},{"not_picked":["TheCursedMod:SmokeScreen","TheCursedMod:TroublousMinions"],"picked":"TheCursedMod:AshesToAshes","floor":13},{"not_picked":["TheCursedMod:SmokeScreen","TheCursedMod:EmpowerCircles"],"picked":"TheCursedMod:CursedBlade","floor":14},{"not_picked":["TheCursedMod:DemonicPact","TheCursedMod:ManaCirculation"],"picked":"TheCursedMod:CollectTribute","floor":16},{"not_picked":["TheCursedMod:Evocation+1","TheCursedMod:CursedShiv+1"],"picked":"TheCursedMod:SpitefulStrike","floor":18},{"not_picked":["ReplayTheSpireMod:??????????????????????","ReplayTheSpireMod:Chaos Vortex"],"picked":"Replay:Fractal Strike","floor":19},{"not_picked":["TheCursedMod:TacticalStrike","TheCursedMod:FuryStrike+1"],"picked":"TheCursedMod:CursedBlade","floor":21},{"not_picked":["TheCursedMod:FleshFromBone","TheCursedMod:SmokeScreen+1"],"picked":"TheCursedMod:LuckyCharm+1","floor":24},{"not_picked":["TheCursedMod:RavingStaff","TheCursedMod:CircleOfFocus"],"picked":"TheCursedMod:HellsGateOpen+1","floor":27},{"not_picked":["TheCursedMod:Torture","TheCursedMod:RavingStaff","TheCursedMod:Stretching"],"picked":"SKIP","floor":30},{"not_picked":["TheCursedMod:CursedBlade","TheCursedMod:TacticalStrike"],"picked":"TheCursedMod:ManaCirculation","floor":31},{"not_picked":["TheCursedMod:AntiAging","TheCursedMod:Neurasthenia"],"picked":"TheCursedMod:ShockAndAwe","floor":33},{"not_picked":["TheCursedMod:RapidMovement+1","TheCursedMod:TacticalStrike"],"picked":"TheCursedMod:SurpriseAttack","floor":35},{"not_picked":["TheCursedMod:RavingStaff+1","TheCursedMod:CursedBoomerang"],"picked":"TheCursedMod:ReleasedStrength","floor":37},{"not_picked":["TheCursedMod:Torture+1","TheCursedMod:Stigma"],"picked":"TheCursedMod:FleshFromBone+1","floor":39},{"not_picked":["TheCursedMod:SurpriseAttack","TheCursedMod:CircleOfAbyss"],"picked":"TheCursedMod:CursedShiv","floor":42},{"not_picked":["Guardian:PrimingBeam+1","expansioncontent:YouAreMine","Slimebound:FlameTackle+1"],"picked":"SKIP","floor":47},{"not_picked":["hexamod:StepThrough","mysticmod:DiviningBlow"],"picked":"FavorOfDestiny","floor":48}],"player_experience":105741,"relics_obtained":[{"floor":2,"key":"infinitespire:FocusingShard"},{"floor":3,"key":"Bronze Scales"},{"floor":5,"key":"Lantern"},{"floor":6,"key":"aspiration:Lifesprig"},{"floor":9,"key":"Replay:Accelerometer"},{"floor":24,"key":"Dota2Spire:LotusOrb"},{"floor":26,"key":"Divine Protection"},{"floor":28,"key":"WingedGreaves"},{"floor":31,"key":"Dota2Spire:HandOfMidas"},{"floor":37,"key":"Torii"},{"floor":38,"key":"Ring of Hypnosis"},{"floor":41,"key":"Snack Pack"},{"floor":42,"key":"aspiration:FrozenJewel"},{"floor":43,"key":"PreservedInsect"},{"floor":47,"key":"Calipers"},{"floor":49,"key":"TheCursedMod:Tack"}],"event_choices":[{"damage_healed":0,"gold_gain":0,"player_choice":"Bought 0 Potions","damage_taken":0,"max_hp_gain":0,"max_hp_loss":0,"event_name":"The Woman in Blue","floor":20,"gold_loss":0},{"damage_healed":0,"gold_gain":0,"player_choice":"Became a vampire","damage_taken":0,"max_hp_gain":0,"max_hp_loss":23,"event_name":"Vampires","floor":22,"gold_loss":0,"cards_obtained":["Bite","Bite","Bite","Bite","Bite"]},{"damage_healed":0,"gold_gain":0,"player_choice":"Joined the Cult","damage_taken":6,"max_hp_gain":0,"max_hp_loss":0,"event_name":"Nest","floor":25,"gold_loss":0,"cards_obtained":["RitualDagger"]},{"damage_healed":0,"gold_gain":999,"player_choice":"Gold","damage_taken":0,"max_hp_gain":0,"max_hp_loss":0,"event_name":"MindBloom","floor":36,"gold_loss":0,"cards_obtained":["Normality","Normality"]},{"damage_healed":0,"gold_gain":0,"player_choice":"Fight","damage_taken":0,"max_hp_gain":0,"max_hp_loss":0,"event_name":"Mysterious Sphere","floor":37,"gold_loss":0}],"is_beta":false,"boss_relics":[{"not_picked":["Snecko Eye","Velvet Choker"],"picked":"TheCursedMod:OminousMark"},{"not_picked":["Astrolabe","Runic Pyramid"],"picked":"Abe\u0027s Treasure"}],"items_purged_floors":[44,45,46],"is_endless":false,"potions_floor_spawned":[6,10,13,16,21,24,39,48],"ascension_level":0}}