{"host":"2gke39v5r4v8gacc","time":1610725149,"event":{"mods":["BaseMod","KinomotoSakuraMod(ƒæ÷Æ±æ”£)","Koishi","Marisa£®ÏF”Í°°ƒß¿Ì…≥£©","Minty Spire (QoL Compilation)","Prisma Mod","StSLib","Td1madao Mod","The Bug Knight","Youmu£®ªÍ∆«—˝√Œ£©","Yuri Mod"],"gold_per_floor":[441,11,98,155,212,212,341,470,495,495,528,642,642,762,762,1107,1107,1203,1257,1282,600,699,804,813,888,888,948,1044,555,612,648,657,981,981,1056,440,466,499,299,392,476,533,556,646,646,691,715,176,185,185],"floor_reached":51,"language":"ZHS","playtime":3162,"items_purged":["NonDirectionalLaser","WitchOfGreed","BlazeAway"],"score":1124,"play_id":"dd4c352b-7bd8-47f5-81ea-952945d1fb4b","local_time":"20210115233908","daily_mods":["SealedDeck","Vintage","Colorless Cards","Heirloom","Time Dilation","Flight","Midas"],"is_ascension_mode":false,"campfire_choices":[{"floor":6,"key":"REST"},{"floor":10,"key":"REST"},{"floor":15,"key":"REST"},{"floor":24,"key":"REST"},{"floor":32,"key":"REST"},{"floor":49,"key":"REST"}],"circlet_count":0,"master_deck":["RefractionSpark","Flash of Steel","WitchLeyline+1","6A","Acceleration+1","Jack Of All Trades","Madness","PowerUp+1","Swift Strike","IllusionStar","ChargingUp","SuperPerseids","MilkyWay","ChargeUpSpray+1","Master of Strategy","OrrerysSun","AlicesGift+1","GravityBeat+1","NonDirectionalLaser+1","MysteriousBeam+1","StarlightTyphoon+1","BinaryStars+1","UnstableBomb+1","Dramatic Entrance+1","EventHorizon+1","AlicesGift+1","ShootingEcho+1","GravityBeat+1","GrandCross+1","Metamorphosis","Koishi:DreadfulBlow+1"],"relics":["BewitchedHakkero","Old Coin","Art of War","Nunchaku","OrangePellets","Dream Catcher","Omamori","Tiny Chest","Ornamental Fan","Centennial Puzzle","War Paint","White Beast Statue","Boot","Letter Opener","Bronze Scales","Akabeko","CeramicFish","AmplifyWand","Strange Spoon","Potion Belt","Happy Flower","HollowMod:StagPassRelic","Anchor","Blue Candle","Strawberry","HandmadeGrimoire","Molten Egg 2","Whetstone","Meat on the Bone","Regal Pillow","Philosopher\u0027s Stone","Blood Vial","Gremlin Horn","Ginger","Oddly Smooth Stone","Smiling Mask","PreservedInsect","Bottled Tornado","ShroomBag","Bag of Marbles","Toy Ornithopter","Ice Cream","Pen Nib","Ancient Tea Set","PrismaticShard"],"acts_visited":["Exordium","TheCity","TheBeyond"],"potions_floor_usage":[7,8,8,12,14,19,23,23,23,30,31,33,33,33,33,35,40,42,42,50,50,50,50],"damage_taken":[{"damage":0,"enemies":"Cultist","floor":1,"turns":2},{"damage":0,"enemies":"Small Slimes","floor":3,"turns":2},{"damage":0,"enemies":"2 Louse","floor":4,"turns":1},{"damage":0,"enemies":"Lots of Slimes","floor":5,"turns":1},{"damage":4,"enemies":"Lagavulin","floor":7,"turns":3},{"damage":12,"enemies":"3 Sentries","floor":8,"turns":3},{"damage":0,"enemies":"Looter","floor":11,"turns":1},{"damage":10,"enemies":"3 Louse","floor":12,"turns":2},{"damage":18,"enemies":"Lagavulin","floor":14,"turns":3},{"damage":0,"enemies":"Slime Boss","floor":16,"turns":2},{"damage":0,"enemies":"Chosen","floor":18,"turns":2},{"damage":4,"enemies":"3 Byrds","floor":19,"turns":2},{"damage":18,"enemies":"Centurion and Healer","floor":22,"turns":3},{"damage":7,"enemies":"Slavers","floor":23,"turns":2},{"damage":2,"enemies":"Cultist and Chosen","floor":25,"turns":3},{"damage":0,"enemies":"Snecko","floor":27,"turns":2},{"damage":0,"enemies":"Gremlin Leader","floor":28,"turns":2},{"damage":0,"enemies":"Shelled Parasite and Fungi","floor":30,"turns":2},{"damage":0,"enemies":"3 Cultists","floor":31,"turns":1},{"damage":28,"enemies":"Champ","floor":33,"turns":5},{"damage":0,"enemies":"Orb Walker","floor":35,"turns":1},{"damage":0,"enemies":"3 Shapes","floor":38,"turns":1},{"damage":0,"enemies":"Nemesis","floor":40,"turns":3},{"damage":0,"enemies":"HollowMod:StalkingDevout","floor":41,"turns":1},{"damage":0,"enemies":"Writhing Mass","floor":42,"turns":2},{"damage":0,"enemies":"Giant Head","floor":44,"turns":3},{"damage":0,"enemies":"4 Shapes","floor":46,"turns":1},{"damage":0,"enemies":"Awakened One","floor":50,"turns":2}],"seed_played":"-5372088625528924166","potions_obtained":[{"floor":1,"key":"CultistPotion"},{"floor":3,"key":"Dexterity Potion"},{"floor":4,"key":"AttackPotion"},{"floor":7,"key":"Energy Potion"},{"floor":8,"key":"ColorlessPotion"},{"floor":12,"key":"Explosive Potion"},{"floor":12,"key":"Regen Potion"},{"floor":14,"key":"Swift Potion"},{"floor":14,"key":"SteroidPotion"},{"floor":16,"key":"AttackPotion"},{"floor":18,"key":"FearPotion"},{"floor":18,"key":"Weak Potion"},{"floor":19,"key":"Dexterity Potion"},{"floor":22,"key":"AttackPotion"},{"floor":23,"key":"LiquidMemories"},{"floor":25,"key":"Swift Potion"},{"floor":27,"key":"Weak Potion"},{"floor":28,"key":"GamblersBrew"},{"floor":30,"key":"Dexterity Potion"},{"floor":33,"key":"ColorlessPotion"},{"floor":35,"key":"Fruit Juice"},{"floor":35,"key":"LiquidMemories"},{"floor":38,"key":"Weak Potion"},{"floor":40,"key":"Swift Potion"},{"floor":41,"key":"PowerPotion"},{"floor":42,"key":"Energy Potion"},{"floor":44,"key":"AttackPotion"},{"floor":46,"key":"Swift Potion"}],"is_trial":true,"path_per_floor":["M","$","M","M","M","R","E","E","T","R","M","M","?","E","R","B",null,"M","M","T","$","M","E","R","M","T","M","E","$","M","M","R","B",null,"M","$","T","M","$","E","E","M","T","E","?","M","T","$","R","B",null],"character_chosen":"MARISA","items_purchased":["Nunchaku","WitchOfGreed","OrangePellets","Swift Strike","AmplifyWand","Strange Spoon","Potion Belt","OrrerysSun","Molten Egg 2","NonDirectionalLaser+1","MysteriousBeam+1","Whetstone","Gremlin Horn","Ginger","UnstableBomb+1","Dramatic Entrance+1","EventHorizon","Ancient Tea Set","PrismaticShard","GrandCross+1","Metamorphosis"],"campfire_rested":6,"item_purchase_floors":[2,2,2,2,21,21,21,21,29,29,29,29,36,36,36,39,39,48,48,48,48],"current_hp_per_floor":[75,75,75,75,75,75,71,59,59,75,75,65,65,56,75,75,75,75,71,71,71,53,46,68,66,66,73,73,73,73,73,82,54,82,87,87,87,87,87,87,87,87,87,87,87,87,87,87,87,87],"gold":185,"neow_bonus":"","is_daily":false,"chose_seed":false,"campfire_upgraded":0,"win_rate":0.0,"timestamp":1610725148,"path_taken":["M","$","?","M","M","R","E","E","T","R","M","?","?","E","R","BOSS","M","?","?","$","M","E","R","?","T","M","E","?","M","M","R","BOSS","M","?","?","M","$","E","E","?","T","E","?","?","?","?","R","BOSS"],"items_purchased_type":["Relic","Card","Relic","Card","Relic","Relic","Relic","Card","Relic","Card","Card","Relic","Relic","Relic","Card","Card","Card","Relic","Relic","Card","Card"],"build_version":"2020-12-22","purchased_purges":3,"victory":true,"max_hp_per_floor":[75,75,75,75,75,75,75,75,75,75,75,75,75,75,75,75,75,75,75,75,75,75,75,75,75,75,82,82,82,82,82,82,82,82,87,87,87,87,87,87,87,87,87,87,87,87,87,87,87,87],"card_choices":[{"not_picked":["SprinkleStarSeal","SporeBomb"],"picked":"IllusionStar","floor":6},{"not_picked":["NonDirectionalLaser","GrandCross"],"picked":"ChargingUp","floor":7},{"not_picked":["Impatience","PowerUp"],"picked":"SuperPerseids","floor":8},{"not_picked":["Swift Strike","Forethought"],"picked":"MilkyWay","floor":14},{"not_picked":["WitchOfGreed","MaximisePower"],"picked":"ChargeUpSpray","floor":15},{"not_picked":["Transmutation","BigCrunch"],"picked":"Master of Strategy","floor":16},{"not_picked":["MilkyWay","ChargingUp"],"picked":"BlazeAway","floor":23},{"not_picked":["UnstableBomb","MilkyWay"],"picked":"AlicesGift+1","floor":24},{"not_picked":["TreasureHunter","MeteoricShower"],"picked":"GravityBeat+1","floor":28},{"not_picked":["Panacea","MagicAbsorber"],"picked":"StarlightTyphoon+1","floor":32},{"not_picked":["Violence","JA+1"],"picked":"BinaryStars","floor":33},{"not_picked":["MilkyWay","MeteoricShower+1"],"picked":"AlicesGift+1","floor":40},{"not_picked":["UnstableBomb+1","6A+1"],"picked":"ShootingEcho+1","floor":41},{"not_picked":["WitchOfGreed+1","BigCrunch"],"picked":"GravityBeat+1","floor":44},{"not_picked":["ClowCardThePower+1","PrismaMod:MiyuCheapChannelRandom"],"picked":"Koishi:DreadfulBlow+1","floor":49}],"player_experience":523963,"relics_obtained":[{"floor":1,"key":"Art of War"},{"floor":3,"key":"Dream Catcher"},{"floor":4,"key":"Omamori"},{"floor":5,"key":"Tiny Chest"},{"floor":7,"key":"Ornamental Fan"},{"floor":8,"key":"Centennial Puzzle"},{"floor":9,"key":"War Paint"},{"floor":11,"key":"White Beast Statue"},{"floor":12,"key":"Boot"},{"floor":14,"key":"Letter Opener"},{"floor":18,"key":"Bronze Scales"},{"floor":19,"key":"Akabeko"},{"floor":20,"key":"CeramicFish"},{"floor":22,"key":"Happy Flower"},{"floor":23,"key":"HollowMod:StagPassRelic"},{"floor":25,"key":"Anchor"},{"floor":26,"key":"Blue Candle"},{"floor":27,"key":"Strawberry"},{"floor":28,"key":"HandmadeGrimoire"},{"floor":30,"key":"Meat on the Bone"},{"floor":31,"key":"Regal Pillow"},{"floor":35,"key":"Blood Vial"},{"floor":37,"key":"Oddly Smooth Stone"},{"floor":38,"key":"Smiling Mask"},{"floor":40,"key":"PreservedInsect"},{"floor":41,"key":"Bottled Tornado"},{"floor":42,"key":"ShroomBag"},{"floor":43,"key":"Bag of Marbles"},{"floor":44,"key":"Toy Ornithopter"},{"floor":46,"key":"Ice Cream"},{"floor":47,"key":"Pen Nib"}],"event_choices":[{"cards_removed":["DoubleSpark"],"damage_healed":0,"gold_gain":0,"player_choice":"Purged","damage_taken":0,"max_hp_gain":0,"max_hp_loss":0,"event_name":"Purifier","floor":13,"gold_loss":0},{"damage_healed":0,"gold_gain":0,"player_choice":"Upgraded","damage_taken":0,"max_hp_gain":0,"max_hp_loss":0,"event_name":"Upgrade Shrine","floor":45,"gold_loss":0,"cards_upgraded":["BinaryStars"]}],"is_beta":false,"boss_relics":[{"not_picked":["Velvet Choker","Runic Dome"],"picked":"BewitchedHakkero"},{"not_picked":["Snecko Eye","Tiny House"],"picked":"Philosopher\u0027s Stone"}],"items_purged_floors":[21,39,48],"is_endless":false,"potions_floor_spawned":[1,4,12,14,16,18,19,22,23,25,27,28,30,31,33,35,38,40,41,42,44,46],"ascension_level":0}}