{"host":"jfbo3eu2ui08ej1u","time":1610740276,"event":{"mods":["2.2 Compatiblity","AchievementEnabler","Act Like it!","Aspiration","BaseMod","Better Altar","Better Match","Better Note","Better Sensory Stone","Better Skull","Better Third Choice","Block Reminder","Colored Map","Colored Powertips","Conspire","DeckTracker","Displayed Cursed Tome","Downfall","Energized Spire","Fox Events","GifTheSpireLib","Hubris","Infinite Spire","Marked Mod","Minty Spire (QoL Compilation)","Pale of the Ancients","Quick Restart","RRrroohrrRGHHhhh!!","Relic Filter","Reorder Act Four","Replay The Spire","Shop Mod","Spicy Shops","StSLib","Stuff the Spire","The Blue Laboratory","The Disciple","The Forsaken","The Hierophant","The Marked","Uncapped","Unceasing Turn Reminder","Wandering Minibosses"],"gold_per_floor":[111,128,139,139,17,49,64,81,135,168,168,179,179,199,199,278,278,295,18,18,68,81,81,94,105,105,105,105,25,50,68,101,117,117,189,189,204,204,204,104,131,169,169,206,206,206,241,276,276,65,65,65,65],"floor_reached":52,"language":"ENG","playtime":2141,"items_purged":["Strike_B","rorgmod:Claw","Defend_B"],"score":1615,"play_id":"2cca8bd6-4b92-4b4a-95e5-90752709ff2e","local_time":"20210115145116","is_ascension_mode":true,"campfire_choices":[{"data":"Replay:SS_hec_2","floor":11.0,"key":"SMITH"},{"data":"Redo","floor":13.0,"key":"SMITH"},{"data":"Loop","floor":15.0,"key":"SMITH"},{"data":"Capacitor","floor":23.0,"key":"SMITH"},{"floor":34.0,"key":"REST"},{"floor":43.0,"key":"REST"},{"data":"Multi-Cast","floor":49.0,"key":"SMITH"},{"data":"StuffTheSpire:Synthwave","floor":51.0,"key":"SMITH"}],"circlet_count":0,"master_deck":["AscendersBane","Defend_B","Defend_B","Defend_B","Zap","Dualcast","rorgmod:Steady Aim","rorgmod:Leap+1","The Bomb","Replay:SS_hec_2+1","Replay:SS_forest_6","Redo","Redo+1","Loop+1","Reinforced Body","rorgmod:Steady Aim","Melter+1","Rebound+1","Capacitor+1","rorgmod:Fuse Blower+1","Conserve Battery","Reboot","rorgmod:Storm","rorgmod:Fuse Blower+1","Conserve Battery","Hologram","Reinforced Body","Rainbow+1","Barrage+1","StuffTheSpire:Plugnplay","Madness","Madness","Undo","Multi-Cast+1","StuffTheSpire:Synthwave+1"],"relics":["Cracked Core","ReplayTheSpireMod:ShopPack","Replay:Rubber Ducky","StuffTheSpire:Barrel","hubris:TenFootPole","rorgmod:Empty Cage","Prayer Wheel","Orrery","Carrot","Nunchaku","hubris:BallOfYels","Pet Ghost","conspire:RoyalGoblet","infinitespire:EvilPickle","Replay:Mystery Machine","hubris:AstralHammer","Whetstone","rorgmod:Crooked Motherboard"],"acts_visited":["Exordium","TheCity","TheBeyond"],"potions_floor_usage":[52],"damage_taken":[{"damage":7.0,"enemies":"Small Slimes","floor":1.0,"turns":3.0},{"damage":0.0,"enemies":"Jaw Worm","floor":2.0,"turns":3.0},{"damage":0.0,"enemies":"Cultist","floor":3.0,"turns":4.0},{"damage":0.0,"enemies":"Lagavulin","floor":6.0,"turns":7.0},{"damage":1.0,"enemies":"Red Slaver","floor":7.0,"turns":4.0},{"damage":6.0,"enemies":"Looter","floor":8.0,"turns":3.0},{"damage":5.0,"enemies":"Gremlin Nob","floor":10.0,"turns":3.0},{"damage":23.0,"enemies":"Gremlin Gang","floor":12.0,"turns":4.0},{"damage":0.0,"enemies":"Blue Slaver","floor":14.0,"turns":5.0},{"damage":10.0,"enemies":"The Guardian","floor":16.0,"turns":11.0},{"damage":0.0,"enemies":"Spheric Guardian","floor":18.0,"turns":6.0},{"damage":0.0,"enemies":"Chosen","floor":22.0,"turns":5.0},{"damage":20.0,"enemies":"Sentry and Sphere","floor":24.0,"turns":5.0},{"damage":10.0,"enemies":"Snecko","floor":25.0,"turns":7.0},{"damage":34.0,"enemies":"Slavers","floor":30.0,"turns":7.0},{"damage":10.0,"enemies":"3 Cultists","floor":31.0,"turns":7.0},{"damage":33.0,"enemies":"Book of Stabbing","floor":32.0,"turns":5.0},{"damage":0.0,"enemies":"Centurion and Healer","floor":33.0,"turns":7.0},{"damage":27.0,"enemies":"Pondfish","floor":35.0,"turns":13.0},{"damage":0.0,"enemies":"3 Darklings","floor":37.0,"turns":5.0},{"damage":0.0,"enemies":"3 Shapes","floor":41.0,"turns":5.0},{"damage":17.0,"enemies":"Nightmare","floor":42.0,"turns":9.0},{"damage":16.0,"enemies":"R_Hoarder","floor":44.0,"turns":13.0},{"damage":0.0,"enemies":"conspire:MimicChest","floor":47.0,"turns":4.0},{"damage":0.0,"enemies":"Spire Growth","floor":48.0,"turns":6.0},{"damage":67,"enemies":"Replay:Hell Engine","floor":52,"turns":18}],"seed_played":"4825069590647917304","potions_obtained":[{"floor":2.0,"key":"Elixir"},{"floor":6.0,"key":"blueLaboratory:TeslaPotion"},{"floor":12.0,"key":"blueLaboratory:HorrorPotion"},{"floor":18.0,"key":"blueLaboratory:RelayPotion"},{"floor":30.0,"key":"blueLaboratory:HummingbirdPotion"},{"floor":33.0,"key":"Block Potion"},{"floor":37.0,"key":"infinitespire:BlackPotion"},{"floor":44.0,"key":"blueLaboratory:BottleOfVodka"}],"is_trial":false,"path_per_floor":["M","M","M","?","$","E","M","M","T","E","R","M","R","M","R","B",null,"M","$","?","?","M","R","M","M","T","PTL","PTL","$","E","M","E","M","R","B",null,"M","?","?","$","M","NM","R","E","T","?","?","M","R","$","R","B"],"character_chosen":"DEFECT","items_purchased":["ReplayTheSpireMod:ShopPack","champ:CounterPotion","Capacitor","Orrery","Nunchaku","StuffTheSpire:Synthwave"],"campfire_rested":2,"item_purchase_floors":[5,5,19,19,29,50],"current_hp_per_floor":[64,64,64,64,64,72,71,65,65,68,68,45,45,53,53,51,71,71,71,68,68,76,76,56,54,54,54,54,54,36,42,9,17,40,13,62,62,62,55,55,55,38,61,53,53,51,59,67,67,67,67,0,0],"gold":65,"neow_bonus":"TEN_PERCENT_HP_BONUS","is_daily":false,"chose_seed":false,"campfire_upgraded":6,"win_rate":0.0,"timestamp":1610740276,"path_taken":["M","M","M","?","$","E","M","M","T","E","R","M","R","M","R","BOSS","M","$","?","?","M","R","?","M","T","PTL","PTL","?","E","M","E","?","R","BOSS","M","?","?","$","M","NM","R","E","T","?","?","M","R","?","R","BOSS"],"items_purchased_type":["Relic","Potion","Card","Relic","Relic","Card"],"build_version":"2020-12-22","purchased_purges":3,"victory":false,"max_hp_per_floor":[78,78,78,78,78,78,78,78,78,78,78,78,78,78,78,78,78,78,78,78,78,78,78,78,78,78,78,78,78,78,78,78,78,78,78,78,78,78,78,78,78,78,78,78,78,78,78,78,78,78,78,78,78],"card_choices":[{"not_picked":["rorgmod:Antivirus","Melter"],"picked":"rorgmod:Steady Aim","floor":1.0},{"not_picked":["ReplayTheSpireMod:System Scan","Compile Driver"],"picked":"rorgmod:Leap","floor":2.0},{"not_picked":["Coolheaded","FTL"],"picked":"rorgmod:Claw","floor":3.0},{"not_picked":["Metamorphosis","expansioncontent:StudyTheSpire"],"picked":"The Bomb","floor":5.0},{"not_picked":["hubris:Ssssneak","Replay:SS_fish_3"],"picked":"Replay:SS_hec_2","floor":5.0},{"not_picked":["Dark Shackles","Magnetism"],"picked":"Replay:SS_forest_6","floor":5.0},{"not_picked":["Chill","Compile Driver"],"picked":"Redo","floor":6.0},{"not_picked":["rorgmod:Denial of Service","rorgmod:Claw"],"picked":"Redo","floor":7.0},{"not_picked":["rorgmod:Refrigerate","ReplaySolidLightProjector","Coolheaded"],"picked":"SKIP","floor":8.0},{"not_picked":["ReplayTheSpireMod:Repulse","rorgmod:Overheat"],"picked":"Loop","floor":10.0},{"not_picked":["Streamline","StuffTheSpire:Synthwave"],"picked":"Reinforced Body","floor":12.0},{"not_picked":["Barrage","rorgmod:Antivirus"],"picked":"rorgmod:Steady Aim","floor":14.0},{"not_picked":["hubris:DoWhile","rorgmod:Black Ice"],"picked":"ReplayTheSpireMod:Fabricate Wheel","floor":16.0},{"not_picked":["Compile Driver","StuffTheSpire:LoadUp"],"picked":"Melter+1","floor":18.0},{"not_picked":["Panic Button","StuffTheSpire:ShieldGenerator"],"picked":"Rebound","floor":18.0},{"not_picked":["rorgmod:Leap","rorgmod:Refrigerate"],"picked":"rorgmod:Fuse Blower+1","floor":19.0},{"not_picked":["ReplaySort+1","rorgmod:Metal Coating"],"picked":"Conserve Battery","floor":19.0},{"not_picked":["Blizzard","Turbo"],"picked":"Reboot","floor":19.0},{"not_picked":["rorgmod:Fusion","Redo"],"picked":"rorgmod:Storm","floor":22.0},{"not_picked":["Undo","rorgmod:Fragmentation"],"picked":"rorgmod:Fuse Blower+1","floor":22.0},{"not_picked":["Stack","conspire:Rain"],"picked":"Conserve Battery","floor":24.0},{"not_picked":["Sweeping Beam","StuffTheSpire:Rend","rorgmod:Fragmentation"],"picked":"SKIP","floor":24.0},{"not_picked":["Cold Snap+1","Ball Lightning"],"picked":"Hologram","floor":25.0},{"not_picked":["hubris:Prefetch","Recycle","rorgmod:Fragmentation"],"picked":"SKIP","floor":25.0},{"not_picked":["Barrage+1","StuffTheSpire:GlassShard"],"picked":"Reinforced Body","floor":30.0},{"not_picked":["Coolheaded","Ball Lightning","ReplayTheSpireMod:Reroute Power"],"picked":"SKIP","floor":31.0},{"not_picked":["Coolheaded","rorgmod:Claw","Sweeping Beam"],"picked":"SKIP","floor":31.0},{"not_picked":["rorgmod:Pusher Props","Panic Button","rorgmod:SQL Injection+1"],"picked":"SKIP","floor":32.0},{"not_picked":["Chill","Coolheaded","StuffTheSpire:LoadUp"],"picked":"SKIP","floor":33.0},{"not_picked":["hubris:DoWhile","rorgmod:Antivirus","Redo"],"picked":"SKIP","floor":33.0},{"not_picked":["Fission","rorgmod:Neutron Shower"],"picked":"Rainbow","floor":35.0},{"not_picked":["BasicCrystalCard","FIFO Queue+1"],"picked":"Barrage+1","floor":37.0},{"not_picked":["StuffTheSpire:Rend","rorgmod:LRU Cache"],"picked":"StuffTheSpire:Plugnplay","floor":37.0},{"not_picked":["Sweeping Beam+1","Cold Snap+1","Streamline+1"],"picked":"SKIP","floor":41.0},{"not_picked":["Rebound","Mirror Shield","conspire:SharedLibrary"],"picked":"SKIP","floor":41.0},{"not_picked":["aspiration:Polymerization+1","ReplayTheSpireMod:Repulse","Barrage"],"picked":"SKIP","floor":42.0},{"not_picked":["BasicCrystalCard","rorgmod:Denial of Service","hubris:Prefetch"],"picked":"SKIP","floor":44.0},{"not_picked":["Cold Snap+1","BasicCrystalCard+1"],"picked":"Undo","floor":47.0},{"not_picked":["FTL","rorgmod:Steady Aim"],"picked":"Multi-Cast","floor":48.0},{"not_picked":["Compile Driver","Rebound","rorgmod:SQL Injection+1"],"picked":"SKIP","floor":48.0}],"player_experience":1229789,"relics_obtained":[{"floor":6.0,"key":"Replay:Rubber Ducky"},{"floor":9.0,"key":"StuffTheSpire:Barrel"},{"floor":10.0,"key":"hubris:TenFootPole"},{"floor":26.0,"key":"Carrot"},{"floor":30.0,"key":"hubris:BallOfYels"},{"floor":32.0,"key":"Pet Ghost"},{"floor":42.0,"key":"Replay:Mystery Machine"},{"floor":44.0,"key":"hubris:AstralHammer"},{"floor":45.0,"key":"Whetstone"},{"floor":47.0,"key":"rorgmod:Crooked Motherboard"}],"event_choices":[{"damage_healed":0.0,"max_hp_gain":0.0,"max_hp_loss":0.0,"gold_gain":0.0,"event_name":"Cursed Tome","player_choice":"Stopped","floor":20.0,"gold_loss":0.0,"damage_taken":9.0},{"damage_healed":0.0,"max_hp_gain":0.0,"max_hp_loss":0.0,"gold_gain":50.0,"event_name":"Golden Shrine","player_choice":"Pray","floor":21.0,"gold_loss":0.0,"damage_taken":0.0},{"damage_healed":0.0,"max_hp_gain":0.0,"max_hp_loss":0.0,"gold_gain":0.0,"event_name":"Winding Halls","player_choice":"Embrace Madness","floor":39.0,"gold_loss":0.0,"damage_taken":14.0,"cards_obtained":["Madness","Madness"]},{"damage_healed":0.0,"max_hp_gain":0.0,"max_hp_loss":0.0,"gold_gain":0.0,"event_name":"conspire:Investor","player_choice":"Leave","floor":46.0,"gold_loss":0.0,"damage_taken":0.0}],"is_beta":false,"boss_relics":[{"not_picked":["Busted Crown","StuffTheSpire:RunicConfusion"],"picked":"rorgmod:Empty Cage"},{"not_picked":["ReplayTheSpireMod:SealedPack","StuffTheSpire:Kangaroo"],"picked":"conspire:RoyalGoblet"}],"items_purged_floors":[19,40,50],"is_endless":false,"potions_floor_spawned":[2,6,7,12,14,18,25,30,31,33,37,44,48],"killed_by":"Replay:Hell Engine","ascension_level":18}}