{"host":"sv70n8tirfk0oiuf","time":1610678923,"event":{"mods":["Act Like it!","BaseMod","Gensokyo","Marisa£®ÏF”Í°°ƒß¿Ì…≥£©","Minty Spire (QoL Compilation)","Reimu£®≤©¿ˆ¡È√Œ£©","Remilia£®¿Ÿ√◊¿Ú—«£©","StSLib","The Administrix","The Servant 0.9.4","Yakumo Yukari mod","noobMod"],"gold_per_floor":[150,170,187,227,207,207,222,240,240,273,313,273,328,364,364,459,459,473,473,137,174,99,150,160,190,270,304,304,264,264,317,317,414,414,432,432,456,476,491,521,23,51,51,51,71,99,0,10,10,10],"floor_reached":51,"language":"ZHS","playtime":3224,"items_purged":["Writhe"],"score":1073,"play_id":"a633a950-c3a6-4e40-9c66-d45f049d1904","local_time":"20210115104843","is_ascension_mode":true,"campfire_choices":[{"floor":6,"key":"REST"},{"data":"True Grit","floor":15,"key":"SMITH"},{"data":"Mayhem","floor":28,"key":"SMITH"},{"data":"True Grit","floor":32,"key":"SMITH"},{"data":"Dark Embrace","floor":44,"key":"SMITH"},{"data":"Evolve","floor":49,"key":"SMITH"}],"circlet_count":0,"master_deck":["Strike_R","Strike_R","Strike_R","Strike_R","Strike_R","Defend_R","Defend_R","Defend_R","Defend_R+1","Bash","HandOfGreed","Spot Weakness","Anger","Power Through","Second Wind","Shrug It Off","Power Through+1","Perfected Strike","True Grit+1","Feel No Pain","Barricade","CurseOfTheBell","Iron Wave+1","Mayhem+1","Flex","Inflame","Headbutt","True Grit","Perfected Strike","Feed","True Grit+1","Demon Form","Perfected Strike+1","Wild Strike","Anger","Sword Boomerang","Demon Form","True Grit","True Grit","Dark Embrace+1","Pummel+1","Heavy Blade","Evolve+1"],"relics":["Burning Blood","ice","Dream Catcher","PaintedHorse:ReiMu","Oddly Smooth Stone","Calling Bell","PreservedInsect","Kunai","Bird Faced Urn","ScarletDevilRocket","RuthlessExorcism:ReiMu","Mercury Hourglass","Tea:ReiMu","StrikeDummy","Bag of Preparation","ZunR:ReiMu","War Paint","Bottled Tornado","Black Star","Toy Ornithopter","The Courier","Mastiff:ReiMu","Omamori","Happy Flower","Strawberry","Regal Pillow","Bottled Lightning","Ornamental Fan","Lizard Tail","Red Mask"],"acts_visited":["Exordium","TheCity","TheBeyond"],"potions_floor_usage":[7,16,16,40,50],"damage_taken":[{"damage":0,"enemies":"Small Slimes","floor":1,"turns":3},{"damage":1,"enemies":"Cultist","floor":2,"turns":3},{"damage":2,"enemies":"Jaw Worm","floor":3,"turns":3},{"damage":50,"enemies":"Exordium Thugs","floor":4,"turns":8},{"damage":10,"enemies":"Looter","floor":7,"turns":5},{"damage":3,"enemies":"Large Slime","floor":8,"turns":6},{"damage":1,"enemies":"Exordium Wildlife","floor":10,"turns":3},{"damage":3,"enemies":"2 Fungi Beasts","floor":11,"turns":3},{"damage":9,"enemies":"Gremlin Nob","floor":13,"turns":5},{"damage":0,"enemies":"Exordium Thugs","floor":14,"turns":3},{"damage":33,"enemies":"The Guardian","floor":16,"turns":12},{"damage":12,"enemies":"Chosen","floor":18,"turns":6},{"damage":38,"enemies":"Spheric Guardian","floor":21,"turns":8},{"damage":36,"enemies":"Slavers","floor":23,"turns":6},{"damage":38,"enemies":"Snake Plant","floor":24,"turns":6},{"damage":10,"enemies":"Gremlin Leader","floor":25,"turns":7},{"damage":20,"enemies":"Book of Stabbing","floor":27,"turns":6},{"damage":8,"enemies":"Slavers","floor":31,"turns":3},{"damage":8,"enemies":"Automaton","floor":33,"turns":10},{"damage":13,"enemies":"3 Darklings","floor":35,"turns":5},{"damage":2,"enemies":"Orb Walker","floor":38,"turns":2},{"damage":17,"enemies":"4 Shapes","floor":39,"turns":3},{"damage":16,"enemies":"Nemesis","floor":40,"turns":7},{"damage":6,"enemies":"Reptomancer","floor":42,"turns":5},{"damage":7,"enemies":"3 Darklings","floor":45,"turns":5},{"damage":0,"enemies":"Giant Head","floor":46,"turns":8},{"damage":8,"enemies":"Spire Growth","floor":48,"turns":4},{"damage":22,"enemies":"Donu and Deca","floor":50,"turns":8}],"seed_played":"-78033523055354956","potions_obtained":[{"floor":3,"key":"EssenceOfSteel"},{"floor":4,"key":"BloodPotion"},{"floor":5,"key":"Ancient Potion"},{"floor":10,"key":"PowerPotion"},{"floor":14,"key":"Swift Potion"},{"floor":16,"key":"EssenceOfSteel"},{"floor":23,"key":"LiquidMemories"},{"floor":24,"key":"Strength Potion"},{"floor":27,"key":"DuplicationPotion"},{"floor":31,"key":"HeartOfIron"},{"floor":40,"key":"DistilledChaos"}],"is_trial":false,"path_per_floor":["M","M","M","M","?","R","M","M","T","M","M","?","E","M","R","B",null,"M","?","$","M","$","E","M","E","T","E","R","?","?","E","R","B",null,"M","?","T","M","M","E","$","E","T","R","M","E","?","M","R","B",null],"character_chosen":"IRONCLAD","items_purchased":["RuthlessExorcism:ReiMu","Mayhem","Inflame","Omamori","Happy Flower","Demon Form","True Grit","True Grit"],"campfire_rested":1,"item_purchase_floors":[20,20,22,41,41,41,41,41],"current_hp_per_floor":[62,67,71,27,27,51,63,66,66,71,74,74,71,77,77,50,80,74,74,74,48,48,24,78,83,83,77,77,77,77,79,79,87,113,108,108,108,119,121,126,126,143,143,143,150,161,161,162,164,168],"gold":10,"neow_bonus":"RANDOM_COLORLESS_2","is_daily":false,"chose_seed":false,"campfire_upgraded":5,"win_rate":0.0,"timestamp":1610678923,"path_taken":["M","M","M","M","?","R","?","M","T","M","M","?","E","M","R","BOSS","M","?","$","M","?","E","M","E","T","E","R","?","?","E","R","BOSS","M","?","?","M","M","E","$","E","T","R","M","E","?","M","R","BOSS"],"items_purchased_type":["Relic","Card","Card","Relic","Relic","Card","Card","Card"],"build_version":"2020-12-22","purchased_purges":1,"victory":true,"max_hp_per_floor":[80,80,80,80,80,80,80,80,80,80,80,80,80,80,80,80,80,80,80,80,80,80,80,81,85,85,100,100,100,100,104,104,113,113,118,118,118,122,130,138,138,149,149,149,156,161,161,164,164,179],"card_choices":[{"not_picked":["Transmutation","Secret Weapon"],"picked":"HandOfGreed","floor":0},{"not_picked":["Heavy Blade","Clothesline"],"picked":"Spot Weakness","floor":1},{"not_picked":["Carnage","Armaments"],"picked":"Anger","floor":2},{"not_picked":["Twin Strike","Warcry"],"picked":"Power Through","floor":3},{"not_picked":["Sword Boomerang","Whirlwind"],"picked":"Juggernaut","floor":4},{"not_picked":["Flex","Clash"],"picked":"Second Wind","floor":7},{"not_picked":["Rage","Pummel"],"picked":"Shrug It Off","floor":8},{"not_picked":["Dropkick","Reckless Charge"],"picked":"Power Through","floor":10},{"not_picked":["Thunderclap","Cleave"],"picked":"Perfected Strike","floor":11},{"not_picked":["Immolate","Battle Trance"],"picked":"True Grit","floor":13},{"not_picked":["Warcry","Seeing Red"],"picked":"Feel No Pain","floor":14},{"not_picked":["Feed","Exhume"],"picked":"Barricade","floor":16},{"not_picked":["Twin Strike+1","Headbutt"],"picked":"Iron Wave+1","floor":18},{"not_picked":["Sword Boomerang+1","Searing Blow"],"picked":"Flex","floor":21},{"not_picked":["Wild Strike","Shockwave"],"picked":"Headbutt","floor":23},{"not_picked":["Body Slam+1","Sever Soul"],"picked":"True Grit","floor":24},{"not_picked":["Clash+1","Seeing Red"],"picked":"Perfected Strike","floor":25},{"not_picked":["Anger","Twin Strike+1"],"picked":"Feed","floor":27},{"not_picked":["Fiend Fire","Searing Blow+1"],"picked":"True Grit","floor":31},{"not_picked":["Immolate","Limit Break"],"picked":"Demon Form","floor":33},{"not_picked":["Wild Strike","Headbutt"],"picked":"Perfected Strike+1","floor":35},{"not_picked":["Carnage+1","Anger+1"],"picked":"Wild Strike","floor":38},{"not_picked":["Clothesline","Warcry"],"picked":"Anger","floor":39},{"not_picked":["Seeing Red","Rage"],"picked":"Sword Boomerang","floor":40},{"not_picked":["Cleave+1","Seeing Red+1"],"picked":"Dark Embrace","floor":42},{"not_picked":["Clash+1","Dropkick"],"picked":"Pummel+1","floor":45},{"not_picked":["Pummel","Body Slam+1"],"picked":"Heavy Blade","floor":46},{"not_picked":["Shrug It Off","Pommel Strike+1"],"picked":"Evolve","floor":48}],"player_experience":350487,"relics_obtained":[{"floor":9,"key":"Dream Catcher"},{"floor":13,"key":"Oddly Smooth Stone"},{"floor":17,"key":"PreservedInsect"},{"floor":17,"key":"Kunai"},{"floor":17,"key":"Bird Faced Urn"},{"floor":23,"key":"Mercury Hourglass"},{"floor":25,"key":"Tea:ReiMu"},{"floor":26,"key":"StrikeDummy"},{"floor":27,"key":"Bag of Preparation"},{"floor":31,"key":"Bottled Tornado"},{"floor":37,"key":"Toy Ornithopter"},{"floor":40,"key":"The Courier"},{"floor":40,"key":"Mastiff:ReiMu"},{"floor":42,"key":"Strawberry"},{"floor":42,"key":"Regal Pillow"},{"floor":43,"key":"Bottled Lightning"},{"floor":46,"key":"Ornamental Fan"},{"floor":46,"key":"Lizard Tail"}],"event_choices":[{"damage_healed":0,"gold_gain":0,"player_choice":"Bought 1 Potion","damage_taken":0,"max_hp_gain":0,"max_hp_loss":0,"event_name":"The Woman in Blue","floor":5,"gold_loss":0},{"damage_healed":0,"gold_gain":0,"player_choice":"»˚«Æ","damage_taken":0,"relics_obtained":["PaintedHorse:ReiMu"],"max_hp_gain":0,"max_hp_loss":0,"event_name":"yidonshenshe","floor":12,"gold_loss":40},{"damage_healed":0,"gold_gain":0,"player_choice":"Gave Potion","damage_taken":0,"relics_obtained":["ScarletDevilRocket"],"max_hp_gain":0,"max_hp_loss":0,"event_name":"WeMeetAgain","floor":19,"gold_loss":0},{"damage_healed":0,"gold_gain":0,"player_choice":"π∫¬Ú…Òæ∆","damage_taken":0,"relics_obtained":["ZunR:ReiMu"],"max_hp_gain":0,"max_hp_loss":0,"event_name":"ZunEvent","floor":29,"gold_loss":40},{"damage_healed":0,"gold_gain":0,"player_choice":"Opened","damage_taken":0,"relics_obtained":["War Paint"],"max_hp_gain":0,"max_hp_loss":0,"event_name":"The Mausoleum","floor":30,"gold_loss":0,"cards_obtained":["Writhe"]},{"cards_removed":["Juggernaut"],"damage_healed":0,"gold_gain":0,"player_choice":"Removed Power","damage_taken":0,"max_hp_gain":0,"max_hp_loss":0,"event_name":"Falling","floor":36,"gold_loss":0},{"damage_healed":0,"gold_gain":0,"player_choice":"Paid","damage_taken":0,"relics_obtained":["Red Mask"],"max_hp_gain":0,"max_hp_loss":0,"event_name":"Tomb of Lord Red Mask","floor":47,"gold_loss":99}],"is_beta":false,"boss_relics":[{"not_picked":["Snecko Eye","Velvet Choker"],"picked":"Calling Bell"},{"not_picked":["Runic Cube","SacredBark"],"picked":"Black Star"}],"items_purged_floors":[41],"is_endless":false,"potions_floor_spawned":[3,4,10,14,16,23,24,27,31,40,46,48],"ascension_level":2}}