{"host":"yvb207ks1sg3cxef","time":1610702641,"event":{"mods":["2.2 Compatiblity","BaseMod","Bestiary","Colored Powertips","Minty Spire (QoL Compilation)","Permanent Neow","Quick Restart","Relic Stats","StSLib"],"gold_per_floor":[114,154,154,154,154,184,184,239,239,294,334,349,404,419,419,544,544,559,574,244,259,34,89,89,183,217,371,395,464,488,557,557,747,747,831,148,193,358,502,661,661,661,695,854,872,1022,1022,1091,1103,1115],"floor_reached":51,"language":"ENG","playtime":8300,"items_purged":["Judgement","Normality"],"score":1193,"play_id":"a31e0f3b-4783-4a88-aeaf-1c763f570bbe","local_time":"20210115145401","daily_mods":["Shiny","Blue Cards","Elite Swarm"],"is_ascension_mode":false,"campfire_choices":[{"data":"Vault","floor":7.0,"key":"SMITH"},{"data":"Buffer","floor":15.0,"key":"SMITH"},{"data":"Seek","floor":32.0,"key":"SMITH"},{"data":"Blasphemy","floor":42,"key":"SMITH"},{"data":"Devotion","floor":47,"key":"SMITH"},{"data":"Machine Learning","floor":49,"key":"SMITH"}],"circlet_count":0,"master_deck":["Multi-Cast","Hyperbeam+1","Thunder Strike","Biased Cognition","Machine Learning+1","Electrodynamics","Buffer+1","Rainbow+1","Seek+1","Meteor Strike+1","Echo Form+1","All For One+1","Reboot+1","Amplify+1","Creative AI+1","Fission+1","Core Surge","ConjureBlade+1","MasterReality+1","Brilliance","Devotion+1","Blasphemy+1","Ragnarok+1","LessonLearned","Scrawl+1","Vault+1","Alpha+1","Wish+1","Omniscience+1","Establishment","SpiritShield+1","DevaForm+1","DeusExMachina+1","Consecrate+1","Recycle+1","Wish+1","Hyperbeam+1","LessonLearned","Genetic Algorithm+1","Hologram+1","Buffer","Vault+1","Reinforced Body+1","Wireheading+1","Reprogram+1","Coolheaded+1","Wish+1","Scrawl+1","Shame","Hyperbeam+1","Genetic Algorithm+1","Machine Learning","Evaluate+1","Reinforced Body+1","Finesse+1","SpiritShield+1","Seek+1","Clumsy","Vault+1","Panache","Panacea+1","Seek+1"],"relics":["PureWater","PreservedInsect","Pear","Bag of Preparation","Toxic Egg 2","Pantograph","Toy Ornithopter","Cursed Key","Letter Opener","Anchor","FossilizedHelix","CeramicFish","Dream Catcher","Regal Pillow","Ginger","Whetstone","Thread and Needle","Black Star","Blue Candle","Potion Belt","InkBottle","Happy Flower","Damaru","Vajra","Shuriken","Lantern","HornCleat","Orichalcum","MawBank"],"acts_visited":["Exordium","TheCity","TheBeyond"],"potions_floor_usage":[50,50,50],"damage_taken":[{"damage":0.0,"enemies":"Cultist","floor":1.0,"turns":2.0},{"damage":0.0,"enemies":"Jaw Worm","floor":2.0,"turns":2.0},{"damage":0.0,"enemies":"Gremlin Nob","floor":6.0,"turns":3.0},{"damage":0.0,"enemies":"3 Sentries","floor":8.0,"turns":3.0},{"damage":26.0,"enemies":"Gremlin Nob","floor":10.0,"turns":4.0},{"damage":21.0,"enemies":"Small Slimes","floor":11.0,"turns":6.0},{"damage":5.0,"enemies":"Exordium Wildlife","floor":12.0,"turns":3.0},{"damage":0.0,"enemies":"3 Sentries","floor":13.0,"turns":2.0},{"damage":0.0,"enemies":"Lots of Slimes","floor":14.0,"turns":1.0},{"damage":29.0,"enemies":"Hexaghost","floor":16.0,"turns":8.0},{"damage":0.0,"enemies":"2 Thieves","floor":18.0,"turns":3.0},{"damage":0.0,"enemies":"Shell Parasite","floor":19.0,"turns":5.0},{"damage":21.0,"enemies":"Snake Plant","floor":21.0,"turns":4.0},{"damage":0.0,"enemies":"Gremlin Leader","floor":23.0,"turns":7.0},{"damage":7.0,"enemies":"Slavers","floor":25.0,"turns":9.0},{"damage":11.0,"enemies":"Gremlin Leader","floor":27.0,"turns":9.0},{"damage":0.0,"enemies":"Centurion and Healer","floor":28.0,"turns":6.0},{"damage":6.0,"enemies":"Book of Stabbing","floor":29.0,"turns":4.0},{"damage":0.0,"enemies":"Chosen and Byrds","floor":30.0,"turns":4.0},{"damage":7.0,"enemies":"Slavers","floor":31.0,"turns":4.0},{"damage":41.0,"enemies":"Collector","floor":33.0,"turns":9.0},{"damage":0.0,"enemies":"3 Shapes","floor":35.0,"turns":5.0},{"damage":0.0,"enemies":"3 Darklings","floor":37.0,"turns":1.0},{"damage":0.0,"enemies":"Maw","floor":38.0,"turns":6.0},{"damage":0,"enemies":"Jaw Worm Horde","floor":39,"turns":7},{"damage":0,"enemies":"Giant Head","floor":40,"turns":9},{"damage":0,"enemies":"Reptomancer","floor":44,"turns":9},{"damage":6,"enemies":"Nemesis","floor":46,"turns":12},{"damage":9,"enemies":"Reptomancer","floor":48,"turns":4},{"damage":2,"enemies":"Awakened One","floor":50,"turns":6}],"seed_played":"5830580211590973081","potions_obtained":[{"floor":6.0,"key":"BottledMiracle"},{"floor":8.0,"key":"Swift Potion"},{"floor":11.0,"key":"GamblersBrew"},{"floor":13.0,"key":"SteroidPotion"},{"floor":19.0,"key":"Fruit Juice"},{"floor":21.0,"key":"LiquidMemories"},{"floor":23.0,"key":"StancePotion"},{"floor":33.0,"key":"BlessingOfTheForge"},{"floor":37.0,"key":"ColorlessPotion"},{"floor":44,"key":"SteroidPotion"},{"floor":48,"key":"CultistPotion"}],"is_trial":false,"path_per_floor":["M","M","?","?","?","E","R","E","T","E","M","M","E","M","R","B",null,"M","M","$","M","$","E","T","E","T","E","M","E","M","E","R","B",null,"M","$","M","M","M","E","?","R","T","E","?","E","R","E","R","B",null],"character_chosen":"WATCHER","items_purchased":["Reprogram+1","Letter Opener","Anchor","Blue Candle","Potion Belt","Fruit Juice","Finesse+1"],"campfire_rested":0,"item_purchase_floors":[20,20,22,36,36,36,36],"current_hp_per_floor":[72,72,65,65,70,80,80,80,80,54,33,28,28,28,28,24,87,87,87,87,76,76,76,76,74,74,63,63,57,67,60,60,44,92,92,92,92,92,92,92,92,92,92,92,82,76,76,67,67,95],"gold":1127,"neow_bonus":"","is_daily":true,"chose_seed":false,"campfire_upgraded":6,"win_rate":0.0,"timestamp":1610702641,"path_taken":["M","M","?","?","?","E","R","E","T","E","M","?","E","M","R","BOSS","M","M","$","?","$","E","?","E","T","E","M","E","M","E","R","BOSS","M","$","M","M","M","E","?","R","T","E","?","E","R","E","R","BOSS"],"items_purchased_type":["Card","Relic","Relic","Relic","Relic","Potion","Card"],"build_version":"2020-12-22","purchased_purges":2,"victory":true,"max_hp_per_floor":[72,72,72,72,77,87,87,87,87,87,87,87,87,87,87,87,87,87,87,87,92,92,92,92,92,92,92,92,92,92,92,92,92,92,92,92,92,92,92,92,92,92,92,92,92,92,92,92,92,97],"relic_stats":{"Regal Pillow":0,"Happy Flower":[10],"counters":[30,157],"CeramicFish":144,"Blue Candle":[1],"PreservedInsect":606,"Bag of Preparation":[60],"Letter Opener":[526],"Ginger":[10],"Whetstone":["All For One","Ragnarok"],"Orichalcum":[6],"Cursed Key":3,"MawBank":36,"Dream Catcher":0,"Shuriken":[4],"Pantograph":75,"Black Star":4,"obtain_stats":[{"Regal Pillow":26,"Lantern":46,"CeramicFish":24,"Vajra":44,"Bag of Preparation":8,"Ginger":27,"Whetstone":29,"Cursed Key":17,"Dream Catcher":25,"HornCleat":46,"Pantograph":10,"Toxic Egg 2":9,"InkBottle":40,"Potion Belt":36,"Pear":6,"Happy Flower":40,"Blue Candle":36,"Damaru":43,"Thread and Needle":31,"PreservedInsect":3,"Letter Opener":20,"Orichalcum":48,"MawBank":48,"Anchor":22,"Shuriken":44,"Black Star":34,"PureWater":0,"Toy Ornithopter":13,"FossilizedHelix":23},{"Regal Pillow":15,"Lantern":28,"CeramicFish":14,"Vajra":27,"Bag of Preparation":4,"Ginger":16,"Whetstone":18,"Cursed Key":10,"Dream Catcher":15,"HornCleat":28,"Pantograph":5,"Toxic Egg 2":4,"InkBottle":26,"Potion Belt":22,"Pear":3,"Happy Flower":26,"Blue Candle":22,"Damaru":26,"Thread and Needle":20,"PreservedInsect":2,"Letter Opener":12,"Orichalcum":29,"MawBank":29,"Anchor":13,"Shuriken":27,"Black Star":21,"PureWater":0,"Toy Ornithopter":8,"FossilizedHelix":14},{"Regal Pillow":62,"Lantern":147,"CeramicFish":53,"Vajra":135,"Bag of Preparation":10,"Ginger":71,"Whetstone":81,"Cursed Key":34,"Dream Catcher":62,"HornCleat":147,"Pantograph":14,"Toxic Egg 2":10,"InkBottle":126,"Potion Belt":103,"Pear":7,"Happy Flower":126,"Blue Candle":103,"Damaru":126,"Thread and Needle":89,"PreservedInsect":4,"Letter Opener":42,"Orichalcum":151,"MawBank":151,"Anchor":46,"Shuriken":135,"Black Star":98,"PureWater":0,"Toy Ornithopter":25,"FossilizedHelix":53}],"Toy Ornithopter":20,"InkBottle":[17]},"card_choices":[{"not_picked":["Double Energy","Static Discharge"],"picked":"Consecrate","floor":1.0},{"not_picked":["Barrage","Capacitor"],"picked":"Recycle","floor":2.0},{"not_picked":["MasterReality","Judgement"],"picked":"Wish","floor":6.0},{"not_picked":["Core Surge","MasterReality"],"picked":"Hyperbeam","floor":8.0},{"not_picked":["Rainbow+1","Meteor Strike"],"picked":"LessonLearned","floor":10.0},{"not_picked":["ClearTheMind+1","Gash"],"picked":"Genetic Algorithm+1","floor":11.0},{"not_picked":["Go for the Eyes","Compile Driver"],"picked":"Hologram+1","floor":12.0},{"not_picked":["Meteor Strike","MasterReality"],"picked":"Buffer","floor":13.0},{"not_picked":["Go for the Eyes","Static Discharge","Stack+1"],"picked":"SKIP","floor":14.0},{"not_picked":["Core Surge","Devotion"],"picked":"Vault+1","floor":16.0},{"not_picked":["SignatureMove+1","Turbo+1"],"picked":"Reinforced Body+1","floor":18.0},{"not_picked":["Barrage","Swivel+1"],"picked":"Wireheading","floor":19.0},{"not_picked":["Chaos+1","Defragment"],"picked":"Coolheaded+1","floor":21.0},{"not_picked":["Echo Form","Creative AI"],"picked":"Wish+1","floor":23.0},{"not_picked":["Core Surge","LessonLearned"],"picked":"Scrawl+1","floor":25.0},{"not_picked":["Judgement+1","Alpha+1"],"picked":"Hyperbeam","floor":27.0},{"not_picked":["SashWhip+1","Hologram+1"],"picked":"Genetic Algorithm+1","floor":28.0},{"not_picked":["SpiritShield+1","All For One"],"picked":"Machine Learning","floor":29.0},{"not_picked":["Auto Shields+1","Ball Lightning+1"],"picked":"Evaluate+1","floor":30.0},{"not_picked":["Rainbow+1","DevaForm"],"picked":"Meteor Strike","floor":31.0},{"not_picked":["Sweeping Beam","Ball Lightning+1"],"picked":"Reinforced Body+1","floor":35.0},{"not_picked":["FlyingSleeves","Hologram+1","Compile Driver+1"],"picked":"SKIP","floor":37.0},{"not_picked":["Halt+1","Consecrate","ThirdEye+1"],"picked":"SKIP","floor":38.0},{"not_picked":["Evaluate+1","CrushJoints+1"],"picked":"SpiritShield+1","floor":39},{"not_picked":["DeusExMachina+1","Establishment"],"picked":"Seek+1","floor":40},{"not_picked":["All For One","Fission+1"],"picked":"Vault+1","floor":44},{"not_picked":["Deep Breath+1","Discovery+1"],"picked":"Panache","floor":45},{"not_picked":["Forethought+1","Magnetism"],"picked":"Panacea+1","floor":45},{"not_picked":["Multi-Cast+1","Brilliance","DeusExMachina+1"],"picked":"SKIP","floor":46},{"not_picked":["Echo Form","Blasphemy+1"],"picked":"Seek+1","floor":48}],"player_experience":340106,"relics_obtained":[{"floor":6.0,"key":"Pear"},{"floor":8.0,"key":"Bag of Preparation"},{"floor":9.0,"key":"Toxic Egg 2"},{"floor":10.0,"key":"Pantograph"},{"floor":13.0,"key":"Toy Ornithopter"},{"floor":23.0,"key":"FossilizedHelix"},{"floor":24.0,"key":"CeramicFish"},{"floor":25.0,"key":"Dream Catcher"},{"floor":26.0,"key":"Regal Pillow"},{"floor":27.0,"key":"Ginger"},{"floor":29.0,"key":"Whetstone"},{"floor":31.0,"key":"Thread and Needle"},{"floor":40,"key":"InkBottle"},{"floor":40,"key":"Happy Flower"},{"floor":43,"key":"Damaru"},{"floor":44,"key":"Vajra"},{"floor":44,"key":"Shuriken"},{"floor":46,"key":"Lantern"},{"floor":46,"key":"HornCleat"},{"floor":48,"key":"Orichalcum"},{"floor":48,"key":"MawBank"}],"event_choices":[{"damage_healed":0.0,"max_hp_gain":0.0,"max_hp_loss":0.0,"gold_gain":0.0,"event_name":"Scrap Ooze","player_choice":"Success","floor":3.0,"gold_loss":0.0,"damage_taken":7.0,"relics_obtained":["PreservedInsect"]},{"damage_healed":0.0,"max_hp_gain":0.0,"max_hp_loss":0.0,"gold_gain":0.0,"event_name":"Liars Game","player_choice":"Ignored","floor":4.0,"gold_loss":0.0,"damage_taken":0.0},{"damage_healed":0.0,"max_hp_gain":5.0,"max_hp_loss":0.0,"gold_gain":0.0,"event_name":"Big Fish","player_choice":"Donut","floor":5.0,"gold_loss":0.0,"damage_taken":0.0},{"cards_removed":["Meteor Strike"],"damage_healed":0,"gold_gain":0,"player_choice":"Removed Attack","damage_taken":0,"max_hp_gain":0,"max_hp_loss":0,"event_name":"Falling","floor":41,"gold_loss":0},{"damage_healed":0,"gold_gain":0,"player_choice":"Memory 3","damage_taken":10,"max_hp_gain":0,"max_hp_loss":0,"event_name":"SensoryStone","floor":45,"gold_loss":0}],"is_beta":false,"boss_relics":[{"not_picked":["Sozu","Coffee Dripper"],"picked":"Cursed Key"},{"not_picked":["Busted Crown","SlaversCollar"],"picked":"Black Star"}],"items_purged_floors":[22,36],"is_endless":false,"potions_floor_spawned":[6,8,11,13,14,19,21,23,33,37,44,48],"ascension_level":0}}