{"host":"opgesw7sb5n0ordz","time":1610700111,"event":{"mods":["BaseMod","Better Note","Colored Powertips","Minty Spire (QoL Compilation)","Relic Stats","Shedinja","StSLib","Unceasing Turn Reminder"],"gold_per_floor":[116,134,84,84,94,124,124,94,94,44,44,64,79,154,154,251,251,264,189,189,209,20,20,46,61,115,140,160,172,172,182,182,282,282,301,314,332,332,332,332],"floor_reached":39,"language":"ENG","playtime":2530,"items_purged":[],"score":708,"play_id":"d1352116-135b-4ef7-bd14-48e8b89491d2","local_time":"20210115034151","is_ascension_mode":true,"campfire_choices":[{"data":"Shedinja:PowerBelt","floor":7,"key":"SMITH"},{"data":"Shedinja:Harden","floor":11,"key":"SMITH"},{"data":"Shedinja:Mimic","floor":15,"key":"SMITH"},{"data":"Apotheosis","floor":23,"key":"SMITH"},{"data":"Shedinja:ShadowSneak","floor":30,"key":"SMITH"},{"data":"Shedinja:DoubleTeam","floor":32,"key":"SMITH"}],"circlet_count":0,"master_deck":["Shedinja:Scratch+1","Shedinja:Scratch","Shedinja:Scratch","Shedinja:Scratch","Shedinja:Scratch","Shedinja:Endure","Shedinja:Endure","Shedinja:Endure","Shedinja:Endure","Shedinja:Endure","Shedinja:FocusSash","Shedinja:FocusSash","Shedinja:StringShot","Shedinja:PowerBelt+1","Shedinja:XScissor","Shedinja:Mimic+1","Shedinja:ConfuseRay+1","Shedinja:Harden+1","Shedinja:StruggleBug+1","Shedinja:PowerBracer","Shedinja:StringShot","Shedinja:Elixir","Shedinja:DoubleTeam+1","CurseOfTheBell","Shedinja:PowerBracer","Shedinja:CoughCurse","Shedinja:CoughCurse","Ghostly","Ghostly","Ghostly","Ghostly","Ghostly","Shedinja:NightSlash","Apotheosis+1","Shedinja:Rest+1","Shedinja:BugBuzz","Shedinja:NightSlash+1","Shedinja:SafetyGoggles+1","Shedinja:ShadowSneak+1","Shedinja:BugBuzz+1","Shedinja:DoubleTeam","Shedinja:NightSlash+1","Shedinja:RockyHelmet+1","Shedinja:ShadowClaw+1"],"relics":["Shedinja:WonderGuard","NeowsBlessing","Gremlin Horn","Whetstone","Calling Bell","Oddly Smooth Stone","Shedinja:WonderGuardNSUncommon","Unceasing Top","Peace Pipe","War Paint","Blood Vial","Shedinja:BrightPowder"],"acts_visited":["Exordium","TheCity","TheBeyond"],"potions_floor_usage":[6,6,25,25,37,39,39],"damage_taken":[{"damage":0,"enemies":"2 Louse","floor":1,"turns":1},{"damage":0,"enemies":"Cultist","floor":2,"turns":1},{"damage":0,"enemies":"Small Slimes","floor":5,"turns":1},{"damage":0,"enemies":"3 Sentries","floor":6,"turns":12},{"damage":0,"enemies":"Looter","floor":8,"turns":5},{"damage":0,"enemies":"Blue Slaver","floor":12,"turns":5},{"damage":0,"enemies":"3 Louse","floor":13,"turns":3},{"damage":0,"enemies":"Hexaghost","floor":16,"turns":21},{"damage":0,"enemies":"Chosen","floor":18,"turns":12},{"damage":0,"enemies":"3 Byrds","floor":21,"turns":12},{"damage":0,"enemies":"Gremlin Leader","floor":24,"turns":9},{"damage":0,"enemies":"Centurion and Healer","floor":25,"turns":13},{"damage":0,"enemies":"Book of Stabbing","floor":27,"turns":11},{"damage":0,"enemies":"Chosen and Byrds","floor":28,"turns":12},{"damage":0,"enemies":"Snake Plant","floor":29,"turns":8},{"damage":0,"enemies":"Snecko","floor":31,"turns":8},{"damage":0,"enemies":"Automaton","floor":33,"turns":16},{"damage":0,"enemies":"Orb Walker","floor":35,"turns":7},{"damage":0,"enemies":"3 Shapes","floor":36,"turns":8},{"damage":0,"enemies":"3 Darklings","floor":37,"turns":8},{"damage":20,"enemies":"Jaw Worm Horde","floor":39,"turns":3}],"seed_played":"-4764447420651873539","potions_obtained":[{"floor":1,"key":"PowerPotion"},{"floor":2,"key":"PowerPotion"},{"floor":5,"key":"ColorlessPotion"},{"floor":16,"key":"AttackPotion"},{"floor":18,"key":"Dexterity Potion"},{"floor":28,"key":"PowerPotion"},{"floor":29,"key":"Ancient Potion"},{"floor":37,"key":"FearPotion"}],"is_trial":false,"path_per_floor":["M","M","?","?","M","E","R","M","T","$","R","M","M","?","R","B",null,"M","?","?","M","$","R","E","M","T","E","M","M","R","M","R","B",null,"M","M","M","?","M"],"character_chosen":"THE_DEFAULT","items_purchased":["Shedinja:PowerBracer","Apotheosis"],"campfire_rested":0,"item_purchase_floors":[10,22],"current_hp_per_floor":[1,1,1,1,1,1,1,1,1,1,1,1,1,1,1,1,1,1,1,1,1,1,1,1,1,1,1,1,1,1,1,1,1,1,1,1,1,1,0,0],"gold":332,"neow_bonus":"THREE_ENEMY_KILL","is_daily":false,"chose_seed":false,"campfire_upgraded":6,"win_rate":0.0,"timestamp":1610700111,"path_taken":["M","M","?","?","?","E","R","M","T","$","R","M","M","?","R","BOSS","M","?","?","M","?","R","E","M","T","E","M","M","R","M","R","BOSS","M","M","M","?","M"],"items_purchased_type":["Card","Card"],"build_version":"2020-12-22","purchased_purges":0,"victory":false,"max_hp_per_floor":[1,1,1,1,1,1,1,1,1,1,1,1,1,1,1,1,1,1,1,1,1,1,1,1,1,1,1,1,1,1,1,1,1,1,1,1,1,1,1,1],"relic_stats":{"Peace Pipe":0,"Blood Vial":0,"Gremlin Horn":[17,17],"counters":[21,176],"Whetstone":["Shedinja:StruggleBug","Shedinja:Scratch"],"War Paint":["Shedinja:ConfuseRay","Shedinja:Rest"],"obtain_stats":[{"Calling Bell":17,"Peace Pipe":24,"Blood Vial":27,"NeowsBlessing":0,"Gremlin Horn":6,"Shedinja:BrightPowder":34,"Oddly Smooth Stone":17,"Shedinja:WonderGuard":0,"Whetstone":9,"War Paint":26,"Unceasing Top":17,"Shedinja:WonderGuardNSUncommon":17},{"Calling Bell":8,"Peace Pipe":11,"Blood Vial":13,"NeowsBlessing":0,"Gremlin Horn":4,"Shedinja:BrightPowder":17,"Oddly Smooth Stone":8,"Shedinja:WonderGuard":0,"Whetstone":5,"War Paint":12,"Unceasing Top":8,"Shedinja:WonderGuardNSUncommon":8},{"Calling Bell":49,"Peace Pipe":82,"Blood Vial":106,"NeowsBlessing":0,"Gremlin Horn":15,"Shedinja:BrightPowder":150,"Oddly Smooth Stone":49,"Shedinja:WonderGuard":0,"Whetstone":20,"War Paint":95,"Unceasing Top":49,"Shedinja:WonderGuardNSUncommon":49}],"Unceasing Top":[5]},"card_choices":[{"not_picked":["Shedinja:NightSlash","Shedinja:Round"],"picked":"Shedinja:StringShot","floor":1},{"not_picked":["Shedinja:Agility","Shedinja:HoneClaws"],"picked":"Shedinja:PowerBelt","floor":2},{"not_picked":["Shedinja:ArtifactCard","Shedinja:StringShot"],"picked":"Shedinja:ConfuseRay","floor":5},{"not_picked":["Shedinja:HoneClaws","Shedinja:Ether"],"picked":"Shedinja:Harden","floor":6},{"not_picked":["Shedinja:ShadowClaw","Shedinja:Harden"],"picked":"Shedinja:StruggleBug","floor":8},{"not_picked":["Shedinja:ShadowClaw","Shedinja:MetalClaw"],"picked":"Shedinja:StringShot","floor":12},{"not_picked":["Shedinja:NightSlash","Shedinja:RockyHelmet"],"picked":"Shedinja:Elixir","floor":13},{"not_picked":["Shedinja:PhantomForce","Shedinja:LumBerry"],"picked":"Shedinja:DoubleTeam","floor":16},{"not_picked":["Shedinja:RockyHelmet+1","Shedinja:Ether"],"picked":"Shedinja:PowerBracer","floor":18},{"not_picked":["Shedinja:FurySwipes","Shedinja:ArtifactCard"],"picked":"Shedinja:NightSlash","floor":21},{"not_picked":["Shedinja:RockyHelmet","Shedinja:MetalClaw"],"picked":"Shedinja:Rest","floor":24},{"not_picked":["Shedinja:MindReader+1","Shedinja:Trick"],"picked":"Shedinja:BugBuzz","floor":25},{"not_picked":["Shedinja:RockyHelmet","Shedinja:StringShot+1"],"picked":"Shedinja:NightSlash+1","floor":27},{"not_picked":["Shedinja:FurySwipes","Shedinja:ShadowClaw"],"picked":"Shedinja:SafetyGoggles+1","floor":28},{"not_picked":["Shedinja:SafetyGoggles","Shedinja:RockyHelmet"],"picked":"Shedinja:ShadowSneak","floor":29},{"not_picked":["Shedinja:MindReader","Shedinja:Facade+1"],"picked":"Shedinja:BugBuzz+1","floor":31},{"not_picked":["Shedinja:Protect","Shedinja:PhantomForce"],"picked":"Shedinja:DoubleTeam","floor":33},{"not_picked":["Shedinja:Facade+1","Shedinja:Absorb"],"picked":"Shedinja:NightSlash+1","floor":35},{"not_picked":["Shedinja:Facade","Shedinja:ShadowClaw+1"],"picked":"Shedinja:RockyHelmet+1","floor":36},{"not_picked":["Shedinja:StringShot+1","Shedinja:RockyHelmet"],"picked":"Shedinja:ShadowClaw+1","floor":37}],"player_experience":687071,"relics_obtained":[{"floor":6,"key":"Gremlin Horn"},{"floor":9,"key":"Whetstone"},{"floor":17,"key":"Oddly Smooth Stone"},{"floor":17,"key":"Shedinja:WonderGuardNSUncommon"},{"floor":17,"key":"Unceasing Top"},{"floor":24,"key":"Peace Pipe"},{"floor":26,"key":"War Paint"},{"floor":27,"key":"Blood Vial"}],"event_choices":[{"damage_healed":0,"gold_gain":0,"player_choice":"1 cards matched","damage_taken":0,"max_hp_gain":0,"max_hp_loss":0,"event_name":"Match and Keep!","floor":4,"gold_loss":0,"cards_obtained":["Shedinja:Mimic"]},{"cards_removed":["Burn"],"damage_healed":0,"gold_gain":0,"player_choice":"Gave Gold","damage_taken":0,"max_hp_gain":0,"max_hp_loss":0,"event_name":"Beggar","floor":19,"gold_loss":75},{"damage_healed":0,"gold_gain":0,"player_choice":"Ignored","damage_taken":0,"max_hp_gain":0,"max_hp_loss":0,"event_name":"Tomb of Lord Red Mask","floor":38,"gold_loss":0}],"is_beta":false,"boss_relics":[{"not_picked":["SacredBark","Runic Dome"],"picked":"Calling Bell"},{"not_picked":["Runic Pyramid","Shedinja:WonderGuardNSBoss"],"picked":"Shedinja:BrightPowder"}],"items_purged_floors":[],"is_endless":false,"potions_floor_spawned":[1,2,5,16,18,25,28,29,37],"killed_by":"Jaw Worm Horde","ascension_level":2}}