{"host":"kgfs5ebhusfk1t4t","time":1610737132,"event":{"mods":["BaseMod","Colored Map","DeckTracker","Highlight Path","KOR Keyword Fix","Keyboard Shortcuts","Minty Spire (QoL Compilation)","Permanent Neow","Quick Restart","StSLib","SuperFastMode","everything is the same but u backflip on backflip"],"gold_per_floor":[163,64,64,84,16,43,57,84,166,176,176,176],"floor_reached":11,"language":"KOR","playtime":373,"items_purged":["Defend_R"],"score":117,"play_id":"2752a001-e8d2-40b3-a243-6c6d308b9d80","local_time":"20210116035852","is_ascension_mode":true,"campfire_choices":[],"circlet_count":0,"master_deck":["AscendersBane","Strike_R+1","Strike_R","Strike_R","Strike_R+1","Strike_R","Defend_R","Defend_R","Defend_R","Bash+1","Perfected Strike","Evolve","Pommel Strike","Fire Breathing","Thunderclap","Seeing Red","Berserk"],"relics":["Tiny House","Dream Catcher","Odd Mushroom","Gremlin Horn"],"acts_visited":["Exordium"],"potions_floor_usage":[6,8],"damage_taken":[{"damage":2,"enemies":"Jaw Worm","floor":1,"turns":3},{"damage":6,"enemies":"2 Louse","floor":4,"turns":3},{"damage":8,"enemies":"3 Sentries","floor":6,"turns":5},{"damage":1,"enemies":"Cultist","floor":7,"turns":3},{"damage":21,"enemies":"The Mushroom Lair","floor":8,"turns":5},{"damage":17,"enemies":"3 Louse","floor":10,"turns":3},{"damage":0,"enemies":"Lagavulin","floor":11,"turns":4}],"seed_played":"-2731299014300702375","potions_obtained":[{"floor":0,"key":"HeartOfIron"},{"floor":6,"key":"Swift Potion"},{"floor":8,"key":"Swift Potion"}],"is_trial":false,"path_per_floor":["M","$","?","M","$","E","M","?","T","M","E"],"character_chosen":"IRONCLAD","items_purchased":["Pommel Strike","Fire Breathing"],"campfire_rested":0,"item_purchase_floors":[2,5],"current_hp_per_floor":[75,75,58,52,52,44,43,22,22,5,5,5],"gold":176,"neow_bonus":"BOSS_RELIC","is_daily":false,"chose_seed":false,"campfire_upgraded":0,"win_rate":0.0,"timestamp":1610737132,"path_taken":["M","$","?","M","$","E","M","?","T","M","E"],"items_purchased_type":["Card","Card"],"build_version":"2020-12-22","purchased_purges":1,"victory":false,"max_hp_per_floor":[85,85,85,85,85,85,85,85,85,85,85,85],"card_choices":[{"not_picked":["Warcry","Shrug It Off"],"picked":"Perfected Strike","floor":0},{"not_picked":["Rampage","Havoc"],"picked":"Evolve","floor":1},{"not_picked":["Rampage","Anger","Flex"],"picked":"SKIP","floor":4},{"not_picked":["Clothesline","Sword Boomerang"],"picked":"Thunderclap","floor":6},{"not_picked":["Flex","True Grit"],"picked":"Seeing Red","floor":7},{"not_picked":["Heavy Blade","Rage"],"picked":"Berserk","floor":8},{"not_picked":["Pommel Strike","Entrench","Anger"],"picked":"SKIP","floor":10}],"player_experience":492072,"relics_obtained":[{"floor":6,"key":"Dream Catcher"},{"floor":8,"key":"Odd Mushroom"},{"floor":9,"key":"Gremlin Horn"}],"event_choices":[{"damage_healed":0,"gold_gain":0,"player_choice":"Entered Light","damage_taken":17,"max_hp_gain":0,"max_hp_loss":0,"event_name":"Shining Light","floor":3,"gold_loss":0,"cards_upgraded":["Strike_R","Strike_R"]},{"damage_healed":0,"gold_gain":0,"player_choice":"Fought Mushrooms","damage_taken":0,"max_hp_gain":0,"max_hp_loss":0,"event_name":"Mushrooms","floor":8,"gold_loss":0}],"is_beta":false,"boss_relics":[],"items_purged_floors":[2],"is_endless":false,"potions_floor_spawned":[6,8],"killed_by":"Lagavulin","ascension_level":12}}