{"host":"gs1893ozzou3j7d3","time":1610753643,"event":{"mods":["BaseMod","Colored Map","DeckTracker","Minty Spire (QoL Compilation)","SuperFastMode"],"gold_per_floor":[109,121,50,50,50,90,108,108,108,108,283,304,320,343,343,472,472,485,500,520,619,619,619],"floor_reached":22,"language":"JPN","playtime":1153,"items_purged":[],"score":222,"play_id":"20c89cc1-eea7-4041-8303-869c1d72e4a5","local_time":"20210116083403","is_ascension_mode":true,"campfire_choices":[{"data":"Heavy Blade","floor":8,"key":"SMITH"},{"data":"Bash","floor":10,"key":"SMITH"},{"data":"Perfected Strike","floor":15,"key":"SMITH"}],"circlet_count":0,"master_deck":["Strike_R","Strike_R","Strike_R","Strike_R+1","Strike_R","Defend_R+1","Defend_R","Defend_R","Defend_R","Bash+1","Inflame","Flex","Heavy Blade+1","Flex","Injury","Inflame","Twin Strike","Doubt","Anger","Perfected Strike+1","Double Tap","Shrug It Off+1","Sword Boomerang","Iron Wave"],"relics":["Burning Blood","NeowsBlessing","Golden Idol","InkBottle","PreservedInsect","Oddly Smooth Stone","SlaversCollar"],"acts_visited":["Exordium","TheCity"],"potions_floor_usage":[18,22,22],"damage_taken":[{"damage":0,"enemies":"Cultist","floor":1,"turns":1},{"damage":0,"enemies":"2 Louse","floor":2,"turns":1},{"damage":0,"enemies":"Gremlin Nob","floor":6,"turns":1},{"damage":6,"enemies":"Jaw Worm","floor":7,"turns":3},{"damage":1,"enemies":"Exordium Thugs","floor":12,"turns":3},{"damage":2,"enemies":"Blue Slaver","floor":13,"turns":3},{"damage":8,"enemies":"Slime Boss","floor":16,"turns":6},{"damage":1,"enemies":"Chosen","floor":18,"turns":3},{"damage":30,"enemies":"Spheric Guardian","floor":19,"turns":4},{"damage":42,"enemies":"Snake Plant","floor":20,"turns":5},{"damage":27,"enemies":"3 Cultists","floor":22,"turns":4}],"seed_played":"3644213961798431165","potions_obtained":[{"floor":6,"key":"Explosive Potion"},{"floor":16,"key":"DistilledChaos"},{"floor":18,"key":"SkillPotion"}],"is_trial":false,"path_per_floor":["M","M","$","?","?","E","M","R","T","R","?","M","M","T","R","B",null,"M","M","M","?","M"],"character_chosen":"IRONCLAD","items_purchased":["Heavy Blade","Flex"],"campfire_rested":0,"item_purchase_floors":[3,3],"current_hp_per_floor":[80,80,80,64,64,70,70,70,70,70,70,75,79,79,79,77,80,80,56,20,20,0,0],"gold":619,"neow_bonus":"THREE_ENEMY_KILL","is_daily":false,"chose_seed":false,"campfire_upgraded":3,"win_rate":0.0,"timestamp":1610753643,"path_taken":["M","M","$","?","?","E","M","R","T","R","?","?","M","?","R","BOSS","M","M","M","?","M"],"items_purchased_type":["Card","Card"],"build_version":"2020-12-22","purchased_purges":0,"victory":false,"max_hp_per_floor":[80,80,80,80,80,80,80,80,80,80,80,80,80,80,80,80,80,80,80,80,80,80,80],"card_choices":[{"not_picked":["Clash","Searing Blow"],"picked":"Inflame","floor":1},{"not_picked":["Bloodletting","Dark Embrace"],"picked":"Flex","floor":2},{"not_picked":["Searing Blow","Whirlwind"],"picked":"Inflame","floor":6},{"not_picked":["Clash","True Grit"],"picked":"Twin Strike","floor":7},{"not_picked":["Warcry","Havoc"],"picked":"Anger","floor":12},{"not_picked":["Uppercut","Seeing Red"],"picked":"Perfected Strike","floor":13},{"not_picked":["Brutality","Reaper"],"picked":"Double Tap","floor":16},{"not_picked":["Sword Boomerang","Shockwave"],"picked":"Shrug It Off+1","floor":18},{"not_picked":["Pommel Strike","Inflame"],"picked":"Sword Boomerang","floor":19},{"not_picked":["Dark Embrace","Headbutt"],"picked":"Iron Wave","floor":20}],"player_experience":575950,"relics_obtained":[{"floor":6,"key":"InkBottle"},{"floor":9,"key":"PreservedInsect"},{"floor":14,"key":"Oddly Smooth Stone"}],"event_choices":[{"damage_healed":0,"gold_gain":0,"player_choice":"Entered Light","damage_taken":16,"max_hp_gain":0,"max_hp_loss":0,"event_name":"Shining Light","floor":4,"gold_loss":0,"cards_upgraded":["Defend_R","Strike_R"]},{"damage_healed":0,"gold_gain":0,"player_choice":"Take Wound","damage_taken":0,"relics_obtained":["Golden Idol"],"max_hp_gain":0,"max_hp_loss":0,"event_name":"Golden Idol","floor":5,"gold_loss":0,"cards_obtained":["Injury"]},{"damage_healed":0,"gold_gain":175,"player_choice":"AGREE","damage_taken":0,"max_hp_gain":0,"max_hp_loss":0,"event_name":"Liars Game","floor":11,"gold_loss":0,"cards_obtained":["Doubt"]},{"damage_healed":0,"gold_gain":99,"player_choice":"Stole From Cult","damage_taken":0,"max_hp_gain":0,"max_hp_loss":0,"event_name":"Nest","floor":21,"gold_loss":0}],"is_beta":false,"boss_relics":[{"not_picked":["Empty Cage","SacredBark"],"picked":"SlaversCollar"}],"items_purged_floors":[],"is_endless":false,"potions_floor_spawned":[6,16,18],"killed_by":"3 Cultists","ascension_level":1}}