{"host":"4cz9gr89nglr7k8k","time":1610729968,"event":{"mods":["BaseMod","Minty Spire (QoL Compilation)","Relic Stats","Slay-I"],"gold_per_floor":[116,81,156,27,38,38,38,38,38,38,38,56,56,94,94,190,190,214,237,237,237],"floor_reached":20,"language":"DEU","playtime":443,"items_purged":["Parasite"],"score":340,"play_id":"b08a7122-8c45-4679-bd52-f67512aef894","local_time":"20210115175928","is_ascension_mode":true,"campfire_choices":[{"data":"Heavy Blade","floor":6,"key":"SMITH"},{"data":"Armaments","floor":10,"key":"SMITH"},{"floor":13,"key":"REST"},{"data":"Wild Strike","floor":15,"key":"SMITH"}],"circlet_count":0,"master_deck":["AscendersBane","Strike_R","Strike_R","Strike_R","Strike_R","Strike_R","Defend_R","Defend_R","Defend_R","Defend_R","Bash","Heavy Blade+1","Flex","Armaments+1","Cleave","Wild Strike+1","Limit Break","Twin Strike+1","Sword Boomerang"],"relics":["Black Blood","Meat on the Bone","Golden Idol","Incense Burner"],"acts_visited":["Exordium","TheCity"],"potions_floor_usage":[12,14,16],"damage_taken":[{"damage":15,"enemies":"2 Louse","floor":1,"turns":3},{"damage":12,"enemies":"Jaw Worm","floor":5,"turns":2},{"damage":6,"enemies":"Cultist","floor":12,"turns":3},{"damage":11,"enemies":"Gremlin Nob","floor":14,"turns":3},{"damage":52,"enemies":"Hexaghost","floor":16,"turns":9},{"damage":41,"enemies":"Spheric Guardian","floor":18,"turns":6},{"damage":20,"enemies":"Chosen","floor":19,"turns":5},{"damage":69,"enemies":"Snake Plant","floor":20,"turns":5}],"seed_played":"-5203987266298710611","potions_obtained":[{"floor":5,"key":"EntropicBrew"},{"floor":12,"key":"ColorlessPotion"},{"floor":14,"key":"CultistPotion"},{"floor":19,"key":"PowerPotion"}],"is_trial":false,"path_per_floor":["M","?","?","$","M","R","?","$","T","R","?","M","R","E","R","B",null,"M","M","M"],"character_chosen":"IRONCLAD","items_purchased":["Flex"],"campfire_rested":1,"item_purchase_floors":[4],"current_hp_per_floor":[73,89,78,78,72,72,77,77,77,77,46,58,85,80,80,46,80,63,67,0,0],"gold":237,"neow_bonus":"TWENTY_PERCENT_HP_BONUS","is_daily":false,"chose_seed":false,"campfire_upgraded":3,"win_rate":0.0,"timestamp":1610729968,"path_taken":["M","?","?","$","M","R","?","?","T","R","?","M","R","E","R","BOSS","M","M","M"],"items_purchased_type":["Card"],"build_version":"2020-12-22","purchased_purges":1,"victory":false,"max_hp_per_floor":[89,89,89,86,86,86,91,91,91,91,91,91,91,91,91,91,91,91,91,91,91],"relic_stats":{"counters":[8,36],"Golden Idol":41,"Black Blood":54,"obtain_stats":[{"Golden Idol":11,"Black Blood":17,"Incense Burner":14,"Burning Blood":0,"Meat on the Bone":9},{"Golden Idol":2,"Black Blood":5,"Incense Burner":4,"Burning Blood":0,"Meat on the Bone":2},{"Golden Idol":5,"Black Blood":20,"Incense Burner":11,"Burning Blood":0,"Meat on the Bone":5}],"Meat on the Bone":48},"card_choices":[{"not_picked":["Pummel","Wild Strike"],"picked":"Heavy Blade","floor":1},{"not_picked":["Hemokinesis","Warcry"],"picked":"Armaments","floor":5},{"not_picked":["Rampage","True Grit"],"picked":"Cleave","floor":12},{"not_picked":["Second Wind","Rupture"],"picked":"Wild Strike","floor":14},{"not_picked":["Impervious","Double Tap"],"picked":"Limit Break","floor":16},{"not_picked":["Power Through","Dark Embrace"],"picked":"Twin Strike+1","floor":18},{"not_picked":["Havoc","Headbutt"],"picked":"Sword Boomerang","floor":19}],"player_experience":1497434,"relics_obtained":[{"floor":9,"key":"Meat on the Bone"},{"floor":14,"key":"Incense Burner"}],"event_choices":[{"damage_healed":22,"gold_gain":0,"player_choice":"Healed","damage_taken":0,"max_hp_gain":0,"max_hp_loss":0,"event_name":"The Cleric","floor":2,"gold_loss":35},{"damage_healed":0,"gold_gain":75,"player_choice":"Gather Gold","damage_taken":11,"max_hp_gain":0,"max_hp_loss":0,"event_name":"World of Goop","floor":3,"gold_loss":0},{"damage_healed":0,"gold_gain":0,"player_choice":"Donut","damage_taken":0,"max_hp_gain":5,"max_hp_loss":0,"event_name":"Big Fish","floor":7,"gold_loss":0},{"damage_healed":0,"gold_gain":0,"player_choice":"Take Damage","damage_taken":31,"relics_obtained":["Golden Idol"],"max_hp_gain":0,"max_hp_loss":0,"event_name":"Golden Idol","floor":11,"gold_loss":0}],"is_beta":false,"boss_relics":[{"not_picked":["Coffee Dripper","Runic Dome"],"picked":"Black Blood"}],"items_purged_floors":[4],"is_endless":false,"potions_floor_spawned":[5,12,14,19],"killed_by":"Snake Plant","ascension_level":20}}