{"host":"2pmmafybkq7zb6na","time":1610716578,"event":{"mods":["AchievementEnabler","BaseMod","Colored Map","Highlight Path","Minty Spire (QoL Compilation)","Replay The Spire","StSLib","SuperFastMode"],"gold_per_floor":[115,125,125,125,125,125,26,26,58,78,78,78,94,110,60,76,76,181,181],"floor_reached":18,"language":"KOR","playtime":916,"items_purged":["Strike_B"],"score":162,"play_id":"70255408-869a-4b0c-8411-d8f097effec5","local_time":"20210115221618","is_ascension_mode":false,"campfire_choices":[{"data":"Dualcast","floor":8,"key":"SMITH"},{"data":"Electrodynamics","floor":17,"key":"SMITH"}],"circlet_count":0,"master_deck":["Strike_B","Defend_B","Defend_B","Defend_B","Defend_B","Zap","Dualcast+1","Tempest","Coolheaded","Undo","BootSequence","Go for the Eyes","Cold Snap","Lockon","Self Repair","Electrodynamics+1","Conserve Battery"],"relics":["Cracked Core","Shuriken","Kunai"],"acts_visited":[],"potions_floor_usage":[16,18],"damage_taken":[{"damage":7.0,"enemies":"Jaw Worm","floor":1.0,"turns":3.0},{"damage":9,"enemies":"2 Louse","floor":2,"turns":2},{"damage":17,"enemies":"Lagavulin","floor":9,"turns":9},{"damage":0,"enemies":"Small Slimes","floor":10,"turns":3},{"damage":0,"enemies":"Looter","floor":13,"turns":2},{"damage":8,"enemies":"Exordium Wildlife","floor":14,"turns":4},{"damage":3,"enemies":"Lots of Slimes","floor":16,"turns":3},{"damage":40,"enemies":"Hexaghost","floor":18,"turns":12}],"seed_played":"6232125650330597293","potions_obtained":[{"floor":1,"key":"Swift Potion"},{"floor":13,"key":"Energy Potion"},{"floor":16,"key":"Toxic Potion"}],"is_trial":false,"path_per_floor":["M","M","PTL","PTL","?","?","$","R","E","M","T","?","M","M","?","M","R","B"],"character_chosen":"DEFECT","items_purchased":["Go for the Eyes"],"campfire_rested":0,"item_purchase_floors":[7],"current_hp_per_floor":[68,59,59,59,59,59,59,59,42,42,42,47,47,46,46,50,50,17,17],"gold":181,"neow_bonus":"THREE_CARDS","is_daily":false,"chose_seed":false,"campfire_upgraded":2,"win_rate":0.0,"timestamp":1610716578,"path_taken":["M","M","PTL","PTL","?","?","?","R","E","M","T","?","M","M","?","M","R","BOSS"],"items_purchased_type":["Card"],"build_version":"2020-12-22","purchased_purges":1,"victory":false,"max_hp_per_floor":[75,75,75,75,75,75,75,75,75,75,75,80,80,80,80,80,80,80,80],"card_choices":[{"not_picked":["Streamline","Sweeping Beam"],"picked":"Tempest","floor":0.0},{"not_picked":["ReplayGash","Leap"],"picked":"Coolheaded","floor":1},{"not_picked":["Ball Lightning","Panic Button"],"picked":"Undo","floor":2},{"not_picked":["Darkness","ReplayTheSpireMod:Omega Cannon"],"picked":"Cold Snap","floor":9},{"not_picked":["BasicCrystalCard","Cold Snap"],"picked":"Lockon","floor":10},{"not_picked":["Steam","Cold Snap"],"picked":"Self Repair","floor":13},{"not_picked":["Crystallizer","Conserve Battery"],"picked":"Electrodynamics","floor":14},{"not_picked":["Skim","Sweeping Beam"],"picked":"Conserve Battery","floor":16}],"player_experience":23538,"relics_obtained":[{"floor":9,"key":"Shuriken"},{"floor":11,"key":"Kunai"}],"event_choices":[{"damage_healed":0,"gold_gain":0,"cards_transformed":["Strike_B"],"player_choice":"Change","damage_taken":0,"max_hp_gain":0,"max_hp_loss":0,"event_name":"Living Wall","floor":5,"gold_loss":0,"cards_obtained":["BootSequence"]},{"damage_healed":0,"gold_gain":0,"player_choice":"Ignored","damage_taken":0,"max_hp_gain":0,"max_hp_loss":0,"event_name":"Liars Game","floor":6,"gold_loss":0},{"damage_healed":0,"gold_gain":0,"player_choice":"Donut","damage_taken":0,"max_hp_gain":5,"max_hp_loss":0,"event_name":"Big Fish","floor":12,"gold_loss":0},{"cards_removed":["Strike_B"],"damage_healed":0,"gold_gain":0,"player_choice":"Card Removal","damage_taken":0,"max_hp_gain":0,"max_hp_loss":0,"event_name":"The Cleric","floor":15,"gold_loss":50}],"is_beta":false,"boss_relics":[],"items_purged_floors":[7],"is_endless":false,"potions_floor_spawned":[1,13,16,18],"killed_by":"Hexaghost","ascension_level":0}}