{"host":"guwca93h2ke9l2g3","time":1610700514,"event":{"mods":["100% Spire Juice","2.2 Compatiblity","Act Like it!","Arknights The Spire","Aspiration","BaseMod","Better Skull","ChefMod","Colored Powertips","Conspire","Dark Map","Downfall","Fox Events","GungeonMod","Halation","Hallownest","HololiveMod","Hubris","Infinite Spire","Lobotomy","LobotomyExtend","Marked Mod","Minty Spire (QoL Compilation)","Permanent Neow","Potionbrewer","Prisma Mod","Quick Restart","Relic Sorter","Relic Stats","Replay The Spire","Robot Space Explorer","Shade Mod","Spicy Shops","StSLib","The Alterego","The Animator","The Bug Knight","The Cursed","The Marked","The Mystic","The Necromancer","The Poker Player","TheVacant","TheWitcher","Waifu the Spire","WarShipGirlsR/????R mod","Yakumo Yukari mod","Yuri Mod","vexMod"],"gold_per_floor":[118,118,3,19,58,58,85,105,105,105,105,30,60,60,60,60,60],"floor_reached":16,"language":"ENG","playtime":561,"items_purged":["DemoMod:Strike_Huntress"],"score":133,"play_id":"25045e9d-abb1-443a-b836-ae1f00cb5e24","local_time":"20210115024834","is_ascension_mode":true,"campfire_choices":[{"data":"DemoMod:LifeOrb","floor":6.0,"key":"SMITH"},{"data":"DemoMod:Defend_Huntress","floor":15.0,"key":"PURGE"}],"circlet_count":0,"master_deck":["DemoMod:Strike_Huntress","DemoMod:Strike_Huntress+1","DemoMod:Defend_Huntress","DemoMod:Defend_Huntress+1","DemoMod:Defend_Huntress","DemoMod:Roll","DemoMod:ManualReload","DemoMod:RustySidearm","DemoMod:CrossBow","DemoMod:Casey","DemoMod:LifeOrb+1"],"relics":["Runic Pyramid","LetterFromLob","DemoMod:GnawedKey","Bag of Marbles","Ancient Tea Set"],"acts_visited":["Exordium"],"potions_floor_usage":[],"damage_taken":[{"damage":7.0,"enemies":"Jaw Worm","floor":1.0,"turns":3.0},{"damage":0.0,"enemies":"2 Louse","floor":4.0,"turns":2.0},{"damage":0.0,"enemies":"Cultist","floor":5.0,"turns":6.0},{"damage":18.0,"enemies":"Lagavulin","floor":7.0,"turns":6.0},{"damage":0.0,"enemies":"Cultist","floor":8.0,"turns":2.0},{"damage":14.0,"enemies":"3 Sentries","floor":13.0,"turns":6.0},{"damage":0,"enemies":"Fading Forest","floor":16,"turns":1}],"seed_played":"-85705253334854362","potions_obtained":[{"floor":1.0,"key":"potionbrewer:StunPotion"},{"floor":8.0,"key":"SpeedPotion"}],"is_trial":false,"path_per_floor":["M","?","$","M","?","R","E","M","T","M","?","$","E","$","R","B"],"character_chosen":"HUNTRESS","items_purchased":["DemoMod:GnawedKey"],"campfire_rested":0,"item_purchase_floors":[3],"current_hp_per_floor":[63,63,63,63,63,63,45,45,45,45,31,31,17,17,17,17,17],"gold":60,"neow_bonus":"BOSS_RELIC","is_daily":false,"chose_seed":false,"campfire_upgraded":1,"win_rate":0.0,"timestamp":1610700514,"path_taken":["M","?","$","M","?","R","E","M","T","M","?","$","E","?","R","BOSS"],"items_purchased_type":["Relic"],"build_version":"2020-12-22","purchased_purges":1,"victory":false,"max_hp_per_floor":[70,70,70,70,70,70,70,70,70,70,70,70,70,70,70,70,70],"relic_stats":{"counters":[7,26],"obtain_stats":[{"DemoMod:Dog":0,"DemoMod:GlassGuonStoneRelic":1,"LetterFromLob":1,"DemoMod:GnawedKey":3,"Bag of Marbles":5,"Ancient Tea Set":7,"Runic Pyramid":0},{"DemoMod:Dog":0,"DemoMod:GlassGuonStoneRelic":1,"LetterFromLob":1,"DemoMod:GnawedKey":1,"Bag of Marbles":3,"Ancient Tea Set":4,"Runic Pyramid":0},{"DemoMod:Dog":0,"DemoMod:GlassGuonStoneRelic":3,"LetterFromLob":3,"DemoMod:GnawedKey":3,"Bag of Marbles":11,"Ancient Tea Set":17,"Runic Pyramid":0}]},"card_choices":[{"not_picked":["DemoMod:SAA","DemoMod:JK47"],"picked":"DemoMod:Casey","floor":1.0},{"not_picked":["DemoMod:HighKaliber","DemoMod:JK47"],"picked":"DemoMod:LifeOrb","floor":4.0},{"not_picked":["DemoMod:JK47","DemoMod:SkilledReload","DemoMod:Polaris"],"picked":"SKIP","floor":5.0},{"not_picked":["DemoMod:Casey","DemoMod:StickyCrossBow","DemoMod:Replace"],"picked":"SKIP","floor":7.0},{"not_picked":["DemoMod:MachoBrace","DemoMod:ConditionalReflex","DemoMod:FeignSurrender"],"picked":"SKIP","floor":8.0},{"not_picked":["DemoMod:TripleGun","DemoMod:SAA","DemoMod:MachoBrace"],"picked":"SKIP","floor":13.0}],"player_experience":319811,"relics_obtained":[{"floor":1.0,"key":"LetterFromLob"},{"floor":5.0,"key":"Bag of Marbles"},{"floor":7.0,"key":"Ancient Tea Set"}],"event_choices":[{"damage_healed":0.0,"max_hp_gain":0.0,"max_hp_loss":0.0,"gold_gain":0.0,"event_name":"Shining Light","player_choice":"Entered Light","floor":11.0,"gold_loss":0.0,"damage_taken":14.0,"cards_upgraded":["DemoMod:Defend_Huntress","DemoMod:Strike_Huntress"]}],"is_beta":false,"boss_relics":[],"items_purged_floors":[12],"is_endless":false,"potions_floor_spawned":[1,8],"killed_by":"Fading Forest","ascension_level":5}}