{"host":"ohuqxemsk44kggmp","time":1610708399,"event":{"mods":["Act Like it!","BaseMod","Better Third Choice","CatGirl Mod","Colored Powertips","Conspire","Marked Mod","Minty Spire (QoL Compilation)","Pale of the Ancients","Railgun Mod","Replay The Spire","StSLib","The Alterego","Waifu the Spire"],"gold_per_floor":[109,27,71,84,84,117,117,117,142,157,168,168,179,213,213,315,315,331,331,343,268,286,317,317,317],"floor_reached":24,"language":"ENG","playtime":2128,"items_purged":[],"score":251,"play_id":"4f304ee9-57ef-4d1d-9ef9-cd5cba28f1ca","local_time":"20210115115959","is_ascension_mode":false,"campfire_choices":[{"floor":8.0,"key":"REST"},{"floor":12.0,"key":"RECALL"},{"floor":15,"key":"REST"}],"circlet_count":0,"master_deck":["theCatGirl:Strike","theCatGirl:Strike","theCatGirl:Strike","theCatGirl:Defend","theCatGirl:Defend","theCatGirl:Defend","theCatGirl:Defend","theCatGirl:ClawStrike","theCatGirl:Evasion","theCatGirl:Meow","theCatGirl:BloodScent","theCatGirl:ShockedWitness","theCatGirl:TwoStep","theCatGirl:Stalk","theCatGirl:PoisedStrike","theCatGirl:SmellFear","theCatGirl:FinishingMove","theCatGirl:BloodBath","theCatGirl:BleedingWounds","theCatGirl:TryingMyBest","theCatGirl:Meow","theCatGirl:AllIn","theCatGirl:ChangeOfPlans"],"relics":["theCatGirl:TrainedRelic","theCatGirl:DriedFish","Counterbalance","Replay:Wax Seal","Black Star","Mango","Toy Ornithopter"],"acts_visited":["Exordium","TheCity"],"potions_floor_usage":[16,20,23],"damage_taken":[{"damage":3.0,"enemies":"Jaw Worm","floor":1.0,"turns":4.0},{"damage":4.0,"enemies":"conspire:RoseBush","floor":4.0,"turns":4.0},{"damage":39.0,"enemies":"Gremlin Nob","floor":6.0,"turns":6.0},{"damage":0.0,"enemies":"Small Slimes","floor":10.0,"turns":3.0},{"damage":8.0,"enemies":"Exordium Thugs","floor":11.0,"turns":6.0},{"damage":1.0,"enemies":"2 Fungi Beasts","floor":13.0,"turns":4.0},{"damage":6,"enemies":"Replay:BlueRogue","floor":14,"turns":5},{"damage":46,"enemies":"Fading Forest","floor":16,"turns":11},{"damage":11,"enemies":"3 Byrds","floor":18,"turns":8},{"damage":0,"enemies":"Chosen","floor":20,"turns":4},{"damage":42,"enemies":"Snake Plant","floor":22,"turns":7},{"damage":50,"enemies":"Gremlin Leader","floor":23,"turns":11},{"damage":23,"enemies":"Snecko","floor":24,"turns":4}],"seed_played":"3390693189183384613","potions_obtained":[{"floor":3.0,"key":"LiquidMemories"},{"floor":3.0,"key":"Death Potion"},{"floor":4.0,"key":"LiquidMemories"},{"floor":10.0,"key":"FairyPotion"},{"floor":22,"key":"Adrenaline Potion"}],"is_trial":false,"path_per_floor":["M","$","?","M","$","E","?","R","T","M","M","R","M","E","R","B",null,"M","?","M","?","M","E","M"],"character_chosen":"THE_CATGIRL","items_purchased":["theCatGirl:BloodScent"],"campfire_rested":2,"item_purchase_floors":[2],"current_hp_per_floor":[74,74,74,70,70,33,33,56,56,58,52,52,51,47,70,26,77,68,68,68,68,28,19,0,0],"gold":317,"neow_bonus":"TEN_PERCENT_HP_BONUS","is_daily":false,"chose_seed":false,"campfire_upgraded":0,"win_rate":0.0,"timestamp":1610708399,"path_taken":["M","$","?","M","$","E","?","R","T","M","M","R","?","E","R","BOSS","M","?","M","?","M","E","M"],"items_purchased_type":["Card"],"build_version":"2020-12-22","purchased_purges":0,"victory":false,"max_hp_per_floor":[77,77,77,77,77,77,77,77,77,77,77,77,77,77,77,77,77,77,77,77,77,77,91,91,91],"card_choices":[{"not_picked":["theCatGirl:ExtremeSpeed","theCatGirl:ThatWasntIt"],"picked":"theCatGirl:Meow","floor":1.0},{"not_picked":["theCatGirl:RunningWithDaggers","theCatGirl:Growl"],"picked":"theCatGirl:ShockedWitness","floor":3.0},{"not_picked":["theCatGirl:ScratchFlurry","theCatGirl:Growl"],"picked":"theCatGirl:TwoStep","floor":4.0},{"not_picked":["theCatGirl:ThatWasntIt","theCatGirl:SearchBackpack"],"picked":"theCatGirl:Stalk","floor":6.0},{"not_picked":["theCatGirl:BodyBlow","theCatGirl:GoddessOfMisfortune"],"picked":"theCatGirl:PoisedStrike","floor":10.0},{"not_picked":["theCatGirl:QuickStrike","theCatGirl:AllIn"],"picked":"theCatGirl:SmellFear","floor":11.0},{"not_picked":["theCatGirl:ScratchFlurry","theCatGirl:GoddessOfMisfortune"],"picked":"theCatGirl:FinishingMove","floor":13.0},{"not_picked":["theCatGirl:AccidentalSlap","theCatGirl:ExtremeSpeed"],"picked":"theCatGirl:BloodBath","floor":14},{"not_picked":["theCatGirl:PoiseStance","theCatGirl:PerfectBlock"],"picked":"theCatGirl:BleedingWounds","floor":16},{"not_picked":["theCatGirl:ChangeOfPlans","theCatGirl:PoisedStrike"],"picked":"theCatGirl:TryingMyBest","floor":18},{"not_picked":["theCatGirl:Slip","theCatGirl:PoisedStrike"],"picked":"theCatGirl:Meow","floor":20},{"not_picked":["theCatGirl:DecliningDefenses","theCatGirl:Misfire"],"picked":"theCatGirl:AllIn","floor":22},{"not_picked":["theCatGirl:Claws","theCatGirl:LearnThePattern"],"picked":"theCatGirl:ChangeOfPlans","floor":23}],"player_experience":501527,"relics_obtained":[{"floor":3.0,"key":"theCatGirl:DriedFish"},{"floor":6.0,"key":"Counterbalance"},{"floor":14,"key":"Replay:Wax Seal"},{"floor":23,"key":"Mango"},{"floor":23,"key":"Toy Ornithopter"}],"event_choices":[{"damage_healed":0.0,"max_hp_gain":0.0,"max_hp_loss":0.0,"gold_gain":0.0,"event_name":"NoteForYourself","player_choice":"Ignored","floor":7.0,"gold_loss":0.0,"damage_taken":0.0},{"damage_healed":0,"gold_gain":0,"player_choice":"Ignored","damage_taken":0,"max_hp_gain":0,"max_hp_loss":0,"event_name":"Vampires","floor":19,"gold_loss":0},{"cards_removed":["theCatGirl:Strike"],"damage_healed":0,"gold_gain":0,"player_choice":"Gave Gold","damage_taken":0,"max_hp_gain":0,"max_hp_loss":0,"event_name":"Beggar","floor":21,"gold_loss":75}],"is_beta":false,"boss_relics":[{"not_picked":["Ectoplasm","Ring of Chaos"],"picked":"Black Star"}],"items_purged_floors":[],"is_endless":false,"potions_floor_spawned":[4,10,11,13,22],"killed_by":"Snecko","ascension_level":0}}