{"host":"f14d6hm2349s9jse","time":1610744373,"event":{"mods":["2.2 Compatiblity","BaseMod","Minty Spire (QoL Compilation)","StSLib","The Death Knight"],"gold_per_floor":[109,109,129,205,223,255,255,281,306,333,345,357,382,408,420,533,545,571,123,136,156,188,217,217,231,231,53,84,84,101,101,101,196,196,210,210,432,448,459,494,494,521,600,600,651,669,669,683,683,683,683,683,152,177,177],"floor_reached":56,"language":"ENG","playtime":4727,"items_purged":[],"score":1472,"play_id":"74916d1e-c90a-4f66-96da-8498681c829f","local_time":"20210115155933","is_ascension_mode":true,"campfire_choices":[{"floor":7.0,"key":"REST"},{"floor":12.0,"key":"REST"},{"floor":15.0,"key":"REST"},{"floor":24.0,"key":"REST"},{"floor":32.0,"key":"REST"},{"floor":41.0,"key":"REST"},{"floor":44.0,"key":"REST"},{"floor":49,"key":"RECALL"},{"floor":52,"key":"DIG"}],"circlet_count":0,"master_deck":["DeathKnight:Strike_DeathKnight","DeathKnight:Strike_DeathKnight","DeathKnight:Strike_DeathKnight","DeathKnight:Strike_DeathKnight","DeathKnight:Strike_DeathKnight","DeathKnight:Defend_DeathKnight","DeathKnight:Defend_DeathKnight+1","DeathKnight:Defend_DeathKnight","DeathKnight:Defend_DeathKnight","DeathKnight:Defend_DeathKnight+1","DeathKnight:RuneTap","DeathKnight:RuneStrike","DeathKnight:DeathsAdvance","DeathKnight:Hysteria","DeathKnight:IceboundArmor","DeathKnight:Hysteria","DeathKnight:DancingRuneblade","DeathKnight:BloodBoil+1","DeathKnight:BloodStrike","DeathKnight:Runesurge+1","DeathKnight:UnholyPresence","DeathKnight:HowlingBlast","DeathKnight:DancingRuneblade","Mayhem","DeathKnight:FoulBulwark+1","DeathKnight:Defile","DeathKnight:AntiMagicShell+1","DeathKnight:PathOfFrost+1","DeathKnight:FoulBulwark+1","Apotheosis+1","DeathKnight:DancingRuneblade","DeathKnight:FrosPresence","DeathKnight:PathOfFrost+1","DeathKnight:ArmyOfTheDead+1","DeathKnight:DeathStrike","DeathKnight:PathOfFrost+1","DeathKnight:AntiMagicShell+1","DeathKnight:BladedArmor+1"],"relics":["Snecko Eye","War Paint","MealTicket","Boot","MawBank","Toxic Egg 2","Sozu","Oddly Smooth Stone","Red Mask","White Beast Statue","Girya","HornCleat","Philosopher\u0027s Stone","Anchor","Pen Nib","DeathKnight:TomeOfUnholySpecialization","Shovel","Gambling Chip","Bottled Tornado","Kunai","DeathKnight:JainasLocket","Chemical X","DeathKnight:Scourgestone"],"acts_visited":["Exordium","TheCity","TheBeyond","TheEnding"],"potions_floor_usage":[50],"damage_taken":[{"damage":7.0,"enemies":"Jaw Worm","floor":1.0,"turns":3.0},{"damage":0.0,"enemies":"Small Slimes","floor":3.0,"turns":3.0},{"damage":10.0,"enemies":"Cultist","floor":5.0,"turns":4.0},{"damage":24.0,"enemies":"Gremlin Nob","floor":6.0,"turns":6.0},{"damage":0.0,"enemies":"Lagavulin","floor":8.0,"turns":8.0},{"damage":50.0,"enemies":"Gremlin Nob","floor":10.0,"turns":6.0},{"damage":0.0,"enemies":"3 Louse","floor":13.0,"turns":4.0},{"damage":4.0,"enemies":"Blue Slaver","floor":14.0,"turns":3.0},{"damage":13.0,"enemies":"Hexaghost","floor":16.0,"turns":10.0},{"damage":0.0,"enemies":"Spheric Guardian","floor":18.0,"turns":4.0},{"damage":31.0,"enemies":"Chosen","floor":20.0,"turns":5.0},{"damage":19.0,"enemies":"Centurion and Healer","floor":21.0,"turns":5.0},{"damage":2.0,"enemies":"Masked Bandits","floor":22.0,"turns":4.0},{"damage":7.0,"enemies":"Gremlin Leader","floor":23.0,"turns":6.0},{"damage":0.0,"enemies":"Snecko","floor":25.0,"turns":3.0},{"damage":15.0,"enemies":"Slavers","floor":28.0,"turns":6.0},{"damage":0.0,"enemies":"Chosen and Byrds","floor":30.0,"turns":4.0},{"damage":0.0,"enemies":"Automaton","floor":33.0,"turns":8.0},{"damage":0.0,"enemies":"Orb Walker","floor":35.0,"turns":3.0},{"damage":0.0,"enemies":"3 Shapes","floor":38.0,"turns":5.0},{"damage":9.0,"enemies":"3 Darklings","floor":39.0,"turns":5.0},{"damage":40.0,"enemies":"Reptomancer","floor":40.0,"turns":6.0},{"damage":16.0,"enemies":"Nemesis","floor":42.0,"turns":6.0},{"damage":24.0,"enemies":"2 Orb Walkers","floor":45.0,"turns":5.0},{"damage":0.0,"enemies":"Transient","floor":46.0,"turns":5.0},{"damage":0,"enemies":"4 Shapes","floor":48,"turns":3},{"damage":0,"enemies":"Awakened One","floor":50,"turns":6},{"damage":13,"enemies":"Shield and Spear","floor":54,"turns":5},{"damage":11,"enemies":"The Heart","floor":55,"turns":7}],"seed_played":"3531556186431175130","potions_obtained":[{"floor":5.0,"key":"Dexterity Potion"},{"floor":6.0,"key":"SpeedPotion"},{"floor":13.0,"key":"Explosive Potion"},{"floor":14.0,"key":"Energy Potion"}],"is_trial":false,"path_per_floor":["M","?","M","?","M","E","R","E","T","E","T","R","M","M","R","B",null,"M","$","M","M","?","E","R","M","T","$","E","?","M","?","R","B",null,"M","?","?","M","M","E","R","E","T","R","?","M","T","M","R","B",null,"R","$","E","B",null],"character_chosen":"DEATH_KNIGHT","items_purchased":["DeathKnight:HowlingBlast","DeathKnight:DancingRuneblade","Mayhem","Oddly Smooth Stone","Apotheosis+1","Kunai","DeathKnight:JainasLocket","Chemical X"],"campfire_rested":7,"item_purchase_floors":[19,19,19,19,27,53,53,53],"current_hp_per_floor":[68,65,65,65,55,31,53,53,53,3,3,25,25,21,43,30,75,75,75,44,25,23,16,38,38,38,53,38,38,38,38,60,60,75,75,71,71,71,62,22,43,34,34,55,41,51,51,51,51,61,71,71,71,58,57],"gold":177,"neow_bonus":"BOSS_RELIC","is_daily":false,"chose_seed":false,"campfire_upgraded":0,"win_rate":0.0,"timestamp":1610744373,"path_taken":["M","?","M","?","M","E","R","E","T","E","?","R","?","M","R","BOSS","M","$","M","M","?","E","R","M","T","$","E","?","M","?","R","BOSS","M","?","?","M","M","E","R","E","T","R","?","?","?","M","R","BOSS","R","$","E","BOSS"],"items_purchased_type":["Card","Card","Card","Relic","Card","Relic","Relic","Relic"],"build_version":"2020-12-22","purchased_purges":0,"victory":true,"max_hp_per_floor":[75,75,75,75,75,75,75,75,75,75,75,75,75,75,75,75,75,75,75,75,75,75,75,75,75,75,75,75,75,75,75,75,75,75,75,71,71,71,71,71,71,71,71,71,71,71,71,71,71,71,71,71,71,71,71],"card_choices":[{"not_picked":["DeathKnight:DeathAndDecay","DeathKnight:HornOfWinter"],"picked":"DeathKnight:DeathsAdvance","floor":1.0},{"not_picked":["DeathKnight:DeathAndDecay","DeathKnight:Contagion"],"picked":"DeathKnight:Hysteria","floor":3.0},{"not_picked":["DeathKnight:Parry","DeathKnight:RunicDetonation"],"picked":"DeathKnight:IceboundArmor","floor":5.0},{"not_picked":["DeathKnight:Ossuary","DeathKnight:HornOfWinter","DeathKnight:BloodTap"],"picked":"SKIP","floor":6.0},{"not_picked":["DeathKnight:Frostscythe","DeathKnight:Rot"],"picked":"DeathKnight:Hysteria","floor":8.0},{"not_picked":["DeathKnight:BoneShield","DeathKnight:BloodBoil"],"picked":"DeathKnight:DancingRuneblade","floor":10.0},{"not_picked":["DeathKnight:DeathAndDecay","DeathKnight:DreadStrike"],"picked":"DeathKnight:BloodBoil+1","floor":13.0},{"not_picked":["DeathKnight:Ossuary+1","DeathKnight:Runeguard+1"],"picked":"DeathKnight:BloodStrike","floor":14.0},{"not_picked":["DeathKnight:RunicDetonation","DeathKnight:BoneStorm"],"picked":"DeathKnight:Runesurge+1","floor":16.0},{"not_picked":["DeathKnight:Parry+1","DeathKnight:IceboundArmor+1"],"picked":"DeathKnight:UnholyPresence","floor":18.0},{"not_picked":["DeathKnight:Pestilence+1","DeathKnight:IceboundArmor+1"],"picked":"DeathKnight:FoulBulwark+1","floor":20.0},{"not_picked":["DeathKnight:IceboundArmor+1","DeathKnight:RuneShock"],"picked":"DeathKnight:Defile","floor":21.0},{"not_picked":["DeathKnight:DeathCoil","DeathKnight:HartStrike"],"picked":"DeathKnight:AntiMagicShell+1","floor":22.0},{"not_picked":["DeathKnight:BloodPact","DeathKnight:HornOfWinter+1"],"picked":"DeathKnight:PathOfFrost+1","floor":23.0},{"not_picked":["DeathKnight:BloodPact+1","DeathKnight:IcyTouch"],"picked":"DeathKnight:FoulBulwark+1","floor":25.0},{"not_picked":["DeathKnight:UnholyPresence","DeathKnight:RunicCorruption+1"],"picked":"DeathKnight:DancingRuneblade","floor":28.0},{"not_picked":["DeathKnight:Runesurge+1","DeathKnight:UnholyPresence"],"picked":"DeathKnight:FrosPresence","floor":30.0},{"not_picked":["DeathKnight:SindragosasBreath","DeathKnight:ReapingStrike"],"picked":"DeathKnight:ArmyOfTheDead+1","floor":33.0},{"not_picked":["DeathKnight:Obliterate","DeathKnight:DeathAndDecay+1","DeathKnight:BloodStrike"],"picked":"SKIP","floor":35.0},{"not_picked":["DeathKnight:ShatteringStrikes","DeathKnight:BloodPact+1","DeathKnight:Ossuary+1"],"picked":"SKIP","floor":38.0},{"not_picked":["DeathKnight:DeathAndDecay+1","DeathKnight:MutagenicPlague+1","DeathKnight:PillarOfFrost+1"],"picked":"SKIP","floor":39.0},{"not_picked":["DeathKnight:DarkSuccor+1","DeathKnight:ChainsOfIce+1"],"picked":"DeathKnight:DeathStrike","floor":40.0},{"not_picked":["DeathKnight:RunicCorruption+1","DeathKnight:MindFreeze+1","DeathKnight:DeathAndDecay+1"],"picked":"SKIP","floor":42.0},{"not_picked":["DeathKnight:DeathRune+1","DeathKnight:UnholyPresence"],"picked":"DeathKnight:PathOfFrost+1","floor":45.0},{"not_picked":["DeathKnight:Ossuary+1","DeathKnight:Lichborne+1","DeathKnight:DeathsAdvance+1"],"picked":"SKIP","floor":46.0},{"not_picked":["DeathKnight:BloodStrike","DeathKnight:VampiricBlood"],"picked":"DeathKnight:AntiMagicShell+1","floor":48},{"not_picked":["DeathKnight:BloodTap+1","DeathKnight:PathOfFrost+1"],"picked":"DeathKnight:BladedArmor+1","floor":54}],"player_experience":2486756,"relics_obtained":[{"floor":6.0,"key":"MealTicket"},{"floor":8.0,"key":"Boot"},{"floor":10.0,"key":"MawBank"},{"floor":11.0,"key":"Toxic Egg 2"},{"floor":22.0,"key":"Red Mask"},{"floor":23.0,"key":"White Beast Statue"},{"floor":26.0,"key":"Girya"},{"floor":28.0,"key":"HornCleat"},{"floor":40.0,"key":"Anchor"},{"floor":42.0,"key":"Pen Nib"},{"floor":43.0,"key":"DeathKnight:TomeOfUnholySpecialization"},{"floor":45.0,"key":"Shovel"},{"floor":47.0,"key":"Gambling Chip"},{"floor":52,"key":"Bottled Tornado"},{"floor":54,"key":"DeathKnight:Scourgestone"}],"event_choices":[{"damage_healed":0.0,"max_hp_gain":0.0,"max_hp_loss":0.0,"gold_gain":0.0,"event_name":"Scrap Ooze","player_choice":"Success","floor":2.0,"gold_loss":0.0,"damage_taken":3.0,"relics_obtained":["War Paint"]},{"damage_healed":0.0,"max_hp_gain":0.0,"max_hp_loss":0.0,"gold_gain":76.0,"event_name":"Golden Wing","player_choice":"Gained Gold","floor":4.0,"gold_loss":0.0,"damage_taken":0.0},{"damage_healed":0.0,"max_hp_gain":0.0,"max_hp_loss":0.0,"gold_gain":0.0,"event_name":"Masked Bandits","player_choice":"Fought Bandits","floor":22.0,"gold_loss":0.0,"damage_taken":0.0},{"damage_healed":0.0,"max_hp_gain":0.0,"max_hp_loss":0.0,"gold_gain":0.0,"event_name":"Ghosts","player_choice":"Ignored","floor":29.0,"gold_loss":0.0,"damage_taken":0.0},{"damage_healed":0.0,"max_hp_gain":0.0,"max_hp_loss":0.0,"gold_gain":0.0,"event_name":"The Library","player_choice":"Read","floor":31.0,"gold_loss":0.0,"damage_taken":0.0,"cards_obtained":["DeathKnight:PathOfFrost"]},{"damage_healed":0.0,"max_hp_gain":0.0,"max_hp_loss":4.0,"gold_gain":0.0,"event_name":"Winding Halls","player_choice":"Max HP","floor":36.0,"gold_loss":0.0,"damage_taken":0.0},{"damage_healed":0.0,"max_hp_gain":0.0,"max_hp_loss":0.0,"gold_gain":222.0,"event_name":"Tomb of Lord Red Mask","player_choice":"Wore Mask","floor":37.0,"gold_loss":0.0,"damage_taken":0.0},{"damage_healed":0.0,"max_hp_gain":0.0,"max_hp_loss":0.0,"gold_gain":0.0,"event_name":"Mysterious Sphere","player_choice":"Fight","floor":45.0,"gold_loss":0.0,"damage_taken":0.0}],"is_beta":false,"boss_relics":[{"not_picked":["SlaversCollar","DeathKnight:ScourgeInsignia"],"picked":"Sozu"},{"not_picked":["Runic Dome","Velvet Choker"],"picked":"Philosopher\u0027s Stone"}],"items_purged_floors":[],"is_endless":false,"potions_floor_spawned":[5,6,13,14,22,25,28,30,33,35,38,39,40,42,45,46,48,54],"ascension_level":2}}