{"host":"p08oqmr389b4tgxi","time":1610696645,"event":{"mods":["Act Like it!","BaseMod","CapriCore","Colored Powertips","Gensokyo","Hallownest","Luminous","Minty Spire (QoL Compilation)","Quick Restart","Relic Stats","StSLib","The Immortal","UnlockEverythingMod","Yakumo Yukari mod","¡¾ÒÅÎï¿¨ÅÆ¡¿REMEMod"],"gold_per_floor":[41,41,70,70,131,165,165,165,165],"floor_reached":8,"language":"ZHS","playtime":506,"items_purged":[],"score":72,"play_id":"5297098a-8261-4b2c-83d2-24cbf534a593","local_time":"20210115154405","is_ascension_mode":true,"campfire_choices":[{"data":"Boundary_ObjectiveBoundary_purple","floor":7,"key":"SMITH"}],"circlet_count":0,"master_deck":["AT_purpleEX","AT_purpleEX","AT_purpleEX","Defend_purpleEX","Defend_purpleEX","Defend_purpleEX","Observe_purple_1","Observe_purple_2","Fancifulhole_purple","Mirror_Drifter_purple","Boundary_ObjectiveBoundary_purple+1","Umbrella_purple","Shallow_ocean_purpleEX","Line_surface_state_purple"],"relics":["Boundary_crack","Memoryfragments_purpleEX","REME_ComplimentaryCards","REME_HourglassOfDeath"],"acts_visited":["Exordium"],"potions_floor_usage":[],"damage_taken":[{"damage":8.0,"enemies":"Hallownest:2_Baldur","floor":1.0,"turns":7.0},{"damage":10.0,"enemies":"Hallownest:monsterHuskGuard","floor":3.0,"turns":5.0},{"damage":15.0,"enemies":"Hallownest:2_Tiktiks_and_1_Crawlid","floor":5.0,"turns":6.0},{"damage":19,"enemies":"Hallownest:eliteMossKnight","floor":6,"turns":8},{"damage":11,"enemies":"Hallownest:eliteCrystalGuardian","floor":8,"turns":3}],"seed_played":"5363684938665526494","potions_obtained":[{"floor":3.0,"key":"PowerPotion"}],"is_trial":false,"path_per_floor":["M","?","M","?","M","E","R","E"],"character_chosen":"Youkari","items_purchased":[],"campfire_rested":0,"item_purchase_floors":[],"current_hp_per_floor":[57,48,38,38,27,10,10,0,0],"gold":165,"neow_bonus":"THREE_RARE_CARDS","is_daily":false,"chose_seed":false,"campfire_upgraded":1,"win_rate":0.0,"timestamp":1610696645,"path_taken":["M","?","M","?","M","E","R","E"],"items_purchased_type":[],"build_version":"2020-12-22","purchased_purges":0,"victory":false,"max_hp_per_floor":[70,70,70,63,63,63,63,63,63],"relic_stats":{"counters":[5,29],"obtain_stats":[{"REME_HourglassOfDeath":6,"Boundary_crack":0,"Memoryfragments_purpleEX":0,"REME_ComplimentaryCards":0},{"REME_HourglassOfDeath":4,"Boundary_crack":0,"Memoryfragments_purpleEX":0,"REME_ComplimentaryCards":0},{"REME_HourglassOfDeath":26,"Boundary_crack":0,"Memoryfragments_purpleEX":0,"REME_ComplimentaryCards":0}]},"card_choices":[{"not_picked":["Know_ledgeAbilityRealm_purple","Price_of_realm_purpleEX"],"picked":"Fancifulhole_purple","floor":0.0},{"not_picked":["Boundary_DynamicStaticEquilibrium_purple","AdvanceAttack_purple"],"picked":"Boundary_ObjectiveBoundary_purple","floor":1.0},{"not_picked":["WingOfChimera_purple","MeetDecomposer_purple"],"picked":"Umbrella_purple","floor":3.0},{"not_picked":["D_absorption_purple","StateErode_purple"],"picked":"Shallow_ocean_purpleEX","floor":5.0},{"not_picked":["Realm_recovery_purpleEX","Shallow_ocean_purpleEX"],"picked":"Line_surface_state_purple","floor":6}],"player_experience":58031,"relics_obtained":[{"floor":6,"key":"REME_HourglassOfDeath"}],"event_choices":[],"is_beta":false,"boss_relics":[],"items_purged_floors":[],"is_endless":false,"potions_floor_spawned":[3],"killed_by":"Hallownest:eliteCrystalGuardian","ascension_level":7}}