{"host":"ewfe3cr33ktd9xzj","time":1610693513,"event":{"mods":["AchievementEnabler","BaseMod","Colored Map","Custom Start","DeckTracker","Minty Spire (QoL Compilation)","Permanent Neow","Rare Cards Sparkle","StSLib","everything is the same but u backflip on backflip"],"gold_per_floor":[111,121,121,134,8,8,39,39,39,39,69,144,158,14,14,92,92,106,106,118,130,142,142,175,175,228,228,228],"floor_reached":27,"language":"KOR","playtime":790,"items_purged":["Bullet Time","Crippling Poison"],"score":482,"play_id":"69171dc4-aead-4f3c-be78-4da104621a6f","local_time":"20210115155153","is_ascension_mode":true,"campfire_choices":[{"data":"Calculated Gamble","floor":6.0,"key":"SMITH"},{"floor":8.0,"key":"REST"},{"floor":10.0,"key":"REST"},{"floor":15.0,"key":"REST"},{"floor":23.0,"key":"REST"},{"floor":25.0,"key":"REST"}],"circlet_count":0,"master_deck":["AscendersBane","Survivor","Neutralize","Skewer","Leg Sweep","Calculated Gamble+1","Grand Finale","Flechettes","Backstab","Endless Agony","Crippling Poison","Prepared","Acrobatics+1","Acrobatics","Escape Plan","Dagger Throw","Blur","Doubt"],"relics":["Pandora\u0027s Box","Mummified Hand","Potion Belt","Tiny Chest","Bronze Scales","Cursed Key","Calipers"],"acts_visited":["Exordium","TheCity"],"potions_floor_usage":[27],"damage_taken":[{"damage":0.0,"enemies":"Small Slimes","floor":1.0,"turns":3.0},{"damage":5.0,"enemies":"2 Louse","floor":2.0,"turns":2.0},{"damage":0.0,"enemies":"Cultist","floor":4.0,"turns":2.0},{"damage":21.0,"enemies":"Gremlin Nob","floor":7.0,"turns":4.0},{"damage":7.0,"enemies":"3 Sentries","floor":11.0,"turns":2.0},{"damage":3.0,"enemies":"Exordium Wildlife","floor":13.0,"turns":3.0},{"damage":26.0,"enemies":"Slime Boss","floor":16.0,"turns":6.0},{"damage":9.0,"enemies":"Chosen","floor":18.0,"turns":3.0},{"damage":11.0,"enemies":"2 Thieves","floor":20.0,"turns":4.0},{"damage":12.0,"enemies":"Snake Plant","floor":21.0,"turns":3.0},{"damage":0.0,"enemies":"Sentry and Sphere","floor":22.0,"turns":2.0},{"damage":7.0,"enemies":"Book of Stabbing","floor":24.0,"turns":3.0},{"damage":51,"enemies":"Slavers","floor":27,"turns":4}],"seed_played":"-4788088333567627131","potions_obtained":[{"floor":2.0,"key":"Swift Potion"},{"floor":4.0,"key":"Dexterity Potion"},{"floor":13.0,"key":"Dexterity Potion"},{"floor":18.0,"key":"GamblersBrew"},{"floor":21.0,"key":"ColorlessPotion"}],"is_trial":false,"path_per_floor":["M","M","?","M","$","R","E","R","T","R","E","?","M","$","R","B",null,"M","?","M","M","M","R","E","R","T","E"],"character_chosen":"THE_SILENT","items_purchased":["Prepared","Escape Plan"],"campfire_rested":5,"item_purchase_floors":[5,14],"current_hp_per_floor":[59,54,36,36,36,36,15,34,34,53,46,35,32,32,51,25,56,47,47,36,24,24,43,36,55,55,4,4],"gold":228,"neow_bonus":"BOSS_RELIC","is_daily":false,"chose_seed":false,"campfire_upgraded":1,"win_rate":0.0,"timestamp":1610693513,"path_taken":["M","M","?","M","$","R","E","R","T","R","E","?","M","$","R","BOSS","M","?","M","?","M","R","E","R","T","E"],"items_purchased_type":["Card","Card"],"build_version":"2020-12-22","purchased_purges":2,"victory":false,"max_hp_per_floor":[66,66,66,66,66,66,66,66,66,66,66,66,66,66,66,66,66,66,66,66,66,66,66,66,66,66,66,66],"card_choices":[{"not_picked":["Dodge and Roll","Accuracy","Endless Agony"],"picked":"SKIP","floor":1.0},{"not_picked":["Catalyst","Distraction","Underhanded Strike"],"picked":"SKIP","floor":2.0},{"not_picked":["Deadly Poison","Endless Agony","Dodge and Roll"],"picked":"SKIP","floor":4.0},{"not_picked":["Outmaneuver","Predator"],"picked":"Acrobatics","floor":7.0},{"not_picked":["Envenom","Flying Knee"],"picked":"Acrobatics","floor":11.0},{"not_picked":["Dagger Spray","Backstab","All Out Attack"],"picked":"SKIP","floor":13.0},{"not_picked":["Dagger Spray","Flechettes","Setup"],"picked":"SKIP","floor":18.0},{"not_picked":["Masterful Stab","Dagger Spray","Acrobatics"],"picked":"SKIP","floor":20.0},{"not_picked":["Underhanded Strike","Acrobatics+1","Dash"],"picked":"SKIP","floor":21.0},{"not_picked":["Flechettes","Underhanded Strike"],"picked":"Dagger Throw","floor":22.0},{"not_picked":["Deadly Poison","Dagger Spray"],"picked":"Blur","floor":24.0}],"player_experience":37565,"relics_obtained":[{"floor":7.0,"key":"Potion Belt"},{"floor":9.0,"key":"Tiny Chest"},{"floor":11.0,"key":"Bronze Scales"},{"floor":24.0,"key":"Calipers"}],"event_choices":[{"damage_healed":0.0,"max_hp_gain":0.0,"max_hp_loss":0.0,"gold_gain":0.0,"event_name":"Scrap Ooze","player_choice":"Success","floor":3.0,"gold_loss":0.0,"damage_taken":18.0,"relics_obtained":["Mummified Hand"]},{"damage_healed":0.0,"max_hp_gain":0.0,"max_hp_loss":0.0,"gold_gain":75.0,"event_name":"World of Goop","player_choice":"Gather Gold","floor":12.0,"gold_loss":0.0,"damage_taken":11.0},{"damage_healed":0.0,"max_hp_gain":0.0,"max_hp_loss":0.0,"gold_gain":0.0,"event_name":"Accursed Blacksmith","player_choice":"Forge","floor":19.0,"gold_loss":0.0,"damage_taken":0.0,"cards_upgraded":["Acrobatics"]}],"is_beta":false,"boss_relics":[{"not_picked":["WristBlade","Ectoplasm"],"picked":"Cursed Key"}],"items_purged_floors":[5,14],"is_endless":false,"potions_floor_spawned":[2,4,13,18,21],"killed_by":"Slavers","ascension_level":20}}