{"host":"mgc7o2tpy0ck407l","time":1610672194,"event":{"mods":["Alarm Clock","AlwaysNeverKeys","BaseMod","Better Altar","Better Match","Better Note","Better Sensory Stone","Better Skull","Better Third Choice","Better Vampires","Block Reminder","Booster Modes","Challenge The Spire","Colored Map","Colored Powertips","Disable Question Mark Monsters","Displayed Cursed Tome","Emptier Cage","Energized Spire","Evolution","Infinite Spire","Minty Spire (QoL Compilation)","Permanent Neow","Quick Restart","Rare Cards Sparkle","Reorder Act Four","Spicy Shops","StSLib","SuperFastMode","Transform Curses","Unceasing Turn Reminder"],"gold_per_floor":[113,132,147,72,85,114,114,149,229,229,248,291,466,58,58,179,179,197,197,197,44,44,78,98,98,98,112,112,128,162,181,181,304,304,318,318,318,339,402,445,445,483,483,483,483,506,537,555,555,555,555,91,91,134,182],"floor_reached":56,"language":"ENG","playtime":2861,"items_purged":["Defend_B","Doubt","Defend_B","Regret"],"score":1416,"play_id":"356d849e-86cc-4f93-9f04-b8c943fafe8a","local_time":"20210114195634","is_ascension_mode":true,"campfire_choices":[{"data":"Defragment","floor":7.0,"key":"SMITH"},{"data":"Loop","floor":15.0,"key":"SMITH"},{"data":"Tempest","floor":28.0,"key":"SMITH"},{"data":"Barrage","floor":32.0,"key":"SMITH"},{"data":"infinitespire:Punishment","floor":41.0,"key":"SMITH"},{"data":"Buffer","floor":44.0,"key":"SMITH"},{"floor":49.0,"key":"REST"},{"data":"Static Discharge","floor":53,"key":"SMITH"}],"circlet_count":0,"master_deck":["Ball Lightning+1","Ball Lightning","Ball Lightning","Ball Lightning+1","Conserve Battery","Conserve Battery","Zap","Dualcast","Barrage+1","Conserve Battery","Loop+1","Tempest+1","Defragment+1","Electrodynamics","Fission+1","Defragment+1","Conserve Battery","Buffer+1","Static Discharge+1","infinitespire:Punishment+1","Thinking Ahead","Bandage Up","Leap+1","Static Discharge"],"relics":["Cracked Core","EVO:Axolotl","PreservedInsect","Whetstone","Mango","Gremlin Horn","Golden Idol","Boot","Torii","energizedSpire:NeverEndingSparkler","Membership Card","Sling","Vajra","Mercury Hourglass","Thread and Needle","Philosopher\u0027s Stone","Lizard Tail","Oddly Smooth Stone","Letter Opener","infinitespire:Freezer","Toy Ornithopter","Bird Faced Urn","Bag of Marbles","Bottled Tornado","HornCleat","infinitespire:Midas Blood"],"acts_visited":["Exordium","TheCity","TheBeyond","TheEnding"],"potions_floor_usage":[50,50,50],"damage_taken":[{"damage":0.0,"enemies":"infinitespire:Voidling","floor":1.0,"turns":2.0},{"damage":0.0,"enemies":"Small Slimes","floor":2.0,"turns":2.0},{"damage":0.0,"enemies":"2 Louse","floor":3.0,"turns":2.0},{"damage":3.0,"enemies":"Looter","floor":5.0,"turns":2.0},{"damage":4.0,"enemies":"Lagavulin","floor":6.0,"turns":3.0},{"damage":4.0,"enemies":"3 Sentries","floor":8.0,"turns":3.0},{"damage":18.0,"enemies":"Large Slime","floor":11.0,"turns":3.0},{"damage":11.0,"enemies":"Lagavulin","floor":12.0,"turns":3.0},{"damage":13.0,"enemies":"The Guardian","floor":16.0,"turns":6.0},{"damage":12.0,"enemies":"Shell Parasite","floor":18.0,"turns":3.0},{"damage":13.0,"enemies":"Slavers","floor":23.0,"turns":2.0},{"damage":0.0,"enemies":"Spheric Guardian","floor":24.0,"turns":1.0},{"damage":0.0,"enemies":"3 Cultists","floor":27.0,"turns":2.0},{"damage":0.0,"enemies":"Sentry and Sphere","floor":29.0,"turns":2.0},{"damage":10.0,"enemies":"Gremlin Leader","floor":30.0,"turns":2.0},{"damage":0.0,"enemies":"Cultist and Chosen","floor":31.0,"turns":3.0},{"damage":10.0,"enemies":"Automaton","floor":33.0,"turns":6.0},{"damage":0.0,"enemies":"3 Darklings","floor":35.0,"turns":1.0},{"damage":0.0,"enemies":"Orb Walker","floor":38.0,"turns":2.0},{"damage":13.0,"enemies":"Mind Bloom Boss Battle","floor":39.0,"turns":4.0},{"damage":15.0,"enemies":"Reptomancer","floor":40.0,"turns":2.0},{"damage":2.0,"enemies":"Giant Head","floor":42.0,"turns":6.0},{"damage":1.0,"enemies":"Spire Growth","floor":46.0,"turns":4.0},{"damage":21.0,"enemies":"Nemesis","floor":47.0,"turns":3.0},{"damage":0.0,"enemies":"3 Darklings","floor":48.0,"turns":2.0},{"damage":66,"enemies":"Awakened One","floor":50,"turns":10},{"damage":9,"enemies":"Shield and Spear","floor":54,"turns":3},{"damage":67,"enemies":"The Heart","floor":55,"turns":7}],"seed_played":"5526621883443130208","potions_obtained":[{"floor":3.0,"key":"Fruit Juice"},{"floor":5.0,"key":"SpeedPotion"},{"floor":6.0,"key":"FocusPotion"},{"floor":18.0,"key":"DistilledChaos"},{"floor":31.0,"key":"DistilledChaos"},{"floor":35.0,"key":"Dexterity Potion"},{"floor":40.0,"key":"FearPotion"},{"floor":48.0,"key":"Block Potion"}],"is_trial":false,"path_per_floor":["M","M","M","$","M","E","R","E","T","?","M","E","?","$","R","B",null,"M","?","?","$","AVR","E","M","?","T","M","R","M","E","M","R","B",null,"M","?","?","M","?","E","R","E","T","R","?","M","E","M","R","B",null,"$","R","E","B",null],"character_chosen":"DEFECT","items_purchased":["Torii","Membership Card","Bird Faced Urn","Static Discharge","Bag of Marbles","Bottled Tornado","HornCleat"],"campfire_rested":1,"item_purchase_floors":[14,21,52,52,52,52,52],"current_hp_per_floor":[75,75,75,75,72,68,68,78,78,78,60,49,49,49,49,41,87,75,75,75,75,75,62,62,54,54,54,54,54,44,44,44,34,87,87,87,66,66,53,38,38,36,36,36,36,39,22,22,48,1,87,87,87,83,34],"gold":182,"neow_bonus":"RANDOM_COMMON_RELIC","is_daily":false,"chose_seed":false,"campfire_upgraded":7,"win_rate":0.0,"timestamp":1610672194,"path_taken":["M","M","M","$","?","E","R","E","T","?","M","E","?","$","R","BOSS","M","?","?","?","AVR","E","M","?","T","M","R","M","E","M","R","BOSS","M","?","?","M","?","E","R","E","T","R","?","?","E","M","R","BOSS","$","R","E","BOSS"],"items_purchased_type":["Relic","Relic","Relic","Card","Relic","Relic","Relic"],"build_version":"2020-12-22","purchased_purges":4,"victory":true,"max_hp_per_floor":[75,75,75,75,75,75,75,89,89,82,82,82,82,82,82,87,87,87,87,87,87,87,87,87,87,87,87,87,87,87,87,87,87,87,87,87,87,87,87,87,87,87,87,87,87,87,87,87,87,87,87,87,87,87,87],"card_choices":[{"not_picked":["Compile Driver","Redo"],"picked":"Barrage","floor":1.0},{"not_picked":["Conserve Battery","Compile Driver","FTL"],"picked":"SKIP","floor":2.0},{"not_picked":["Compile Driver","FTL"],"picked":"Conserve Battery","floor":2.0},{"not_picked":["Auto Shields","Barrage"],"picked":"Loop","floor":3.0},{"not_picked":["Cold Snap","Leap"],"picked":"Tempest","floor":5.0},{"not_picked":["BootSequence","Melter"],"picked":"Defragment","floor":6.0},{"not_picked":["Rebound","Leap"],"picked":"Electrodynamics","floor":8.0},{"not_picked":["Reprogram","Beam Cell"],"picked":"Lockon","floor":11.0},{"not_picked":["Redo","Hologram","Skim"],"picked":"SKIP","floor":12.0},{"not_picked":["Multi-Cast","Reboot"],"picked":"Fission","floor":16.0},{"not_picked":["Go for the Eyes","Doom and Gloom","Chaos"],"picked":"SKIP","floor":18.0},{"not_picked":["Streamline+1","Rebound+1"],"picked":"Conserve Battery","floor":23.0},{"not_picked":["Cold Snap+1","Beam Cell","Reinforced Body"],"picked":"SKIP","floor":24.0},{"not_picked":["Heatsinks","Hologram+1","Genetic Algorithm+1"],"picked":"SKIP","floor":27.0},{"not_picked":["Heatsinks","Melter+1","Aggregate"],"picked":"SKIP","floor":29.0},{"not_picked":["Sweeping Beam","All For One","Hologram"],"picked":"SKIP","floor":30.0},{"not_picked":["Turbo","Stack+1","Gash"],"picked":"SKIP","floor":31.0},{"not_picked":["Electrodynamics","Machine Learning"],"picked":"Buffer","floor":33.0},{"not_picked":["Cold Snap","Compile Driver+1"],"picked":"Static Discharge","floor":35.0},{"not_picked":["infinitespire:DeathsTouch","infinitespire:Menacing"],"picked":"infinitespire:Punishment","floor":37.0},{"not_picked":["Beam Cell+1","Barrage","Hologram+1"],"picked":"SKIP","floor":38.0},{"not_picked":["Streamline","Double Energy","Skim+1"],"picked":"SKIP","floor":40.0},{"not_picked":["FTL+1","Beam Cell+1","Turbo"],"picked":"SKIP","floor":42.0},{"not_picked":["Trip","Sadistic Nature"],"picked":"Thinking Ahead","floor":45.0},{"not_picked":["Thinking Ahead","Enlightenment"],"picked":"Bandage Up","floor":45.0},{"not_picked":["Turbo+1","Heatsinks+1","Hologram"],"picked":"SKIP","floor":46.0},{"not_picked":["Gash","Reinforced Body+1"],"picked":"Leap+1","floor":47.0},{"not_picked":["Coolheaded+1","Sweeping Beam+1","Hello World+1"],"picked":"SKIP","floor":48.0},{"not_picked":["Leap","Glacier+1","Coolheaded"],"picked":"SKIP","floor":54}],"player_experience":746415,"relics_obtained":[{"floor":6.0,"key":"Whetstone"},{"floor":8.0,"key":"Mango"},{"floor":9.0,"key":"Gremlin Horn"},{"floor":12.0,"key":"Boot"},{"floor":23.0,"key":"Vajra"},{"floor":26.0,"key":"Mercury Hourglass"},{"floor":30.0,"key":"Thread and Needle"},{"floor":39.0,"key":"Lizard Tail"},{"floor":40.0,"key":"Oddly Smooth Stone"},{"floor":42.0,"key":"Letter Opener"},{"floor":43.0,"key":"infinitespire:Freezer"},{"floor":47.0,"key":"Toy Ornithopter"},{"floor":54,"key":"infinitespire:Midas Blood"}],"event_choices":[{"damage_healed":0.0,"max_hp_gain":0.0,"max_hp_loss":7.0,"gold_gain":0.0,"event_name":"Golden Idol","player_choice":"Lose Max HP","floor":10.0,"gold_loss":0.0,"damage_taken":0.0,"relics_obtained":["Golden Idol"]},{"damage_healed":0.0,"max_hp_gain":0.0,"max_hp_loss":0.0,"gold_gain":175.0,"event_name":"betterThird:BetterSerpent","player_choice":"AGREE","floor":13.0,"gold_loss":0.0,"damage_taken":291.0},{"damage_healed":0.0,"max_hp_gain":0.0,"max_hp_loss":0.0,"gold_gain":0.0,"event_name":"Accursed Blacksmith","player_choice":"Forge","floor":19.0,"gold_loss":0.0,"damage_taken":0.0,"cards_upgraded":["Fission"]},{"damage_healed":0.0,"max_hp_gain":0.0,"max_hp_loss":0.0,"gold_gain":0.0,"event_name":"Duplicator","player_choice":"Copied","floor":20.0,"gold_loss":0.0,"damage_taken":0.0,"cards_obtained":["Defragment"]},{"damage_healed":0.0,"max_hp_gain":0.0,"max_hp_loss":0.0,"gold_gain":0.0,"event_name":"Wheel of Change","player_choice":"Damaged","floor":25.0,"gold_loss":0.0,"damage_taken":8.0},{"cards_removed":["Lockon"],"damage_healed":0.0,"max_hp_gain":0.0,"max_hp_loss":0.0,"gold_gain":0.0,"event_name":"Falling","player_choice":"Removed Attack","floor":36.0,"gold_loss":0.0,"damage_taken":0.0},{"damage_healed":0.0,"max_hp_gain":0.0,"max_hp_loss":0.0,"gold_gain":0.0,"event_name":"MindBloom","player_choice":"Fight","floor":39.0,"gold_loss":0.0,"damage_taken":0.0},{"damage_healed":0.0,"max_hp_gain":0.0,"max_hp_loss":0.0,"gold_gain":3.0,"event_name":"betterStone:BetterStone","player_choice":"1","floor":45.0,"gold_loss":0.0,"damage_taken":0.0}],"is_beta":false,"boss_relics":[{"not_picked":["energizedSpire:SpiderWeb","FrozenCore"],"picked":"energizedSpire:NeverEndingSparkler"},{"not_picked":["energizedSpire:HugeHouse","energizedSpire:StickyHand"],"picked":"Philosopher\u0027s Stone"}],"items_purged_floors":[4,14,22,52],"is_endless":false,"potions_floor_spawned":[3,5,6,18,24,31,33,35,40,47,48],"ascension_level":1}}