{"host":"fqepcc6wiujntn7y","time":1610707760,"event":{"mods":["AchievementEnabler","BaseMod","Minty Spire (QoL Compilation)","Quick Restart","Replay The Spire","StSLib","The Hayseed","The Jungle","The Necromancer"],"gold_per_floor":[117,136,190,34,47,380,380,392,392,78,92,92,112,123,123,223,223,236,246,35,35,35,35,51,51,75,94,94,94],"floor_reached":28,"language":"ENG","playtime":1822,"items_purged":["Defend_R"],"score":222,"play_id":"e771958f-d907-4600-9e63-3cbcc28d6fe3","local_time":"20210115104920","is_ascension_mode":false,"campfire_choices":[{"floor":7,"key":"REST"},{"floor":15,"key":"REST"},{"floor":23,"key":"REST"}],"circlet_count":0,"master_deck":["Strike_R","Strike_R","Strike_R","Strike_R","Strike_R","Bash","Bludgeon+1","Demonic Infusion+1","Fire Breathing+1","Cleave","Dropkick","Inflame","Twin Strike","Clothesline","Armaments","Dark Embrace","Shrug It Off","Flame Barrier+1","Demon Form","Anger","Metallicize","Fire Breathing","Reckless Charge","Writhe","True Grit","Uppercut"],"relics":["Astrolabe","Potion Belt","Old Coin","Snack Pack","TungstenRod","ReplayTheSpireMod:Shallot","Black Star","Membership Card","Replay:Bottled Eggs","Orichalcum"],"acts_visited":["Exordium","TheCity"],"potions_floor_usage":[14,28],"damage_taken":[{"damage":6,"enemies":"Cultist","floor":1,"turns":3},{"damage":11,"enemies":"Jaw Worm","floor":2,"turns":2},{"damage":11,"enemies":"Small Slimes","floor":5,"turns":3},{"damage":36,"enemies":"Lagavulin","floor":6,"turns":5},{"damage":12,"enemies":"Blue Slaver","floor":8,"turns":2},{"damage":0,"enemies":"Large Slime","floor":11,"turns":4},{"damage":6,"enemies":"Looter","floor":13,"turns":3},{"damage":5,"enemies":"Blue Slaver","floor":14,"turns":4},{"damage":15,"enemies":"Slime Boss","floor":16,"turns":8},{"damage":25,"enemies":"Shell Parasite","floor":18,"turns":5},{"damage":14,"enemies":"3 Byrds","floor":19,"turns":5},{"damage":32,"enemies":"Snake Plant","floor":24,"turns":5},{"damage":29,"enemies":"Shelled Parasite and Fungi","floor":27,"turns":7},{"damage":13,"enemies":"Gremlin Leader","floor":28,"turns":3}],"seed_played":"7359529205616195721","potions_obtained":[{"floor":8,"key":"Strength Potion"},{"floor":11,"key":"SkillPotion"},{"floor":13,"key":"Milkshake"},{"floor":14,"key":"PowerPotion"},{"floor":24,"key":"Strength Potion"}],"is_trial":false,"path_per_floor":["M","M","T","$","M","E","R","M","T","$","M","?","M","M","R","B",null,"M","M","$","?","?","R","M","?","T","M","E"],"character_chosen":"IRONCLAD","items_purchased":["Inflame","TungstenRod","Membership Card","Fire Breathing","Reckless Charge"],"campfire_rested":3,"item_purchase_floors":[4,10,20,20,20],"current_hp_per_floor":[74,63,63,63,52,16,40,28,28,28,30,28,22,17,41,26,80,55,43,43,43,43,67,37,37,37,10,0,0],"gold":94,"neow_bonus":"BOSS_RELIC","is_daily":false,"chose_seed":false,"campfire_upgraded":0,"win_rate":0.0,"timestamp":1610707760,"path_taken":["M","M","?","?","?","E","R","M","T","$","M","?","M","M","R","BOSS","M","M","$","?","?","R","M","?","T","M","E"],"items_purchased_type":["Card","Relic","Relic","Card","Card"],"build_version":"2020-12-22","purchased_purges":1,"victory":false,"max_hp_per_floor":[80,80,80,80,80,80,80,80,80,80,80,80,80,80,80,80,80,80,80,80,80,80,80,80,80,80,80,80,80],"card_choices":[{"not_picked":["True Grit","Sword Boomerang"],"picked":"Cleave","floor":1},{"not_picked":["Replay:Undeath\u0027s Touch","Ghostly Armor"],"picked":"Dropkick","floor":2},{"not_picked":["Infernal Blade","Headbutt"],"picked":"Twin Strike","floor":5},{"not_picked":["ReplayTheSpireMod:Strike From Hell","Abandon"],"picked":"Clothesline","floor":6},{"not_picked":["Pommel Strike","Headbutt"],"picked":"Armaments","floor":8},{"not_picked":["Disarm","ReplayTheSpireMod:Strike From Hell"],"picked":"Dark Embrace","floor":11},{"not_picked":["Intimidate","Dark Embrace"],"picked":"Shrug It Off","floor":13},{"not_picked":["Thunderclap","Brutality"],"picked":"Flame Barrier","floor":14},{"not_picked":["Fiend Fire","Berserk"],"picked":"Demon Form","floor":16},{"not_picked":["ReplayTheSpireMod:Strike From Hell+1","Cleave"],"picked":"Anger","floor":18},{"not_picked":["Seeing Red","True Grit"],"picked":"Metallicize","floor":19},{"not_picked":["Infernal Blade","Clash"],"picked":"True Grit","floor":24},{"not_picked":["ReplayTheSpireMod:Muscle Training+1","Life Link"],"picked":"Uppercut","floor":27}],"player_experience":25188,"relics_obtained":[{"floor":3,"key":"Potion Belt"},{"floor":6,"key":"Old Coin"},{"floor":9,"key":"Snack Pack"},{"floor":26,"key":"Orichalcum"}],"event_choices":[{"damage_healed":0,"gold_gain":0,"player_choice":"Success","damage_taken":3,"relics_obtained":["ReplayTheSpireMod:Shallot"],"max_hp_gain":0,"max_hp_loss":0,"event_name":"Scrap Ooze","floor":12,"gold_loss":0},{"damage_healed":0,"gold_gain":0,"player_choice":"Opened","damage_taken":0,"relics_obtained":["Replay:Bottled Eggs"],"max_hp_gain":0,"max_hp_loss":0,"event_name":"The Mausoleum","floor":21,"gold_loss":0,"cards_obtained":["Writhe"]},{"damage_healed":0,"gold_gain":0,"player_choice":"Ignored","damage_taken":0,"max_hp_gain":0,"max_hp_loss":0,"event_name":"Ghosts","floor":22,"gold_loss":0}],"is_beta":false,"boss_relics":[{"not_picked":["Painkiller Herb","SlaversCollar"],"picked":"Black Star"}],"items_purged_floors":[4],"is_endless":false,"potions_floor_spawned":[8,11,13,14,24],"killed_by":"Gremlin Leader","ascension_level":0}}