{"host":"u7lm8z2rvb4dg2oo","time":1610731181,"event":{"mods":["AchievementEnabler","BaseMod","Bestiary","Block Reminder","Colored Map","Colored Powertips","Curses Come First","DeckTracker","Googly Eyes","Highlight Path","Minty Spire (QoL Compilation)","Quick Restart","StSLib"],"gold_per_floor":[110,126,126,126,195,228,228,246,301,301,301],"floor_reached":10,"language":"ENG","playtime":266,"items_purged":[],"score":92,"play_id":"f31c6d4d-abf1-41b9-a583-bf20fb6c709c","local_time":"20210115121941","is_ascension_mode":true,"campfire_choices":[{"data":"Choke","floor":7,"key":"SMITH"}],"circlet_count":0,"master_deck":["Strike_G","Strike_G","Strike_G","Strike_G","Strike_G","Defend_G","Defend_G","Defend_G","Defend_G","Defend_G","Survivor","Neutralize","Masterful Stab","Choke+1","Deadly Poison"],"relics":["Ring of the Snake","NeowsBlessing","Blue Candle","SsserpentHead","Bag of Preparation","Regal Pillow"],"acts_visited":["Exordium"],"potions_floor_usage":[6,6],"damage_taken":[{"damage":0.0,"enemies":"Small Slimes","floor":1.0,"turns":1.0},{"damage":0.0,"enemies":"2 Louse","floor":2.0,"turns":1.0},{"damage":0,"enemies":"Cultist","floor":5,"turns":1},{"damage":27,"enemies":"3 Sentries","floor":6,"turns":11},{"damage":1,"enemies":"2 Fungi Beasts","floor":8,"turns":2},{"damage":29,"enemies":"Lagavulin","floor":10,"turns":5}],"seed_played":"-6585284998070842096","potions_obtained":[{"floor":2,"key":"Strength Potion"},{"floor":5,"key":"LiquidBronze"}],"is_trial":false,"path_per_floor":["M","M","?","?","M","E","R","M","T","E"],"character_chosen":"THE_SILENT","items_purchased":[],"campfire_rested":0,"item_purchase_floors":[],"current_hp_per_floor":[63,63,56,56,56,29,29,28,28,0,0],"gold":301,"neow_bonus":"THREE_ENEMY_KILL","is_daily":false,"chose_seed":false,"campfire_upgraded":1,"win_rate":0.0,"timestamp":1610731181,"path_taken":["M","M","?","?","?","E","R","M","T","E"],"items_purchased_type":[],"build_version":"2020-12-22","purchased_purges":0,"victory":false,"max_hp_per_floor":[70,70,70,70,70,70,70,70,70,70,70],"card_choices":[{"not_picked":["Slice","Bane"],"picked":"Masterful Stab","floor":1.0},{"not_picked":["Outmaneuver","All Out Attack","Prepared"],"picked":"SKIP","floor":2},{"not_picked":["Sucker Punch","Dodge and Roll","Dagger Spray"],"picked":"SKIP","floor":5},{"not_picked":["Prepared","Sucker Punch"],"picked":"Choke","floor":6},{"not_picked":["Underhanded Strike","Sucker Punch"],"picked":"Deadly Poison","floor":8}],"player_experience":1001420,"relics_obtained":[{"floor":6,"key":"Bag of Preparation"},{"floor":9,"key":"Regal Pillow"}],"event_choices":[{"damage_healed":0,"gold_gain":0,"player_choice":"Success","damage_taken":7,"relics_obtained":["Blue Candle"],"max_hp_gain":0,"max_hp_loss":0,"event_name":"Scrap Ooze","floor":3,"gold_loss":0},{"damage_healed":0,"gold_gain":0,"player_choice":"Trade","damage_taken":0,"relics_obtained":["SsserpentHead"],"max_hp_gain":0,"max_hp_loss":0,"event_name":"FaceTrader","floor":4,"gold_loss":0}],"is_beta":false,"boss_relics":[],"items_purged_floors":[],"is_endless":false,"potions_floor_spawned":[2,5],"killed_by":"Lagavulin","ascension_level":7}}