{"host":"ig7tc0uedzltt2sr","time":1610736913,"event":{"mods":["BaseMod","Better Twitch Integration","Block Reminder","Colored Map","Colored Powertips","Communication Mod","Current Relic Mod","GifTheSpireLib","HexUI Lib","Minty Spire (QoL Compilation)","Quick Restart","Random Character Button","Rare Cards Sparkle","Relic Sorter","Relic Stats","Slay the Relics Exporter","StSLib","SuperFastMode","Synergy Search","Twitch Decklist","Twitch Utils","everything is the same but u backflip on backflip","slay the spire mod where everything is the same but ironclad has a cowboy hat"],"gold_per_floor":[111,126,139,154,174,174,174],"floor_reached":6,"language":"ENG","playtime":44,"items_purged":[],"score":40,"play_id":"f8e43fd1-d022-4443-befa-0373110ce1cd","local_time":"20210115105513","is_ascension_mode":false,"campfire_choices":[],"circlet_count":0,"master_deck":["Strike_R","Strike_R","Strike_R","Strike_R","Strike_R","Defend_R","Defend_R","Defend_R","Defend_R","Bash","Anger"],"relics":["Burning Blood"],"acts_visited":["Exordium"],"potions_floor_usage":[],"damage_taken":[{"damage":6,"enemies":"2 Louse","floor":1,"turns":3},{"damage":25,"enemies":"Jaw Worm","floor":2,"turns":4},{"damage":15,"enemies":"Cultist","floor":3,"turns":4},{"damage":20,"enemies":"Looter","floor":4,"turns":3},{"damage":26,"enemies":"Blue Slaver","floor":5,"turns":4},{"damage":36,"enemies":"Lagavulin","floor":6,"turns":4}],"seed_played":"7641221044768418073","potions_obtained":[{"floor":2,"key":"SteroidPotion"},{"floor":3,"key":"Ancient Potion"},{"floor":4,"key":"ColorlessPotion"}],"is_trial":false,"path_per_floor":["M","M","M","M","M","E"],"character_chosen":"IRONCLAD","items_purchased":[],"campfire_rested":0,"item_purchase_floors":[],"current_hp_per_floor":[88,69,60,46,26,0,0],"gold":174,"neow_bonus":"TEN_PERCENT_HP_BONUS","is_daily":false,"chose_seed":false,"campfire_upgraded":0,"win_rate":0.0,"timestamp":1610736913,"path_taken":["M","M","M","M","M","E"],"items_purchased_type":[],"build_version":"2020-12-22","purchased_purges":0,"victory":false,"max_hp_per_floor":[88,88,88,88,88,88,88],"relic_stats":{"counters":[6,22],"obtain_stats":[{"Burning Blood":0},{"Burning Blood":0},{"Burning Blood":0}],"Burning Blood":30},"card_choices":[{"not_picked":["Iron Wave","Intimidate","Feel No Pain"],"picked":"SKIP","floor":1},{"not_picked":["Shrug It Off","Armaments","Cleave"],"picked":"SKIP","floor":2},{"not_picked":["Ghostly Armor","Iron Wave","Sword Boomerang"],"picked":"SKIP","floor":3},{"not_picked":["Shrug It Off","Sword Boomerang","Anger"],"picked":"SKIP","floor":4},{"not_picked":["Sever Soul","Havoc"],"picked":"Anger","floor":5}],"player_experience":1501560,"relics_obtained":[],"event_choices":[],"is_beta":false,"boss_relics":[],"items_purged_floors":[],"is_endless":false,"potions_floor_spawned":[2,3,4],"killed_by":"Lagavulin","ascension_level":0}}