{"host":"bw00wb7p5bw58om7","time":1610745464,"event":{"mods":["Act Like it!","BaseMod","Downfall","Gensokyo","Koishi","KomeijiMod","Luminous","Marisa????????","Minty Spire (QoL Compilation)","Onozuka Komachi Mod","Permanent Neow","Prisma Mod","Reimu??????","Remilia??????","StSLib","The Animator","The Druid","The Exalted","The Jungle","The Mystic","The Problem Sleuth","The Senshi","The Servant 0.9.4","The Wild Card","TheArtist","Wandering Minibosses"],"gold_per_floor":[119,132,132,143,162,162,190,190,190,204,154,183,33,33,33,134,134,134,134,134,134,14,14,14,14,14,14,14,14,14,14,14,14,14,14,14,14,14,14,14,14,14,14,14,14,14,14,14,14,14],"floor_reached":51,"language":"ENG","playtime":2899,"items_purged":[],"score":972,"play_id":"1fa172aa-b2cb-41b4-80c9-070c4fb8042e","local_time":"20210115211744","is_ascension_mode":false,"campfire_choices":[{"data":"OortCloud","floor":6,"key":"SMITH"},{"data":"GalacticHalo","floor":8,"key":"SMITH"},{"data":"StarBarrage","floor":15,"key":"SMITH"},{"data":"GalacticHalo","floor":24,"key":"SMITH"},{"data":"AlicesGift","floor":29,"key":"SMITH"},{"data":"BlazeAway","floor":32,"key":"SMITH"},{"data":"CasketOfStar","floor":40,"key":"SMITH"},{"floor":42,"key":"REST"},{"data":"GalacticHalo","floor":44,"key":"SMITH"},{"floor":49,"key":"REST"}],"circlet_count":0,"master_deck":["Strike_MRS","Strike_MRS","Strike_MRS","Strike_MRS","Defend_MRS","Defend_MRS","Defend_MRS","Defend_MRS","MasterSpark","UpSweep","OortCloud+1","BlazeAway+1","MagicChant","PowerUp","GalacticHalo+1","Parasite","Parasite","SatelliteIllusion","StarBarrage+1","AlicesGift+1","ManaRampage","LuminesStrike","GalacticHalo+1","Gensokyo:FourOfAKind","Gensokyo:FourOfAKind","Gensokyo:FourOfAKind","Gensokyo:FourOfAKind","LuminesStrike","BinaryStars","AlicesGift+1","StarBarrage","ChargeUpSpray+1","DoubleSpark+1","CasketOfStar+1","UnstableBomb+1","DC+1","GalacticHalo+1","GalacticHalo+1","MagicChant+1"],"relics":["MiniHakkero","Juzu Bracelet","ShroomBag","AntiCross","SimpleLauncher","Ectoplasm","Gensokyo:ChorusOfJoy","Gensokyo:DemonMask","Bromod:ArcanePulse","Pear","Orichalcum","Bronze Scales","SlaversCollar","Oddly Smooth Stone","Toy Ornithopter","Gensokyo:EmptyGrave"],"acts_visited":["Gensokyo:Gensokyo","Gensokyo:Gensokyoer","Gensokyo:Gensokyoest"],"potions_floor_usage":[50],"damage_taken":[{"damage":4,"enemies":"Gensokyo:Gryphon","floor":1,"turns":4},{"damage":0,"enemies":"Gensokyo:2_Kodama","floor":2,"turns":5},{"damage":0,"enemies":"Gensokyo:Python","floor":4,"turns":3},{"damage":6,"enemies":"Gensokyo:VengefulSpirit","floor":5,"turns":6},{"damage":0,"enemies":"Gensokyo:Mamizou","floor":7,"turns":9},{"damage":0,"enemies":"Gensokyo:CorruptedTreant","floor":10,"turns":6},{"damage":9,"enemies":"Gensokyo:Aya","floor":12,"turns":9},{"damage":0,"enemies":"Gensokyo:Reimu","floor":16,"turns":5},{"damage":0,"enemies":"Gensokyo:Chomper","floor":18,"turns":2},{"damage":0,"enemies":"Gensokyo:CosmicMonolith","floor":19,"turns":2},{"damage":0,"enemies":"Gensokyo:Reisen","floor":23,"turns":3},{"damage":9,"enemies":"Gensokyo:Tenshi","floor":25,"turns":3},{"damage":31,"enemies":"Gensokyo:Koishi","floor":28,"turns":4},{"damage":1,"enemies":"Gensokyo:3_Gloops","floor":30,"turns":4},{"damage":7,"enemies":"Gensokyo:Wraith","floor":31,"turns":3},{"damage":1,"enemies":"Gensokyo:Eiki","floor":33,"turns":4},{"damage":5,"enemies":"Gensokyo:AncientGuardian","floor":35,"turns":4},{"damage":8,"enemies":"Gensokyo:3_Bats","floor":36,"turns":3},{"damage":35,"enemies":"Gensokyo:Rafflesia","floor":37,"turns":4},{"damage":9,"enemies":"Gensokyo:SeedOfUnknown","floor":38,"turns":4},{"damage":0,"enemies":"Gensokyo:Dusk_and_Dawn","floor":39,"turns":2},{"damage":25,"enemies":"Gensokyo:Rafflesia","floor":41,"turns":5},{"damage":18,"enemies":"Gensokyo:Doremy","floor":45,"turns":4},{"damage":4,"enemies":"Gensokyo:AtlasGolem","floor":48,"turns":3},{"damage":0,"enemies":"Gensokyo:Scarlet_Devils","floor":50,"turns":5}],"seed_played":"1947842998636021973","potions_obtained":[{"floor":0,"key":"FairyPotion"},{"floor":0,"key":"Fire Potion"},{"floor":0,"key":"Swift Potion"},{"floor":2,"key":"BlessingOfTheForge"},{"floor":10,"key":"MagicPotion:ReiMu"},{"floor":16,"key":"StarNLove"},{"floor":25,"key":"DistilledChaos"},{"floor":41,"key":"CultistPotion"}],"is_trial":false,"path_per_floor":["M","M","?","M","M","R","E","R","T","M","$","E","COS","?","R","B",null,"M","M","?","?","?","E","R","E","T","?","E","R","M","M","R","B",null,"M","M","M","M","M","R","M","R","T","R","E","?","?","M","R","B",null],"character_chosen":"MARISA","items_purchased":["AsteroidBelt"],"campfire_rested":2,"item_purchase_floors":[11],"current_hp_per_floor":[71,71,71,71,65,65,65,65,65,69,69,64,64,64,64,66,75,75,75,53,53,53,53,53,58,58,58,30,30,35,37,37,39,63,58,53,24,21,24,24,5,24,24,24,9,9,9,8,26,58],"gold":14,"neow_bonus":"THREE_SMALL_POTIONS","is_daily":false,"chose_seed":false,"campfire_upgraded":8,"win_rate":0.0,"timestamp":1610745464,"path_taken":["M","M","?","?","M","R","E","R","T","M","?","E","COS","?","R","BOSS","M","M","?","?","?","E","R","E","T","?","E","R","M","M","R","BOSS","M","M","M","M","M","R","M","R","T","R","E","?","?","M","R","BOSS"],"items_purchased_type":["Card"],"build_version":"2020-12-22","purchased_purges":0,"victory":true,"max_hp_per_floor":[75,75,75,75,75,75,75,75,75,75,75,75,75,75,75,75,75,75,75,53,53,53,53,53,63,63,63,63,63,63,63,63,63,63,63,63,63,63,63,63,63,63,63,63,63,63,58,58,58,58],"card_choices":[{"not_picked":["AsteroidBelt","WitchLeyline"],"picked":"OortCloud","floor":1},{"not_picked":["Acceleration","IllusionStar"],"picked":"BlazeAway","floor":2},{"not_picked":["IllusionStar","NonDirectionalLaser"],"picked":"MagicChant","floor":4},{"not_picked":["MysteriousBeam","GalacticHalo"],"picked":"PowerUp","floor":5},{"not_picked":["IllusionStar","WitchLeyline"],"picked":"GalacticHalo","floor":7},{"not_picked":["ChargingUp","IllusionStar"],"picked":"SatelliteIllusion","floor":10},{"not_picked":["IllusionStar","Robbery"],"picked":"StarBarrage","floor":12},{"not_picked":["BigCrunch","EscapeVelocity"],"picked":"ManaRampage","floor":16},{"not_picked":["DarkMatter","EventHorizon"],"picked":"LuminesStrike","floor":18},{"not_picked":["Orbital","MysteriousBeam"],"picked":"GalacticHalo","floor":19},{"not_picked":["Acceleration","Occultation"],"picked":"LuminesStrike","floor":23},{"not_picked":["GrandCross","DoubleSpark"],"picked":"BinaryStars","floor":25},{"not_picked":["ChargeUpSpray","DragonMeteor+1"],"picked":"StarBarrage","floor":28},{"not_picked":["6A+1","MysteriousBeam"],"picked":"ChargeUpSpray+1","floor":30},{"not_picked":["GravityBeat","MysteriousBeam"],"picked":"DoubleSpark+1","floor":31},{"not_picked":["MaximisePower","SuperNova"],"picked":"CasketOfStar","floor":33},{"not_picked":["SporeBomb+1","PowerUp"],"picked":"UnstableBomb+1","floor":35},{"not_picked":["Acceleration+1","Occultation+1"],"picked":"DC+1","floor":36},{"not_picked":["Orbital+1","Occultation","StarBarrage+1"],"picked":"SKIP","floor":37},{"not_picked":["UnstableBomb","PropBag+1"],"picked":"GalacticHalo+1","floor":38},{"not_picked":["EnergyRecoil+1","NonDirectionalLaser","AsteroidBelt+1"],"picked":"SKIP","floor":39},{"not_picked":["DragonMeteor+1","LuminesStrike+1"],"picked":"GalacticHalo","floor":41},{"not_picked":["SporeBomb+1","WitchLeyline","StarDustReverie"],"picked":"SKIP","floor":45},{"not_picked":["ShootingEcho","SprinkleStarSeal+1"],"picked":"MagicChant+1","floor":48}],"player_experience":256644,"relics_obtained":[{"floor":7,"key":"Juzu Bracelet"},{"floor":9,"key":"ShroomBag"},{"floor":12,"key":"AntiCross"},{"floor":23,"key":"Bromod:ArcanePulse"},{"floor":25,"key":"Pear"},{"floor":26,"key":"Orichalcum"},{"floor":28,"key":"Bronze Scales"},{"floor":43,"key":"Oddly Smooth Stone"},{"floor":45,"key":"Toy Ornithopter"}],"event_choices":[],"is_beta":false,"boss_relics":[{"not_picked":["Coffee Dripper","Runic Dome"],"picked":"Ectoplasm"},{"not_picked":["Bromod:ArcaneGrace","Calling Bell"],"picked":"SlaversCollar"}],"items_purged_floors":[],"is_endless":false,"potions_floor_spawned":[2,4,10,16,25,28,30,33,35,38,39,41,48],"ascension_level":0}}