{"host":"z4j51vjvl4ssilsu","time":1610700826,"event":{"mods":["AchievementEnabler","Act Like it!","Aspiration","BaseMod","Better Altar","Better Match","Better Note","Better Sensory Stone","Better Silent Start","Better Skull","Better Synergies","Better Third Choice","Better Vampires","Better-Laid Plans","BetterRewards","Block Reminder","CapriCore","Colored Powertips","Conspire","DeckTracker","Disable Question Mark Monsters","Elementarium","Emptier Cage","Energized Spire","Gensokyo","GifTheSpireLib","Gold Saver","GungeonMod","Halation","Hallownest","Hubris","Infinite Spire","Ironclad Rager","Marisa????????","Marked Mod","Mimic Mod","Minty Spire (QoL Compilation)","MostiFishMod","Permanent Neow","Quick Restart","RRrroohrrRGHHhhh!!","Replay The Spire","SCP261 Mod","SacredBarkPlus","Spicy Shops","StSLib","Stuff the Spire","The Bug Knight","The Cursed","The Elementalist","The Jungle","The Marked","The Servant 0.9.4","Transform Curses","Unceasing Turn Reminder","Wandering Minibosses"],"gold_per_floor":[1694,1694,1712,1712,573,599,599,613,651,670,689,689,689,258,258,360,360,378,428,34,34,49,79,79,79,160,195,345,2,2,20,20,125,125,143,68,68,86,101,128,128,159,159,119,134,134,134,145,145,247,247,246,250,257,121,120,130,130,130,154,144,143,263,279,119,119,474,474,451,376,376,567,567,817,817,936,962,1205,1047,1047,1384,1371,1371,1429,1429,1410,1487,1487,1518,199,259,259,510,533,641,634,634,634,634,634,721,721,716,716,716,716,701,701,944,109,109,107,107,107,107,55,55,113,113,110,0,0,0,0,0,71,83,129,112,112,112,112,112,112,376,376,360,360,360,360,360,360,372,367,367,367,625,843,843,864,864,1156,1156,1156,976,956,1040],"floor_reached":158,"language":"ENG","playtime":16348,"items_purged":["Decay","Strike_P","EmptyFist","Strike_P","Strike_P","Doubt","Doubt","MostiFishMod:LegendTransform+1","Clumsy","Parasite","Replay:Anticipation+1"],"score":4546,"play_id":"2c21cdfe-cb0f-4744-a8d3-1e1627654004","local_time":"20210115055346","is_ascension_mode":true,"campfire_choices":[{"data":"MarkedMod:GracefulMovements","floor":7.0,"key":"SMITH"},{"data":"Replay:ManipulateFuture","floor":12.0,"key":"SMITH"},{"floor":15.0,"key":"REST"},{"data":"MostiFishMod:Pointsdynamics","floor":15.0,"key":"SMITH"},{"data":"Devotion","floor":25.0,"key":"SMITH"},{"data":"PathToVictory","floor":30.0,"key":"SMITH"},{"floor":32.0,"key":"REST"},{"data":"MarkedMod:NorthStar","floor":32.0,"key":"SMITH"},{"floor":41.0,"key":"REST"},{"data":"MostiFishMod:StarOceanP","floor":41.0,"key":"SMITH"},{"floor":46.0,"key":"REST"},{"data":"MostiFishMod:Minus+1","floor":46.0,"key":"SMITH"},{"data":"ReplayUltimateDefense","floor":49.0,"key":"SMITH"},{"data":"MarkedMod:PinPointDefense","floor":59.0,"key":"SMITH"},{"floor":66.0,"key":"RECALL"},{"data":"ReplayTheSpireMod:??????????????????????","floor":75.0,"key":"SMITH"},{"data":"MostiFishMod:Minus+2","floor":80.0,"key":"SMITH"},{"floor":83.0,"key":"REST"},{"data":"Nirvana","floor":83.0,"key":"SMITH"},{"data":"Apotheosis","floor":92,"key":"SMITH"},{"data":"MostiFishMod:Minus+3","floor":97,"key":"SMITH"},{"data":"hubris:Fate","floor":100,"key":"SMITH"},{"data":"infinitespire:Starlight","floor":108,"key":"SMITH"},{"data":"MostiFishMod:Minus+4","floor":113,"key":"SMITH"},{"data":"hubris:InfiniteBlow+6","floor":117,"key":"SMITH"},{"data":"hubris:InfiniteBlow+7","floor":125,"key":"SMITH"},{"data":"hubris:InfiniteBlow+8","floor":130,"key":"SMITH"},{"data":"hubris:InfiniteBlow+9","floor":134,"key":"SMITH"},{"data":"hubris:InfiniteBlow+10","floor":142,"key":"SMITH"},{"data":"hubris:InfiniteBlow+11","floor":146,"key":"SMITH"},{"data":"hubris:InfiniteBlow+12","floor":151,"key":"SMITH"},{"data":"hubris:InfiniteBlow+13","floor":154,"key":"SMITH"}],"circlet_count":0,"master_deck":["Vigilance","MarkedMod:GracefulMovements+1","ReplayUltimateDefense+1","Replay:ManipulateFuture+1","PathToVictory+1","MostiFishMod:ScryFuture","SandsOfTime+1","MostiFishMod:Pointsdynamics+1","MostiFishMod:Minus+5","Devotion+1","MarkedMod:NorthStar+1","ReplayTheSpireMod:??????????????????????+1","MostiFishMod:CyberBuddha+1","Replay:ManipulateFuture+1","MarkedMod:OneThousandNeedles+1","hubris:Fate+1","PathToVictory+1","DeusExMachina","MarkedMod:PinPointDefense+1","infinitespire:FutureSight","PathToVictory+1","Devotion+1","infinitespire:Starlight+1","Apotheosis+1","MarkedMod:ChiBlock+1","hubris:InfiniteBlow+14","Pot Of Greed","Pot Of Greed+1","Pot Of Greed+1","Vault+1","Vault+1","Pot Of Greed"],"relics":["PureWater","DaveBox","Calipers","Ginger","conspire:TreasureMap","Durian","SCP261:SadistsTumblerRelic","Gensokyo:MarisaPhilosophersStone","SynthV:TestCard","elementalistmod:YellowCirclet","Torii","infinitespire:Magic Flask","Strange Spoon","DemoMod:GnawedKey","Replay:Wax Seal","DemoMod:BlueGuonStone","Iron Hammer","aspiration:FrozenJewel","ChiXiaoBlade","rorgmod:The Boot","halation:LettersToHer","ReplayTheSpireMod:Ring of Challenge","PreservedInsect","StuffTheSpire:DarkSteelAnvil","DemoMod:JetPack","Pen Nib","TimeFreeze","Replay:Bronze Core","War Paint","StuffTheSpire:Mouthbags","ReplayTheSpireMod:TigerMarble","FeatherPendant","ChiLing","Chi","Ling","Anchor","Damaru","The Courier","Lantern","Gremlin Horn","Enchiridion","Kintsugi","hubris:Icosahedron","StuffTheSpire:MayFlowers","Yang","Mirror","StuffTheSpire:HeavyRock","Technique","Oddly Smooth Stone","halation:PinkAlligatorPlush","StuffTheSpire:OldFever","Whetstone","infinitespire:PuzzleCube","halation:AfternoonTea","hubris:GlazedTorus","Blood Vial","ReplayFunnel","StuffTheSpire:RubySignet","Vajra","Ring of Chaos","BrkXgEgg","Pandora\u0027s Box","Gensokyo:NagashiBinaDoll","conspire:TopHat","hubris:SlimyHat","BargainBundle","halation:PromiseList","hubris:PeanutButter","Juzu Bracelet","halation:Thesaurus","Bottled Lightning","aspiration:TomeofQuesting","Grinning Jar","DemoMod:MemoryAlloy","energizedSpire:BlackCloud","Gensokyo:DirgeOfMelancholy","Meat on the Bone","aspiration:ChemicalBlood","conspire:DeflatedDodgeball","halation:EternalFortune","rorgmod:Empty Cage","infinitespire:Lucky Rock","DemoMod:GlassGuonStoneRelic","Bronze Scales","Shovel","conspire:BottledYoYo","HaiYi:Twilight","rorgmod:Ceramic Fish"],"acts_visited":["Exordium","Exordium","TheBeyond","Gensokyo:Gensokyo","Gensokyo:Gensokyoer","Gensokyo:Gensokyoest","Gensokyo:Gensokyo","Gensokyo:Gensokyoer","TheBeyond","TheEnding"],"potions_floor_usage":[],"damage_taken":[{"damage":0.0,"enemies":"Jaw Worm","floor":1.0,"turns":4.0},{"damage":2.0,"enemies":"Small Slimes","floor":3.0,"turns":3.0},{"damage":0.0,"enemies":"HollowMod:MossKnight","floor":6.0,"turns":2.0},{"damage":1.0,"enemies":"Cultist","floor":8.0,"turns":7.0},{"damage":1.0,"enemies":"Gremlin Gang","floor":9.0,"turns":6.0},{"damage":1.0,"enemies":"Gremlin Gang","floor":10.0,"turns":7.0},{"damage":2.0,"enemies":"Exordium Wildlife","floor":11.0,"turns":5.0},{"damage":18.0,"enemies":"Fading Forest","floor":16.0,"turns":11.0},{"damage":1.0,"enemies":"theJungle:GiantWrat","floor":18.0,"turns":6.0},{"damage":1.0,"enemies":"theJungle:5_Spyders","floor":22.0,"turns":6.0},{"damage":30.0,"enemies":"theJungle:MamaSnecko","floor":23.0,"turns":6.0},{"damage":29.0,"enemies":"Nightmare","floor":27.0,"turns":6.0},{"damage":15.0,"enemies":"theJungle:JungleHuntersEncounter","floor":31.0,"turns":4.0},{"damage":21.0,"enemies":"theJungle:TotemBoss","floor":33.0,"turns":9.0},{"damage":1.0,"enemies":"3 Shapes","floor":35.0,"turns":4.0},{"damage":17.0,"enemies":"3 Darklings","floor":38.0,"turns":3.0},{"damage":17.0,"enemies":"Writhing Mass","floor":39.0,"turns":3.0},{"damage":0.0,"enemies":"R_Hoarder","floor":40.0,"turns":4.0},{"damage":0.0,"enemies":"Giant Head","floor":42.0,"turns":5.0},{"damage":10.0,"enemies":"4 Shapes","floor":45.0,"turns":3.0},{"damage":0.0,"enemies":"Maw","floor":48.0,"turns":4.0},{"damage":0.0,"enemies":"conspire:OrnateMirror","floor":50.0,"turns":5.0},{"damage":0.0,"enemies":"Gensokyo:2_Kodama","floor":52.0,"turns":1.0},{"damage":0.0,"enemies":"Gensokyo:Gryphon","floor":53.0,"turns":1.0},{"damage":0.0,"enemies":"Gensokyo:Python","floor":54.0,"turns":1.0},{"damage":0.0,"enemies":"Gensokyo:LivingMonolith","floor":56.0,"turns":1.0},{"damage":0.0,"enemies":"Gensokyo:Aya","floor":57.0,"turns":2.0},{"damage":1.0,"enemies":"Gensokyo:Gryphon_and_Rabbit","floor":61.0,"turns":2.0},{"damage":2.0,"enemies":"Gensokyo:Cirno","floor":62.0,"turns":4.0},{"damage":0.0,"enemies":"Gensokyo:Python_and_Kodama","floor":63.0,"turns":2.0},{"damage":0.0,"enemies":"Gensokyo:Mamizou","floor":64.0,"turns":1.0},{"damage":0.0,"enemies":"Gensokyo:Reimu","floor":67.0,"turns":3.0},{"damage":0.0,"enemies":"Gensokyo:2_Gloops","floor":69.0,"turns":2.0},{"damage":0.0,"enemies":"Gensokyo:Reisen","floor":74.0,"turns":2.0},{"damage":0.0,"enemies":"Gensokyo:Koishi","floor":76.0,"turns":2.0},{"damage":0.0,"enemies":"Nightmare","floor":78.0,"turns":3.0},{"damage":0.0,"enemies":"Gensokyo:Chomper","floor":81.0,"turns":2.0},{"damage":0.0,"enemies":"Gensokyo:Koishi","floor":82.0,"turns":4.0},{"damage":1.0,"enemies":"Gensokyo:Eternal_Rivals","floor":84.0,"turns":3.0},{"damage":2,"enemies":"Gensokyo:3_Bats","floor":86,"turns":2},{"damage":6,"enemies":"Gensokyo:AncientGuardian","floor":87,"turns":3},{"damage":27,"enemies":"Gensokyo:3_Boulders","floor":89,"turns":5},{"damage":73,"enemies":"Gensokyo:Marisa","floor":91,"turns":1},{"damage":0,"enemies":"Gensokyo:Doremy","floor":93,"turns":2},{"damage":1,"enemies":"Gensokyo:Sharpion","floor":95,"turns":4},{"damage":0,"enemies":"Gensokyo:Kasen","floor":96,"turns":4},{"damage":0,"enemies":"Gensokyo:Scarlet_Devils","floor":101,"turns":1},{"damage":0,"enemies":"Gensokyo:2_Kodama","floor":103,"turns":2},{"damage":0,"enemies":"Gensokyo:3_Fairies","floor":107,"turns":4},{"damage":0,"enemies":"Gensokyo:Mamizou","floor":109,"turns":3},{"damage":0,"enemies":"Gensokyo:Gryphon","floor":112,"turns":1},{"damage":0,"enemies":"Gensokyo:Cirno","floor":116,"turns":6},{"damage":0,"enemies":"Gensokyo:Yukari","floor":118,"turns":3},{"damage":0,"enemies":"Gensokyo:3_Dogs","floor":120,"turns":2},{"damage":4,"enemies":"Gensokyo:CosmicMonolith","floor":126,"turns":3},{"damage":0,"enemies":"Gensokyo:Tenshi","floor":127,"turns":2},{"damage":0,"enemies":"Gensokyo:Wraith","floor":129,"turns":4},{"damage":0,"enemies":"infinitespire:LordOfFortification","floor":135,"turns":7},{"damage":0,"enemies":"Orb Walker","floor":137,"turns":3},{"damage":0,"enemies":"Nightmare_Alpha","floor":143,"turns":2},{"damage":0,"enemies":"3 Shapes","floor":144,"turns":2},{"damage":0,"enemies":"Maw","floor":147,"turns":3},{"damage":0,"enemies":"Maw","floor":148,"turns":5},{"damage":0,"enemies":"Nemesis","floor":150,"turns":1},{"damage":0,"enemies":"infinitespire:LordOfFortification","floor":152,"turns":6},{"damage":0,"enemies":"Shield and Spear","floor":156,"turns":4},{"damage":0,"enemies":"The Heart","floor":157,"turns":2}],"seed_played":"-5935850304707112983","potions_obtained":[{"floor":1.0,"key":"SteroidPotion"},{"floor":11.0,"key":"GamblersBrew"},{"floor":16.0,"key":"Block Potion"},{"floor":33.0,"key":"BottledMiracle"}],"is_trial":false,"path_per_floor":["M","?","M","?","$","E","R","M","MIM","M","M","R","?","$","R","B",null,"M","?","$","?","M","E","?","R","T","NM","?","$","R","M","R","B",null,"M","?","?","M","M","E","R","E","T","?","M","R","AVR","M","R","B",null,"M","M","M","COS","M","E","AVR","R","T","M","E","M","E","?","R","B",null,"M","?","?","?","?","E","R","E","T","NM","COS","R","M","E","R","B",null,"M","M","?","M","$","E","R","E","T","M","E","R","AVR","?","R","B",null,"M","?","?","?","M","R","E","$","T","M","R","AVR","?","E","R","B",null,"M","?","?","?","?","R","M","E","T","M","R","T","?","?","R","B",null,"M","?","?","?","?","R","NM","M","T","R","MIM","M","?","E","R","B",null,"R","$","E","B",null],"character_chosen":"WATCHER","items_purchased":["Calipers","Ginger","conspire:TreasureMap","DemoMod:WeirdEgg","SCP261:SadistsTumblerRelic","Torii","infinitespire:Magic Flask","Strange Spoon","DemoMod:GnawedKey","Replay:Wax Seal","ReplayUltimateDefense","aspiration:FrozenJewel","MostiFishMod:KingOfFree","MostiFishMod:Pointsdynamics","rorgmod:The Boot","halation:LettersToHer","Pen Nib","TimeFreeze","StuffTheSpire:OldFever","Apotheosis","halation:WeightlessCrab","Whetstone","infinitespire:PuzzleCube","halation:AfternoonTea","hubris:GlazedTorus","hubris:SlimyHat","BargainBundle","halation:PromiseList","hubris:PeanutButter","Juzu Bracelet","halation:Thesaurus"],"campfire_rested":5,"item_purchase_floors":[0,0,0,0,0,5,5,5,5,5,5,14,14,14,20,20,29,29,90,90,90,90,90,90,90,110,110,110,110,110,110],"current_hp_per_floor":[58,58,56,56,56,56,56,55,54,53,51,51,51,51,72,64,72,72,72,72,72,72,44,44,44,44,17,17,17,17,13,34,14,72,72,72,72,56,39,41,62,63,63,63,53,72,72,72,72,72,72,72,72,72,72,72,72,72,72,72,71,71,72,72,72,72,72,72,72,72,72,54,54,54,54,54,54,54,54,54,54,54,72,71,72,70,64,68,68,68,72,72,72,72,72,72,72,72,72,72,72,72,72,72,72,72,72,72,72,72,72,72,72,69,69,69,69,69,69,69,69,69,69,69,69,65,69,69,69,69,69,72,72,72,72,72,72,72,72,72,72,72,72,72,72,72,72,72,72,72,72,72,72,72,72,77,77],"gold":1040,"neow_bonus":"","is_daily":false,"chose_seed":false,"campfire_upgraded":26,"win_rate":0.0,"timestamp":1610700826,"path_taken":["M","?","M","?","$","E","R","?","MIM","M","M","R","?","?","R","BOSS","M","?","$","?","M","E","?","R","T","NM","?","?","R","M","R","BOSS","M","?","?","M","?","E","R","E","T","?","M","R","AVR","M","R","BOSS","M","M","M","COS","M","E","AVR","R","T","M","E","?","E","?","R","BOSS","M","?","?","?","?","E","R","E","T","NM","COS","R","?","E","R","BOSS","M","?","?","M","?","E","R","E","T","?","E","R","AVR","?","R","BOSS","M","?","?","?","M","R","E","?","T","M","R","AVR","?","E","R","BOSS","M","?","?","?","?","R","M","E","T","M","R","?","?","?","R","BOSS","M","?","?","?","?","R","NM","M","T","R","?","M","?","E","R","BOSS","R","$","E","BOSS"],"items_purchased_type":["Relic","Relic","Relic","Relic","Relic","Relic","Relic","Relic","Relic","Relic","Card","Relic","Card","Card","Relic","Relic","Relic","Relic","Relic","Card","Relic","Relic","Relic","Relic","Relic","Relic","Relic","Relic","Relic","Relic","Relic"],"build_version":"2020-12-22","purchased_purges":11,"victory":true,"max_hp_per_floor":[72,72,72,72,72,72,72,72,72,72,72,72,72,72,72,72,72,72,72,72,72,72,72,72,72,72,72,72,72,72,72,72,72,72,72,72,72,72,72,72,72,72,72,72,72,72,72,72,72,72,72,72,72,72,72,72,72,72,72,72,72,72,72,72,72,72,72,72,72,72,72,72,72,72,72,72,72,72,72,72,72,72,72,72,72,72,72,72,72,72,72,72,72,72,72,72,72,72,72,72,72,72,72,72,72,72,72,72,72,72,72,72,72,69,69,69,69,69,69,69,69,69,69,69,69,69,69,69,69,69,69,72,72,72,72,72,72,72,72,72,72,72,72,72,72,72,72,72,72,72,72,72,72,72,72,77,77],"card_choices":[{"not_picked":["Weave","MarkedMod:FirstStrike"],"picked":"Nirvana","floor":1.0},{"not_picked":["Tantrum","SashWhip","MarkedMod:FirstStrike","Wireheading"],"picked":"MarkedMod:GracefulMovements","floor":3.0},{"not_picked":["Consecrate","Crescendo","Replay:BluntJabs","Replay:Cycle"],"picked":"Replay:ManipulateFuture","floor":6.0},{"not_picked":["CarveReality","ClearTheMind","Consecrate","EmptyMind"],"picked":"PathToVictory","floor":8.0},{"not_picked":["FlurryOfBlows","Prostrate","Worship","Protect"],"picked":"MostiFishMod:ScryFuture","floor":9.0},{"not_picked":["Consecrate","WaveOfTheHand","Replay:AtTheReady","EmptyBody"],"picked":"Replay:Anticipation","floor":10.0},{"not_picked":["EmptyBody","EmptyFist","Replay:BluntJabs","MarkedMod:FirstStrike"],"picked":"SandsOfTime","floor":11.0},{"not_picked":["SpiritShield","MostiFishMod:StarLaLaLa","MostiFishMod:Moonprays","MostiFishMod:Pointsdynamics"],"picked":"MostiFishMod:Minus","floor":16.0},{"not_picked":["BowlingBash","Pray","FlurryOfBlows","Replay:AtTheReady"],"picked":"WindmillStrike+1","floor":18.0},{"not_picked":["FlyingSleeves+1","rorgmod:Follow-Up","EmptyFist","Halt+1","CrushJoints"],"picked":"SKIP","floor":22.0},{"not_picked":["Consecrate","MarkedMod:FirstStrike","Collect+1","FlurryOfBlows"],"picked":"Devotion","floor":23.0},{"not_picked":["JustLucky","MarkedMod:FirstStrike","MarkedMod:GentlePulse","rorgmod:Follow-Up+1"],"picked":"MarkedMod:NorthStar","floor":27.0},{"not_picked":["ReplayTheSpireMod:Haul","Replay:Fractal Strike"],"picked":"ReplayTheSpireMod:??????????????????????","floor":27.0},{"not_picked":["Replay:Battleflow","EmptyFist","Evaluate","MentalFortress"],"picked":"JustLucky+1","floor":31.0},{"not_picked":["MostiFishMod:StarHerder","Replay:AllIn","MostiFishMod:DustFall","MostiFishMod:StarOceanP"],"picked":"MostiFishMod:CyberBuddha","floor":33.0},{"not_picked":["Replay:DivineShield","EmptyBody","MarkedMod:Acupuncture","PathToVictory+1"],"picked":"MostiFishMod:LegendTransform+1","floor":35.0},{"not_picked":["BowlingBash+1","Halt+1","ClearTheMind+1","Protect+1"],"picked":"Replay:ManipulateFuture+1","floor":36.0},{"not_picked":["ThirdEye","MostiFishMod:Nomercy+1","Replay:Hum+1","Study+1","DeceiveReality"],"picked":"SKIP","floor":38.0},{"not_picked":["CrushJoints","Sanctity+1","MostiFishMod:Speedup","WaveOfTheHand","Conclude"],"picked":"SKIP","floor":39.0},{"not_picked":["MarkedMod:Acupuncture","rorgmod:Follow-Up","Protect","MostiFishMod:Clarity"],"picked":"MostiFishMod:StarOceanP","floor":40.0},{"not_picked":["Replay:Battleflow+1","Replay:BluntJabs","Tantrum+1","Protect"],"picked":"MarkedMod:OneThousandNeedles+1","floor":42.0},{"not_picked":["LikeWater+1","FlyingSleeves","Evaluate","ForeignInfluence","BowlingBash"],"picked":"SKIP","floor":45.0},{"not_picked":["Replay:ManipulateFuture+1","SignatureMove+1","Consecrate","Meditate+1"],"picked":"PathToVictory","floor":48.0},{"not_picked":["MostiFishMod:OutWit","ConjureBlade","MarkedMod:ChiBlock","MostiFishMod:Pointsdynamics"],"picked":"DeusExMachina","floor":50.0},{"not_picked":["Replay:ManipulateFuture","Collect","MarkedMod:GentlePulse","Prostrate","SashWhip"],"picked":"SKIP","floor":52.0},{"not_picked":["Consecrate","WaveOfTheHand","ClearTheMind","MarkedMod:FirstStrike","ThirdEye"],"picked":"SKIP","floor":53.0},{"not_picked":["Replay:BluntJabs","MarkedMod:GentlePulse","EmptyFist","BowlingBash"],"picked":"MarkedMod:PinPointDefense","floor":54.0},{"not_picked":["EmptyBody","Replay:Hum","Wireheading","EmptyMind","Replay:AtTheReady"],"picked":"SKIP","floor":56.0},{"not_picked":["SandsOfTime","MostiFishMod:CyberBuddha","Wallop","ReachHeaven","MostiFishMod:Clarity"],"picked":"SKIP","floor":57.0},{"not_picked":["Wallop","CarveReality","EmptyFist","CrushJoints","Adaptation"],"picked":"SKIP","floor":61.0},{"not_picked":["Replay:AtTheReady","Alpha","MarkedMod:FirstStrike","Protect","Worship"],"picked":"SKIP","floor":62.0},{"not_picked":["SashWhip","Weave","Replay:Cycle","EmptyFist"],"picked":"PathToVictory","floor":63.0},{"not_picked":["Replay:LoomingThreat","MarkedMod:FirstStrike","InnerPeace","Pray","Consecrate"],"picked":"SKIP","floor":64.0},{"not_picked":["MostiFishMod:Pointsdynamics","Wish","MostiFishMod:DisColor","MostiFishMod:CyberBuddha"],"picked":"Devotion","floor":67.0},{"not_picked":["BowlingBash","FlyingSleeves","EmptyFist","CrushJoints+1","Wallop"],"picked":"SKIP","floor":69.0},{"not_picked":["Finesse+1","Madness+1","Panacea+1","Swift Strike+1"],"picked":"Specialist+1","floor":70.0},{"not_picked":["Nirvana+1","Replay:BluntJabs+1","JustLucky","DeceiveReality+1","MarkedMod:FirstStrike"],"picked":"SKIP","floor":74.0},{"not_picked":["ThirdEye","Crescendo","MostiFishMod:Unraveling","Consecrate","Collect"],"picked":"SKIP","floor":76.0},{"not_picked":["EmptyBody","CrushJoints","Sanctity","PathToVictory","EmptyFist+1"],"picked":"SKIP","floor":78.0},{"not_picked":["MarkedMod:Acupuncture","JustLucky","ClearTheMind","Crescendo","FlyingSleeves"],"picked":"SKIP","floor":81.0},{"not_picked":["Replay:DivineShield","Sanctity+1","Indignation","MarkedMod:Acupuncture","Tantrum"],"picked":"SKIP","floor":82.0},{"not_picked":["Replay:DivineShield","Sanctity+1","Indignation","MarkedMod:Acupuncture","Tantrum"],"picked":"SKIP","floor":82.0},{"not_picked":["infinitespire:Fortify","ReplayTheSpireMod:Haul"],"picked":"infinitespire:Starlight","floor":83.0},{"not_picked":["Collect","BowlingBash+1","WreathOfFlame","CrushJoints","SashWhip"],"picked":"SKIP","floor":86},{"not_picked":["ThirdEye+1","EmptyBody+1","Protect","Nirvana","rorgmod:Follow-Up"],"picked":"SKIP","floor":87},{"not_picked":["MostiFishMod:StarLaLaLa","CutThroughFate","DeceiveReality+1","MarkedMod:FirstStrike","BowlingBash"],"picked":"SKIP","floor":89},{"not_picked":["PathToVictory+1","MostiFishMod:Speedup","SandsOfTime+1","DeceiveReality","rorgmod:Follow-Up+1"],"picked":"SKIP","floor":91},{"not_picked":["Weave","MostiFishMod:ScryFuture","TalkToTheHand+1","BowlingBash+1","Conclude"],"picked":"SKIP","floor":93},{"not_picked":["SashWhip+1","MarkedMod:FirstStrike","Evaluate+1","Pray+1","FlyingSleeves+1"],"picked":"SKIP","floor":95},{"not_picked":["Replay:ManipulateFuture+1","SpiritShield","MarkedMod:PinPointDefense+1","MostiFishMod:FlowState+1","TalkToTheHand+1"],"picked":"SKIP","floor":96},{"not_picked":["ConjureBlade+1","MostiFishMod:Adaptation+1","Wish+1","MostiFishMod:ScryFuture+1"],"picked":"MarkedMod:ChiBlock+1","floor":101},{"not_picked":["MarkedMod:GentlePulse","ThirdEye","PathToVictory","BowlingBash","Crescendo"],"picked":"SKIP","floor":103},{"not_picked":["EmptyBody","Halt","MarkedMod:FirstStrike","Study","MarkedMod:PinPointDefense"],"picked":"SKIP","floor":107},{"not_picked":["CutThroughFate","ClearTheMind","Brilliance+1","FlyingSleeves","MarkedMod:GentlePulse"],"picked":"SKIP","floor":109},{"not_picked":["Evaluate","Fasting2","Sanctity","Replay:DivineShield","Prostrate"],"picked":"SKIP","floor":112},{"not_picked":["Sanctity","PathToVictory","ThirdEye","LikeWater","FlurryOfBlows"],"picked":"SKIP","floor":116},{"not_picked":["Establishment+1","MostiFishMod:OutWit+1","MostiFishMod:StarLaLaLa+1","Scrawl+1"],"picked":"Vault+1","floor":118},{"not_picked":["Weave","MostiFishMod:Nomercy","Replay:BluntJabs+1","Replay:Cycle","ClearTheMind+1"],"picked":"SKIP","floor":120},{"not_picked":["BowlingBash","WindmillStrike","Nirvana","EmptyBody","MostiFishMod:LegendTransform"],"picked":"SKIP","floor":126},{"not_picked":["Replay:LoomingThreat+1","MarkedMod:GentlePulse","Prostrate","LikeWater+1","Replay:ManipulateFuture"],"picked":"SKIP","floor":127},{"not_picked":["MostiFishMod:Speedup+1","Crescendo","rorgmod:Follow-Up","Prostrate","Replay:ManipulateFuture"],"picked":"SKIP","floor":129},{"not_picked":["MarkedMod:Acupuncture+1","JustLucky+1","Halt+1","MarkedMod:OneThousandNeedles","Evaluate"],"picked":"SKIP","floor":137},{"not_picked":["FlyingSleeves","Brilliance+1","MostiFishMod:CyberBuddha+1","MarkedMod:GracefulMovements+1","FearNoEvil"],"picked":"SKIP","floor":143},{"not_picked":["Sanctity+1","FlyingSleeves+1","Halt","DeceiveReality+1","Evaluate+1"],"picked":"SKIP","floor":144},{"not_picked":["ThirdEye","ClearTheMind","TalkToTheHand","BowlingBash","CrushJoints"],"picked":"SKIP","floor":148},{"not_picked":["ReachHeaven+1","CrushJoints","CarveReality","ClearTheMind+1","Fasting2"],"picked":"SKIP","floor":150},{"not_picked":["Nirvana","WheelKick+1","CarveReality","Meditate","FlyingSleeves"],"picked":"SKIP","floor":156},{"not_picked":["Brilliance+1","MostiFishMod:Unraveling+1","MostiFishMod:CyberBuddha+1","Wish+1"],"picked":"Vault+1","floor":157}],"player_experience":300610,"relics_obtained":[{"floor":1.0,"key":"SynthV:TestCard"},{"floor":6.0,"key":"DemoMod:BlueGuonStone"},{"floor":9.0,"key":"Iron Hammer"},{"floor":21.0,"key":"ReplayTheSpireMod:Ring of Challenge"},{"floor":23.0,"key":"PreservedInsect"},{"floor":26.0,"key":"halation:LettersToHer"},{"floor":26.0,"key":"StuffTheSpire:DarkSteelAnvil"},{"floor":27.0,"key":"DemoMod:JetPack"},{"floor":40.0,"key":"War Paint"},{"floor":42.0,"key":"StuffTheSpire:Mouthbags"},{"floor":43.0,"key":"halation:LettersToHer"},{"floor":57.0,"key":"Anchor"},{"floor":60.0,"key":"halation:LettersToHer"},{"floor":60.0,"key":"The Courier"},{"floor":62.0,"key":"Lantern"},{"floor":64.0,"key":"Gremlin Horn"},{"floor":74.0,"key":"StuffTheSpire:MayFlowers"},{"floor":76.0,"key":"Yang"},{"floor":77.0,"key":"halation:LettersToHer"},{"floor":77.0,"key":"Mirror"},{"floor":78.0,"key":"StuffTheSpire:HeavyRock"},{"floor":82.0,"key":"Oddly Smooth Stone"},{"floor":91,"key":"Blood Vial"},{"floor":93,"key":"ReplayFunnel"},{"floor":94,"key":"halation:LettersToHer"},{"floor":94,"key":"StuffTheSpire:RubySignet"},{"floor":96,"key":"Vajra"},{"floor":109,"key":"conspire:TopHat"},{"floor":111,"key":"halation:LettersToHer"},{"floor":111,"key":"aspiration:TomeofQuesting"},{"floor":116,"key":"DemoMod:MemoryAlloy"},{"floor":127,"key":"Meat on the Bone"},{"floor":128,"key":"aspiration:ChemicalBlood"},{"floor":131,"key":"conspire:DeflatedDodgeball"},{"floor":143,"key":"infinitespire:Lucky Rock"},{"floor":145,"key":"Bronze Scales"},{"floor":147,"key":"Shovel"},{"floor":150,"key":"conspire:BottledYoYo"},{"floor":156,"key":"rorgmod:Ceramic Fish"}],"event_choices":[{"damage_healed":0.0,"max_hp_gain":0.0,"max_hp_loss":0.0,"gold_gain":0.0,"event_name":"The Woman in Blue","player_choice":"Bought 0 Potions","floor":4.0,"gold_loss":0.0,"damage_taken":0.0},{"damage_healed":0.0,"max_hp_gain":0.0,"max_hp_loss":0.0,"gold_gain":0.0,"cards_transformed":["Strike_P"],"event_name":"Transmorgrifier","player_choice":"Transformed","floor":13.0,"gold_loss":0.0,"damage_taken":0.0,"cards_obtained":["EmptyFist"]},{"damage_healed":0.0,"max_hp_gain":0.0,"max_hp_loss":0.0,"gold_gain":0.0,"event_name":"betterMatch:BetterMatch","player_choice":"2","floor":36.0,"gold_loss":0.0,"damage_taken":0.0,"cards_obtained":["betterMatch:UncommonCard","betterMatch:CommonCard"]},{"damage_healed":0.0,"max_hp_gain":0.0,"max_hp_loss":0.0,"gold_gain":0.0,"event_name":"Upgrade Shrine","player_choice":"Upgraded","floor":37.0,"gold_loss":0.0,"damage_taken":0.0,"cards_upgraded":["MostiFishMod:CyberBuddha"]},{"damage_healed":0.0,"max_hp_gain":0.0,"max_hp_loss":0.0,"gold_gain":0.0,"event_name":"Designer","player_choice":"Upgrade","floor":44.0,"gold_loss":40.0,"damage_taken":0.0,"cards_upgraded":["MostiFishMod:Minus"]},{"damage_healed":0.0,"max_hp_gain":0.0,"max_hp_loss":0.0,"gold_gain":0.0,"event_name":"betterMatch:BetterMatch","player_choice":"2","floor":70.0,"gold_loss":0.0,"damage_taken":0.0,"cards_obtained":["betterMatch:ColorlessUncommonCard"]},{"damage_healed":4,"gold_gain":0,"player_choice":"LEAVE ","damage_taken":0,"relics_obtained":[],"max_hp_gain":0,"max_hp_loss":0,"event_name":"betterSkull:BetterSkull","floor":88,"gold_loss":0,"cards_upgraded":[]},{"damage_healed":0,"gold_gain":0,"player_choice":"Leave","damage_taken":0,"max_hp_gain":0,"max_hp_loss":0,"event_name":"conspire:Investor","floor":124,"gold_loss":0},{"damage_healed":0,"gold_gain":9,"player_choice":"1","damage_taken":0,"max_hp_gain":0,"max_hp_loss":0,"event_name":"betterStone:BetterStone","floor":138,"gold_loss":0},{"cards_removed":["Eruption"],"damage_healed":0,"gold_gain":0,"player_choice":"Removed Attack","damage_taken":0,"max_hp_gain":0,"max_hp_loss":0,"event_name":"Falling","floor":141,"gold_loss":0},{"cards_removed":["Specialist"],"damage_healed":0,"gold_gain":0,"player_choice":"Purged","damage_taken":0,"max_hp_gain":0,"max_hp_loss":0,"event_name":"Purifier","floor":149,"gold_loss":0}],"is_beta":false,"boss_relics":[{"not_picked":["RhineSuit","BloodWine"],"picked":"ChiXiaoBlade"},{"not_picked":["halation:Yufonium","Replay:Wanted Poster"],"picked":"Replay:Bronze Core"},{"not_picked":["conspire:SeveredTorchhead","infinitespire:Cupcake"],"picked":"FeatherPendant"},{"not_picked":["energizedSpire:EnergizedDie","ReplayTheSpireMod:SealedPack"],"picked":"Kintsugi"},{"not_picked":["Fusion Hammer","halation:MonkeysPaw"],"picked":"halation:PinkAlligatorPlush"},{"not_picked":["aspiration:SecretTechniqueScroll","TimeKeys"],"picked":"Pandora\u0027s Box"},{"not_picked":["conspire:RoyalGoblet","Cursed Key"],"picked":"energizedSpire:BlackCloud"},{"not_picked":["Abe\u0027s Treasure","TakeMeEscape"],"picked":"rorgmod:Empty Cage"},{"not_picked":["energizedSpire:SpiderWeb","SlaversCollar"],"picked":"HaiYi:Twilight"}],"items_purged_floors":[0,20,29,47,58,90,90,98,110,114,155],"is_endless":true,"potions_floor_spawned":[1,11,16,18,22,33,35,48,50,52,54,62,63,67,69,76,81,89,91,95,101,103,107,109,118,129,135,137,148],"ascension_level":2}}