{"host":"i0avyit1s6jb1siw","time":1610732627,"event":{"mods":["BaseMod","DeckTracker","Dota2Spire","Highlight Path","Minty Spire (QoL Compilation)","Quick Restart","StSLib","SuperFastMode"],"gold_per_floor":[211,231,1,11,26,26,57,74,74,74,89,164,175,190,190,293,293,311,311,410,410,410,442,442,472,472,472,472],"floor_reached":27,"language":"ENG","playtime":529,"items_purged":[],"score":470,"play_id":"f657a015-9110-46b1-a6b4-ff572b005717","local_time":"20210115184347","is_ascension_mode":true,"campfire_choices":[{"data":"Defragment","floor":6,"key":"SMITH"},{"floor":10,"key":"REST"},{"data":"Defragment","floor":15,"key":"SMITH"},{"floor":24,"key":"REST"}],"circlet_count":0,"master_deck":["AscendersBane","Strike_B+1","Strike_B+1","Strike_B+1","Strike_B+1","Defend_B+1","Defend_B+1","Defend_B+1","Defend_B+1","Zap","Dualcast","Auto Shields","Defragment+1","Electrodynamics","Go for the Eyes","Leap","Sunder","Defragment+1","BootSequence","Cold Snap","White Noise","Creative AI","Consume","Loop"],"relics":["Cracked Core","Orrery","Tiny Chest","Thread and Needle","Snecko Eye","Toxic Egg 2","Dota2Spire:LinkenSphere","Pocketwatch"],"acts_visited":["Exordium","TheCity"],"potions_floor_usage":[7,23],"damage_taken":[{"damage":6,"enemies":"Cultist","floor":1,"turns":4},{"damage":12,"enemies":"Small Slimes","floor":2,"turns":3},{"damage":0,"enemies":"2 Louse","floor":4,"turns":2},{"damage":18,"enemies":"Large Slime","floor":5,"turns":5},{"damage":20,"enemies":"Lagavulin","floor":7,"turns":7},{"damage":3,"enemies":"Exordium Thugs","floor":8,"turns":4},{"damage":0,"enemies":"2 Fungi Beasts","floor":11,"turns":2},{"damage":0,"enemies":"Exordium Wildlife","floor":13,"turns":5},{"damage":0,"enemies":"3 Louse","floor":14,"turns":2},{"damage":0,"enemies":"The Guardian","floor":16,"turns":12},{"damage":13,"enemies":"Shell Parasite","floor":18,"turns":8},{"damage":13,"enemies":"Gremlin Leader","floor":23,"turns":6},{"damage":47,"enemies":"Slavers","floor":25,"turns":4},{"damage":10,"enemies":"3 Byrds","floor":27,"turns":2}],"seed_played":"5226112166447090339","potions_obtained":[{"floor":4,"key":"FearPotion"},{"floor":5,"key":"FearPotion"},{"floor":7,"key":"Energy Potion"},{"floor":23,"key":"CultistPotion"}],"is_trial":false,"path_per_floor":["M","M","$","M","M","R","E","M","T","R","M","?","M","M","R","B",null,"M","?","?","T","?","E","R","E","T","M"],"character_chosen":"DEFECT","items_purchased":["Defragment","Orrery"],"campfire_rested":2,"item_purchase_floors":[3,3],"current_hp_per_floor":[62,50,50,50,32,32,12,9,9,31,31,20,20,20,20,20,61,48,48,48,48,48,35,57,10,10,0,0],"gold":472,"neow_bonus":"HUNDRED_GOLD","is_daily":false,"chose_seed":false,"campfire_upgraded":2,"win_rate":0.0,"timestamp":1610732627,"path_taken":["M","M","$","M","?","R","E","M","T","R","M","?","M","M","R","BOSS","M","?","?","?","?","E","R","E","T","?"],"items_purchased_type":["Card","Relic"],"build_version":"2020-12-22","purchased_purges":0,"victory":false,"max_hp_per_floor":[75,75,75,75,75,75,75,75,75,75,75,75,75,75,75,75,75,75,75,75,75,75,75,75,75,75,75,75],"card_choices":[{"not_picked":["Gash","Double Energy"],"picked":"Auto Shields","floor":1},{"not_picked":["Barrage","Hologram","Stack"],"picked":"SKIP","floor":2},{"not_picked":["Loop","Hello World"],"picked":"Electrodynamics","floor":3},{"not_picked":["Leap","Turbo"],"picked":"Go for the Eyes","floor":3},{"not_picked":["Go for the Eyes","Turbo"],"picked":"Leap","floor":3},{"not_picked":["Turbo","Melter"],"picked":"Sunder","floor":3},{"not_picked":["Storm","Stack"],"picked":"Defragment","floor":4},{"not_picked":["Darkness","Rebound"],"picked":"BootSequence","floor":5},{"not_picked":["Barrage","Chaos","Thunder Strike"],"picked":"SKIP","floor":7},{"not_picked":["Steam","Go for the Eyes"],"picked":"Cold Snap","floor":8},{"not_picked":["Sweeping Beam","Cold Snap"],"picked":"White Noise","floor":11},{"not_picked":["Hologram","Steam Power","Storm"],"picked":"SKIP","floor":13},{"not_picked":["Beam Cell","Reinforced Body","Gash"],"picked":"SKIP","floor":14},{"not_picked":["Electrodynamics","Machine Learning"],"picked":"Creative AI","floor":16},{"not_picked":["Melter","Go for the Eyes"],"picked":"Consume","floor":18},{"not_picked":["Compile Driver","Go for the Eyes+1","Turbo+1"],"picked":"SKIP","floor":23},{"not_picked":["Genetic Algorithm+1","Stack+1"],"picked":"Loop","floor":25}],"player_experience":2248726,"relics_obtained":[{"floor":7,"key":"Tiny Chest"},{"floor":9,"key":"Thread and Needle"},{"floor":21,"key":"Toxic Egg 2"},{"floor":23,"key":"Dota2Spire:LinkenSphere"},{"floor":25,"key":"Pocketwatch"}],"event_choices":[{"damage_healed":0,"gold_gain":75,"player_choice":"Gather Gold","damage_taken":11,"max_hp_gain":0,"max_hp_loss":0,"event_name":"World of Goop","floor":12,"gold_loss":0},{"damage_healed":0,"gold_gain":0,"player_choice":"Ignored","damage_taken":0,"max_hp_gain":0,"max_hp_loss":0,"event_name":"Ghosts","floor":19,"gold_loss":0},{"damage_healed":0,"gold_gain":99,"player_choice":"Stole From Cult","damage_taken":0,"max_hp_gain":0,"max_hp_loss":0,"event_name":"Nest","floor":20,"gold_loss":0},{"damage_healed":0,"gold_gain":0,"player_choice":"Simplicity","damage_taken":0,"max_hp_gain":0,"max_hp_loss":0,"event_name":"Back to Basics","floor":22,"gold_loss":0,"cards_upgraded":["Strike_B","Strike_B","Strike_B","Strike_B","Defend_B","Defend_B","Defend_B","Defend_B"]}],"is_beta":false,"boss_relics":[{"not_picked":["Inserter","Velvet Choker"],"picked":"Snecko Eye"}],"items_purged_floors":[],"is_endless":false,"potions_floor_spawned":[4,5,7,14,16,23],"killed_by":"3 Byrds","ascension_level":11}}