{"host":"k4v81cw6j0eb8mtc","time":1610714894,"event":{"mods":["BaseMod","BetterRewards","GifTheSpireLib","Minty Spire (QoL Compilation)","Quick Restart","Replay The Spire","StSLib"],"gold_per_floor":[117,128,138,138,156,156,216,216,216,271,271,306,306,158,158,286,286,309,323,323,30,30,30,74,74,99,132,157,193,193,216,216,341,441,462,480,480,495,514,514,552,552,552,570,531,554,554,509,509,509],"floor_reached":51,"language":"ENG","playtime":2588,"items_purged":["Injury","ReplayTheSpireMod:Splinters"],"score":633,"play_id":"33720d88-9630-4c94-8e43-c39f0d46d8ed","local_time":"20210115074813","is_ascension_mode":false,"campfire_choices":[{"data":"Chill","floor":6.0,"key":"SMITH"},{"floor":8.0,"key":"REST"},{"data":"BasicCrystalCard","floor":15.0,"key":"SMITH"},{"data":"Leap","floor":23.0,"key":"SMITH"},{"floor":25.0,"key":"REST"},{"floor":30.0,"key":"REST"},{"floor":40,"key":"REST"},{"data":"ReplayTheSpireMod:Calculation Training","floor":42,"key":"SMITH"},{"floor":49,"key":"REST"}],"circlet_count":0,"master_deck":["Strike_B+1","Strike_B+1","Strike_B+1","Strike_B+1","Defend_B+1","Defend_B+1","Defend_B+1","Defend_B+1","Zap+1","Dualcast+1","Leap+1","Flash of Steel+1","Chill+1","Compile Driver+1","Compile Driver","Coolheaded","Aggregate+1","BasicCrystalCard+1","Capacitor+1","Multi-Cast","Turbo+1","Leap","Go for the Eyes+1","Chill+1","Redo+1","ReplayTheSpireMod:Calculation Training+1","Steam+1","BasicCrystalCard+1","Electrodynamics+1","Reinforced Body+1","Streamline+1","Trip","Parasite","Lockon+1","Hologram+1","BootSequence","Loop+1","Crystallizer+1","Loop+1","Stack"],"relics":["Cracked Core","Gremlin Food","Replay:Baseball","Frozen Egg 2","Replay:Wax Seal","Golden Idol","Painkiller Herb","Juzu Bracelet","War Paint","MealTicket","Pen Nib","Incense Burner","Replay:Wanted Poster","Replay:Mystery Machine","Chameleon Ring"],"acts_visited":["Exordium","TheCity","TheBeyond"],"potions_floor_usage":[50],"damage_taken":[{"damage":7.0,"enemies":"Jaw Worm","floor":1.0,"turns":3.0},{"damage":0.0,"enemies":"Cultist","floor":2.0,"turns":5.0},{"damage":0.0,"enemies":"Small Slimes","floor":3.0,"turns":4.0},{"damage":1.0,"enemies":"3 Louse","floor":5.0,"turns":5.0},{"damage":0.0,"enemies":"3 Sentries","floor":10.0,"turns":9.0},{"damage":11.0,"enemies":"3 Sentries","floor":12.0,"turns":8.0},{"damage":40.0,"enemies":"Fading Forest","floor":16.0,"turns":11.0},{"damage":5.0,"enemies":"Shell Parasite","floor":18.0,"turns":7.0},{"damage":11.0,"enemies":"2 Thieves","floor":19.0,"turns":4.0},{"damage":7.0,"enemies":"Replay:Snechameleon","floor":24.0,"turns":9.0},{"damage":2.0,"enemies":"Book of Stabbing","floor":27.0,"turns":7.0},{"damage":0.0,"enemies":"3 Cultists","floor":28.0,"turns":4.0},{"damage":26.0,"enemies":"Gremlin Leader","floor":29.0,"turns":6.0},{"damage":17.0,"enemies":"Snake Plant","floor":31.0,"turns":5.0},{"damage":19,"enemies":"Collector","floor":33,"turns":15},{"damage":0,"enemies":"Orb Walker","floor":35,"turns":5},{"damage":6,"enemies":"3 Darklings","floor":36,"turns":6},{"damage":5,"enemies":"Writhing Mass","floor":38,"turns":7},{"damage":21,"enemies":"Sphere and 2 Shapes","floor":39,"turns":7},{"damage":0,"enemies":"R_Hoarder","floor":41,"turns":7},{"damage":0,"enemies":"4 Shapes","floor":44,"turns":4},{"damage":36,"enemies":"Transient","floor":46,"turns":5},{"damage":42,"enemies":"Replay:Hell Engine","floor":50,"turns":19}],"seed_played":"24727032201931425","potions_obtained":[{"floor":2.0,"key":"BlessingOfTheForge"},{"floor":3.0,"key":"FocusPotion"},{"floor":7.0,"key":"LifebloodPotion"},{"floor":16.0,"key":"Fire Potion"},{"floor":19.0,"key":"ColorlessPotion"},{"floor":28.0,"key":"FocusPotion"},{"floor":29.0,"key":"Regen Potion"},{"floor":33,"key":"FairyPotion"},{"floor":36,"key":"FearPotion"}],"is_trial":false,"path_per_floor":["M","M","M","?","M","R","?","R","T","?","?","E","?","$","R","B",null,"?","?","?","T","?","T","E","T","T","E","?","E","T","?","T","B",null,"?","?","?","?","?","T","E","T","T","?","T","?","?","T","T","B",null],"character_chosen":"DEFECT","items_purchased":["Capacitor+1","Juzu Bracelet","Go for the Eyes","Crystallizer+1","Stack"],"campfire_rested":5,"item_purchase_floors":[14,21,21,45,48],"current_hp_per_floor":[73,73,73,73,72,72,72,80,80,80,80,69,69,69,69,39,80,75,64,64,64,64,64,57,80,80,78,78,52,76,59,59,40,80,80,74,74,69,48,72,72,72,72,72,80,44,44,59,80,63],"gold":509,"neow_bonus":"RANDOM_EVENT","is_daily":false,"chose_seed":false,"campfire_upgraded":4,"win_rate":0.0,"timestamp":1610714893,"path_taken":["M","M","M","?","?","R","?","R","T","?","?","E","?","$","R","BOSS","?","?","?","T","?","T","E","T","T","E","?","E","T","?","T","BOSS","?","?","?","?","?","T","E","T","T","?","T","?","?","T","T","BOSS"],"items_purchased_type":["Card","Relic","Card","Card","Card"],"build_version":"2020-12-22","purchased_purges":2,"victory":true,"max_hp_per_floor":[80,80,80,80,80,80,80,80,80,80,80,80,80,80,80,80,80,80,80,80,80,80,80,80,80,80,80,80,80,80,80,80,80,80,80,80,80,80,80,80,80,80,80,80,80,80,80,80,80,80],"card_choices":[{"not_picked":["Compile Driver","Gash"],"picked":"Glacier","floor":1.0},{"not_picked":["BasicCrystalCard","Self Repair"],"picked":"Hello World","floor":2.0},{"not_picked":["Turbo","Undo"],"picked":"Leap","floor":3.0},{"not_picked":["Beam Cell","Reprogram"],"picked":"Chill","floor":5.0},{"not_picked":["ReplayTheSpireMod:Repulse","Steam"],"picked":"Compile Driver","floor":7.0},{"not_picked":["ReplaySort","ReplayTheSpireMod:Calculation Training"],"picked":"Compile Driver","floor":7.0},{"not_picked":["Go for the Eyes","Sweeping Beam"],"picked":"Coolheaded","floor":10.0},{"not_picked":["Beam Cell","Stack"],"picked":"BasicCrystalCard","floor":12.0},{"not_picked":["Amplify","All For One"],"picked":"Multi-Cast","floor":16.0},{"not_picked":["Beam Cell","BasicCrystalCard+1"],"picked":"Turbo","floor":18.0},{"not_picked":["ReplaySort","Reprogram"],"picked":"Leap","floor":19.0},{"not_picked":["ReplayTheSpireMod:Reroute Power","Ball Lightning"],"picked":"Chill+1","floor":24.0},{"not_picked":["Beam Cell","Go for the Eyes"],"picked":"Redo","floor":27.0},{"not_picked":["Rebound","Streamline"],"picked":"ReplayTheSpireMod:Calculation Training","floor":28.0},{"not_picked":["BasicCrystalCard","Hyperbeam"],"picked":"Steam+1","floor":29.0},{"not_picked":["Leap","Panic Button"],"picked":"BasicCrystalCard+1","floor":31.0},{"not_picked":["ReplayRNGCard","Hyperbeam"],"picked":"Electrodynamics+1","floor":33},{"not_picked":["Sweeping Beam","Beam Cell"],"picked":"Reinforced Body+1","floor":35},{"not_picked":["Panic Button","Defragment+1"],"picked":"Streamline+1","floor":36},{"not_picked":["Madness","ReplayTheSpireMod:Uncanny Aura"],"picked":"Trip","floor":37},{"not_picked":["Chill","Rip and Tear+1"],"picked":"Lockon+1","floor":38},{"not_picked":["Turbo+1","Reprogram+1"],"picked":"Hologram+1","floor":39},{"not_picked":["Steam Power","Steam"],"picked":"BootSequence","floor":41},{"not_picked":["ReplayTheSpireMod:Repulse","Steam+1"],"picked":"Loop+1","floor":44},{"not_picked":["BasicCrystalCard+1","Panic Button+1"],"picked":"Loop+1","floor":46}],"player_experience":223909,"relics_obtained":[{"floor":7.0,"key":"Gremlin Food"},{"floor":9.0,"key":"Replay:Baseball"},{"floor":10.0,"key":"Frozen Egg 2"},{"floor":12.0,"key":"Replay:Wax Seal"},{"floor":24.0,"key":"War Paint"},{"floor":26.0,"key":"MealTicket"},{"floor":27.0,"key":"Pen Nib"},{"floor":29.0,"key":"Incense Burner"},{"floor":41,"key":"Replay:Mystery Machine"},{"floor":43,"key":"Chameleon Ring"}],"event_choices":[{"damage_healed":0.0,"max_hp_gain":5.0,"max_hp_loss":0.0,"gold_gain":0.0,"event_name":"Big Fish","player_choice":"Donut","floor":0.0,"gold_loss":0.0,"damage_taken":0.0},{"damage_healed":0.0,"max_hp_gain":0.0,"max_hp_loss":0.0,"gold_gain":0.0,"event_name":"Match and Keep!","player_choice":"1 cards matched","floor":4.0,"gold_loss":0.0,"damage_taken":0.0,"cards_obtained":["Flash of Steel"]},{"damage_healed":0.0,"max_hp_gain":0.0,"max_hp_loss":0.0,"gold_gain":0.0,"event_name":"Dead Adventurer","player_choice":"Searched \u00272\u0027 times","floor":10.0,"gold_loss":0.0,"damage_taken":0.0},{"damage_healed":0.0,"max_hp_gain":0.0,"max_hp_loss":0.0,"gold_gain":0.0,"event_name":"Golden Idol","player_choice":"Take Wound","floor":13.0,"gold_loss":0.0,"damage_taken":0.0,"relics_obtained":["Golden Idol"],"cards_obtained":["Injury"]},{"damage_healed":0.0,"max_hp_gain":0.0,"max_hp_loss":0.0,"gold_gain":0.0,"event_name":"Vampires","player_choice":"Ignored","floor":20.0,"gold_loss":0.0,"damage_taken":0.0},{"damage_healed":0.0,"max_hp_gain":0.0,"max_hp_loss":0.0,"gold_gain":0.0,"event_name":"Back to Basics","player_choice":"Simplicity","floor":22.0,"gold_loss":0.0,"damage_taken":0.0,"cards_upgraded":["Strike_B","Strike_B","Strike_B","Strike_B","Defend_B","Defend_B","Defend_B","Defend_B"]},{"damage_healed":0.0,"max_hp_gain":0.0,"max_hp_loss":0.0,"gold_gain":0.0,"event_name":"Beggar","player_choice":"Ignored","floor":32.0,"gold_loss":0.0,"damage_taken":0.0},{"damage_healed":0,"gold_gain":0,"player_choice":"Memory 1","damage_taken":0,"max_hp_gain":0,"max_hp_loss":0,"event_name":"SensoryStone","floor":37,"gold_loss":0},{"cards_removed":["Hello World"],"damage_healed":0,"gold_gain":0,"player_choice":"Removed Power","damage_taken":0,"max_hp_gain":0,"max_hp_loss":0,"event_name":"Falling","floor":47,"gold_loss":0}],"is_beta":false,"boss_relics":[{"not_picked":["Snecko Eye","Tiny House"],"picked":"Painkiller Herb"},{"not_picked":["Runic Dome","ChewingGum"],"picked":"Replay:Wanted Poster"}],"items_purged_floors":[14,21],"is_endless":false,"potions_floor_spawned":[2,3,16,19,28,29,33,36,38],"ascension_level":0}}