{"host":"jwbw4f4imxd0v0b0","time":1610699334,"event":{"mods":["BaseMod","Colored Map","Highlight Path","Minty Spire (QoL Compilation)","Relic Stats","StSLib"],"gold_per_floor":[116,130,145,245,259,259,270,299,345,357,385,1,1,1,1,1,1],"floor_reached":16,"language":"ENG","playtime":705,"items_purged":[],"score":174,"play_id":"d16660bc-cf80-4bec-93c5-6f55d32d8d45","local_time":"20210115022854","is_ascension_mode":true,"campfire_choices":[{"data":"Blade Dance","floor":6.0,"key":"SMITH"},{"data":"Accuracy","floor":15.0,"key":"SMITH"}],"circlet_count":0,"master_deck":["AscendersBane","Strike_G","Strike_G","Strike_G","Strike_G","Strike_G","Defend_G","Defend_G","Defend_G","Defend_G","Defend_G","Survivor","Neutralize","Blade Dance+1","Deadly Poison","Poisoned Stab","Dodge and Roll","Caltrops","Phantasmal Killer","Accuracy+1","Deflect"],"relics":["Ring of the Snake","Orichalcum","Bronze Scales","HornCleat","Vajra","Sling","Pen Nib"],"acts_visited":["Exordium"],"potions_floor_usage":[],"damage_taken":[{"damage":1.0,"enemies":"2 Louse","floor":1.0,"turns":4.0},{"damage":0.0,"enemies":"Cultist","floor":2.0,"turns":3.0},{"damage":2.0,"enemies":"Jaw Worm","floor":3.0,"turns":4.0},{"damage":14.0,"enemies":"Exordium Thugs","floor":5.0,"turns":5.0},{"damage":0.0,"enemies":"2 Fungi Beasts","floor":7.0,"turns":2.0},{"damage":17.0,"enemies":"Lagavulin","floor":8.0,"turns":5.0},{"damage":2.0,"enemies":"Blue Slaver","floor":10.0,"turns":4.0},{"damage":14.0,"enemies":"Gremlin Nob","floor":11.0,"turns":4.0},{"damage":26,"enemies":"Slime Boss","floor":16,"turns":8}],"seed_played":"1960346828922510623","potions_obtained":[{"floor":1.0,"key":"SteroidPotion"},{"floor":3.0,"key":"Explosive Potion"},{"floor":5.0,"key":"Swift Potion"}],"is_trial":false,"path_per_floor":["M","M","M","?","M","R","M","E","T","M","E","$","?","$","R","B"],"character_chosen":"THE_SILENT","items_purchased":["Vajra","Accuracy","Sling","Deflect"],"campfire_rested":0,"item_purchase_floors":[12,12,12,12],"current_hp_per_floor":[69,69,67,67,53,53,53,36,36,34,20,20,20,20,20,0,0],"gold":1,"neow_bonus":"TEN_PERCENT_HP_BONUS","is_daily":false,"chose_seed":false,"campfire_upgraded":2,"win_rate":0.0,"timestamp":1610699334,"path_taken":["M","M","M","?","?","R","M","E","T","M","E","$","?","?","R","BOSS"],"items_purchased_type":["Relic","Card","Relic","Card"],"build_version":"2020-12-22","purchased_purges":0,"victory":false,"max_hp_per_floor":[77,77,77,77,77,77,77,77,77,77,77,77,77,77,77,77,77],"relic_stats":{"counters":[9,39],"Bronze Scales":[24],"Pen Nib":[2],"Orichalcum":[24],"obtain_stats":[{"HornCleat":11,"Bronze Scales":9,"Vajra":12,"Pen Nib":13,"Orichalcum":8,"Sling":12,"Ring of the Snake":0},{"HornCleat":8,"Bronze Scales":6,"Vajra":8,"Pen Nib":8,"Orichalcum":6,"Sling":8,"Ring of the Snake":0},{"HornCleat":31,"Bronze Scales":23,"Vajra":31,"Pen Nib":31,"Orichalcum":23,"Sling":31,"Ring of the Snake":0}],"Ring of the Snake":[18]},"card_choices":[{"not_picked":["Expertise","Leg Sweep"],"picked":"Blade Dance","floor":1.0},{"not_picked":["Bane","Underhanded Strike"],"picked":"Deadly Poison","floor":2.0},{"not_picked":["Quick Slash","Night Terror"],"picked":"Poisoned Stab","floor":3.0},{"not_picked":["Endless Agony","Prepared"],"picked":"Dodge and Roll","floor":5.0},{"not_picked":["Predator","Outmaneuver","Dodge and Roll"],"picked":"SKIP","floor":7.0},{"not_picked":["Quick Slash","Poisoned Stab","Tactician"],"picked":"SKIP","floor":8.0},{"not_picked":["Slice","Bane"],"picked":"Caltrops","floor":10.0},{"not_picked":["Expertise","Prepared"],"picked":"Phantasmal Killer","floor":11.0}],"player_experience":1059085,"relics_obtained":[{"floor":8.0,"key":"Orichalcum"},{"floor":9.0,"key":"Bronze Scales"},{"floor":11.0,"key":"HornCleat"},{"floor":13.0,"key":"Pen Nib"}],"event_choices":[{"damage_healed":0.0,"max_hp_gain":0.0,"max_hp_loss":0.0,"gold_gain":100.0,"event_name":"Golden Shrine","player_choice":"Pray","floor":4.0,"gold_loss":0.0,"damage_taken":0.0},{"damage_healed":0.0,"max_hp_gain":0.0,"max_hp_loss":0.0,"gold_gain":0.0,"event_name":"Wheel of Change","player_choice":"Relic","floor":13.0,"gold_loss":0.0,"damage_taken":0.0}],"is_beta":false,"boss_relics":[],"items_purged_floors":[],"is_endless":false,"potions_floor_spawned":[1,3,5,7],"killed_by":"Slime Boss","ascension_level":11}}