{"host":"ac78wf4m5y9yc4g3","time":1610747053,"event":{"mods":["BaseMod","Better Third Choice","Downfall","Hermit","Marisa????????","Minty Spire (QoL Compilation)","StSLib","The Servant 0.9.4","The Wild Card"],"gold_per_floor":[99,99,118,131,149,169,192,117,128,139,152,164,164,164,179,278,278,278,296,325,336,336,336,359,359,376,376,47,47,78,94,114,114,114,114],"floor_reached":33,"language":"POL","playtime":1525,"items_purged":[],"score":263,"play_id":"4d623087-41db-4b99-8f98-cba58faa3148","local_time":"20210115224413","is_ascension_mode":false,"campfire_choices":[{"floor":1,"key":"RECALL"},{"data":"Guardian:ShieldCharger","floor":8,"key":"SMITH"},{"data":"Guardian:TwinSlam","floor":13,"key":"SMITH"},{"data":"Guardian:GatlingBeam","floor":18,"key":"SMITH"},{"data":"Guardian:PiercingHide","floor":23,"key":"SMITH"},{"floor":27,"key":"REST"},{"data":"Guardian:PrismaticBarrier","floor":29,"key":"SMITH"}],"circlet_count":0,"master_deck":["Guardian:Strike_Guardian","Guardian:Strike_Guardian","Guardian:Strike_Guardian","Guardian:Strike_Guardian","Guardian:Defend_Guardian","Guardian:Defend_Guardian","Guardian:Defend_Guardian","Guardian:Defend_Guardian","Guardian:CurlUp+1","Guardian:TwinSlam+1","Guardian:ChargeCore","Guardian:PiercingHide+1","Guardian:WalkerClaw","Guardian:ShieldCharger+1","Guardian:ArmoredProtocol","Guardian:VentSteam","Guardian:ChargeUp","Guardian:GatlingBeam+1","Guardian:EvasiveProtocol","RitualDagger+1","RitualDagger+1","Guardian:ArmoredProtocol","Guardian:PrismaticBeam","expansioncontent:DonusPower","Guardian:TimeCapacitor","Guardian:PrismaticBarrier+1","Guardian:RollAttack","Guardian:Suspension","Guardian:Gem_Lightblue","Guardian:CrystalBeam"],"relics":["Guardian:ModeShifter","Boot","downfall:HeartBlessingRed","Guardian:StasisSlotReductionRelic","Red Mask","MealTicket","Vajra"],"acts_visited":["Exordium","TheCity"],"potions_floor_usage":[16,16,16],"damage_taken":[{"damage":0,"enemies":"Small Slimes","floor":3,"turns":2},{"damage":2,"enemies":"Cultist","floor":4,"turns":5},{"damage":0,"enemies":"Jaw Worm","floor":5,"turns":3},{"damage":9,"enemies":"2 Fungi Beasts","floor":6,"turns":3},{"damage":2,"enemies":"Blue Slaver","floor":9,"turns":5},{"damage":2,"enemies":"Large Slime","floor":10,"turns":6},{"damage":0,"enemies":"Red Slaver","floor":11,"turns":3},{"damage":6,"enemies":"Gremlin Gang","floor":12,"turns":5},{"damage":7,"enemies":"Large Slime","floor":15,"turns":5},{"damage":30,"enemies":"downfall:Defect","floor":16,"turns":10},{"damage":0,"enemies":"3 Byrds","floor":19,"turns":3},{"damage":18,"enemies":"Masked Bandits","floor":20,"turns":7},{"damage":10,"enemies":"Centurion and Healer","floor":21,"turns":6},{"damage":19,"enemies":"Shelled Parasite and Fungi","floor":26,"turns":6},{"damage":0,"enemies":"downfall:FleeingMerchant","floor":28,"turns":4},{"damage":15,"enemies":"Slavers","floor":30,"turns":6},{"damage":22,"enemies":"Cultist and Chosen","floor":31,"turns":8},{"damage":29,"enemies":"Chosen and Byrds","floor":32,"turns":7},{"damage":6,"enemies":"downfall:Silent","floor":33,"turns":1}],"seed_played":"-779633045230560440","potions_obtained":[{"floor":3,"key":"LiquidBronze"},{"floor":5,"key":"BlessingOfTheForge"},{"floor":9,"key":"Swift Potion"},{"floor":16,"key":"Block Potion"},{"floor":22,"key":"CultistPotion"},{"floor":30,"key":"EntropicBrew"}],"is_trial":false,"path_per_floor":["R","?","M","M","M","M","T","R","M","M","M","M","R","?","M","B",null,"R","M","?","M","?","R","T","?","M","R","$","R","E","M","M","B"],"character_chosen":"GUARDIAN","items_purchased":["Guardian:Gem_Green","expansioncontent:DonusPower","Guardian:TimeCapacitor","Guardian:PrismaticBarrier","Guardian:RollAttack"],"campfire_rested":1,"item_purchase_floors":[28,28,28,28,28],"current_hp_per_floor":[80,80,80,78,78,69,69,69,67,65,65,59,59,80,73,43,80,80,80,62,52,52,52,52,52,33,57,72,72,57,35,6,0,0,0],"gold":114,"neow_bonus":"THREE_CARDS","is_daily":false,"chose_seed":false,"campfire_upgraded":5,"win_rate":0.0,"timestamp":1610747053,"path_taken":["R","?","M","M","M","?","T","R","M","M","M","M","R","?","M","BOSS","R","M","?","M","?","R","T","?","?","R","$","R","E","M","M","BOSS"],"items_purchased_type":["Card","Card","Card","Card","Card"],"build_version":"2020-12-22","purchased_purges":0,"victory":false,"max_hp_per_floor":[80,80,80,80,80,80,80,80,80,80,80,80,80,80,80,80,80,80,80,80,80,80,80,80,80,80,80,80,80,80,80,80,80,80,80],"card_choices":[{"not_picked":["Guardian:VentSteam","Guardian:DecasProtection"],"picked":"Guardian:ChargeCore","floor":0},{"not_picked":["Guardian:ShieldSpikes","Guardian:TimeBomb"],"picked":"Guardian:PiercingHide","floor":3},{"not_picked":["Guardian:DecasProtection","Guardian:ChargeCore"],"picked":"Guardian:WalkerClaw","floor":4},{"not_picked":["Guardian:Harden","Guardian:TemporalStrike"],"picked":"Guardian:ShieldCharger","floor":5},{"not_picked":["Guardian:Gem_Cyan","Guardian:Gem_Green"],"picked":"Guardian:Gem_Blue","floor":6},{"not_picked":["Guardian:Planning","Guardian:RefractedBeam"],"picked":"Guardian:ArmoredProtocol","floor":9},{"not_picked":["Guardian:Repulse","Guardian:Harden"],"picked":"Guardian:Gem_Lightblue","floor":10},{"not_picked":["Guardian:BronzeOrb","Guardian:ShieldCharger"],"picked":"Guardian:VentSteam","floor":11},{"not_picked":["Guardian:CrystalBeam","Guardian:TimeSifter"],"picked":"Guardian:Gem_White","floor":12},{"not_picked":["Guardian:PrimingBeam","Guardian:Clone"],"picked":"Guardian:ChargeUp","floor":15},{"not_picked":["Guardian:BaubleBeam","Guardian:StasisStrike"],"picked":"Guardian:GatlingBeam","floor":16},{"not_picked":["Guardian:RefractedBeam","Guardian:TemporalStrike+1"],"picked":"Guardian:EvasiveProtocol","floor":19},{"not_picked":["Guardian:PolyBeam","Guardian:Recover"],"picked":"Guardian:Gem_Fragmented","floor":20},{"not_picked":["Guardian:ChargeCore","Guardian:ChargeUp+1"],"picked":"Guardian:Gem_Cyan","floor":21},{"not_picked":["Guardian:GatlingBeam","Guardian:ShieldCharger"],"picked":"Guardian:ArmoredProtocol","floor":26},{"not_picked":["Guardian:ShieldCharger+1","Guardian:ChargeCore"],"picked":"Guardian:PrismaticBeam","floor":28},{"not_picked":["Guardian:StasisStrike","Guardian:Repulse"],"picked":"Guardian:Suspension","floor":30},{"not_picked":["Guardian:ShieldSpikes+1","Guardian:MultiBeam"],"picked":"Guardian:Gem_Lightblue","floor":31},{"not_picked":["Guardian:TimeCapacitor","Guardian:ShieldCharger+1"],"picked":"Guardian:CrystalBeam","floor":32}],"player_experience":54345,"relics_obtained":[{"floor":7,"key":"Boot"},{"floor":20,"key":"Red Mask"},{"floor":24,"key":"MealTicket"},{"floor":30,"key":"Vajra"}],"event_choices":[{"damage_healed":26,"gold_gain":0,"player_choice":"Banana","damage_taken":0,"max_hp_gain":0,"max_hp_loss":0,"event_name":"Big Fish","floor":14,"gold_loss":0},{"damage_healed":0,"gold_gain":0,"player_choice":"Fought Bandits","damage_taken":0,"max_hp_gain":0,"max_hp_loss":0,"event_name":"Masked Bandits","floor":20,"gold_loss":0},{"damage_healed":0,"gold_gain":0,"player_choice":"Copied","damage_taken":0,"max_hp_gain":0,"max_hp_loss":0,"event_name":"Duplicator","floor":25,"gold_loss":0,"cards_obtained":["RitualDagger"]}],"is_beta":false,"boss_relics":[{"not_picked":["Fusion Hammer","Guardian:ModeShifterPlus"],"picked":"Guardian:StasisSlotReductionRelic"}],"items_purged_floors":[],"is_endless":false,"potions_floor_spawned":[3,5,9,11,16,30,31,32],"killed_by":"downfall:Silent","ascension_level":0}}