{"host":"684z1xpuwaoqmmh1","time":1610737843,"event":{"mods":["Bard","BaseMod","Downfall","Hermit","Jorbs\u0027s Wanderer Trilogy","Marisa????????","Minty Spire (QoL Compilation)","Robot Space Explorer","Shade Mod","StSLib","The Bug Knight","The Cursed","The Hayseed","The Hierophant","The Marked","The Mystic","The Runesmith","The Senshi","The Spell Scribe"],"gold_per_floor":[113,132,149,149,165,165,192,192,263,263,307,336,370,44,44,149,149,171,193,222,75,95,95,135,154,154,181,181,207,36,78,78,78,78],"floor_reached":33,"language":"ENG","playtime":1684,"items_purged":["Shade:Defend_Shade"],"score":360,"play_id":"4b3212d6-1c81-407a-9e3f-0c38b25c576f","local_time":"20210115211043","is_ascension_mode":true,"campfire_choices":[{"data":"Shade:OminousRitual","floor":6,"key":"SMITH"},{"data":"Shade:Doomsay","floor":8,"key":"SMITH"},{"data":"Shade:PoundOfFlesh","floor":10,"key":"SMITH"},{"floor":15,"key":"REST"},{"floor":23,"key":"REST"},{"floor":32,"key":"REST"}],"circlet_count":0,"master_deck":["Shade:Strike_Shade+1","Shade:Strike_Shade+1","Shade:Defend_Shade+1","Shade:Defend_Shade+1","Shade:Defend_Shade+1","Shade:AnimateDead","Shade:CarefulCut","Shade:FreshBones","Shade:AblativeArmor","Shade:PoundOfFlesh+1","Shade:Doomsay+1","Shade:OminousRitual+1","Shade:FeralStrike","Shade:SpectralStrikes","Shade:OfferingToTheBeyond","Shade:PressTheAttack","Shade:GreaterAnimation","Shade:OpenGraves","Shade:AuraOfUnlife","Shade:StitchTogether","Shade:Bonestorm","Shade:Carnophage","Shade:Brains","Shade:CallOfTheGrave","Shade:FuneraryArmor"],"relics":["Shade:YorickPolishedSkull","Lizard Tail","Matryoshka","CeramicFish","Ancient Tea Set","Gremlin Horn","Strawberry","StrikeDummy","Shuriken","Thread and Needle","Letter Opener","PreservedInsect","Akabeko"],"acts_visited":["Exordium","TheCity"],"potions_floor_usage":[7,13,19,24,24,29,29],"damage_taken":[{"damage":0,"enemies":"Small Slimes","floor":1,"turns":3},{"damage":0,"enemies":"Cultist","floor":2,"turns":3},{"damage":0,"enemies":"Jaw Worm","floor":3,"turns":3},{"damage":2,"enemies":"Looter","floor":5,"turns":3},{"damage":4,"enemies":"Lagavulin","floor":7,"turns":10},{"damage":20,"enemies":"3 Sentries","floor":11,"turns":7},{"damage":14,"enemies":"Large Slime","floor":12,"turns":6},{"damage":31,"enemies":"Lagavulin","floor":13,"turns":8},{"damage":23,"enemies":"Hexaghost","floor":16,"turns":10},{"damage":2,"enemies":"Chosen","floor":18,"turns":4},{"damage":2,"enemies":"Shell Parasite","floor":19,"turns":3},{"damage":18,"enemies":"Centurion and Healer","floor":20,"turns":5},{"damage":37,"enemies":"Snake Plant","floor":22,"turns":5},{"damage":8,"enemies":"Gremlin Leader","floor":24,"turns":5},{"damage":1,"enemies":"Snecko","floor":25,"turns":4},{"damage":20,"enemies":"Shelled Parasite and Fungi","floor":27,"turns":7},{"damage":4,"enemies":"Book of Stabbing","floor":29,"turns":5},{"damage":3,"enemies":"Gremlin Leader","floor":31,"turns":6},{"damage":62,"enemies":"Automaton","floor":33,"turns":6}],"seed_played":"4509656676265490956","potions_obtained":[{"floor":3,"key":"PowerPotion"},{"floor":5,"key":"BlessingOfTheForge"},{"floor":12,"key":"Explosive Potion"},{"floor":16,"key":"DistilledChaos"},{"floor":20,"key":"BlessingOfTheForge"},{"floor":22,"key":"LiquidMemories"},{"floor":25,"key":"Block Potion"},{"floor":31,"key":"Strength Potion"}],"is_trial":false,"path_per_floor":["M","M","M","?","M","R","E","R","T","R","E","M","E","$","R","B",null,"M","M","M","$","M","R","E","M","T","M","?","E","$","E","R","B"],"character_chosen":"SHADE","items_purchased":["Gremlin Horn","Strawberry","PreservedInsect","Shade:CallOfTheGrave"],"campfire_rested":3,"item_purchase_floors":[14,21,30,30],"current_hp_per_floor":[65,65,65,65,63,63,59,59,59,59,39,25,1,1,20,29,65,63,61,43,50,13,34,33,32,32,19,19,15,15,12,33,0,0],"gold":78,"neow_bonus":"TRANSFORM_CARD","is_daily":false,"chose_seed":false,"campfire_upgraded":3,"win_rate":0.0,"timestamp":1610737843,"path_taken":["M","M","M","?","M","R","E","R","T","R","E","M","E","$","R","BOSS","M","?","M","$","M","R","E","?","T","M","?","E","$","E","R","BOSS"],"items_purchased_type":["Relic","Relic","Relic","Card"],"build_version":"2020-12-22","purchased_purges":1,"victory":false,"max_hp_per_floor":[65,65,65,65,65,65,65,65,65,65,65,65,65,65,65,65,65,65,65,65,72,72,72,72,72,72,72,72,72,72,72,72,72,72],"card_choices":[{"not_picked":["Shade:FingerOfDeath","Shade:Doomsay"],"picked":"Shade:AblativeArmor","floor":1},{"not_picked":["Shade:Premonition","Shade:BoneShards"],"picked":"Shade:PoundOfFlesh","floor":2},{"not_picked":["Shade:BoneShards","Shade:GreyBargain"],"picked":"Shade:Doomsay","floor":3},{"not_picked":["Shade:FleshToFlesh","Shade:ExtraLimbs"],"picked":"Shade:OminousRitual","floor":5},{"not_picked":["Shade:SkeletonArmy","Shade:WallOfFlesh"],"picked":"Shade:FeralStrike","floor":7},{"not_picked":["Shade:Frenzy","Shade:Brains"],"picked":"Shade:SpectralStrikes","floor":11},{"not_picked":["Shade:FingerOfDeath","Shade:PoundOfFlesh"],"picked":"Shade:OfferingToTheBeyond","floor":12},{"not_picked":["Shade:Frenzy","Shade:Trample"],"picked":"Shade:PressTheAttack","floor":13},{"not_picked":["Shade:Consume","Shade:OneIsEnough"],"picked":"Shade:GreaterAnimation","floor":16},{"not_picked":["Shade:Bonestorm","Shade:AuraOfUnlife"],"picked":"Shade:OpenGraves","floor":18},{"not_picked":["Shade:Patience+1","Shade:SkeletonHug+1"],"picked":"Shade:AuraOfUnlife","floor":19},{"not_picked":["Shade:Trample","Shade:WallOfFlesh"],"picked":"Shade:StitchTogether","floor":20},{"not_picked":["Shade:AncientSpear+1","Shade:Doomsay+1","Shade:CoffinDance+1"],"picked":"SKIP","floor":22},{"not_picked":["Shade:GoDigging","Shade:FingerOfDeath"],"picked":"Shade:Bonestorm","floor":24},{"not_picked":["Shade:Premonition","Shade:SanguineRitual"],"picked":"Shade:Carnophage","floor":25},{"not_picked":["Shade:DarkOfNight","Shade:Doomsay+1"],"picked":"Shade:Brains","floor":27},{"not_picked":["Shade:Brains","Shade:FingerOfDeath+1","Shade:Patience"],"picked":"SKIP","floor":29},{"not_picked":["Shade:ClawBack","Shade:CommandSoldier"],"picked":"Shade:FuneraryArmor","floor":31}],"player_experience":2831102,"relics_obtained":[{"floor":7,"key":"Lizard Tail"},{"floor":9,"key":"Matryoshka"},{"floor":11,"key":"CeramicFish"},{"floor":13,"key":"Ancient Tea Set"},{"floor":24,"key":"StrikeDummy"},{"floor":26,"key":"Shuriken"},{"floor":26,"key":"Thread and Needle"},{"floor":29,"key":"Letter Opener"},{"floor":31,"key":"Akabeko"}],"event_choices":[{"cards_removed":["Shade:Strike_Shade"],"damage_healed":0,"gold_gain":0,"player_choice":"Purged","damage_taken":0,"max_hp_gain":0,"max_hp_loss":0,"event_name":"Purifier","floor":4,"gold_loss":0},{"damage_healed":0,"gold_gain":0,"player_choice":"Simplicity","damage_taken":0,"max_hp_gain":0,"max_hp_loss":0,"event_name":"Back to Basics","floor":28,"gold_loss":0,"cards_upgraded":["Shade:Strike_Shade","Shade:Strike_Shade","Shade:Defend_Shade","Shade:Defend_Shade","Shade:Defend_Shade"]}],"is_beta":false,"boss_relics":[{"not_picked":["Pandora\u0027s Box","Calling Bell"],"picked":"Shade:YorickPolishedSkull"}],"items_purged_floors":[14],"is_endless":false,"potions_floor_spawned":[3,5,12,16,20,22,25,31],"killed_by":"Automaton","ascension_level":2}}