{"host":"3qkmyeoym75lj4wn","time":1610731063,"event":{"mods":["2.2 Compatiblity","BaseMod","Block Reminder","Colored Powertips","Highlight Path","Minty Spire (QoL Compilation)","Permanent Neow","Potion Indicator Mod","Rare Cards Sparkle","Relic Stats","StSLib","Unceasing Turn Reminder"],"gold_per_floor":[112,122,137,137,148,148,182,182,231,190,208,238,249,265,265,336,336,349,359,384,384,384],"floor_reached":21,"language":"ENG","playtime":857,"items_purged":[],"score":386,"play_id":"2f786eb3-21ce-4619-8e4f-9dbca2655931","local_time":"20210115171743","is_ascension_mode":true,"campfire_choices":[{"data":"Zap","floor":6,"key":"SMITH"},{"floor":8,"key":"REST"},{"data":"Hologram","floor":15,"key":"SMITH"}],"circlet_count":0,"master_deck":["AscendersBane","Strike_B","Strike_B","Strike_B","Strike_B","Defend_B","Defend_B","Defend_B","Defend_B","Zap+1","Dualcast","All For One","Hologram+1","Sweeping Beam","Steam","Cold Snap","Rainbow","Chill","Chill","Chill","Go for the Eyes","Fission","Chaos","Gash","Capacitor"],"relics":["Cracked Core","StrikeDummy","Anchor","Lantern","Fusion Hammer","Red Mask"],"acts_visited":["Exordium","TheCity"],"potions_floor_usage":[7,11,12,16,20],"damage_taken":[{"damage":6,"enemies":"Cultist","floor":1,"turns":3},{"damage":2,"enemies":"Jaw Worm","floor":2,"turns":4},{"damage":0,"enemies":"Small Slimes","floor":3,"turns":2},{"damage":15,"enemies":"2 Fungi Beasts","floor":5,"turns":3},{"damage":37,"enemies":"Gremlin Nob","floor":7,"turns":4},{"damage":0,"enemies":"Large Slime","floor":11,"turns":4},{"damage":6,"enemies":"3 Sentries","floor":12,"turns":7},{"damage":0,"enemies":"3 Louse","floor":13,"turns":2},{"damage":0,"enemies":"Blue Slaver","floor":14,"turns":2},{"damage":17,"enemies":"Slime Boss","floor":16,"turns":10},{"damage":8,"enemies":"Spheric Guardian","floor":18,"turns":4},{"damage":31,"enemies":"Chosen","floor":19,"turns":6},{"damage":2,"enemies":"Masked Bandits","floor":20,"turns":4},{"damage":24,"enemies":"Snecko","floor":21,"turns":4}],"seed_played":"3835261432273912604","potions_obtained":[{"floor":2,"key":"Swift Potion"},{"floor":5,"key":"Strength Potion"},{"floor":7,"key":"Weak Potion"},{"floor":12,"key":"Swift Potion"},{"floor":13,"key":"Energy Potion"},{"floor":19,"key":"AttackPotion"}],"is_trial":false,"path_per_floor":["M","M","M","?","M","R","E","R","T","?","M","E","M","M","R","B",null,"M","M","?","M"],"character_chosen":"DEFECT","items_purchased":[],"campfire_rested":1,"item_purchase_floors":[],"current_hp_per_floor":[58,56,56,56,41,41,4,25,25,25,25,19,19,19,19,2,54,46,15,13,0,0],"gold":384,"neow_bonus":"ONE_RANDOM_RARE_CARD","is_daily":false,"chose_seed":false,"campfire_upgraded":2,"win_rate":0.0,"timestamp":1610731063,"path_taken":["M","?","M","?","M","R","E","R","T","?","M","E","M","M","R","BOSS","M","M","?","M"],"items_purchased_type":[],"build_version":"2020-12-22","purchased_purges":0,"victory":false,"max_hp_per_floor":[71,71,71,71,71,71,71,71,71,71,71,71,71,71,71,71,71,71,71,71,71,71],"relic_stats":{"counters":[14,59],"obtain_stats":[{"Anchor":9,"Lantern":12,"Fusion Hammer":17,"Red Mask":20,"Cracked Core":0,"StrikeDummy":7},{"Anchor":5,"Lantern":7,"Fusion Hammer":10,"Red Mask":13,"Cracked Core":0,"StrikeDummy":5},{"Anchor":16,"Lantern":27,"Fusion Hammer":41,"Red Mask":55,"Cracked Core":0,"StrikeDummy":16}]},"card_choices":[{"not_picked":["Barrage","Heatsinks"],"picked":"Hologram","floor":1},{"not_picked":["Heatsinks","Turbo"],"picked":"Sweeping Beam","floor":2},{"not_picked":["Compile Driver","Barrage"],"picked":"Steam","floor":3},{"not_picked":["Self Repair","Tempest"],"picked":"Cold Snap","floor":5},{"not_picked":["Sweeping Beam","Multi-Cast"],"picked":"Rainbow","floor":7},{"not_picked":["Rebound","Turbo"],"picked":"Chill","floor":11},{"not_picked":["Force Field","Barrage"],"picked":"Chill","floor":12},{"not_picked":["BootSequence","Reprogram"],"picked":"Chill","floor":13},{"not_picked":["Steam","Turbo"],"picked":"Go for the Eyes","floor":14},{"not_picked":["Hyperbeam","Creative AI"],"picked":"Fission","floor":16},{"not_picked":["BootSequence+1","Reprogram"],"picked":"Chaos","floor":18},{"not_picked":["Conserve Battery","Coolheaded+1"],"picked":"Gash","floor":19},{"not_picked":["Melter","Steam Power"],"picked":"Capacitor","floor":20}],"player_experience":1678120,"relics_obtained":[{"floor":7,"key":"StrikeDummy"},{"floor":9,"key":"Anchor"},{"floor":12,"key":"Lantern"},{"floor":20,"key":"Red Mask"}],"event_choices":[{"damage_healed":0,"gold_gain":0,"player_choice":"Ignored","damage_taken":0,"max_hp_gain":0,"max_hp_loss":0,"event_name":"Shining Light","floor":4,"gold_loss":0},{"damage_healed":0,"gold_gain":0,"player_choice":"Left Gold","damage_taken":0,"max_hp_gain":0,"max_hp_loss":0,"event_name":"World of Goop","floor":10,"gold_loss":41},{"damage_healed":0,"gold_gain":0,"player_choice":"Fought Bandits","damage_taken":0,"max_hp_gain":0,"max_hp_loss":0,"event_name":"Masked Bandits","floor":20,"gold_loss":0}],"is_beta":false,"boss_relics":[{"not_picked":["Ectoplasm","Runic Dome"],"picked":"Fusion Hammer"}],"items_purged_floors":[],"is_endless":false,"potions_floor_spawned":[2,5,7,12,13,19],"killed_by":"Snecko","ascension_level":20}}