{"host":"by3dnjj711vo194a","time":1610740372,"event":{"mods":["2.2 Compatiblity","AchievementEnabler","BaseMod","Colored Map","DeckTracker","KOR Keyword Fix","Keyboard Shortcuts","Minty Spire (QoL Compilation)","Permanent Neow","Quick Restart","StSLib","SuperFastMode","everything is the same but u backflip on backflip"],"gold_per_floor":[110,110,110,129,152,178,196,224,224,224,235,160,173,117,117,219,219,236,256,256,14,34,34,62,62,62,161,161,251,96,113,113,215,215,234,134,151,151,170,170,202,216,216,235,251,104,139,155,155,155],"floor_reached":51,"language":"KOR","playtime":2071,"items_purged":["Strike_P","Defend_P+1"],"score":1060,"play_id":"3f3cfec6-3aba-4deb-8f2d-e5dd4fd968dc","local_time":"20210116045252","is_ascension_mode":true,"campfire_choices":[{"floor":10.0,"key":"REST"},{"data":"Eruption","floor":15.0,"key":"SMITH"},{"data":"Adaptation","floor":23.0,"key":"SMITH"},{"floor":25.0,"key":"REST"},{"floor":28.0,"key":"REST"},{"floor":32.0,"key":"REST"},{"data":"MentalFortress","floor":40.0,"key":"SMITH"},{"data":"Prostrate","floor":49,"key":"SMITH"}],"circlet_count":0,"master_deck":["Strike_P+1","Strike_P+1","Defend_P+1","Defend_P+1","Eruption+1","Vigilance+1","InnerPeace+1","CutThroughFate+1","Prostrate+1","LessonLearned+1","MentalFortress+1","Adaptation+1","MentalFortress+1","Adaptation+1"],"relics":["PureWater","NeowsBlessing","Dead Branch","Anchor","Shuriken","Kunai","Du-Vu Doll","Pantograph","Sozu","Sundial","Red Mask","Strawberry","Bag of Preparation","VioletLotus","Ice Cream","Bottled Tornado","Lee\u0027s Waffle","Calipers"],"acts_visited":["Exordium","TheCity","TheBeyond"],"potions_floor_usage":[],"damage_taken":[{"damage":0.0,"enemies":"Jaw Worm","floor":1.0,"turns":1.0},{"damage":0.0,"enemies":"Small Slimes","floor":4.0,"turns":1.0},{"damage":0.0,"enemies":"3 Sentries","floor":6.0,"turns":2.0},{"damage":0.0,"enemies":"Cultist","floor":7.0,"turns":3.0},{"damage":36.0,"enemies":"Gremlin Nob","floor":8.0,"turns":4.0},{"damage":4.0,"enemies":"2 Fungi Beasts","floor":11.0,"turns":3.0},{"damage":4.0,"enemies":"Exordium Thugs","floor":13.0,"turns":4.0},{"damage":17.0,"enemies":"The Guardian","floor":16.0,"turns":11.0},{"damage":39.0,"enemies":"3 Byrds","floor":18.0,"turns":6.0},{"damage":16.0,"enemies":"2 Thieves","floor":19.0,"turns":4.0},{"damage":1.0,"enemies":"Centurion and Healer","floor":22.0,"turns":5.0},{"damage":14.0,"enemies":"Masked Bandits","floor":24.0,"turns":6.0},{"damage":0.0,"enemies":"Snake Plant","floor":31.0,"turns":2.0},{"damage":0.0,"enemies":"Champ","floor":33.0,"turns":8.0},{"damage":0.0,"enemies":"3 Shapes","floor":35.0,"turns":5.0},{"damage":18.0,"enemies":"3 Darklings","floor":37.0,"turns":3.0},{"damage":6.0,"enemies":"Jaw Worm Horde","floor":39.0,"turns":3.0},{"damage":40.0,"enemies":"Reptomancer","floor":41.0,"turns":5.0},{"damage":0.0,"enemies":"Writhing Mass","floor":42.0,"turns":3.0},{"damage":3.0,"enemies":"Sphere and 2 Shapes","floor":44.0,"turns":4.0},{"damage":0.0,"enemies":"Maw","floor":45.0,"turns":5.0},{"damage":0,"enemies":"Nemesis","floor":47,"turns":3},{"damage":0,"enemies":"Spire Growth","floor":48,"turns":3},{"damage":0,"enemies":"Awakened One","floor":50,"turns":4}],"seed_played":"-1130569996289500488","potions_obtained":[{"floor":1.0,"key":"EssenceOfSteel"},{"floor":13.0,"key":"Weak Potion"},{"floor":16.0,"key":"Dexterity Potion"}],"is_trial":false,"path_per_floor":["M","?","?","M","T","E","M","E","T","R","M","$","M","?","R","B",null,"M","M","?","$","M","R","?","R","T","?","R","?","$","M","R","B",null,"M","$","M","?","M","R","E","M","T","M","M","$","E","M","R","B",null],"character_chosen":"WATCHER","items_purchased":["Sundial","Bag of Preparation","Lee\u0027s Waffle"],"campfire_rested":4,"item_purchase_floors":[21,30,46],"current_hp_per_floor":[72,65,58,58,58,58,58,22,22,43,39,39,35,35,35,43,72,33,17,17,17,16,16,2,23,30,30,53,41,41,41,64,79,79,79,79,61,61,55,55,15,15,15,12,12,86,86,86,86,86],"gold":155,"neow_bonus":"THREE_ENEMY_KILL","is_daily":false,"chose_seed":false,"campfire_upgraded":4,"win_rate":0.0,"timestamp":1610740372,"path_taken":["M","?","?","M","?","E","?","E","T","R","M","?","M","?","R","BOSS","M","M","?","$","M","R","?","R","T","?","R","?","$","M","R","BOSS","M","$","?","?","M","R","E","M","T","?","M","$","E","M","R","BOSS"],"items_purchased_type":["Relic","Relic","Relic"],"build_version":"2020-12-22","purchased_purges":2,"victory":true,"max_hp_per_floor":[72,72,72,72,72,72,72,72,72,72,72,72,72,72,72,72,72,72,72,72,72,72,72,72,72,79,79,79,79,79,79,79,79,79,79,79,79,79,79,79,79,79,79,79,79,86,86,86,86,86],"card_choices":[{"not_picked":["SignatureMove","ClearTheMind"],"picked":"InnerPeace","floor":1.0},{"not_picked":["FlurryOfBlows","Protect","Conclude"],"picked":"SKIP","floor":4.0},{"not_picked":["Protect","DeceiveReality"],"picked":"CutThroughFate","floor":6.0},{"not_picked":["FlyingSleeves","FollowUp","ThirdEye"],"picked":"SKIP","floor":7.0},{"not_picked":["FollowUp","EmptyBody"],"picked":"Prostrate","floor":8.0},{"not_picked":["EmptyMind","Halt","BowlingBash"],"picked":"SKIP","floor":11.0},{"not_picked":["SandsOfTime","FlyingSleeves","PathToVictory"],"picked":"SKIP","floor":13.0},{"not_picked":["Alpha","Blasphemy"],"picked":"LessonLearned","floor":16.0},{"not_picked":["Vengeance","EmptyMind"],"picked":"MentalFortress","floor":18.0},{"not_picked":["SashWhip+1","Indignation","Nirvana+1"],"picked":"SKIP","floor":19.0},{"not_picked":["CrushJoints","Protect"],"picked":"Adaptation","floor":22.0},{"not_picked":["SashWhip","ClearTheMind","FlyingSleeves+1"],"picked":"SKIP","floor":31.0},{"not_picked":["SashWhip","ClearTheMind","FlyingSleeves+1"],"picked":"SKIP","floor":31.0},{"not_picked":["PathToVictory","Halt","FollowUp+1"],"picked":"SKIP","floor":35.0},{"not_picked":["SashWhip+1","CrushJoints+1"],"picked":"MentalFortress","floor":37.0},{"not_picked":["EmptyFist","CutThroughFate+1","Sanctity+1"],"picked":"SKIP","floor":39.0},{"not_picked":["MentalFortress+1","Devotion","Omniscience"],"picked":"SKIP","floor":41.0},{"not_picked":["Fasting2+1","SignatureMove+1","Wireheading"],"picked":"SKIP","floor":42.0},{"not_picked":["Vengeance","ThirdEye+1","SashWhip"],"picked":"SKIP","floor":44.0},{"not_picked":["ClearTheMind","InnerPeace+1","Halt+1"],"picked":"SKIP","floor":45.0},{"not_picked":["Protect","WindmillStrike+1","ClearTheMind+1"],"picked":"SKIP","floor":47},{"not_picked":["Weave","Protect+1","JustLucky+1"],"picked":"SKIP","floor":48}],"player_experience":159481,"relics_obtained":[{"floor":5.0,"key":"Anchor"},{"floor":6.0,"key":"Shuriken"},{"floor":8.0,"key":"Kunai"},{"floor":9.0,"key":"Du-Vu Doll"},{"floor":24.0,"key":"Red Mask"},{"floor":26.0,"key":"Strawberry"},{"floor":41.0,"key":"Ice Cream"},{"floor":43.0,"key":"Bottled Tornado"},{"floor":47,"key":"Calipers"}],"event_choices":[{"cards_removed":["Strike_P"],"damage_healed":0.0,"max_hp_gain":0.0,"max_hp_loss":0.0,"gold_gain":0.0,"event_name":"Golden Wing","player_choice":"Card Removal","floor":2.0,"gold_loss":0.0,"damage_taken":7.0},{"damage_healed":0.0,"max_hp_gain":0.0,"max_hp_loss":0.0,"gold_gain":0.0,"event_name":"Scrap Ooze","player_choice":"Success","floor":3.0,"gold_loss":0.0,"damage_taken":7.0,"relics_obtained":["Dead Branch"]},{"damage_healed":0.0,"max_hp_gain":0.0,"max_hp_loss":0.0,"gold_gain":0.0,"event_name":"WeMeetAgain","player_choice":"Paid Gold","floor":14.0,"gold_loss":56.0,"damage_taken":0.0,"relics_obtained":["Pantograph"]},{"cards_removed":["Defend_P"],"damage_healed":0.0,"max_hp_gain":0.0,"max_hp_loss":0.0,"gold_gain":0.0,"event_name":"Back to Basics","player_choice":"Elegance","floor":20.0,"gold_loss":0.0,"damage_taken":0.0},{"damage_healed":0.0,"max_hp_gain":0.0,"max_hp_loss":0.0,"gold_gain":0.0,"event_name":"Masked Bandits","player_choice":"Fought Bandits","floor":24.0,"gold_loss":0.0,"damage_taken":0.0},{"damage_healed":0.0,"max_hp_gain":0.0,"max_hp_loss":0.0,"gold_gain":99.0,"event_name":"Nest","player_choice":"Stole From Cult","floor":27.0,"gold_loss":0.0,"damage_taken":0.0},{"damage_healed":0.0,"max_hp_gain":0.0,"max_hp_loss":0.0,"gold_gain":90.0,"event_name":"Knowing Skull","player_choice":"GOLD ","floor":29.0,"potions_obtained":[],"gold_loss":0.0,"damage_taken":12.0,"cards_obtained":[]},{"damage_healed":0.0,"max_hp_gain":0.0,"max_hp_loss":0.0,"gold_gain":0.0,"event_name":"Duplicator","player_choice":"Copied","floor":38.0,"gold_loss":0.0,"damage_taken":0.0,"cards_obtained":["Adaptation"]}],"is_beta":false,"boss_relics":[{"not_picked":["Cursed Key","Calling Bell"],"picked":"Sozu"},{"not_picked":["Busted Crown","Empty Cage"],"picked":"VioletLotus"}],"items_purged_floors":[12,36],"is_endless":false,"potions_floor_spawned":[1,13,16,18,31,35,41,44,47],"ascension_level":4}}