{"host":"b995t17pt6d05w8c","time":1610734102,"event":{"mods":["AchievementEnabler","BaseMod","Colored Map","DeckTracker","Keyboard Shortcuts","Minty Spire (QoL Compilation)","Permanent Neow","SuperFastMode"],"gold_per_floor":[118,130,130,46,59,94,94,127,127,127,127,146,157,207,207,285,285,303,303,320,170,170,170,170],"floor_reached":23,"language":"KOR","playtime":522,"items_purged":["Alpha"],"score":362,"play_id":"17ff6c29-6338-49d0-b86c-4738b1fa2c53","local_time":"20210116030822","is_ascension_mode":true,"campfire_choices":[{"floor":10.0,"key":"REST"},{"floor":15.0,"key":"REST"}],"circlet_count":0,"master_deck":["AscendersBane","Eruption+1","Vigilance","EmptyMind","CrushJoints","FearNoEvil","ClearTheMind","FollowUp","Crescendo","SandsOfTime+1","Devotion","Pray","BattleHymn","ThirdEye","Meditate","Omniscience","Adaptation"],"relics":["PureWater","MealTicket","Pocketwatch","Lantern","Pandora\u0027s Box"],"acts_visited":["Exordium","TheCity"],"potions_floor_usage":[16,20,22],"damage_taken":[{"damage":0.0,"enemies":"2 Louse","floor":1.0,"turns":1.0},{"damage":4.0,"enemies":"Small Slimes","floor":2.0,"turns":4.0},{"damage":0.0,"enemies":"Cultist","floor":5.0,"turns":2.0},{"damage":20.0,"enemies":"Lagavulin","floor":6.0,"turns":7.0},{"damage":22.0,"enemies":"3 Sentries","floor":8.0,"turns":8.0},{"damage":15.0,"enemies":"3 Louse","floor":12.0,"turns":3.0},{"damage":1.0,"enemies":"Exordium Thugs","floor":13.0,"turns":3.0},{"damage":24,"enemies":"Hexaghost","floor":16,"turns":7},{"damage":16,"enemies":"Chosen","floor":18,"turns":4},{"damage":37,"enemies":"2 Thieves","floor":20,"turns":3},{"damage":8,"enemies":"Centurion and Healer","floor":22,"turns":2},{"damage":20,"enemies":"Slavers","floor":23,"turns":1}],"seed_played":"-7145449621606327834","potions_obtained":[{"floor":5.0,"key":"LiquidMemories"},{"floor":6.0,"key":"Weak Potion"},{"floor":16,"key":"SmokeBomb"}],"is_trial":false,"path_per_floor":["M","M","?","$","M","E","?","E","T","R","?","M","M","?","R","B",null,"M","?","M","$","M","E"],"character_chosen":"WATCHER","items_purchased":["FearNoEvil","Adaptation"],"campfire_rested":2,"item_purchase_floors":[4,21],"current_hp_per_floor":[61,57,62,62,62,42,42,20,20,41,41,26,25,25,46,22,60,44,44,7,22,14,0,0],"gold":170,"neow_bonus":"UPGRADE_CARD","is_daily":false,"chose_seed":false,"campfire_upgraded":0,"win_rate":0.0,"timestamp":1610734102,"path_taken":["M","M","?","$","M","E","?","E","T","R","?","M","?","?","R","BOSS","M","?","?","$","M","E"],"items_purchased_type":["Card","Card"],"build_version":"2020-12-22","purchased_purges":1,"victory":false,"max_hp_per_floor":[68,68,73,73,73,73,73,73,73,73,73,73,73,73,73,73,73,73,73,73,73,73,73,73],"card_choices":[{"not_picked":["EmptyFist","Halt"],"picked":"EmptyMind","floor":1.0},{"not_picked":["EmptyFist","ThirdEye"],"picked":"CrushJoints","floor":2.0},{"not_picked":["Fasting2","Consecrate"],"picked":"ClearTheMind","floor":5.0},{"not_picked":["JustLucky","WaveOfTheHand"],"picked":"FollowUp","floor":6.0},{"not_picked":["EmptyMind","DeceiveReality","FearNoEvil"],"picked":"SKIP","floor":8.0},{"not_picked":["Consecrate","EmptyFist","PathToVictory"],"picked":"SKIP","floor":12.0},{"not_picked":["Fasting2","Consecrate"],"picked":"Crescendo","floor":13.0},{"not_picked":["FlurryOfBlows","EmptyBody","ThirdEye"],"picked":"SKIP","floor":18},{"not_picked":["Sanctity","BowlingBash","ClearTheMind"],"picked":"SKIP","floor":20}],"player_experience":132865,"relics_obtained":[{"floor":6.0,"key":"MealTicket"},{"floor":8.0,"key":"Lantern"}],"event_choices":[{"damage_healed":0.0,"max_hp_gain":5.0,"max_hp_loss":0.0,"gold_gain":0.0,"event_name":"Big Fish","player_choice":"Donut","floor":3.0,"gold_loss":0.0,"damage_taken":0.0},{"damage_healed":0.0,"max_hp_gain":0.0,"max_hp_loss":0.0,"gold_gain":0.0,"event_name":"Dead Adventurer","player_choice":"Searched \u00271\u0027 times","floor":7.0,"gold_loss":0.0,"damage_taken":0.0,"relics_obtained":["Pocketwatch"]},{"damage_healed":0.0,"max_hp_gain":0.0,"max_hp_loss":0.0,"gold_gain":0.0,"event_name":"Match and Keep!","player_choice":"0 cards matched","floor":11.0,"gold_loss":0.0,"damage_taken":0.0,"cards_obtained":[]},{"damage_healed":0.0,"max_hp_gain":0.0,"max_hp_loss":0.0,"gold_gain":50.0,"event_name":"Golden Shrine","player_choice":"Pray","floor":14.0,"gold_loss":0.0,"damage_taken":0.0},{"damage_healed":0,"gold_gain":0,"player_choice":"Upgraded","damage_taken":0,"max_hp_gain":0,"max_hp_loss":0,"event_name":"Upgrade Shrine","floor":19,"gold_loss":0,"cards_upgraded":["SandsOfTime"]}],"is_beta":false,"boss_relics":[{"not_picked":["Snecko Eye","Calling Bell"],"picked":"Pandora\u0027s Box"}],"items_purged_floors":[21],"is_endless":false,"potions_floor_spawned":[5,6,16],"killed_by":"Slavers","ascension_level":16}}