{"host":"kwvcf9gzgu4x9g41","time":1610752290,"event":{"mods":["AchievementEnabler","AlwaysNeverKeys","BaseMod","BetterRewards","Block Reminder","Colored Map","Colored Powertips","Custom Start","Highlight Path","Keyboard Shortcuts","Minty Spire (QoL Compilation)","Permanent Neow","Rare Cards Sparkle","Relic Stats","Spicy Shops","StSLib","The Cursed","The Servant 0.9.4"],"gold_per_floor":[117,117,23,23,33,33,53,81,108,108,108,136,146,178,178,276,276,288,302,34,34,34,62,62,62,140,0,0,28,28,28,28,125,125,138,138,0,0,0,0,0,0,26,45,57,57,57,57,57,57,57,57,57,57,57],"floor_reached":54,"language":"ENG","playtime":4176,"items_purged":["Strike_B","Strike_B","Strike_B"],"score":969,"play_id":"2f08cf9c-b66f-442d-92e8-e1ad52ce2408","local_time":"20210115171130","is_ascension_mode":true,"campfire_choices":[{"data":"Genetic Algorithm","floor":6,"key":"SMITH"},{"floor":15,"key":"REST"},{"floor":25,"key":"REST"},{"floor":28,"key":"REST"},{"floor":32,"key":"REST"},{"floor":40,"key":"REST"},{"floor":42,"key":"REST"},{"floor":46,"key":"REST"},{"floor":49,"key":"REST"},{"floor":52,"key":"REST"}],"circlet_count":0,"master_deck":["Defend_B","Defend_B","Zap","Dualcast","Genetic Algorithm+1","Defragment","Defragment+1","Capacitor+1","Barrage","Ball Lightning","Sweeping Beam","Creative AI+1","Amplify","Sweeping Beam+1","Conserve Battery"],"relics":["Cracked Core","Gremlin Horn","Bronze Scales","Frozen Egg 2","Cables","Potion Belt","Regal Pillow","Thread and Needle","Juzu Bracelet","Oddly Smooth Stone","Bottled Tornado","White Beast Statue","Fusion Hammer","Runic Capacitor","Nunchaku","MealTicket","Molten Egg 2","Mummified Hand","Philosopher\u0027s Stone","Red Mask","Toy Ornithopter"],"acts_visited":["Exordium","TheCity","TheBeyond","TheEnding"],"potions_floor_usage":[44,50,50,50],"damage_taken":[{"damage":1,"enemies":"2 Louse","floor":1,"turns":2},{"damage":7,"enemies":"Jaw Worm","floor":5,"turns":3},{"damage":0,"enemies":"Cultist","floor":7,"turns":2},{"damage":18,"enemies":"Lagavulin","floor":8,"turns":4},{"damage":17,"enemies":"Gremlin Nob","floor":12,"turns":4},{"damage":0,"enemies":"3 Louse","floor":13,"turns":3},{"damage":2,"enemies":"Lagavulin","floor":14,"turns":4},{"damage":39,"enemies":"The Guardian","floor":16,"turns":8},{"damage":0,"enemies":"Spheric Guardian","floor":18,"turns":4},{"damage":8,"enemies":"Chosen","floor":19,"turns":4},{"damage":51,"enemies":"Slavers","floor":23,"turns":4},{"damage":26,"enemies":"Book of Stabbing","floor":29,"turns":5},{"damage":11,"enemies":"Champ","floor":33,"turns":7},{"damage":14,"enemies":"Orb Walker","floor":35,"turns":3},{"damage":10,"enemies":"3 Darklings","floor":44,"turns":3},{"damage":27,"enemies":"Writhing Mass","floor":45,"turns":5},{"damage":72,"enemies":"Donu and Deca","floor":50,"turns":7},{"damage":82,"enemies":"Shield and Spear","floor":54,"turns":5}],"seed_played":"-5422304273161029977","potions_obtained":[{"floor":1,"key":"DuplicationPotion"},{"floor":8,"key":"LiquidMemories"},{"floor":14,"key":"LiquidBronze"},{"floor":16,"key":"FocusPotion"},{"floor":18,"key":"Explosive Potion"},{"floor":23,"key":"Regen Potion"},{"floor":44,"key":"EssenceOfSteel"}],"is_trial":false,"path_per_floor":["M","?","$","?","M","R","M","E","T","?","?","E","M","E","R","B",null,"M","M","$","?","T","E","?","R","T","?","R","E","?","?","R","B",null,"M","?","?","?","$","R","$","R","T","M","M","R","?","$","R","B",null,"R","$","E"],"character_chosen":"DEFECT","items_purchased":["Gremlin Horn","Bronze Scales","Genetic Algorithm","Defragment","Frozen Egg 2","Defragment+1","Cables","Potion Belt","Regal Pillow","Thread and Needle","Runic Capacitor"],"campfire_rested":9,"item_purchase_floors":[0,0,0,0,0,0,0,0,0,3,20],"current_hp_per_floor":[74,74,74,74,67,67,67,49,49,49,49,32,32,30,67,28,75,75,67,67,67,67,16,16,53,53,53,75,49,74,74,75,64,75,61,61,61,61,75,75,75,75,75,70,43,75,75,75,75,33,75,75,75,0,0],"gold":57,"neow_bonus":"","is_daily":false,"chose_seed":false,"campfire_upgraded":1,"win_rate":0.0,"timestamp":1610752290,"path_taken":["M","?","$","?","M","R","M","E","T","?","?","E","M","E","R","BOSS","M","M","$","?","?","E","?","R","T","?","R","E","?","?","R","BOSS","M","?","?","?","$","R","$","R","T","M","M","R","?","?","R","BOSS","R","$","E"],"items_purchased_type":["Relic","Relic","Card","Card","Relic","Card","Relic","Relic","Relic","Relic","Relic"],"build_version":"2020-12-22","purchased_purges":3,"victory":false,"max_hp_per_floor":[75,75,75,75,75,75,75,75,75,75,75,75,75,75,75,75,75,75,75,75,75,75,75,75,75,75,75,75,75,75,75,75,75,75,75,75,75,75,75,75,75,75,75,75,75,75,75,75,75,75,75,75,75,75,75],"relic_stats":{"Regal Pillow":40,"Nunchaku":[16],"Gremlin Horn":[7,7],"counters":[120,537],"Mummified Hand":[219],"Bronze Scales":[224],"MealTicket":33,"Juzu Bracelet":4,"obtain_stats":[{"TwistedFunnel":39,"Ice Cream":45,"Tiny House":17,"Gremlin Horn":0,"HoveringKite":17,"Vajra":10,"Runic Capacitor":20,"Whetstone":45,"Bottled Tornado":12,"Sling":0,"Boot":0,"Blood Vial":10,"Centennial Puzzle":41,"Strawberry":9,"MealTicket":23,"Philosopher\u0027s Stone":34,"Fusion Hammer":17,"Toxic Egg 2":9,"Pear":44,"Happy Flower":41,"Oddly Smooth Stone":9,"Tingsha":36,"Eternal Feather":24,"Pen Nib":41,"Cables":0,"SlaversCollar":17,"OrangePellets":0,"Bottled Flame":54,"Bronze Scales":0,"Molten Egg 2":14,"Black Star":34,"Pocketwatch":0,"Regal Pillow":38,"Lantern":45,"Torii":24,"Incense Burner":28,"Juzu Bracelet":39,"Empty Cage":34,"ClockworkSouvenir":21,"SsserpentHead":22,"Dream Catcher":25,"Nunchaku":26,"Matryoshka":8,"Ninja Scroll":0,"Mummified Hand":7,"Gambling Chip":37,"Red Mask":46,"InkBottle":26,"Ring of the Snake":0,"Potion Belt":0,"Inserter":17,"The Specimen":26,"Thread and Needle":3,"Omamori":9,"Orichalcum":43,"Frozen Egg 2":0,"MawBank":25,"White Beast Statue":14,"Anchor":26,"Busted Crown":34,"Orrery":53,"Bag of Marbles":31,"Art of War":54,"Bottled Lightning":54,"Toy Ornithopter":0,"FossilizedHelix":36},{"TwistedFunnel":19,"Ice Cream":22,"Tiny House":59,"Gremlin Horn":0,"HoveringKite":8,"Vajra":31,"Runic Capacitor":112,"Whetstone":74,"Bottled Tornado":107,"Sling":0,"Boot":27,"Blood Vial":81,"Centennial Puzzle":72,"Strawberry":5,"MealTicket":88,"Philosopher\u0027s Stone":115,"Fusion Hammer":110,"Toxic Egg 2":5,"Pear":73,"Happy Flower":20,"Oddly Smooth Stone":106,"Tingsha":43,"Eternal Feather":63,"Pen Nib":46,"Cables":102,"SlaversCollar":34,"OrangePellets":75,"Bottled Flame":51,"Bronze Scales":102,"Molten Egg 2":7,"Black Star":67,"Pocketwatch":27,"Regal Pillow":19,"Lantern":74,"Torii":38,"Incense Burner":39,"Juzu Bracelet":95,"Empty Cage":16,"ClockworkSouvenir":36,"SsserpentHead":87,"Dream Catcher":13,"Nunchaku":38,"Matryoshka":5,"Ninja Scroll":0,"Mummified Hand":79,"Gambling Chip":44,"Red Mask":74,"InkBottle":88,"Ring of the Snake":0,"Potion Belt":102,"Inserter":85,"The Specimen":13,"Thread and Needle":103,"Omamori":54,"Orichalcum":20,"Frozen Egg 2":75,"MawBank":38,"White Beast Statue":109,"Anchor":13,"Busted Crown":41,"Orrery":50,"Bag of Marbles":40,"Art of War":101,"Bottled Lightning":26,"Toy Ornithopter":27,"FossilizedHelix":94},{"TwistedFunnel":82,"Ice Cream":96,"Tiny House":255,"Gremlin Horn":0,"HoveringKite":28,"Vajra":137,"Runic Capacitor":498,"Whetstone":337,"Bottled Tornado":475,"Sling":0,"Boot":127,"Blood Vial":368,"Centennial Puzzle":324,"Strawberry":16,"MealTicket":407,"Philosopher\u0027s Stone":514,"Fusion Hammer":490,"Toxic Egg 2":16,"Pear":328,"Happy Flower":87,"Oddly Smooth Stone":471,"Tingsha":184,"Eternal Feather":275,"Pen Nib":194,"Cables":460,"SlaversCollar":148,"OrangePellets":341,"Bottled Flame":217,"Bronze Scales":460,"Molten Egg 2":21,"Black Star":298,"Pocketwatch":127,"Regal Pillow":82,"Lantern":337,"Torii":161,"Incense Burner":165,"Juzu Bracelet":432,"Empty Cage":68,"ClockworkSouvenir":153,"SsserpentHead":401,"Dream Catcher":53,"Nunchaku":161,"Matryoshka":16,"Ninja Scroll":0,"Mummified Hand":358,"Gambling Chip":187,"Red Mask":337,"InkBottle":407,"Ring of the Snake":0,"Potion Belt":460,"Inserter":393,"The Specimen":53,"Thread and Needle":462,"Omamori":233,"Orichalcum":87,"Frozen Egg 2":341,"MawBank":161,"White Beast Statue":482,"Anchor":53,"Busted Crown":176,"Orrery":213,"Bag of Marbles":169,"Art of War":455,"Bottled Lightning":118,"Toy Ornithopter":127,"FossilizedHelix":429}],"Toy Ornithopter":20,"Cables":[70,70,0,0,0]},"card_choices":[{"not_picked":["Cold Snap","Redo"],"picked":"Capacitor+1","floor":1},{"not_picked":["Gash","Rebound"],"picked":"Barrage","floor":5},{"not_picked":["Force Field","Redo"],"picked":"Ball Lightning","floor":7},{"not_picked":["Auto Shields","Leap","Thunder Strike"],"picked":"SKIP","floor":8},{"not_picked":["Coolheaded","White Noise","Aggregate"],"picked":"SKIP","floor":12},{"not_picked":["Redo","Turbo"],"picked":"Sweeping Beam","floor":13},{"not_picked":["Leap","Ball Lightning"],"picked":"Creative AI+1","floor":14},{"not_picked":["Biased Cognition+1","Echo Form+1"],"picked":"Amplify","floor":16},{"not_picked":["Cold Snap","Streamline+1"],"picked":"Sweeping Beam+1","floor":18},{"not_picked":["Gash","Glacier","Leap"],"picked":"SKIP","floor":19},{"not_picked":["Turbo","Hologram"],"picked":"Conserve Battery","floor":23},{"not_picked":["Cold Snap+1","Scrape+1","Beam Cell+1"],"picked":"SKIP","floor":29},{"not_picked":["Undo","Go for the Eyes+1","Stack"],"picked":"SKIP","floor":35},{"not_picked":["Hologram+1","Fusion","Recycle"],"picked":"SKIP","floor":44},{"not_picked":["Gash+1","Rip and Tear+1","Double Energy+1"],"picked":"SKIP","floor":45}],"player_experience":354367,"relics_obtained":[{"floor":8,"key":"Juzu Bracelet"},{"floor":9,"key":"Oddly Smooth Stone"},{"floor":12,"key":"Bottled Tornado"},{"floor":14,"key":"White Beast Statue"},{"floor":22,"key":"Nunchaku"},{"floor":23,"key":"MealTicket"},{"floor":26,"key":"Molten Egg 2"},{"floor":29,"key":"Mummified Hand"},{"floor":43,"key":"Toy Ornithopter"}],"event_choices":[{"damage_healed":0,"gold_gain":0,"player_choice":"Ignored","damage_taken":0,"max_hp_gain":0,"max_hp_loss":0,"event_name":"Shining Light","floor":2,"gold_loss":0},{"cards_removed":["Defend_B"],"damage_healed":0,"gold_gain":0,"player_choice":"Purged","damage_taken":0,"max_hp_gain":0,"max_hp_loss":0,"event_name":"Purifier","floor":4,"gold_loss":0},{"damage_healed":0,"gold_gain":0,"player_choice":"Searched \u00270\u0027 times","damage_taken":0,"max_hp_gain":0,"max_hp_loss":0,"event_name":"Dead Adventurer","floor":10,"gold_loss":0},{"damage_healed":0,"gold_gain":0,"player_choice":"Ignored","damage_taken":0,"max_hp_gain":0,"max_hp_loss":0,"event_name":"Golden Idol","floor":11,"gold_loss":0},{"damage_healed":0,"gold_gain":0,"player_choice":"Ignored","damage_taken":0,"max_hp_gain":0,"max_hp_loss":0,"event_name":"Ghosts","floor":21,"gold_loss":0},{"damage_healed":0,"gold_gain":0,"player_choice":"Ignored","damage_taken":0,"max_hp_gain":0,"max_hp_loss":0,"event_name":"Vampires","floor":24,"gold_loss":0},{"damage_healed":0,"gold_gain":0,"player_choice":"Paid Fearfully","damage_taken":0,"max_hp_gain":0,"max_hp_loss":0,"event_name":"Masked Bandits","floor":27,"gold_loss":140},{"damage_healed":25,"gold_gain":0,"player_choice":"Heal","damage_taken":0,"max_hp_gain":0,"max_hp_loss":0,"event_name":"The Library","floor":30,"gold_loss":0},{"cards_removed":["Strike_B"],"damage_healed":0,"gold_gain":0,"player_choice":"Elegance","damage_taken":0,"max_hp_gain":0,"max_hp_loss":0,"event_name":"Back to Basics","floor":31,"gold_loss":0},{"damage_healed":0,"gold_gain":0,"player_choice":"Ignored","damage_taken":0,"max_hp_gain":0,"max_hp_loss":0,"event_name":"Transmorgrifier","floor":36,"gold_loss":0},{"damage_healed":0,"gold_gain":0,"player_choice":"Paid","damage_taken":0,"relics_obtained":["Red Mask"],"max_hp_gain":0,"max_hp_loss":0,"event_name":"Tomb of Lord Red Mask","floor":37,"gold_loss":138},{"damage_healed":0,"gold_gain":0,"player_choice":"Ignored","damage_taken":0,"max_hp_gain":0,"max_hp_loss":0,"event_name":"Mysterious Sphere","floor":38,"gold_loss":0},{"cards_removed":["Defend_B"],"damage_healed":0,"gold_gain":0,"player_choice":"Removed Skill","damage_taken":0,"max_hp_gain":0,"max_hp_loss":0,"event_name":"Falling","floor":47,"gold_loss":0}],"is_beta":false,"boss_relics":[{"not_picked":["SacredBark","Ectoplasm"],"picked":"Fusion Hammer"},{"not_picked":["Sozu","Tiny House"],"picked":"Philosopher\u0027s Stone"}],"items_purged_floors":[0,0,20],"is_endless":false,"potions_floor_spawned":[1,8,14,16,18,19,23,29,33,35,44,45],"killed_by":"Shield and Spear","ascension_level":2}}