{"host":"oeotdbd679q6m6vu","time":1610706649,"event":{"mods":["Act Like it!","BaseMod","Colored Map","Decade(Õı–°√˜)","Downfall","Friendly Minions","Gensokyo","GifTheSpireLib","Highlight Path","Marisa£®ÏF”Í°°ƒß¿Ì…≥£©","Minty Spire (QoL Compilation)","Rare Cards Sparkle","Reimu£®≤©¿ˆ¡È√Œ£©","StSLib","The Animator","Youmu£®ªÍ∆«—˝√Œ£©"],"gold_per_floor":[0,12,25,44,219,219,265,276,304,317,344,355,385,400,417,417,417,417],"floor_reached":16,"language":"ZHS","playtime":510,"items_purged":[],"score":210,"play_id":"339bda12-8780-4b3f-8cf1-3202babd613e","local_time":"20210115053049","is_ascension_mode":true,"campfire_choices":[{"data":"Slimebound:LevelUp","floor":1,"key":"SMITH"}],"circlet_count":0,"master_deck":["Slimebound:Strike_Slimebound","Slimebound:Strike_Slimebound","Slimebound:Strike_Slimebound","Slimebound:Tackle","Slimebound:Defend_Slimebound","Slimebound:Defend_Slimebound","Slimebound:Split","Slimebound:CorrosiveSpit","Slimebound:LevelUp+1","Slimebound:SplitBruiser","Slimebound:SplitBruiser","Doubt","Slimebound:SplitBruiser","Slimebound:RallyTheTroops","Slimebound:DuplicatedForm","Slimebound:SlimeTap","Slimebound:SplitBruiser","Slimebound:SelfFormingGoo","Slimebound:SplitMire"],"relics":["Slimebound:AbsorbEndCombat","RuthlessExorcism:ReiMu","Art of War","Slimebound:MaxSlimesRelic","Mercury Hourglass"],"acts_visited":["Exordium"],"potions_floor_usage":[9,11,11,15,16,16],"damage_taken":[{"damage":5,"enemies":"Cultist","floor":2,"turns":3},{"damage":17,"enemies":"Jaw Worm","floor":3,"turns":3},{"damage":4,"enemies":"2 Louse","floor":4,"turns":2},{"damage":12,"enemies":"Gremlin Gang","floor":8,"turns":2},{"damage":16,"enemies":"Gremlin Nob","floor":9,"turns":2},{"damage":12,"enemies":"Large Slime","floor":10,"turns":2},{"damage":29,"enemies":"3 Sentries","floor":11,"turns":3},{"damage":12,"enemies":"Blue Slaver","floor":12,"turns":2},{"damage":16,"enemies":"Gremlin Nob","floor":13,"turns":2},{"damage":20,"enemies":"2 Fungi Beasts","floor":14,"turns":2},{"damage":15,"enemies":"Red Slaver","floor":15,"turns":2},{"damage":33,"enemies":"downfall:Defect","floor":16,"turns":4}],"seed_played":"6573462022888800952","potions_obtained":[{"floor":4,"key":"DistilledChaos"},{"floor":8,"key":"Weak Potion"},{"floor":9,"key":"Fire Potion"},{"floor":10,"key":"BlessingOfTheForge"},{"floor":12,"key":"Weak Potion"},{"floor":15,"key":"LiquidBronze"}],"is_trial":false,"path_per_floor":["R","M","M","M","?","?","T","M","E","M","E","M","E","M","M","B"],"character_chosen":"SLIMEBOUND","items_purchased":[],"campfire_rested":0,"item_purchase_floors":[],"current_hp_per_floor":[60,60,51,51,51,51,51,47,51,51,38,38,38,32,27,0,0,0],"gold":417,"neow_bonus":"TRANSFORM_TWO_CARDS","is_daily":false,"chose_seed":false,"campfire_upgraded":1,"win_rate":0.0,"timestamp":1610706649,"path_taken":["R","M","M","?","?","?","T","M","E","M","E","?","E","M","M","BOSS"],"items_purchased_type":[],"build_version":"2020-12-22","purchased_purges":0,"victory":false,"max_hp_per_floor":[60,60,60,60,60,60,60,60,60,60,60,60,60,60,60,60,60,60],"card_choices":[{"not_picked":["Slimebound:ComboTackle","Slimebound:AcidTongue"],"picked":"Slimebound:SplitBruiser","floor":2},{"not_picked":["Slimebound:PressTheAttack","Slimebound:SpikyOuterGoop"],"picked":"Slimebound:SplitBruiser","floor":3},{"not_picked":["Slimebound:Prepare","Slimebound:ComboTackle","Slimebound:LeechEnergy"],"picked":"SKIP","floor":4},{"not_picked":["Slimebound:SplitBruiser","Slimebound:Nibble"],"picked":"Slimebound:RallyTheTroops","floor":8},{"not_picked":["Slimebound:LeechEnergy","Slimebound:SlimeBrawl"],"picked":"Slimebound:DuplicatedForm","floor":9},{"not_picked":["Slimebound:ProtectTheBoss","Slimebound:Dissolve","Slimebound:LivingWall"],"picked":"SKIP","floor":10},{"not_picked":["Slimebound:SplitLeeching","Slimebound:GoopTackle"],"picked":"Slimebound:SlimeTap","floor":11},{"not_picked":["Slimebound:GoopSpray","Slimebound:Schlurp"],"picked":"Slimebound:SplitBruiser","floor":12},{"not_picked":["Slimebound:LeechingTouch","Slimebound:Schlurp","Slimebound:PressTheAttack"],"picked":"SKIP","floor":13},{"not_picked":["Slimebound:Schlurp","Slimebound:SplitLeeching"],"picked":"Slimebound:SelfFormingGoo","floor":14},{"not_picked":["Slimebound:Dissolve","Slimebound:Equalize"],"picked":"Slimebound:SplitMire","floor":15}],"player_experience":314582,"relics_obtained":[{"floor":7,"key":"RuthlessExorcism:ReiMu"},{"floor":9,"key":"Art of War"},{"floor":11,"key":"Slimebound:MaxSlimesRelic"},{"floor":13,"key":"Mercury Hourglass"}],"event_choices":[{"damage_healed":0,"gold_gain":0,"cards_transformed":["Slimebound:RollThrough"],"player_choice":"Transformed","damage_taken":0,"max_hp_gain":0,"max_hp_loss":0,"event_name":"Transmorgrifier","floor":6,"gold_loss":0,"cards_obtained":["Slimebound:SplitBruiser"]}],"is_beta":false,"boss_relics":[],"items_purged_floors":[],"is_endless":false,"potions_floor_spawned":[4,8,9,10,12,15],"killed_by":"downfall:Defect","ascension_level":1}}