{"host":"19t2eyow02s954g8","time":1610704371,"event":{"mods":["BaseMod","Colored Map","DeckTracker","Minty Spire (QoL Compilation)","StSLib","SuperFastMode"],"gold_per_floor":[116,132,156,81,81,108,108,121,121,121,141,159,175,17,17,94,94,106,63,73,73,73],"floor_reached":21,"language":"KOR","playtime":412,"items_purged":["Strike_G"],"score":412,"play_id":"82d3b608-2890-43e0-aa48-74d6d9d9b637","local_time":"20210115185251","is_ascension_mode":true,"campfire_choices":[{"data":"Neutralize","floor":7,"key":"SMITH"},{"data":"Deadly Poison","floor":10,"key":"SMITH"},{"data":"Cloak And Dagger","floor":15,"key":"SMITH"}],"circlet_count":0,"master_deck":["AscendersBane","Strike_G","Strike_G","Defend_G","Defend_G","Defend_G","Defend_G","Defend_G","Survivor","Neutralize+1","Escape Plan","Cloak And Dagger+1","Dagger Throw","Deadly Poison+1","Footwork","Grand Finale","Tactician","Venomology","Expertise"],"relics":["Ring of the Snake","NeowsBlessing","Pen Nib","Pantograph","Tiny Chest","Busted Crown"],"acts_visited":["Exordium","TheCity"],"potions_floor_usage":[11,11,18,20,20],"damage_taken":[{"damage":0,"enemies":"Cultist","floor":1,"turns":1},{"damage":0,"enemies":"Small Slimes","floor":2,"turns":1},{"damage":0,"enemies":"3 Sentries","floor":6,"turns":1},{"damage":0,"enemies":"2 Louse","floor":8,"turns":3},{"damage":0,"enemies":"Exordium Wildlife","floor":11,"turns":1},{"damage":1,"enemies":"2 Fungi Beasts","floor":12,"turns":4},{"damage":8,"enemies":"Looter","floor":13,"turns":3},{"damage":60,"enemies":"Hexaghost","floor":16,"turns":12},{"damage":9,"enemies":"Chosen","floor":18,"turns":3},{"damage":17,"enemies":"Spheric Guardian","floor":20,"turns":4},{"damage":0,"enemies":"Cultist and Chosen","floor":21,"turns":1}],"seed_played":"531488222640555379","potions_obtained":[{"floor":1,"key":"Fire Potion"},{"floor":2,"key":"Explosive Potion"},{"floor":13,"key":"Fire Potion"},{"floor":16,"key":"DistilledChaos"},{"floor":18,"key":"Energy Potion"},{"floor":20,"key":"GamblersBrew"}],"is_trial":false,"path_per_floor":["M","M","T","?","?","E","R","M","T","R","M","M","M","$","R","B",null,"M","$","M","M"],"character_chosen":"THE_SILENT","items_purchased":["Tactician","Expertise"],"campfire_rested":0,"item_purchase_floors":[14,19],"current_hp_per_floor":[59,59,59,59,59,59,59,59,59,59,59,58,50,50,50,6,51,42,42,25,25,25],"gold":73,"neow_bonus":"THREE_ENEMY_KILL","is_daily":false,"chose_seed":false,"campfire_upgraded":3,"win_rate":0.0,"timestamp":1610704371,"path_taken":["M","M","?","?","?","E","R","M","T","R","M","?","M","$","R","BOSS","M","$","M","M"],"items_purchased_type":["Card","Card"],"build_version":"2020-12-22","purchased_purges":1,"victory":false,"max_hp_per_floor":[66,66,66,66,66,66,66,66,66,66,66,66,66,66,66,66,66,66,66,66,66,66],"card_choices":[{"not_picked":["Heel Hook","Blur"],"picked":"Escape Plan","floor":1},{"not_picked":["Quick Slash","Escape Plan"],"picked":"Cloak And Dagger","floor":2},{"not_picked":["Flying Knee","Dash","Sucker Punch"],"picked":"SKIP","floor":6},{"not_picked":["Bane","Blur"],"picked":"Deadly Poison","floor":8},{"not_picked":["Infinite Blades","PiercingWail"],"picked":"Footwork","floor":11},{"not_picked":["Bane","Reflex"],"picked":"Grand Finale","floor":12},{"not_picked":["Deadly Poison","Quick Slash","Skewer"],"picked":"SKIP","floor":13},{"not_picked":["Doppelganger","Grand Finale"],"picked":"Venomology","floor":16},{"not_picked":["Dagger Spray"],"picked":"SKIP","floor":18},{"not_picked":["Quick Slash"],"picked":"SKIP","floor":20}],"player_experience":4274299,"relics_obtained":[{"floor":3,"key":"Pen Nib"},{"floor":6,"key":"Pantograph"},{"floor":9,"key":"Tiny Chest"}],"event_choices":[{"cards_removed":["Strike_G"],"damage_healed":0,"gold_gain":0,"player_choice":"Card Removal","damage_taken":0,"max_hp_gain":0,"max_hp_loss":0,"event_name":"The Cleric","floor":4,"gold_loss":75},{"damage_healed":0,"gold_gain":0,"cards_transformed":["Strike_G"],"player_choice":"Change","damage_taken":0,"max_hp_gain":0,"max_hp_loss":0,"event_name":"Living Wall","floor":5,"gold_loss":0,"cards_obtained":["Dagger Throw"]}],"is_beta":false,"boss_relics":[{"not_picked":["Ectoplasm","Snecko Eye"],"picked":"Busted Crown"}],"items_purged_floors":[14],"is_endless":false,"potions_floor_spawned":[1,2,13,16,18,20],"killed_by":"Cultist and Chosen","ascension_level":20}}