{"host":"fxrgx7wt2cpkbhka","time":1610686238,"event":{"mods":["AchievementEnabler","BaseMod","Colored Powertips","Minty Spire (QoL Compilation)","Permanent Neow","Slay-I","StSLib","Waifu the Spire"],"gold_per_floor":[116,116,132,64,64,64,75,75,75,75,104,121,121,121,121,221,221,231,47,64,64,74,74,74,74],"floor_reached":24,"language":"ENG","playtime":552,"items_purged":[],"score":335,"play_id":"e9117110-6627-44d9-8235-e8ecc3b24265","local_time":"20210114205038","is_ascension_mode":true,"campfire_choices":[{"data":"Metallicize","floor":6,"key":"SMITH"},{"data":"Cleave","floor":8,"key":"SMITH"},{"data":"Wild Strike","floor":10,"key":"SMITH"},{"data":"Flame Barrier","floor":13,"key":"SMITH"},{"floor":15,"key":"REST"},{"floor":23,"key":"REST"}],"circlet_count":0,"master_deck":["AscendersBane","Strike_R","Strike_R","Strike_R","Defend_R","Defend_R","Defend_R","Bash+1","Spot Weakness+1","Wild Strike+1","Metallicize+1","Cleave+1","Flame Barrier+1","Double Tap","Feel No Pain+1","Whirlwind+1","Iron Wave+1","Flex","Apotheosis","Clothesline"],"relics":["Burning Blood","Pear","Toy Ornithopter","Astrolabe"],"acts_visited":["Exordium","TheCity"],"potions_floor_usage":[11,16,20,24],"damage_taken":[{"damage":13,"enemies":"2 Louse","floor":1,"turns":3},{"damage":13,"enemies":"Jaw Worm","floor":3,"turns":5},{"damage":1,"enemies":"Cultist","floor":7,"turns":4},{"damage":18,"enemies":"Gremlin Nob","floor":11,"turns":3},{"damage":8,"enemies":"Exordium Wildlife","floor":12,"turns":3},{"damage":16,"enemies":"The Guardian","floor":16,"turns":9},{"damage":12,"enemies":"Chosen","floor":18,"turns":4},{"damage":32,"enemies":"Shell Parasite","floor":20,"turns":5},{"damage":38,"enemies":"Snake Plant","floor":22,"turns":4},{"damage":47,"enemies":"Book of Stabbing","floor":24,"turns":5}],"seed_played":"-6547161699243803400","potions_obtained":[{"floor":0,"key":"AttackPotion"},{"floor":0,"key":"Fire Potion"},{"floor":11,"key":"BlessingOfTheForge"},{"floor":16,"key":"DistilledChaos"},{"floor":22,"key":"BlessingOfTheForge"}],"is_trial":false,"path_per_floor":["M","$","M","$","?","R","M","R","T","R","E","M","R","?","R","B",null,"M","$","M","?","M","R","E"],"character_chosen":"IRONCLAD","items_purchased":["Metallicize","Apotheosis"],"campfire_rested":2,"item_purchase_floors":[4,19],"current_hp_per_floor":[65,65,58,58,58,58,63,63,73,73,61,59,59,59,86,80,88,82,82,61,43,11,39,0,0],"gold":74,"neow_bonus":"THREE_SMALL_POTIONS","is_daily":false,"chose_seed":false,"campfire_upgraded":4,"win_rate":0.0,"timestamp":1610686238,"path_taken":["M","$","M","$","?","R","M","R","T","R","E","M","R","?","R","BOSS","M","$","M","?","M","R","E"],"items_purchased_type":["Card","Card"],"build_version":"2020-12-22","purchased_purges":0,"victory":false,"max_hp_per_floor":[80,80,80,80,80,80,80,80,90,90,90,90,90,90,90,90,90,90,90,90,95,95,95,95,95],"card_choices":[{"not_picked":["Flex","Perfected Strike"],"picked":"Spot Weakness","floor":1},{"not_picked":["Sever Soul","Perfected Strike"],"picked":"Wild Strike","floor":3},{"not_picked":["Second Wind","Infernal Blade"],"picked":"Cleave","floor":7},{"not_picked":["Havoc","Searing Blow","Exhume"],"picked":"SKIP","floor":11},{"not_picked":["Havoc","Clothesline"],"picked":"Flame Barrier","floor":12},{"not_picked":["Feed","Impervious"],"picked":"Double Tap","floor":16},{"not_picked":["Pommel Strike","Warcry"],"picked":"Flex","floor":18},{"not_picked":["Thunderclap","Intimidate"],"picked":"Clothesline","floor":20},{"not_picked":["Pommel Strike","Impervious","Armaments"],"picked":"SKIP","floor":22}],"player_experience":707042,"relics_obtained":[{"floor":9,"key":"Pear"},{"floor":11,"key":"Toy Ornithopter"}],"event_choices":[{"damage_healed":0,"gold_gain":0,"player_choice":"Grow","damage_taken":0,"max_hp_gain":0,"max_hp_loss":0,"event_name":"Living Wall","floor":5,"gold_loss":0,"cards_upgraded":["Spot Weakness"]},{"damage_healed":0,"gold_gain":0,"player_choice":"Forge","damage_taken":0,"max_hp_gain":0,"max_hp_loss":0,"event_name":"Accursed Blacksmith","floor":14,"gold_loss":0,"cards_upgraded":["Bash"]},{"damage_healed":0,"gold_gain":0,"player_choice":"Shed Blood","damage_taken":23,"max_hp_gain":5,"max_hp_loss":0,"event_name":"Forgotten Altar","floor":21,"gold_loss":0}],"is_beta":false,"boss_relics":[{"not_picked":["Fusion Hammer","Runic Cube"],"picked":"Astrolabe"}],"items_purged_floors":[],"is_endless":false,"potions_floor_spawned":[11,16,18,22],"killed_by":"Book of Stabbing","ascension_level":12}}