{"host":"1ecbliur7lfoj0sl","time":1610711565,"event":{"mods":["BaseMod","GungeonMod","GungeonMod Extend","Minty Spire (QoL Compilation)","StSLib","Waifu the Spire"],"gold_per_floor":[115,115,171,171,187,187,201,201,228,228,247,281,293,305,305,404,404,419,187,102,135,35,35,67,96,96,96,139,14,14,32,32,131,131,150,170,170,199,211,211,211],"floor_reached":40,"language":"ZHS","playtime":2551,"items_purged":["DemoMod:Strike_Huntress","DemoMod:Defend_Huntress","DemoMod:Defend_Huntress"],"score":516,"play_id":"c3977dbd-c28b-40b6-8655-3c9c259d484e","local_time":"20210115195245","is_ascension_mode":true,"campfire_choices":[{"data":"DemoMod:ChanceBullets","floor":6.0,"key":"SMITH"},{"data":"DemoMod:Roll","floor":8.0,"key":"SMITH"},{"data":"DemoMod:ChanceBullets","floor":15.0,"key":"SMITH"},{"data":"DemoMod:Elimentaler","floor":23.0,"key":"SMITH"},{"data":"DemoMod:ShadowBullets","floor":32.0,"key":"SMITH"}],"circlet_count":0,"master_deck":["DemoMod:Defend_Huntress","DemoMod:Defend_Huntress","DemoMod:Roll+1","DemoMod:ManualReload","DemoMod:CrossBow","DemoMod:BattleInHaste","DemoMod:HuntsMan","DemoMod:BlackHoleGun+1","DemoMod:ChanceBullets+1","DemoMod:FastSwitch","DemoMod:ChanceBullets+1","DemoMod:Elimentaler+1","DemoMod:GunslingerForm","DemoMod:LifeOrb+1","DemoMod:HardPowerCard+1","DemoMod:ShadowBullets+1","Parasite"],"relics":["DemoMod:Dog","Coffee Dripper","DemoMod:Plus1Bullets","DemoMod:AgedBell","DemoMod:OrangeGuonStone","DemoMod:Bottle","Red Mask","Molten Egg 2","Bottled Tornado","DemoMod:Test1","DemoExt:Lies"],"acts_visited":["Exordium","TheCity","TheBeyond"],"potions_floor_usage":[38,38],"damage_taken":[{"damage":1.0,"enemies":"Jaw Worm","floor":1.0,"turns":4.0},{"damage":0.0,"enemies":"Cultist","floor":3.0,"turns":3.0},{"damage":0.0,"enemies":"Small Slimes","floor":5.0,"turns":4.0},{"damage":3.0,"enemies":"3 Louse","floor":7.0,"turns":3.0},{"damage":0.0,"enemies":"Exordium Wildlife","floor":11.0,"turns":3.0},{"damage":6.0,"enemies":"Blue Slaver","floor":12.0,"turns":3.0},{"damage":1.0,"enemies":"2 Fungi Beasts","floor":13.0,"turns":4.0},{"damage":0.0,"enemies":"Looter","floor":14.0,"turns":4.0},{"damage":61.0,"enemies":"Slime Boss","floor":16.0,"turns":10.0},{"damage":6.0,"enemies":"3 Byrds","floor":18.0,"turns":6.0},{"damage":2.0,"enemies":"2 Thieves","floor":21.0,"turns":5.0},{"damage":10.0,"enemies":"Gremlin Leader","floor":24.0,"turns":4.0},{"damage":14.0,"enemies":"Masked Bandits","floor":25.0,"turns":5.0},{"damage":19.0,"enemies":"Book of Stabbing","floor":28.0,"turns":5.0},{"damage":0.0,"enemies":"2 Thieves","floor":31.0,"turns":3.0},{"damage":0.0,"enemies":"Champ","floor":33.0,"turns":10.0},{"damage":7.0,"enemies":"Orb Walker","floor":35.0,"turns":4.0},{"damage":7.0,"enemies":"3 Shapes","floor":36.0,"turns":4.0},{"damage":3,"enemies":"Transient","floor":38,"turns":5},{"damage":2,"enemies":"Writhing Mass","floor":39,"turns":6},{"damage":56,"enemies":"Giant Head","floor":40,"turns":10}],"seed_played":"-6584143691789627595","potions_obtained":[{"floor":11.0,"key":"SmokeBomb"},{"floor":12.0,"key":"Fire Potion"},{"floor":13.0,"key":"Energy Potion"},{"floor":16.0,"key":"Swift Potion"},{"floor":24.0,"key":"Swift Potion"},{"floor":33.0,"key":"Weak Potion"},{"floor":38,"key":"Explosive Potion"},{"floor":39,"key":"Block Potion"}],"is_trial":false,"path_per_floor":["M","?","M","?","M","R","M","R","T","?","M","M","M","M","R","B",null,"M","$","?","?","$","R","E","?","T","?","E","$","?","M","R","B",null,"M","M","?","M","M","E"],"character_chosen":"HUNTRESS","items_purchased":["DemoMod:Plus1Bullets"],"campfire_rested":0,"item_purchase_floors":[19],"current_hp_per_floor":[48,48,48,48,48,48,45,45,45,70,70,64,63,63,63,2,70,64,64,64,62,62,62,52,38,38,25,6,6,6,6,6,6,75,68,61,61,58,56,0,0],"gold":211,"neow_bonus":"TRANSFORM_TWO_CARDS","is_daily":false,"chose_seed":false,"campfire_upgraded":5,"win_rate":0.0,"timestamp":1610711565,"path_taken":["M","?","?","?","M","R","?","R","T","?","M","M","?","M","R","BOSS","M","?","?","?","?","R","E","?","T","?","E","?","?","?","R","BOSS","M","M","?","M","M","E"],"items_purchased_type":["Relic"],"build_version":"2020-12-22","purchased_purges":3,"victory":false,"max_hp_per_floor":[70,70,70,70,70,70,70,70,70,70,70,70,70,70,70,70,70,70,70,70,70,70,70,70,70,70,75,75,75,75,75,75,75,75,75,75,75,75,75,75,75],"card_choices":[{"not_picked":["DemoMod:Unity","DemoMod:GunstockTap"],"picked":"DemoMod:BlackHoleGun","floor":1.0},{"not_picked":["DemoMod:PotionOfGunFriendShip","DemoMod:TeaPot"],"picked":"DemoMod:ChanceBullets","floor":3.0},{"not_picked":["DemoMod:BattleInHaste","DemoMod:AbyssalTentacle","DemoMod:EasyReloadBullets"],"picked":"SKIP","floor":5.0},{"not_picked":["DemoMod:ThirdPartyController","DemoMod:ConditionalReflex","DemoMod:FeignSurrender"],"picked":"SKIP","floor":7.0},{"not_picked":["DemoMod:AC15","DemoMod:Camera","DemoMod:Unmoved"],"picked":"SKIP","floor":11.0},{"not_picked":["DemoMod:ConditionalReflex","DemoMod:MachoBrace"],"picked":"DemoMod:FastSwitch","floor":12.0},{"not_picked":["DemoMod:Unity","DemoMod:PracticeMakesPerfect"],"picked":"DemoMod:ChanceBullets","floor":13.0},{"not_picked":["DemoMod:JK47","DemoMod:PotionOfGunFriendShip"],"picked":"DemoMod:Elimentaler","floor":14.0},{"not_picked":["DemoMod:DoubleVision","DemoMod:BulletBore"],"picked":"DemoMod:GunslingerForm","floor":16.0},{"not_picked":["DemoMod:MachoBrace","DemoMod:Unmoved","DemoMod:StickyCrossBow"],"picked":"SKIP","floor":18.0},{"not_picked":["DemoMod:StickyCrossBow","DemoMod:CursedBullets+1"],"picked":"DemoMod:LifeOrb+1","floor":21.0},{"not_picked":["DemoMod:DoubleSwitch","DemoMod:AWP","DemoMod:HighKaliber"],"picked":"SKIP","floor":24.0},{"not_picked":["DemoMod:ZorGun+1","DemoMod:SAA+1"],"picked":"DemoMod:HardPowerCard+1","floor":25.0},{"not_picked":["DemoMod:Desperate","DemoMod:HardPowerCard","DemoMod:EasyReloadBullets"],"picked":"SKIP","floor":28.0},{"not_picked":["DemoMod:SkilledReload","DemoMod:HuntsMan+1"],"picked":"DemoMod:ShadowBullets","floor":31.0},{"not_picked":["DemoMod:Unmoved","DemoMod:TableSutra","DemoMod:Purify+1"],"picked":"SKIP","floor":35.0},{"not_picked":["DemoMod:RadGun+1","DemoMod:BoxingGlove+1","DemoMod:GunShield"],"picked":"SKIP","floor":36.0},{"not_picked":["DemoMod:ProbeStrike+1","DemoMod:CombinedRifle+1"],"picked":"DemoMod:DirectionalPad+1","floor":38},{"not_picked":["DemoMod:RadGun+1","DemoMod:DoubleSwitch","DemoMod:BlackHoleGun+1"],"picked":"SKIP","floor":39}],"player_experience":8349,"relics_obtained":[{"floor":21.0,"key":"DemoMod:OrangeGuonStone"},{"floor":24.0,"key":"DemoMod:Bottle"},{"floor":25.0,"key":"Red Mask"},{"floor":26.0,"key":"Molten Egg 2"},{"floor":28.0,"key":"Bottled Tornado"}],"event_choices":[{"damage_healed":0.0,"max_hp_gain":0.0,"max_hp_loss":0.0,"gold_gain":0.0,"event_name":"Accursed Blacksmith","player_choice":"Forge","floor":2.0,"gold_loss":0.0,"damage_taken":0.0,"cards_upgraded":["DemoMod:BlackHoleGun"]},{"damage_healed":0.0,"max_hp_gain":0.0,"max_hp_loss":0.0,"gold_gain":0.0,"event_name":"The Woman in Blue","player_choice":"Bought 0 Potions","floor":4.0,"gold_loss":0.0,"damage_taken":0.0},{"damage_healed":25.0,"max_hp_gain":0.0,"max_hp_loss":0.0,"gold_gain":0.0,"event_name":"Wheel of Change","player_choice":"Full Heal","floor":10.0,"gold_loss":0.0,"damage_taken":0.0},{"damage_healed":0.0,"max_hp_gain":0.0,"max_hp_loss":0.0,"gold_gain":0.0,"event_name":"Addict","player_choice":"Obtained Relic","floor":20.0,"gold_loss":85.0,"damage_taken":0.0,"relics_obtained":["DemoMod:AgedBell"]},{"damage_healed":0.0,"max_hp_gain":0.0,"max_hp_loss":0.0,"gold_gain":0.0,"event_name":"Masked Bandits","player_choice":"Fought Bandits","floor":25.0,"gold_loss":0.0,"damage_taken":0.0},{"damage_healed":0.0,"max_hp_gain":5.0,"max_hp_loss":0.0,"gold_gain":0.0,"event_name":"Forgotten Altar","player_choice":"Shed Blood","floor":27.0,"gold_loss":0.0,"damage_taken":18.0},{"cards_removed":["DemoMod:RustySidearm"],"damage_healed":0.0,"max_hp_gain":0.0,"max_hp_loss":0.0,"gold_gain":0.0,"event_name":"Back to Basics","player_choice":"Elegance","floor":30.0,"gold_loss":0.0,"damage_taken":0.0}],"is_beta":false,"boss_relics":[{"not_picked":["Ectoplasm","Sozu"],"picked":"Coffee Dripper"},{"not_picked":["DemoMod:Wolf","Runic Dome"],"picked":"DemoMod:Test1"}],"items_purged_floors":[19,22,29],"is_endless":false,"potions_floor_spawned":[11,12,13,16,24,33,38,39,40],"killed_by":"Giant Head","ascension_level":1}}