{"host":"khkox7sggahain0a","time":1610674552,"event":{"mods":["Act Like it!","Arknights The Spire","BaseMod","Downfall","Gensokyo","Lobotomy","LobotomyExtend","Marisa£®ÏF”Í°°ƒß¿Ì…≥£©","Minty Spire (QoL Compilation)","Quick Restart","StSLib","The Animator","Waifu the Spire"],"gold_per_floor":[115,40,40,50,61,89,89,114,159,159,169,169,183,216,216,344,344,368,172,195,100,375,416,416,416,416],"floor_reached":25,"language":"ZHS","playtime":1296,"items_purged":["ats:Strike V","ats:Composite Medical Shells+1","ats:Durian+1"],"score":276,"play_id":"6ff8e9f4-f90f-4574-a21d-ef4ec8386c5c","local_time":"20210115093552","is_ascension_mode":true,"campfire_choices":[{"data":"ats:Revitalization","floor":7,"key":"SMITH"},{"data":"ats:Composite Medical Shells","floor":10,"key":"SMITH"},{"floor":15,"key":"RECALL"},{"data":"ats:Emotion Absorption","floor":24,"key":"SMITH"}],"circlet_count":0,"master_deck":["ats:Armor Crushing Shot","ats:Emotion Absorption+1","MeatLantern","ats:Composite Medical Shells+1","OSAHOGD","ats:Revitalization+1","ats:Revitalization+1","FieryBird","PunishingBird","BlackSwan","ats:Shell Defense+1","Wellcheers","ats:Shell Defense+1","ats:Calcification+1","ats:Durian+1","ats:Rapid Magazine","ats:Blood Oath","ats:Blood Oath","ats:Calcification+1","ats:Red Shift","ats:Apocalypse+1","CENSORED","ats:Apocalypse+1","ats:Calcification+1"],"relics":["ats:Sanity","CogitoBucket","LetterFromLob","ats:Originium","Toxic Egg 2","Smiling Mask","Omamori","SkinProphecy","Golden Idol","Blood Vial","Pandora\u0027s Box","ats:Cure","HellTrain","Pocketwatch"],"acts_visited":["Exordium","TheCity"],"potions_floor_usage":[16,16,23],"damage_taken":[{"damage":10.0,"enemies":"Cultist","floor":1.0,"turns":4.0},{"damage":0.0,"enemies":"Small Slimes","floor":4.0,"turns":4.0},{"damage":8.0,"enemies":"2 Louse","floor":5.0,"turns":3.0},{"damage":28.0,"enemies":"3 Sentries","floor":6.0,"turns":14.0},{"damage":33,"enemies":"Lagavulin","floor":8,"turns":9},{"damage":24,"enemies":"2 Fungi Beasts","floor":11,"turns":6},{"damage":22,"enemies":"Gremlin Gang","floor":13,"turns":5},{"damage":27,"enemies":"3 Sentries","floor":14,"turns":7},{"damage":71,"enemies":"Hexaghost","floor":16,"turns":9},{"damage":36,"enemies":"Spheric Guardian","floor":18,"turns":5},{"damage":50,"enemies":"Chosen","floor":20,"turns":4},{"damage":49,"enemies":"Slavers","floor":23,"turns":3}],"seed_played":"-2818700156653311152","potions_obtained":[{"floor":1.0,"key":"ColorlessPotion"},{"floor":11,"key":"SmokeBomb"},{"floor":13,"key":"ColorlessPotion"},{"floor":14,"key":"Fire Potion"},{"floor":16,"key":"Energy Potion"},{"floor":20,"key":"ats:Emergency Sanity Potion"},{"floor":23,"key":"Strength Potion"}],"is_trial":false,"path_per_floor":["M","$","M","M","M","E","R","E","T","R","M","?","M","E","R","B",null,"M","$","M","$","?","E","R","E"],"character_chosen":"DOCTOR_CLASS","items_purchased":["ats:Cure","ats:Apocalypse+1"],"campfire_rested":0,"item_purchase_floors":[19,21],"current_hp_per_floor":[62,62,62,62,57,41,41,67,67,67,72,54,41,46,46,78,78,61,61,32,32,32,32,32,0,0],"gold":416,"neow_bonus":"","is_daily":false,"chose_seed":false,"campfire_upgraded":3,"win_rate":0.0,"timestamp":1610674552,"path_taken":["M","?","M","M","M","E","R","E","T","R","?","?","M","E","R","BOSS","M","$","M","$","?","E","R","E"],"items_purchased_type":["Relic","Card"],"build_version":"2020-12-22","purchased_purges":3,"victory":false,"max_hp_per_floor":[72,72,72,72,72,72,72,72,72,72,72,72,74,76,76,78,78,80,80,84,84,84,86,86,88,88],"card_choices":[{"not_picked":["FairyFestival","WhitesApple"],"picked":"MeatLantern","floor":1.0},{"not_picked":["ats:Curse Doll","ats:Powerful Strike"],"picked":"ats:Composite Medical Shells","floor":1.0},{"not_picked":["Bloodbath","HappyTeddy","Murderer"],"picked":"Singing Bowl","floor":4.0},{"not_picked":["WallGazer","HappyTeddy"],"picked":"OSAHOGD","floor":4.0},{"not_picked":["ats:Wolf Pack","ats:Rapid Magazine"],"picked":"ats:Revitalization","floor":4.0},{"not_picked":["MHz","SnowQueen","Wellcheers"],"picked":"Singing Bowl","floor":5.0},{"not_picked":["ats:Healing Drone","ats:Soul Absorption","ats:Collapsing Strike"],"picked":"SKIP","floor":5.0},{"not_picked":["Scarecrow","ShyLook","DespairKnight"],"picked":"Singing Bowl","floor":6.0},{"not_picked":["ats:Hammer On","ats:Shell Defense+1"],"picked":"ats:Revitalization+1","floor":6.0},{"not_picked":["Laetitia","BigBadWolf","CherryBlossoms"],"picked":"Singing Bowl","floor":8},{"not_picked":["MHz","NakedNest"],"picked":"FieryBird","floor":8},{"not_picked":["ats:Shadow Assault","ats:Childhood Dance+1"],"picked":"ats:Composite Medical Shells","floor":8},{"not_picked":["Woodsman","QueenOfHatred"],"picked":"PunishingBird","floor":11},{"not_picked":["ats:Encircling Forest+1","ats:Thermite Blade","ats:Closed Bolt Burst Fire"],"picked":"SKIP","floor":11},{"not_picked":["Wellcheers","CherryBlossoms","WhitesApple"],"picked":"Singing Bowl","floor":13},{"not_picked":["Scarecrow","SpiderBud"],"picked":"BlackSwan","floor":13},{"not_picked":["ats:Powerful Strike","ats:Flexible Camouflage+1"],"picked":"ats:Shell Defense+1","floor":13},{"not_picked":["LittlePrince","Woodsman"],"picked":"Wellcheers","floor":14},{"not_picked":["ats:Support Order+1","ats:Consecutive Shot Auto"],"picked":"ats:Shell Defense+1","floor":14},{"not_picked":["UniverseFragment","CherryBlossoms","MHz"],"picked":"Singing Bowl","floor":16},{"not_picked":["ats:Ambush","ats:Rat Pack+1"],"picked":"ats:Calcification+1","floor":16},{"not_picked":["Murderer","ShyLook","SnowQueen"],"picked":"Singing Bowl","floor":18},{"not_picked":["ats:Collapsing Strike","ats:Ignite+1"],"picked":"ats:Apocalypse+1","floor":18},{"not_picked":["WallGazer","Murderer"],"picked":"CENSORED","floor":20},{"not_picked":["ats:Rapid Magazine","ats:Powerful Strike+1","ats:Echo Reverb+1"],"picked":"SKIP","floor":20},{"not_picked":["Freischutz","LittlePrince","VoidDream"],"picked":"Singing Bowl","floor":23},{"not_picked":["ats:Automatic Cover+1","ats:Ignite"],"picked":"ats:Calcification+1","floor":23}],"player_experience":310755,"relics_obtained":[{"floor":1.0,"key":"LetterFromLob"},{"floor":6.0,"key":"ats:Originium"},{"floor":6.0,"key":"Toxic Egg 2"},{"floor":8,"key":"ats:Originium"},{"floor":8,"key":"Smiling Mask"},{"floor":9,"key":"Omamori"},{"floor":14,"key":"ats:Originium"},{"floor":14,"key":"Blood Vial"},{"floor":23,"key":"Pocketwatch"}],"event_choices":[{"damage_healed":0,"gold_gain":0,"player_choice":"Take Damage","damage_taken":18,"relics_obtained":["Golden Idol"],"max_hp_gain":0,"max_hp_loss":0,"event_name":"Golden Idol","floor":12,"gold_loss":0},{"damage_healed":0,"gold_gain":275,"player_choice":"Desecrate","damage_taken":0,"max_hp_gain":0,"max_hp_loss":0,"event_name":"Golden Shrine","floor":22,"gold_loss":0,"cards_obtained":["Regret"]}],"is_beta":false,"boss_relics":[{"not_picked":["ats:Sanity Plus","Fusion Hammer"],"picked":"Pandora\u0027s Box"}],"items_purged_floors":[2,19,21],"is_endless":false,"potions_floor_spawned":[1,11,13,14,16,20,23],"killed_by":"Book of Stabbing","ascension_level":1}}