{"host":"79i8v4iokcki37ew","time":1610732633,"event":{"mods":["AchievementEnabler","BaseMod","Better Note","Better Third Choice","BetterRewards","Colored Powertips","Conspire","Downfall","Halation","Infinite Spire","Minty Spire (QoL Compilation)","Permanent Neow","Quick Restart","Replay The Spire","Shop Mod","Spicy Shops","StSLib"],"gold_per_floor":[99,114,114,114,34,34,34,34,50,50,77,101,126,159,177,185,185,185],"floor_reached":16,"language":"ENG","playtime":850,"items_purged":["CommonCold"],"score":102,"play_id":"4cf86ef3-b7e0-449d-9fbf-f11de6c254b0","local_time":"20210115114353","is_ascension_mode":false,"campfire_choices":[{"data":"hexamod:Sear","floor":1,"key":"SMITH"},{"data":"hexamod:BurningTouch","floor":6,"key":"SMITH"},{"data":"hexamod:ThermalTransfer","floor":10,"key":"SMITH"}],"circlet_count":0,"master_deck":["hexamod:Strike+1","hexamod:Strike","hexamod:Strike","hexamod:Strike","hexamod:Defend","hexamod:Defend","hexamod:Defend+1","hexamod:Defend","hexamod:Sear+1","hexamod:Float","hexamod:Firestarter","hexamod:BurningTouch+1","hexamod:ThermalTransfer+1","hexamod:PhantomCloak","hexamod:SoulSteal","hexamod:BurningTouch","hexamod:Incineration","hexamod:BurningTouch"],"relics":["hexamod:SpiritBrand","Mango","Replay:Bandana","FossilizedHelix","Simple Rune"],"acts_visited":["Exordium"],"potions_floor_usage":[16],"damage_taken":[{"damage":0,"enemies":"Small Slimes","floor":2,"turns":3},{"damage":4,"enemies":"downfall:FleeingMerchant","floor":5,"turns":4},{"damage":0,"enemies":"conspire:RoseBush","floor":9,"turns":3},{"damage":0,"enemies":"2 Louse","floor":11,"turns":4},{"damage":4,"enemies":"Gremlin Gang","floor":12,"turns":6},{"damage":0,"enemies":"Blue Slaver","floor":13,"turns":4},{"damage":2,"enemies":"3 Sentries","floor":14,"turns":7},{"damage":0,"enemies":"conspire:2 RoseBushes","floor":15,"turns":3},{"damage":56,"enemies":"downfall:Defect","floor":16,"turns":6}],"seed_played":"3728592631546097500","potions_obtained":[{"floor":8,"key":"Guardian:BlockOnCardUsePotion"},{"floor":8,"key":"DuplicationPotion"},{"floor":8,"key":"Block Potion"},{"floor":11,"key":"hexamod:DoubleChargePotion"},{"floor":12,"key":"hexamod:DoubleChargePotion"}],"is_trial":false,"path_per_floor":["R","M","?","?","$","R","T","?","M","R","M","M","M","E","M","B"],"character_chosen":"THE_SPIRIT","items_purchased":[],"campfire_rested":0,"item_purchase_floors":[],"current_hp_per_floor":[84,84,84,66,62,62,62,62,62,62,62,58,58,56,56,0,0,0],"gold":185,"neow_bonus":"ONE_RARE_RELIC","is_daily":false,"chose_seed":false,"campfire_upgraded":3,"win_rate":0.0,"timestamp":1610732633,"path_taken":["R","M","?","?","$","R","T","?","M","R","M","M","?","E","M","BOSS"],"items_purchased_type":[],"build_version":"2020-12-22","purchased_purges":1,"victory":false,"max_hp_per_floor":[84,84,84,84,84,84,84,84,84,84,84,84,84,84,84,84,84,84],"card_choices":[{"not_picked":["hexamod:ThermalTransfer","hexamod:RainOfEmbers"],"picked":"hexamod:Firestarter","floor":2},{"not_picked":["hexamod:GhostflameBarrier","hexamod:Again"],"picked":"hexamod:BurningTouch","floor":5},{"not_picked":["hexamod:SwordOfDarkness","hexamod:SpectersWail"],"picked":"hexamod:ThermalTransfer","floor":9},{"not_picked":["hexamod:Again","hexamod:SpectralAdrenaline"],"picked":"hexamod:PhantomCloak","floor":11},{"not_picked":["hexamod:PowerFromBeyond","hexamod:BacktrackSmack"],"picked":"hexamod:SoulSteal","floor":12},{"not_picked":["hexamod:FirstSeal","hexamod:RecurringNightmare"],"picked":"hexamod:BurningTouch","floor":13},{"not_picked":["hexamod:BacktrackSmack","hexamod:EtherealExpedition"],"picked":"hexamod:Incineration","floor":14},{"not_picked":["hexamod:Firestarter","hexamod:ThirdSeal"],"picked":"hexamod:BurningTouch","floor":15}],"player_experience":324775,"relics_obtained":[{"floor":7,"key":"FossilizedHelix"},{"floor":14,"key":"Simple Rune"}],"event_choices":[{"damage_healed":0,"gold_gain":0,"player_choice":"Disagree","damage_taken":0,"max_hp_gain":0,"max_hp_loss":0,"event_name":"conspire:LoneGhost","floor":3,"gold_loss":0},{"damage_healed":0,"gold_gain":0,"player_choice":"Relic ","damage_taken":18,"max_hp_gain":0,"max_hp_loss":0,"event_name":"betterThird:BetterScrap","floor":4,"gold_loss":0,"cards_obtained":["Swivel"]},{"damage_healed":0,"gold_gain":0,"player_choice":"Got Potions","damage_taken":0,"max_hp_gain":0,"max_hp_loss":0,"event_name":"Lab","floor":8,"gold_loss":0}],"is_beta":false,"boss_relics":[],"items_purged_floors":[5],"is_endless":false,"potions_floor_spawned":[11,12,14],"killed_by":"downfall:Defect","ascension_level":0}}