{"host":"kh6fvhxn285ncg0o","time":1610704994,"event":{"mods":["Act Like it!","BaseMod","Colored Map","Friendly Minions","Keyboard Shortcuts","Minty Spire (QoL Compilation)","Quick Restart","Relic Stats","StSLib","SuperFastMode"],"gold_per_floor":[114,114,264,229,244,278,278,278,278],"floor_reached":8,"language":"KOR","playtime":2485,"items_purged":[],"score":108,"play_id":"e7d353fa-0a77-4721-ad96-cd006d447c7a","local_time":"20210115190314","is_ascension_mode":true,"campfire_choices":[{"data":"Feed","floor":7,"key":"SMITH"}],"circlet_count":0,"master_deck":["AscendersBane","Strike_R","Strike_R","Defend_R","Defend_R+1","Defend_R+1","Defend_R","Bash","Brutality","Feed+1","Fire Breathing","Doubt","Disarm","Hemokinesis"],"relics":["Burning Blood","War Paint"],"acts_visited":["Exordium"],"potions_floor_usage":[8],"damage_taken":[{"damage":16,"enemies":"Small Slimes","floor":1,"turns":5},{"damage":7,"enemies":"Jaw Worm","floor":5,"turns":4},{"damage":24,"enemies":"3 Sentries","floor":6,"turns":5},{"damage":59,"enemies":"Gremlin Nob","floor":8,"turns":4}],"seed_played":"-6550911340872792784","potions_obtained":[{"floor":6,"key":"Regen Potion"}],"is_trial":false,"path_per_floor":["M","?","?","?","M","E","R","E"],"character_chosen":"IRONCLAD","items_purchased":[],"campfire_rested":0,"item_purchase_floors":[],"current_hp_per_floor":[43,36,36,55,57,42,42,0,0],"gold":278,"neow_bonus":"TRANSFORM_TWO_CARDS","is_daily":false,"chose_seed":false,"campfire_upgraded":1,"win_rate":0.0,"timestamp":1610704994,"path_taken":["M","?","?","?","M","E","R","E"],"items_purchased_type":[],"build_version":"2020-12-22","purchased_purges":0,"victory":false,"max_hp_per_floor":[78,78,78,78,81,84,84,84,84],"relic_stats":{"counters":[4,18],"War Paint":["Defend_R","Defend_R"],"obtain_stats":[{"War Paint":6,"Burning Blood":0},{"War Paint":3,"Burning Blood":0},{"War Paint":14,"Burning Blood":0}],"Burning Blood":18},"card_choices":[{"not_picked":["Shrug It Off","Dropkick"],"picked":"Fire Breathing","floor":1},{"not_picked":["Entrench","Feel No Pain"],"picked":"Disarm","floor":5},{"not_picked":["Spot Weakness","Metallicize"],"picked":"Hemokinesis","floor":6}],"player_experience":3448284,"relics_obtained":[{"floor":6,"key":"War Paint"}],"event_choices":[{"cards_removed":["Strike_R"],"damage_healed":0,"gold_gain":0,"player_choice":"Card Removal","damage_taken":7,"max_hp_gain":0,"max_hp_loss":0,"event_name":"Golden Wing","floor":2,"gold_loss":0},{"damage_healed":0,"gold_gain":150,"player_choice":"AGREE","damage_taken":0,"max_hp_gain":0,"max_hp_loss":0,"event_name":"Liars Game","floor":3,"gold_loss":0,"cards_obtained":["Doubt"]},{"damage_healed":19,"gold_gain":0,"player_choice":"Healed","damage_taken":0,"max_hp_gain":0,"max_hp_loss":0,"event_name":"The Cleric","floor":4,"gold_loss":35}],"is_beta":false,"boss_relics":[],"items_purged_floors":[],"is_endless":false,"potions_floor_spawned":[6],"killed_by":"Gremlin Nob","ascension_level":20}}