{"host":"Krakhan","time":1610680889,"event":{"mods":["AchievementEnabler","BaseMod","Colored Map","Colored Powertips","Faster Ascension Climbing","Highlight Path","Minty Spire (QoL Compilation)","Rare Cards Sparkle","Relic Stats","StSLib"],"gold_per_floor":[117,64,81,81,106,106,117,130,130,148,148,168,268,286,286,387,387,404,419,23,56,66,66,121,121,121,121,158,158,58,99,99,229,229,241,264,355,315,2,2,42,83,83,101,119,119,119,119,119],"floor_reached":48,"language":"ENG","playtime":2260,"items_purged":["Strike_R","Strike_R","Strike_R"],"score":448,"play_id":"2342ea3d-1196-42f8-872e-2f21407957e0","local_time":"20210114222129","is_ascension_mode":false,"campfire_choices":[{"data":"Bash","floor":6.0,"key":"SMITH"},{"data":"Clothesline","floor":11.0,"key":"SMITH"},{"data":"Uppercut","floor":15.0,"key":"SMITH"},{"floor":23.0,"key":"REST"},{"data":"Bludgeon","floor":25.0,"key":"SMITH"},{"data":"HandOfGreed","floor":27.0,"key":"SMITH"},{"data":"True Grit","floor":29.0,"key":"SMITH"},{"floor":32.0,"key":"REST"},{"data":"Shockwave","floor":40.0,"key":"SMITH"}],"circlet_count":0,"master_deck":["Strike_R","Strike_R","Defend_R","Defend_R","Defend_R","Defend_R","Bash+1","Cleave","Perfected Strike","Clothesline+1","Iron Wave","Uppercut+1","Corruption","Bludgeon+1","Shockwave+1","HandOfGreed+1","Heavy Blade+1","Flame Barrier","Barricade","Spot Weakness","Offering","Parasite"],"relics":["Snecko Eye"],"acts_visited":["Exordium","TheCity","TheBeyond"],"potions_floor_usage":[45,45],"damage_taken":[{"damage":1.0,"enemies":"Cultist","floor":1.0,"turns":3.0},{"damage":0.0,"enemies":"Small Slimes","floor":3.0,"turns":3.0},{"damage":0.0,"enemies":"Jaw Worm","floor":7.0,"turns":1.0},{"damage":0.0,"enemies":"Lots of Slimes","floor":8.0,"turns":2.0},{"damage":5.0,"enemies":"Looter","floor":10.0,"turns":2.0},{"damage":13.0,"enemies":"Red Slaver","floor":12.0,"turns":2.0},{"damage":0.0,"enemies":"3 Louse","floor":14.0,"turns":2.0},{"damage":34.0,"enemies":"The Guardian","floor":16.0,"turns":10.0},{"damage":21.0,"enemies":"Spheric Guardian","floor":18.0,"turns":4.0},{"damage":9.0,"enemies":"3 Byrds","floor":19.0,"turns":5.0},{"damage":7.0,"enemies":"Centurion and Healer","floor":21.0,"turns":4.0},{"damage":10.0,"enemies":"Snake Plant","floor":22.0,"turns":2.0},{"damage":7.0,"enemies":"Book of Stabbing","floor":24.0,"turns":4.0},{"damage":16.0,"enemies":"Shelled Parasite and Fungi","floor":28.0,"turns":5.0},{"damage":0.0,"enemies":"Chosen and Byrds","floor":31.0,"turns":3.0},{"damage":30.0,"enemies":"Champ","floor":33.0,"turns":8.0},{"damage":0.0,"enemies":"Orb Walker","floor":35.0,"turns":2.0},{"damage":15.0,"enemies":"3 Shapes","floor":37.0,"turns":6.0},{"damage":42.0,"enemies":"Sphere and 2 Shapes","floor":41.0,"turns":7.0},{"damage":6.0,"enemies":"4 Shapes","floor":42.0,"turns":4.0},{"damage":1.0,"enemies":"Writhing Mass","floor":44.0,"turns":4.0},{"damage":11,"enemies":"Spire Growth","floor":45,"turns":4},{"damage":12,"enemies":"Sphere and 2 Shapes","floor":48,"turns":2}],"seed_played":"-9188958434887711521","potions_obtained":[{"floor":1.0,"key":"SteroidPotion"},{"floor":10.0,"key":"Weak Potion"},{"floor":14.0,"key":"SkillPotion"},{"floor":18.0,"key":"Strength Potion"},{"floor":28.0,"key":"SpeedPotion"},{"floor":33.0,"key":"Ancient Potion"},{"floor":35.0,"key":"ElixirPotion"}],"is_trial":false,"path_per_floor":["M","$","M","?","T","R","M","M","T","M","R","M","?","M","R","B",null,"M","M","$","M","M","R","E","R","T","R","M","R","$","M","R","B",null,"M","T","M","?","$","R","M","M","T","M","M","?","?","M"],"character_chosen":"IRONCLAD","items_purchased":["Cleave","Shockwave","HandOfGreed","Regen Potion","SpeedPotion","Offering"],"campfire_rested":2,"item_purchase_floors":[2,20,20,20,39,39],"current_hp_per_floor":[79,79,79,79,79,79,79,79,79,74,74,61,61,61,61,27,80,59,50,50,43,33,57,50,50,50,50,48,48,48,48,72,42,80,80,80,65,65,65,65,23,17,17,16,5,5,5,0,0],"gold":119,"neow_bonus":"BOSS_RELIC","is_daily":false,"chose_seed":false,"campfire_upgraded":7,"win_rate":0.0,"timestamp":1610680889,"path_taken":["M","?","M","?","?","R","M","M","T","M","R","?","?","M","R","BOSS","M","M","$","M","M","R","E","R","T","R","M","R","$","M","R","BOSS","M","?","M","?","$","R","M","M","T","?","M","?","?","M"],"items_purchased_type":["Card","Card","Card","Potion","Potion","Card"],"build_version":"2020-12-18","purchased_purges":3,"victory":false,"max_hp_per_floor":[80,80,80,80,80,80,80,80,80,80,80,80,80,80,80,80,80,80,80,80,80,80,80,80,80,80,80,80,80,80,80,80,80,80,80,80,80,80,80,80,80,80,80,80,80,80,80,80,80],"relic_stats":{"counters":[23,89],"Snecko Eye":[151,139,167,164],"obtain_stats":[{"Snecko Eye":0,"Burning Blood":0},{"Snecko Eye":0,"Burning Blood":0},{"Snecko Eye":0,"Burning Blood":0}]},"card_choices":[{"not_picked":["Warcry","Bloodletting","Anger"],"picked":"SKIP","floor":1.0},{"not_picked":["Rupture","Seeing Red"],"picked":"Perfected Strike","floor":3.0},{"not_picked":["Cleave","Clash"],"picked":"Clothesline","floor":7.0},{"not_picked":["Cleave","Pommel Strike","Sentinel"],"picked":"SKIP","floor":8.0},{"not_picked":["Cleave","Fire Breathing"],"picked":"Iron Wave","floor":10.0},{"not_picked":["Infernal Blade","Dropkick"],"picked":"True Grit","floor":12.0},{"not_picked":["Clash","Thunderclap"],"picked":"Uppercut","floor":14.0},{"not_picked":["Barricade","Bludgeon"],"picked":"Corruption","floor":16.0},{"not_picked":["True Grit","Body Slam+1","Clothesline"],"picked":"SKIP","floor":18.0},{"not_picked":["Flex+1","Body Slam"],"picked":"Bludgeon","floor":19.0},{"not_picked":["Warcry","Ghostly Armor","Entrench"],"picked":"SKIP","floor":21.0},{"not_picked":["Headbutt","Sword Boomerang","Pummel"],"picked":"SKIP","floor":22.0},{"not_picked":["Sword Boomerang+1","Uppercut"],"picked":"Heavy Blade","floor":24.0},{"not_picked":["Heavy Blade","Headbutt+1"],"picked":"Flame Barrier","floor":28.0},{"not_picked":["Feed","Combust","Shrug It Off"],"picked":"SKIP","floor":31.0},{"not_picked":["Corruption","Limit Break"],"picked":"Barricade","floor":33.0},{"not_picked":["Havoc+1","Ghostly Armor"],"picked":"Spot Weakness","floor":35.0},{"not_picked":["Anger","Searing Blow","Clash+1"],"picked":"SKIP","floor":37.0},{"not_picked":["Thunderclap","Iron Wave+1","Rupture"],"picked":"SKIP","floor":41.0},{"not_picked":["Searing Blow+1","Twin Strike","Anger+1"],"picked":"SKIP","floor":42.0},{"not_picked":["Sword Boomerang","Anger+1","Hemokinesis+1"],"picked":"SKIP","floor":44.0},{"not_picked":["Headbutt+1","Rupture","Clash+1"],"picked":"SKIP","floor":45}],"player_experience":1316674,"relics_obtained":[],"event_choices":[{"damage_healed":0.0,"max_hp_gain":0.0,"max_hp_loss":0.0,"gold_gain":0.0,"event_name":"Golden Idol","player_choice":"Ignored","floor":4.0,"gold_loss":0.0,"damage_taken":0.0},{"damage_healed":0.0,"max_hp_gain":0.0,"max_hp_loss":0.0,"gold_gain":100.0,"event_name":"Golden Shrine","player_choice":"Pray","floor":13.0,"gold_loss":0.0,"damage_taken":0.0},{"damage_healed":0.0,"max_hp_gain":0.0,"max_hp_loss":0.0,"gold_gain":0.0,"event_name":"Designer","player_choice":"Upgrade","floor":38.0,"gold_loss":40.0,"damage_taken":0.0,"cards_upgraded":["Heavy Blade"]},{"cards_removed":["True Grit"],"damage_healed":0,"gold_gain":0,"player_choice":"Removed Skill","damage_taken":0,"max_hp_gain":0,"max_hp_loss":0,"event_name":"Falling","floor":46,"gold_loss":0},{"damage_healed":0,"gold_gain":0,"player_choice":"Ignored","damage_taken":0,"max_hp_gain":0,"max_hp_loss":0,"event_name":"Mysterious Sphere","floor":47,"gold_loss":0}],"is_beta":true,"boss_relics":[{"not_picked":["Cursed Key","Black Star","Velvet Choker"]},{"not_picked":["Mark of Pain","Astrolabe","Busted Crown"]}],"items_purged_floors":[20,30,39],"is_endless":false,"potions_floor_spawned":[1,10,14,16,18,28,33,35,37,44],"killed_by":"Sphere and 2 Shapes","ascension_level":0}}