{"host":"vex7walpoxzv48nx","time":1610670127,"event":{"mods":["BaseMod","Highlight Path","Minty Spire (QoL Compilation)","Permanent Neow","Quick Restart","Relic Stats"],"gold_per_floor":[117,136,136,136,136,136,176,176,176,176,217,17,17,38,38,38,38],"floor_reached":16,"language":"ENG","playtime":1939,"items_purged":["Regret"],"score":106,"play_id":"f2786fb0-1d62-41bb-b6d2-91787d5a9ddd","local_time":"20210115012207","daily_mods":["Red Cards","Colorless Cards","Heirloom","Flight"],"is_ascension_mode":false,"campfire_choices":[{"data":"Sucker Punch","floor":6,"key":"SMITH"},{"data":"Secret Technique","floor":8,"key":"SMITH"},{"floor":10,"key":"REST"},{"floor":15,"key":"REST"}],"circlet_count":0,"master_deck":["Strike_G","Strike_G","Strike_G","Strike_G","Strike_G+1","Defend_G","Defend_G","Defend_G","Defend_G","Defend_G","Survivor","Neutralize+1","Acrobatics","Sucker Punch+1","Secret Technique+1","Shockwave","Burning Pact","Dagger Throw"],"relics":["Ring of the Snake","Dead Branch","Ornamental Fan","Golden Idol","Lantern","Mummified Hand","Paper Crane","Nunchaku"],"acts_visited":["Exordium"],"potions_floor_usage":[7],"damage_taken":[{"damage":1,"enemies":"Small Slimes","floor":1,"turns":4},{"damage":1,"enemies":"Jaw Worm","floor":2,"turns":5},{"damage":15,"enemies":"Lagavulin","floor":7,"turns":9},{"damage":21,"enemies":"3 Sentries","floor":11,"turns":7},{"damage":0,"enemies":"2 Louse","floor":14,"turns":2},{"damage":35,"enemies":"The Guardian","floor":16,"turns":15}],"seed_played":"-7002203984552081113","potions_obtained":[{"floor":2,"key":"SkillPotion"}],"is_trial":true,"path_per_floor":["M","M","?","?","?","R","E","R","T","R","E","$","?","M","R","B"],"character_chosen":"THE_SILENT","items_purchased":["Burning Pact","Fire Potion"],"campfire_rested":2,"item_purchase_floors":[12,12],"current_hp_per_floor":[69,68,68,54,54,54,39,39,39,58,37,37,37,37,56,21,21],"gold":38,"neow_bonus":"","is_daily":false,"chose_seed":false,"campfire_upgraded":2,"win_rate":0.0,"timestamp":1610670127,"path_taken":["M","M","?","?","?","R","E","R","T","R","E","$","?","?","R","BOSS"],"items_purchased_type":["Card","Potion"],"build_version":"2020-12-22","purchased_purges":1,"victory":false,"max_hp_per_floor":[70,70,70,70,65,65,65,65,65,65,65,65,65,65,65,65,65],"relic_stats":{"Nunchaku":[3],"counters":[6,42],"Ornamental Fan":[40],"Golden Idol":20,"Mummified Hand":[1],"Dead Branch":[28],"obtain_stats":[{"Lantern":7,"Nunchaku":13,"Ornamental Fan":3,"Golden Idol":5,"Mummified Hand":9,"Dead Branch":0,"Paper Crane":11,"Ring of the Snake":0},{"Lantern":3,"Nunchaku":4,"Ornamental Fan":2,"Golden Idol":2,"Mummified Hand":3,"Dead Branch":0,"Paper Crane":4,"Ring of the Snake":0},{"Lantern":18,"Nunchaku":25,"Ornamental Fan":9,"Golden Idol":9,"Mummified Hand":18,"Dead Branch":0,"Paper Crane":25,"Ring of the Snake":0}],"Ring of the Snake":[12]},"card_choices":[{"not_picked":["Thunderclap","Blade Dance"],"picked":"Acrobatics","floor":1},{"not_picked":["Headbutt","Iron Wave"],"picked":"Sucker Punch","floor":2},{"not_picked":["Shrug It Off","Metamorphosis"],"picked":"Secret Technique","floor":7},{"not_picked":["Poisoned Stab","Flex"],"picked":"Shockwave","floor":11},{"not_picked":["Sword Boomerang","Warcry"],"picked":"Dagger Throw","floor":14}],"player_experience":132442,"relics_obtained":[{"floor":7,"key":"Lantern"},{"floor":9,"key":"Mummified Hand"},{"floor":11,"key":"Paper Crane"}],"event_choices":[{"damage_healed":0,"gold_gain":0,"player_choice":"Box","damage_taken":0,"relics_obtained":["Ornamental Fan"],"max_hp_gain":0,"max_hp_loss":0,"event_name":"Big Fish","floor":3,"gold_loss":0,"cards_obtained":["Regret"]},{"damage_healed":0,"gold_gain":0,"player_choice":"Entered Light","damage_taken":14,"max_hp_gain":0,"max_hp_loss":0,"event_name":"Shining Light","floor":4,"gold_loss":0,"cards_upgraded":["Strike_G","Neutralize"]},{"damage_healed":0,"gold_gain":0,"player_choice":"Lose Max HP","damage_taken":0,"relics_obtained":["Golden Idol"],"max_hp_gain":0,"max_hp_loss":5,"event_name":"Golden Idol","floor":5,"gold_loss":0},{"damage_healed":0,"gold_gain":0,"player_choice":"Gave Potion","damage_taken":0,"relics_obtained":["Nunchaku"],"max_hp_gain":0,"max_hp_loss":0,"event_name":"WeMeetAgain","floor":13,"gold_loss":0}],"is_beta":false,"boss_relics":[],"items_purged_floors":[12],"is_endless":false,"potions_floor_spawned":[2],"killed_by":"The Guardian","ascension_level":0}}