{"host":"tkinv8gv6hgcc58b","time":1610749068,"event":{"mods":["BaseMod","Colored Map","Downfall","Googly Eyes","Hermit","Minty Spire (QoL Compilation)","READ ME - Guardian Mod","StSLib","The Cursed","The Disciple"],"gold_per_floor":[99,99,99,99,116,101,169,169,199,199,111,126,126,139,153,153,153,153],"floor_reached":16,"language":"ENG","playtime":1117,"items_purged":[],"score":88,"play_id":"519e1393-8019-4357-bde9-72820136af5a","local_time":"20210115171748","is_ascension_mode":false,"campfire_choices":[{"data":"champ:Taunt","floor":1,"key":"SMITH"},{"data":"champ:ViciousMockery","floor":8,"key":"SMITH"},{"floor":10,"key":"REST"},{"data":"champ:Devastate","floor":13,"key":"SMITH"}],"circlet_count":0,"master_deck":["champ:Strike","champ:Strike","champ:Strike","champ:Strike","champ:Defend","champ:Defend","champ:Defend","champ:Defend","champ:Execute","champ:Taunt+1","champ:Encircle","champ:CrookedStrike","champ:GutPunch","champ:HeartStrike","champ:ViciousMockery+1","champ:DefensiveShout","champ:Devastate+1","champ:ShieldWall","champ:ArenaPreparation","champ:SteelEdge","champ:DeathBlow"],"relics":["champ:ChampionCrown","downfall:HeartsMalice","Pear","Odd Mushroom"],"acts_visited":["Exordium"],"potions_floor_usage":[16],"damage_taken":[{"damage":0,"enemies":"Cultist","floor":2,"turns":1},{"damage":0,"enemies":"Small Slimes","floor":3,"turns":1},{"damage":0,"enemies":"Jaw Worm","floor":4,"turns":1},{"damage":38,"enemies":"Gremlin Gang","floor":5,"turns":9},{"damage":12,"enemies":"downfall:FleeingMerchant","floor":6,"turns":4},{"damage":37,"enemies":"The Mushroom Lair","floor":9,"turns":5},{"damage":17,"enemies":"downfall:FleeingMerchant","floor":11,"turns":4},{"damage":18,"enemies":"3 Louse","floor":12,"turns":3},{"damage":25,"enemies":"Large Slime","floor":14,"turns":6},{"damage":16,"enemies":"Exordium Wildlife","floor":15,"turns":3},{"damage":60,"enemies":"downfall:Defect","floor":16,"turns":6}],"seed_played":"-2482489959483448018","potions_obtained":[{"floor":9,"key":"LiquidMemories"},{"floor":12,"key":"Fire Potion"}],"is_trial":false,"path_per_floor":["R","M","M","M","M","$","T","R","?","R","$","M","R","M","M","B"],"character_chosen":"THE_CHAMP","items_purchased":["champ:ShieldWall"],"campfire_rested":1,"item_purchase_floors":[11],"current_hp_per_floor":[90,90,90,90,78,78,88,88,61,91,86,75,75,62,50,0,0,0],"gold":153,"neow_bonus":"THREE_ENEMY_KILL","is_daily":false,"chose_seed":false,"campfire_upgraded":3,"win_rate":0.0,"timestamp":1610749068,"path_taken":["R","M","M","M","?","$","T","R","?","R","$","M","R","M","M","BOSS"],"items_purchased_type":["Card"],"build_version":"2020-12-22","purchased_purges":0,"victory":false,"max_hp_per_floor":[90,90,90,90,90,90,100,100,100,100,100,100,100,100,100,100,100,100],"card_choices":[{"not_picked":["champ:DefensiveShout","champ:RapidStrikes"],"picked":"champ:Encircle","floor":2},{"not_picked":["champ:Backstep","champ:Haymaker"],"picked":"champ:CrookedStrike","floor":3},{"not_picked":["champ:Lariat","champ:DefensiveShout"],"picked":"champ:GutPunch","floor":4},{"not_picked":["champ:AdrenalArmor","champ:FocusedDefense"],"picked":"champ:HeartStrike","floor":5},{"not_picked":["champ:BerserkersShout","champ:PreciseThrust"],"picked":"champ:ViciousMockery","floor":6},{"not_picked":["champ:FocusedBerserking","champ:BladeFlurry"],"picked":"champ:DefensiveShout","floor":9},{"not_picked":["champ:Circumvent","champ:BerserkerStyle"],"picked":"champ:Devastate","floor":11},{"not_picked":["champ:Circumvent","champ:Duel"],"picked":"champ:ArenaPreparation","floor":12},{"not_picked":["champ:AdrenalArmor","champ:RisingSlash"],"picked":"champ:SteelEdge","floor":14},{"not_picked":["champ:Haymaker","champ:DefensiveStyle"],"picked":"champ:DeathBlow","floor":15}],"player_experience":990190,"relics_obtained":[{"floor":7,"key":"Pear"},{"floor":9,"key":"Odd Mushroom"}],"event_choices":[{"damage_healed":0,"gold_gain":0,"player_choice":"Fought Mushrooms","damage_taken":0,"max_hp_gain":0,"max_hp_loss":0,"event_name":"Mushrooms","floor":9,"gold_loss":0}],"is_beta":false,"boss_relics":[],"items_purged_floors":[],"is_endless":false,"potions_floor_spawned":[9,12],"killed_by":"downfall:Defect","ascension_level":0}}