{"host":"9kesdg97wkrx2bva","time":1610736905,"event":{"mods":["AchievementEnabler","BaseMod","Colored Map","Downfall","GifTheSpireLib","Infinite Spire","Minty Spire (QoL Compilation)","Replay The Spire","StSLib"],"gold_per_floor":[115,133,58,58,133,133,168,186,186,214,214,25,40,50,50,121,121,133,145,60,60,60,70,70,70],"floor_reached":24,"language":"ENG","playtime":811,"items_purged":["Strike_B","Strike_B"],"score":381,"play_id":"fc17e168-bfd0-447a-90aa-6efaab66ae68","local_time":"20210115135505","is_ascension_mode":true,"campfire_choices":[{"floor":6.0,"key":"REST"},{"data":"Zap","floor":11.0,"key":"SMITH"},{"floor":15.0,"key":"REST"}],"circlet_count":0,"master_deck":["AscendersBane","Strike_B","Strike_B","Defend_B","Defend_B","Defend_B","Defend_B","Zap+1","Dualcast","Streamline","Heatsinks","Storm","infinitespire:TheBestDefense","Go for the Eyes","Force Field","Go for the Eyes","White Noise","Self Repair","Creative AI","Leap","Defragment","ReplayGash"],"relics":["FrozenCore","ReplayTheSpireMod:Shallot","MealTicket","Akabeko"],"acts_visited":["Exordium","TheCity"],"potions_floor_usage":[],"damage_taken":[{"damage":0.0,"enemies":"2 Louse","floor":1.0,"turns":2.0},{"damage":20.0,"enemies":"Small Slimes","floor":2.0,"turns":3.0},{"damage":11.0,"enemies":"Lagavulin","floor":7.0,"turns":6.0},{"damage":0.0,"enemies":"Jaw Worm","floor":8.0,"turns":3.0},{"damage":12.0,"enemies":"3 Sentries","floor":10.0,"turns":7.0},{"damage":7.0,"enemies":"Exordium Thugs","floor":13.0,"turns":4.0},{"damage":12.0,"enemies":"Lots of Slimes","floor":14.0,"turns":5.0},{"damage":25.0,"enemies":"Hexaghost","floor":16.0,"turns":11.0},{"damage":41.0,"enemies":"3 Byrds","floor":18.0,"turns":8.0},{"damage":10.0,"enemies":"Spheric Guardian","floor":19.0,"turns":8.0},{"damage":29.0,"enemies":"Shelled Parasite and Fungi","floor":23.0,"turns":10.0},{"damage":13,"enemies":"Cultist and Chosen","floor":24,"turns":5}],"seed_played":"-8668438203003925075","potions_obtained":[{"floor":1.0,"key":"champ:CounterPotion"},{"floor":2.0,"key":"FearPotion"},{"floor":8.0,"key":"SkillPotion"},{"floor":13.0,"key":"Energy Potion"},{"floor":18.0,"key":"Swift Potion"}],"is_trial":false,"path_per_floor":["M","M","$","?","?","R","E","M","T","E","R","$","M","M","R","B",null,"M","M","$","?","?","M","M"],"character_chosen":"DEFECT","items_purchased":["White Noise","Defragment"],"campfire_rested":2,"item_purchase_floors":[12,20],"current_hp_per_floor":[64,44,44,28,17,38,27,27,27,15,15,30,23,18,39,21,59,25,22,37,37,37,15,2,2],"gold":70,"neow_bonus":"THREE_CARDS","is_daily":false,"chose_seed":false,"campfire_upgraded":1,"win_rate":0.0,"timestamp":1610736905,"path_taken":["M","M","$","?","?","R","E","M","T","E","R","$","M","M","R","BOSS","M","M","$","?","?","M","M"],"items_purchased_type":["Card","Card"],"build_version":"2020-12-22","purchased_purges":2,"victory":false,"max_hp_per_floor":[71,71,71,71,71,71,71,71,71,71,71,71,71,71,71,71,71,71,71,71,71,71,71,71,71],"card_choices":[{"not_picked":["Reinforced Body","Leap"],"picked":"Streamline","floor":0.0},{"not_picked":["Barrage","Stack"],"picked":"Heatsinks","floor":1.0},{"not_picked":["Hologram","Sweeping Beam"],"picked":"Storm","floor":2.0},{"not_picked":["ReplayTheSpireMod:Book of Names","infinitespire:Punishment"],"picked":"infinitespire:TheBestDefense","floor":4.0},{"not_picked":["Hologram","Barrage"],"picked":"Go for the Eyes","floor":7.0},{"not_picked":["Conserve Battery","Chill"],"picked":"Force Field","floor":8.0},{"not_picked":["Sweeping Beam","Redo"],"picked":"Go for the Eyes","floor":10.0},{"not_picked":["Steam","Barrage"],"picked":"Self Repair","floor":13.0},{"not_picked":["Reinforced Body","Hologram","Lockon"],"picked":"SKIP","floor":14.0},{"not_picked":["Meteor Strike","Rainbow"],"picked":"Creative AI","floor":16.0},{"not_picked":["Redo","Go for the Eyes","Rip and Tear"],"picked":"SKIP","floor":18.0},{"not_picked":["Streamline","Stack"],"picked":"Leap","floor":19.0},{"not_picked":["Steam","Leap"],"picked":"ReplayGash","floor":23.0}],"player_experience":944604,"relics_obtained":[{"floor":7.0,"key":"ReplayTheSpireMod:Shallot"},{"floor":9.0,"key":"MealTicket"},{"floor":10.0,"key":"Akabeko"}],"event_choices":[{"damage_healed":0.0,"max_hp_gain":0.0,"max_hp_loss":0.0,"gold_gain":75.0,"event_name":"World of Goop","player_choice":"Gather Gold","floor":5.0,"gold_loss":0.0,"damage_taken":11.0},{"damage_healed":0.0,"max_hp_gain":0.0,"max_hp_loss":0.0,"gold_gain":0.0,"event_name":"The Mausoleum","player_choice":"Ignored","floor":21.0,"gold_loss":0.0,"damage_taken":0.0}],"is_beta":false,"boss_relics":[{"not_picked":["Painkiller Herb","ReplayTheSpireMod:DimensionalGlitch"],"picked":"FrozenCore"}],"items_purged_floors":[3,12],"is_endless":false,"potions_floor_spawned":[1,2,8,13,18],"killed_by":"Cultist and Chosen","ascension_level":17}}