{"host":"owfagvjreo3l000m","time":1610717580,"event":{"mods":["BaseMod","Downfall","Hermit","Hubris","Minty Spire (QoL Compilation)","Replay The Spire","StSLib","The Cursed","The Senshi","The Servant 0.9.4"],"gold_per_floor":[99,99,99,99,99,126,126,126,160,160,19,36,36,55,71,174,174,174,186,186,199,209,18,45,45,73,73,83,83,83,98,113,113,113],"floor_reached":33,"language":"ENG","playtime":1907,"items_purged":["Strike_S","Strike_S"],"score":298,"play_id":"596b4f63-6055-4b57-a5b9-7c8d52da9d1d","local_time":"20210115083300","is_ascension_mode":false,"campfire_choices":[{"data":"Exchange","floor":1,"key":"SMITH"},{"floor":18,"key":"DIG"},{"data":"Foresight","floor":25,"key":"SMITH"},{"data":"Deny","floor":27,"key":"SMITH"},{"data":"Potential","floor":27,"key":"SMITH"},{"data":"TimeWarp","floor":30,"key":"SMITH"},{"data":"ShatteredReality","floor":30,"key":"SMITH"}],"circlet_count":0,"master_deck":["Strike_S","Strike_S","Defend_S","Defend_S","Defend_S","Defend_S","KidneyShot+1","Exchange+1","ShatteredReality+1","Sabotage","Sabotage","Potential+1","Alleviate","Deny+1","ShatteredReality","Potential+1","Replace","Sunlight","FastForward","Initiator","TimeWarp+1","FanOfKnives","ShatteredReality+1","Alleviate","Foresight+1","Deny"],"relics":["Uniform","downfall:HeartsMalice","hubris:64BitClover","Torii","ReplayTheSpireMod:TigerMarble","hubris:Icosahedron","Runic Dome","Nunchaku","HornCleat","Happy Flower","Replay:Arrowhead"],"acts_visited":["Exordium","TheCity"],"potions_floor_usage":[16],"damage_taken":[{"damage":0,"enemies":"Small Slimes","floor":3,"turns":1},{"damage":0,"enemies":"Cultist","floor":4,"turns":1},{"damage":0,"enemies":"2 Louse","floor":5,"turns":1},{"damage":27,"enemies":"3 Sentries","floor":6,"turns":9},{"damage":23,"enemies":"Lagavulin","floor":9,"turns":7},{"damage":0,"enemies":"downfall:FleeingMerchant","floor":11,"turns":4},{"damage":0,"enemies":"2 Fungi Beasts","floor":12,"turns":3},{"damage":0,"enemies":"Exordium Wildlife","floor":14,"turns":1},{"damage":0,"enemies":"Red Slaver","floor":15,"turns":1},{"damage":8,"enemies":"downfall:Watcher","floor":16,"turns":9},{"damage":5,"enemies":"3 Byrds","floor":19,"turns":3},{"damage":13,"enemies":"Shell Parasite","floor":21,"turns":5},{"damage":10,"enemies":"Sentry and Sphere","floor":22,"turns":3},{"damage":0,"enemies":"downfall:FleeingMerchant","floor":23,"turns":4},{"damage":0,"enemies":"Slavers","floor":26,"turns":2},{"damage":0,"enemies":"Cultist and Chosen","floor":28,"turns":2},{"damage":1,"enemies":"Chosen and Byrds","floor":31,"turns":2},{"damage":0,"enemies":"Centurion and Healer","floor":32,"turns":3},{"damage":37,"enemies":"downfall:Silent","floor":33,"turns":7}],"seed_played":"-7125019962589672199","potions_obtained":[{"floor":9,"key":"Death Potion"},{"floor":12,"key":"hexamod:EctoCoolerPotion"},{"floor":14,"key":"Ancient Potion"},{"floor":16,"key":"Doom Potion"}],"is_trial":false,"path_per_floor":["R","?","M","M","M","E","T","?","E","?","$","M","?","M","M","B",null,"R","M","?","M","M","$","T","R","E","R","M","?","R","M","M","B"],"character_chosen":"THE_SERVANT","items_purchased":["ShatteredReality","Foresight"],"campfire_rested":0,"item_purchase_floors":[11,23],"current_hp_per_floor":[65,65,65,65,65,38,38,38,15,15,23,23,23,23,23,15,65,65,60,60,47,37,37,37,37,37,37,37,37,37,36,36,0,0],"gold":113,"neow_bonus":"THREE_ENEMY_KILL","is_daily":false,"chose_seed":false,"campfire_upgraded":6,"win_rate":0.0,"timestamp":1610717580,"path_taken":["R","?","M","?","M","E","T","?","E","?","?","?","?","?","M","BOSS","R","M","?","?","M","$","T","R","E","R","M","?","R","M","M","BOSS"],"items_purchased_type":["Card","Card"],"build_version":"2020-12-22","purchased_purges":2,"victory":false,"max_hp_per_floor":[65,65,65,65,65,65,65,65,65,65,65,65,65,65,65,65,65,65,65,65,65,65,65,65,65,65,65,65,65,65,65,65,65,65],"card_choices":[{"not_picked":["Alleviate","Starlight"],"picked":"ShatteredReality","floor":3},{"not_picked":["FanOfKnives","MoonPhase"],"picked":"Sabotage","floor":4},{"not_picked":["Snipe","DualDimension"],"picked":"Sabotage","floor":5},{"not_picked":["Ricochet","BottledTime"],"picked":"Potential","floor":6},{"not_picked":["Desolation","FanOfKnives"],"picked":"Alleviate","floor":9},{"not_picked":["Contraction","KillingDoll"],"picked":"Deny","floor":11},{"not_picked":["Rewind","FastForward"],"picked":"Potential","floor":12},{"not_picked":["Replace","Unruled","Rearm"],"picked":"SKIP","floor":14},{"not_picked":["Shuttle","Starlight"],"picked":"FastForward","floor":15},{"not_picked":["Sunlight","TheWorld"],"picked":"Initiator","floor":16},{"not_picked":["Collapse","Starlight"],"picked":"TimeWarp","floor":19},{"not_picked":["Starlight","Sabotage","StarChef"],"picked":"SKIP","floor":21},{"not_picked":["DoubleEdge","BottledTime+1"],"picked":"ShatteredReality+1","floor":22},{"not_picked":["RealityMarble","StarChef"],"picked":"Alleviate","floor":23},{"not_picked":["Moonlight","BottledTime","Read"],"picked":"SKIP","floor":26},{"not_picked":["Starlight","Ricochet"],"picked":"Deny","floor":28},{"not_picked":["DoubleEdge","Contraction","Read"],"picked":"SKIP","floor":31},{"not_picked":["Alleviate","MoonPhase","BottledTime"],"picked":"SKIP","floor":32}],"player_experience":612061,"relics_obtained":[{"floor":6,"key":"hubris:64BitClover"},{"floor":7,"key":"Torii"},{"floor":9,"key":"ReplayTheSpireMod:TigerMarble"},{"floor":18,"key":"Nunchaku"},{"floor":22,"key":"HornCleat"},{"floor":24,"key":"Happy Flower"},{"floor":26,"key":"Replay:Arrowhead"}],"event_choices":[{"damage_healed":0,"gold_gain":0,"player_choice":"Forge","damage_taken":0,"max_hp_gain":0,"max_hp_loss":0,"event_name":"Accursed Blacksmith","floor":2,"gold_loss":0,"cards_upgraded":["KidneyShot"]}],"is_beta":false,"boss_relics":[{"not_picked":["Abe\u0027s Treasure","Replay:Wanted Poster"],"picked":"Runic Dome"}],"items_purged_floors":[11,23],"is_endless":false,"potions_floor_spawned":[9,12,14,16,21,22,32],"killed_by":"downfall:Silent","ascension_level":0}}