{"host":"qmlry8i8enac5s44","time":1610716933,"event":{"mods":["Act Like it!","BaseMod","Colored Map","Gensokyo","Luminous","Marisa£®ÏF”Í°°ƒß¿Ì…≥£©","Minty Spire (QoL Compilation)","StSLib","°æ“≈ŒÔø®≈∆°øREMEMod"],"gold_per_floor":[116,134,134,144,144,178,178,210,210,210,243,261,271,121,121,217,217,533,549,549,549,549],"floor_reached":21,"language":"ZHS","playtime":2001,"items_purged":[],"score":234,"play_id":"a133a11d-d4fc-4d13-a8da-b2d3e6428ade","local_time":"20210115212213","is_ascension_mode":true,"campfire_choices":[{"data":"PowerUp","floor":7.0,"key":"SMITH"},{"floor":15.0,"key":"REST"}],"circlet_count":0,"master_deck":["Strike_MRS","Strike_MRS","Strike_MRS","Defend_MRS","Defend_MRS","Defend_MRS","Defend_MRS","MasterSpark","UpSweep","PowerUp+1","Acceleration","RefractionSpark","MachineGunSpark","MillisecondPulsars"],"relics":["REME_ComplimentaryCards","REME_DuelDisc","Pear","FossilizedHelix","Question Card","Omamori","Gensokyo:MarisaPhilosophersStone","Unceasing Top","Snecko Eye","Kunai","Girya"],"acts_visited":["Exordium","Gensokyo:Gensokyo"],"potions_floor_usage":[18,19,21],"damage_taken":[{"damage":4.0,"enemies":"Gensokyo:2_Kodama","floor":1.0,"turns":2.0},{"damage":0.0,"enemies":"Gensokyo:3_Fairies","floor":2.0,"turns":5.0},{"damage":1.0,"enemies":"Gensokyo:Gryphon","floor":4.0,"turns":4.0},{"damage":0.0,"enemies":"Gensokyo:Mamizou","floor":6.0,"turns":5.0},{"damage":7.0,"enemies":"Gensokyo:Aya","floor":8.0,"turns":5.0},{"damage":12.0,"enemies":"Gensokyo:Aya","floor":10.0,"turns":5.0},{"damage":24.0,"enemies":"Gensokyo:Cirno","floor":11.0,"turns":6.0},{"damage":0.0,"enemies":"Gensokyo:Python_and_Kodama","floor":12.0,"turns":2.0},{"damage":6.0,"enemies":"Gensokyo:2_Rabbits","floor":13.0,"turns":2.0},{"damage":36.0,"enemies":"Gensokyo:Yukari","floor":16.0,"turns":7.0},{"damage":31,"enemies":"Gensokyo:3_Dogs","floor":18,"turns":7},{"damage":49,"enemies":"Gensokyo:CosmicMonolith","floor":19,"turns":6},{"damage":10,"enemies":"Gensokyo:Swordslinger","floor":21,"turns":2}],"seed_played":"-2541038240856914725","potions_obtained":[{"floor":2.0,"key":"Energy Potion"},{"floor":4.0,"key":"ColorlessPotion"},{"floor":13.0,"key":"Fire Potion"},{"floor":16.0,"key":"BottledSpark"},{"floor":18,"key":"Weak Potion"}],"is_trial":false,"path_per_floor":["M","M","?","M","?","E","R","E","T","?","E","M","M","COS","R","B",null,"M","M","?","M"],"character_chosen":"MARISA","items_purchased":[],"campfire_rested":1,"item_purchase_floors":[],"current_hp_per_floor":[71,71,66,65,65,65,65,58,58,46,22,22,16,16,41,5,85,54,5,5,0,0],"gold":549,"neow_bonus":"BOSS_RELIC","is_daily":false,"chose_seed":false,"campfire_upgraded":1,"win_rate":0.0,"timestamp":1610716933,"path_taken":["M","M","?","M","?","E","R","E","T","?","E","?","M","COS","R","BOSS","M","M","?","M"],"items_purchased_type":[],"build_version":"2020-12-22","purchased_purges":0,"victory":false,"max_hp_per_floor":[75,75,85,85,85,85,85,85,85,85,85,85,85,85,85,85,85,85,85,85,85,85],"card_choices":[{"not_picked":["NonDirectionalLaser","EnergyFlow","OneTimeOff"],"picked":"SKIP","floor":1.0},{"not_picked":["UnstableBomb","DoubleSpark"],"picked":"PowerUp","floor":2.0},{"not_picked":["EventHorizon","WitchOfGreed"],"picked":"Acceleration","floor":4.0},{"not_picked":["DragonMeteor","DarkSpark","Occultation"],"picked":"SKIP","floor":6.0},{"not_picked":["GravityBeat","GasGiant","ShootingEcho"],"picked":"SKIP","floor":8.0},{"not_picked":["OortCloud","NonDirectionalLaser","EnergyRecoil"],"picked":"MachineGunSpark","floor":11.0},{"not_picked":["Acceleration","DarkSpark","LuminesStrike","ShootingEcho"],"picked":"SKIP","floor":12.0},{"not_picked":["NonDirectionalLaser","GasGiant","SporeBomb","6A"],"picked":"SKIP","floor":13.0},{"not_picked":["StarDustReverie","JA","CollectingQuirk"],"picked":"MillisecondPulsars","floor":16.0},{"not_picked":["ChargeUpSpray+1","SporeBomb","LuminesStrike","GrandCross"],"picked":"SKIP","floor":18},{"not_picked":["WitchOfGreed","PropBag","ShootingEcho","NonDirectionalLaser"],"picked":"SKIP","floor":19}],"player_experience":327381,"relics_obtained":[{"floor":6.0,"key":"FossilizedHelix"},{"floor":8.0,"key":"Question Card"},{"floor":9.0,"key":"Omamori"},{"floor":10.0,"key":"Gensokyo:MarisaPhilosophersStone"},{"floor":11.0,"key":"Unceasing Top"}],"event_choices":[],"is_beta":false,"boss_relics":[{"not_picked":["Astrolabe","Velvet Choker"],"picked":"Snecko Eye"}],"items_purged_floors":[],"is_endless":false,"potions_floor_spawned":[2,4,13,16,18],"killed_by":"Gensokyo:Swordslinger","ascension_level":1}}