{"host":"15dd7v8o90xso62x","time":1610744855,"event":{"mods":["BaseMod","Minty Spire (QoL Compilation)","Quick Restart","StSLib","SuperFastMode"],"gold_per_floor":[117,117,129,54,54,86,104,104,130,130,156,179,204,279,279,353,353,364,364,376,390,261,286,299,299,347,375,425,443,443,457,457,457,457],"floor_reached":33,"language":"KOR","playtime":1047,"items_purged":["Defend_P","Defend_P"],"score":706,"play_id":"cdc2382b-49d6-4ef3-b83a-4257ecaf5208","local_time":"20210116060735","is_ascension_mode":true,"campfire_choices":[{"data":"Eruption","floor":8.0,"key":"SMITH"},{"data":"Tantrum","floor":10.0,"key":"SMITH"},{"data":"Wallop","floor":15.0,"key":"SMITH"},{"floor":25,"key":"REST"},{"data":"MentalFortress","floor":30,"key":"SMITH"},{"floor":32,"key":"REST"}],"circlet_count":0,"master_deck":["AscendersBane","Strike_P+1","Strike_P","Strike_P","Strike_P","Defend_P+1","Defend_P+1","Eruption+1","Vigilance","Protect","Wallop+1","Tantrum+1","LessonLearned","CrushJoints","EmptyFist","WheelKick+1","MentalFortress+1","MentalFortress"],"relics":["PureWater","NeowsBlessing","Du-Vu Doll","Turnip","Akabeko","Anchor","Odd Mushroom","Centennial Puzzle","Sozu","TungstenRod","MealTicket","Sundial"],"acts_visited":["Exordium","TheCity"],"potions_floor_usage":[29],"damage_taken":[{"damage":0.0,"enemies":"2 Louse","floor":1.0,"turns":1.0},{"damage":0.0,"enemies":"Cultist","floor":3.0,"turns":1.0},{"damage":0.0,"enemies":"Gremlin Nob","floor":6.0,"turns":1.0},{"damage":0.0,"enemies":"Small Slimes","floor":7.0,"turns":2.0},{"damage":0.0,"enemies":"Lagavulin","floor":11.0,"turns":4.0},{"damage":0.0,"enemies":"The Mushroom Lair","floor":12.0,"turns":3.0},{"damage":10.0,"enemies":"3 Sentries","floor":13.0,"turns":5.0},{"damage":20.0,"enemies":"Hexaghost","floor":16.0,"turns":5.0},{"damage":7.0,"enemies":"Shell Parasite","floor":18.0,"turns":3.0},{"damage":11.0,"enemies":"2 Thieves","floor":20.0,"turns":4.0},{"damage":1,"enemies":"Snake Plant","floor":21,"turns":3},{"damage":10,"enemies":"Book of Stabbing","floor":23,"turns":3},{"damage":5,"enemies":"Centurion and Healer","floor":24,"turns":5},{"damage":22,"enemies":"Gremlin Leader","floor":27,"turns":5},{"damage":0,"enemies":"Shelled Parasite and Fungi","floor":29,"turns":3},{"damage":0,"enemies":"Snecko","floor":31,"turns":4},{"damage":52,"enemies":"Champ","floor":33,"turns":9}],"seed_played":"8931033424930690031","potions_obtained":[{"floor":2.0,"key":"SkillPotion"},{"floor":2.0,"key":"BlessingOfTheForge"},{"floor":7.0,"key":"BottledMiracle"},{"floor":13.0,"key":"Weak Potion"}],"is_trial":false,"path_per_floor":["M","?","M","$","T","E","M","R","T","R","E","?","E","?","R","B",null,"M","?","M","M","$","E","M","R","T","E","?","M","R","M","R","B"],"character_chosen":"WATCHER","items_purchased":["EmptyFist"],"campfire_rested":2,"item_purchase_floors":[22],"current_hp_per_floor":[61,61,61,61,61,61,61,61,61,61,61,61,51,40,40,20,56,49,54,43,42,42,32,27,47,47,25,25,25,25,25,45,0,0],"gold":457,"neow_bonus":"THREE_ENEMY_KILL","is_daily":false,"chose_seed":false,"campfire_upgraded":4,"win_rate":0.0,"timestamp":1610744855,"path_taken":["M","?","?","$","?","E","M","R","T","R","E","?","E","?","R","BOSS","M","?","M","?","$","E","M","R","T","E","?","M","R","M","R","BOSS"],"items_purchased_type":["Card"],"build_version":"2020-12-22","purchased_purges":2,"victory":false,"max_hp_per_floor":[68,68,68,68,68,68,68,68,68,68,68,68,68,68,68,68,68,68,68,68,68,68,68,68,68,68,68,68,68,68,68,68,68,68],"card_choices":[{"not_picked":["JustLucky","SandsOfTime"],"picked":"Consecrate","floor":1.0},{"not_picked":["Crescendo","EmptyBody"],"picked":"Protect","floor":3.0},{"not_picked":["Halt","CarveReality"],"picked":"Wallop","floor":6.0},{"not_picked":["Pray","Prostrate"],"picked":"Tantrum","floor":7.0},{"not_picked":["Pray","BowlingBash","FlyingSleeves"],"picked":"SKIP","floor":11.0},{"not_picked":["ReachHeaven","LikeWater","Sanctity"],"picked":"SKIP","floor":13.0},{"not_picked":["Devotion","Establishment"],"picked":"LessonLearned","floor":16.0},{"not_picked":["SignatureMove","PathToVictory","EmptyMind"],"picked":"SKIP","floor":18.0},{"not_picked":["FlurryOfBlows","EmptyFist"],"picked":"CrushJoints","floor":20.0},{"not_picked":["Prostrate","EmptyMind","Protect+1"],"picked":"SKIP","floor":21},{"not_picked":["WreathOfFlame","TalkToTheHand"],"picked":"WheelKick","floor":23},{"not_picked":["Weave","CrushJoints","SashWhip"],"picked":"SKIP","floor":24},{"not_picked":["LessonLearned","EmptyMind","PathToVictory"],"picked":"SKIP","floor":27},{"not_picked":["ClearTheMind+1","Protect"],"picked":"MentalFortress","floor":29},{"not_picked":["FollowUp","Conclude"],"picked":"MentalFortress","floor":31}],"player_experience":1036287,"relics_obtained":[{"floor":5.0,"key":"Du-Vu Doll"},{"floor":6.0,"key":"Turnip"},{"floor":9.0,"key":"Akabeko"},{"floor":11.0,"key":"Anchor"},{"floor":12.0,"key":"Odd Mushroom"},{"floor":13.0,"key":"Centennial Puzzle"},{"floor":23,"key":"TungstenRod"},{"floor":26,"key":"MealTicket"},{"floor":27,"key":"Sundial"}],"event_choices":[{"damage_healed":0.0,"max_hp_gain":0.0,"max_hp_loss":0.0,"gold_gain":0.0,"event_name":"Lab","player_choice":"Got Potions","floor":2.0,"gold_loss":0.0,"damage_taken":0.0},{"damage_healed":0.0,"max_hp_gain":0.0,"max_hp_loss":0.0,"gold_gain":0.0,"event_name":"Mushrooms","player_choice":"Fought Mushrooms","floor":12.0,"gold_loss":0.0,"damage_taken":0.0},{"damage_healed":0.0,"max_hp_gain":0.0,"max_hp_loss":0.0,"gold_gain":75.0,"event_name":"World of Goop","player_choice":"Gather Gold","floor":14.0,"gold_loss":0.0,"damage_taken":11.0},{"cards_removed":["Consecrate"],"damage_healed":5.0,"max_hp_gain":0.0,"max_hp_loss":0.0,"gold_gain":0.0,"event_name":"Bonfire Elementals","player_choice":"Offered Common","floor":19.0,"gold_loss":0.0,"damage_taken":0.0},{"cards_removed":["Consecrate"],"damage_healed":5.0,"max_hp_gain":0.0,"max_hp_loss":0.0,"gold_gain":0.0,"event_name":"Bonfire Elementals","player_choice":"Offered Special","floor":19.0,"gold_loss":0.0,"damage_taken":0.0},{"damage_healed":0,"gold_gain":50,"player_choice":"Stole From Cult","damage_taken":0,"max_hp_gain":0,"max_hp_loss":0,"event_name":"Nest","floor":28,"gold_loss":0}],"is_beta":false,"boss_relics":[{"not_picked":["Snecko Eye","Coffee Dripper"],"picked":"Sozu"}],"items_purged_floors":[4,22],"is_endless":false,"potions_floor_spawned":[7,13,16,20,21,24,31],"killed_by":"Champ","ascension_level":20}}