{"host":"64agj841g523yxf2","time":1610730564,"event":{"mods":["BaseMod","ChefMod","Hermit","Minty Spire (QoL Compilation)","Remilia??????","Replay The Spire","StSLib","SuperFastMode","The Bug Knight","The Construct","The Cursed","The Disciple","The Hierophant","The Marked","The Mystic","The Necromancer","The Poker Player","The Senshi","The Servant 0.9.4","Yuyuko"],"gold_per_floor":[117,128,53,59,59,59,58,85,85,85,117,151,191,215,215,318,318,346,355,355,382,22,22,68,68,68,115,55,55,80,80,80,175,175,216,216,235,99,147,147,147,147,147,147,147,203,78,136,136,112,112],"floor_reached":50,"language":"ENG","playtime":3567,"items_purged":["hierophant:Strike_Hierophant","hierophant:Defend_Hierophant","hierophant:Strike_Hierophant"],"score":692,"play_id":"88784587-97e6-4f44-94a6-a1ae55ed5fd5","local_time":"20210115180924","is_ascension_mode":false,"campfire_choices":[{"data":"hierophant:FlamingChariot","floor":6,"key":"SMITH"},{"data":"hierophant:ChurchCoffers","floor":10,"key":"SMITH"},{"floor":15,"key":"REST"},{"data":"hierophant:FieryStrike","floor":23,"key":"SMITH"},{"data":"hierophant:LocustPlague","floor":25,"key":"SMITH"},{"data":"hierophant:OrnateBuckler","floor":29,"key":"SMITH"},{"data":"hierophant:OrnateBuckler","floor":32,"key":"SMITH"},{"data":"hierophant:Determination","floor":40,"key":"SMITH"},{"data":"hierophant:Patience","floor":42,"key":"SMITH"},{"data":"hierophant:OrnateJavelin","floor":44,"key":"SMITH"},{"data":"hierophant:Punish","floor":49,"key":"SMITH"}],"circlet_count":0,"master_deck":["hierophant:Strike_Hierophant","hierophant:Punish+1","hierophant:Defend_Hierophant","hierophant:Defend_Hierophant","hierophant:Defend_Hierophant","hierophant:ChurchCoffers+1","hierophant:FieryStrike+1","hierophant:OrnateJavelin","hierophant:FlamingChariot+1","hierophant:Doubloon","hierophant:Dazzle","hierophant:OrnateBuckler+1","hierophant:Patience+1","hierophant:OrnateBuckler+1","hierophant:LocustPlague+1","hierophant:SealAway+1","hierophant:Zeal+1","Panacea","hierophant:Encroach","hierophant:SecretStash","hierophant:OrnateJavelin+1","Trip","hierophant:ThreeLashes+1","hierophant:Determination+1"],"relics":["hierophant:PropheticMaskRelic","Pen Nib","Ancient Tea Set","theSenshi:SuperSailorFukuRelic","White Beast Statue","Replay:Bronze Core","BargainBundle","ReplayFunnel","Dream Catcher","Potion Belt","Shuriken","Coffee Dripper","Eternal Feather"],"acts_visited":["Exordium","TheCity","TheBeyond"],"potions_floor_usage":[16,33,33,37,37,39,39,50,50,50,50,50],"damage_taken":[{"damage":1,"enemies":"2 Louse","floor":1,"turns":2},{"damage":3,"enemies":"Jaw Worm","floor":2,"turns":3},{"damage":0,"enemies":"Small Slimes","floor":4,"turns":2},{"damage":10,"enemies":"Looter","floor":7,"turns":2},{"damage":13,"enemies":"Lagavulin","floor":8,"turns":5},{"damage":0,"enemies":"Large Slime","floor":11,"turns":5},{"damage":0,"enemies":"Blue Slaver","floor":12,"turns":1},{"damage":0,"enemies":"Replay:BlueRogue","floor":13,"turns":4},{"damage":0,"enemies":"Looter","floor":14,"turns":2},{"damage":48,"enemies":"Fading Forest","floor":16,"turns":11},{"damage":1,"enemies":"2 Thieves","floor":18,"turns":5},{"damage":0,"enemies":"Chosen","floor":19,"turns":3},{"damage":4,"enemies":"Snecko","floor":21,"turns":7},{"damage":0,"enemies":"Replay:Snechameleon","floor":24,"turns":6},{"damage":4,"enemies":"Gremlin Leader","floor":27,"turns":7},{"damage":0,"enemies":"Snake Plant","floor":30,"turns":4},{"damage":48,"enemies":"Collector","floor":33,"turns":9},{"damage":0,"enemies":"Orb Walker","floor":35,"turns":3},{"damage":6,"enemies":"3 Darklings","floor":37,"turns":5},{"damage":19,"enemies":"Spire Growth","floor":39,"turns":4},{"damage":9,"enemies":"Maw","floor":46,"turns":7},{"damage":0,"enemies":"Sphere and 2 Shapes","floor":48,"turns":1},{"damage":81,"enemies":"Donu and Deca","floor":50,"turns":8}],"seed_played":"6279407732043530496","potions_obtained":[{"floor":2,"key":"EssenceOfSteel"},{"floor":7,"key":"DistilledChaos"},{"floor":8,"key":"Milkshake"},{"floor":14,"key":"Languid Potion"},{"floor":16,"key":"AttackPotion"},{"floor":27,"key":"Block Potion"},{"floor":30,"key":"CultistPotion"},{"floor":33,"key":"Energy Potion"},{"floor":35,"key":"Toxic Potion"},{"floor":37,"key":"Regen Potion"},{"floor":39,"key":"DistilledChaos"},{"floor":46,"key":"SteroidPotion"},{"floor":48,"key":"SneckoOil"}],"is_trial":false,"path_per_floor":["M","M","$","M","?","R","M","E","T","R","M","M","E","M","R","B",null,"M","M","?","M","$","R","E","R","T","E","?","R","M","?","R","B",null,"M","?","M","$","M","R","?","R","T","R","?","M","$","M","R","B"],"character_chosen":"HIEROPHANT","items_purchased":["BargainBundle","Panacea","SkillPotion","hierophant:Encroach","ReplayFunnel","hierophant:Determination"],"campfire_rested":1,"item_purchase_floors":[22,22,22,22,22,38],"current_hp_per_floor":[74,71,71,71,71,71,61,48,48,48,48,48,48,48,70,40,75,74,74,74,70,70,70,70,70,70,66,66,66,66,66,66,18,75,75,75,69,69,59,59,59,59,59,74,71,65,65,65,71,0,0],"gold":112,"neow_bonus":"RANDOM_COMMON_RELIC","is_daily":false,"chose_seed":false,"campfire_upgraded":10,"win_rate":0.0,"timestamp":1610730564,"path_taken":["M","M","$","M","?","R","M","E","T","R","M","M","E","M","R","BOSS","M","M","?","M","$","R","E","R","T","E","?","R","M","?","R","BOSS","M","?","M","$","M","R","?","R","T","R","?","M","?","?","R","BOSS"],"items_purchased_type":["Relic","Card","Potion","Card","Relic","Card"],"build_version":"2020-12-22","purchased_purges":3,"victory":false,"max_hp_per_floor":[75,75,75,75,75,75,75,75,75,75,75,75,75,75,75,75,75,75,75,75,75,75,75,75,75,75,75,75,75,75,75,75,75,75,75,75,75,75,75,75,75,75,75,75,71,71,71,71,71,71,71],"card_choices":[{"not_picked":["hierophant:Remorse","hierophant:Refuge"],"picked":"hierophant:FieryStrike","floor":1},{"not_picked":["hierophant:Remorse","hierophant:MorningPrayer"],"picked":"hierophant:OrnateJavelin","floor":2},{"not_picked":["hierophant:FieryStrike","hierophant:ConvertCurrency"],"picked":"hierophant:FlamingChariot","floor":4},{"not_picked":["hierophant:FlamingChariot","hierophant:Sermon"],"picked":"hierophant:Dazzle","floor":7},{"not_picked":["hierophant:ConvertCurrency","hierophant:Purify","hierophant:Smite"],"picked":"SKIP","floor":8},{"not_picked":["hierophant:Smite","hierophant:Empathy"],"picked":"hierophant:OrnateBuckler","floor":11},{"not_picked":["hierophant:FlamingChariot","hierophant:FieryStrike","hierophant:HammerAndAnvil"],"picked":"SKIP","floor":12},{"not_picked":["hierophant:RustyCrate","hierophant:Martyrdom"],"picked":"hierophant:Patience","floor":13},{"not_picked":["hierophant:FaithHealing","hierophant:ThreeLashes"],"picked":"hierophant:OrnateBuckler","floor":14},{"not_picked":["hierophant:Anathema","hierophant:BulkyChest"],"picked":"hierophant:LocustPlague","floor":16},{"not_picked":["hierophant:Flagellation","hierophant:Glossolalia"],"picked":"hierophant:SealAway+1","floor":18},{"not_picked":["hierophant:HammerAndAnvil","hierophant:Prophecy+1","hierophant:Smite+1"],"picked":"SKIP","floor":19},{"not_picked":["hierophant:EyeForCoin+1","hierophant:OrnateBuckler"],"picked":"hierophant:Zeal+1","floor":21},{"not_picked":["hierophant:Mercenaries","hierophant:Shelter","hierophant:Encroach"],"picked":"SKIP","floor":24},{"not_picked":["hierophant:Encroach+1","hierophant:SolarFlare"],"picked":"hierophant:SecretStash","floor":27},{"not_picked":["hierophant:PassingBell","hierophant:Purify","hierophant:Remorse+1"],"picked":"SKIP","floor":30},{"not_picked":["hierophant:HammerAndAnvil+1","hierophant:Flagellation+1","hierophant:Encroach"],"picked":"SKIP","floor":35},{"not_picked":["Chrysalis","ReplayTheSpireMod:Uncanny Aura"],"picked":"Trip","floor":36},{"not_picked":["hierophant:EyeForCoin+1","hierophant:Empathy"],"picked":"hierophant:ThreeLashes+1","floor":37},{"not_picked":["hierophant:Zeal+1","hierophant:Empathy+1","hierophant:CoinFling+1"],"picked":"SKIP","floor":39},{"not_picked":["hierophant:SealAway","hierophant:Refuge+1","hierophant:TollTheBells"],"picked":"SKIP","floor":46},{"not_picked":["hierophant:CursedGold+1","hierophant:Smite+1","hierophant:AuricShield"],"picked":"SKIP","floor":48}],"player_experience":301198,"relics_obtained":[{"floor":8,"key":"Ancient Tea Set"},{"floor":9,"key":"theSenshi:SuperSailorFukuRelic"},{"floor":13,"key":"White Beast Statue"},{"floor":24,"key":"Dream Catcher"},{"floor":26,"key":"Potion Belt"},{"floor":27,"key":"Shuriken"},{"floor":43,"key":"Eternal Feather"}],"event_choices":[{"damage_healed":0,"gold_gain":0,"player_choice":"Ignored","damage_taken":0,"max_hp_gain":0,"max_hp_loss":0,"event_name":"Liars Game","floor":5,"gold_loss":0},{"damage_healed":0,"gold_gain":0,"player_choice":"Read","damage_taken":0,"max_hp_gain":0,"max_hp_loss":0,"event_name":"The Library","floor":31,"gold_loss":0,"cards_obtained":["hierophant:OrnateJavelin"]},{"damage_healed":0,"gold_gain":0,"player_choice":"Memory 1","damage_taken":0,"max_hp_gain":0,"max_hp_loss":0,"event_name":"SensoryStone","floor":36,"gold_loss":0},{"cards_removed":["hierophant:Strike_Hierophant"],"damage_healed":0,"gold_gain":0,"player_choice":"Removed Attack","damage_taken":0,"max_hp_gain":0,"max_hp_loss":0,"event_name":"Falling","floor":41,"gold_loss":0},{"damage_healed":0,"gold_gain":0,"player_choice":"Max HP","damage_taken":0,"max_hp_gain":0,"max_hp_loss":4,"event_name":"Winding Halls","floor":45,"gold_loss":0}],"is_beta":false,"boss_relics":[{"not_picked":["Replay:Ancient Bell","Ring of Chaos"],"picked":"Replay:Bronze Core"},{"not_picked":["Abe\u0027s Treasure","Replay:Wanted Poster"],"picked":"Coffee Dripper"}],"items_purged_floors":[3,22,47],"is_endless":false,"potions_floor_spawned":[2,7,8,14,16,18,19,21,24,27,30,33,35,37,39,46,48],"killed_by":"Donu and Deca","ascension_level":0}}