{"host":"1xbm3ney5cpi8dx3","time":1610722812,"event":{"mods":["BaseMod","Curses Come First","Duelist Mod","GifTheSpireLib","Hero for Fun","Highlight Path","Minty Spire (QoL Compilation)","READ ME - Guardian Mod","Random Character Button","Relic Sorter","Shop Mod","StSLib","The Cursed"],"gold_per_floor":[213,225,175,194,209,209,228,228,252,263,295,295,1,76,76,76,76],"floor_reached":16,"language":"ENG","playtime":505,"items_purged":[],"score":148,"play_id":"da54a773-a572-4a88-9f49-57f930082cfb","local_time":"20210115160012","is_ascension_mode":true,"campfire_choices":[{"data":"Hemokinesis","floor":6,"key":"SMITH"},{"data":"Shockwave","floor":8,"key":"SMITH"},{"floor":15,"key":"REST"}],"circlet_count":0,"master_deck":["Strike_R","Strike_R","Strike_R","Strike_R","Defend_R","Defend_R","Defend_R","Defend_R","Bash","Hemokinesis+1","Clothesline","Clash","Shockwave+1","Bloodletting","Rage","Uppercut"],"relics":["Burning Blood","Anchor","Dream Catcher","Golden Idol","Torii"],"acts_visited":["Exordium"],"potions_floor_usage":[16],"damage_taken":[{"damage":6,"enemies":"Cultist","floor":1,"turns":4},{"damage":9,"enemies":"2 Louse","floor":2,"turns":4},{"damage":8,"enemies":"Small Slimes","floor":4,"turns":4},{"damage":8,"enemies":"Looter","floor":5,"turns":3},{"damage":5,"enemies":"Large Slime","floor":7,"turns":3},{"damage":2,"enemies":"3 Louse","floor":10,"turns":3},{"damage":51,"enemies":"3 Sentries","floor":11,"turns":15},{"damage":53,"enemies":"Slime Boss","floor":16,"turns":7}],"seed_played":"6212092485139606853","potions_obtained":[{"floor":4,"key":"Dexterity Potion"},{"floor":11,"key":"Energy Potion"}],"is_trial":false,"path_per_floor":["M","M","?","M","M","R","M","R","T","M","E","?","$","?","R","B"],"character_chosen":"IRONCLAD","items_purchased":["Torii"],"campfire_rested":1,"item_purchase_floors":[13],"current_hp_per_floor":[72,69,69,67,65,65,66,66,66,70,25,25,25,14,36,0,0],"gold":76,"neow_bonus":"HUNDRED_GOLD","is_daily":false,"chose_seed":false,"campfire_upgraded":2,"win_rate":0.0,"timestamp":1610722812,"path_taken":["M","?","?","M","M","R","M","R","T","M","E","?","$","?","R","BOSS"],"items_purchased_type":["Relic"],"build_version":"2020-12-22","purchased_purges":0,"victory":false,"max_hp_per_floor":[80,80,80,80,80,80,80,80,80,80,80,74,74,74,74,74,74],"card_choices":[{"not_picked":["Havoc","Rampage"],"picked":"Hemokinesis","floor":1},{"not_picked":["Havoc","Reckless Charge"],"picked":"Clothesline","floor":2},{"not_picked":["Rage","Reckless Charge"],"picked":"Clash","floor":4},{"not_picked":["Body Slam","Dropkick","Anger"],"picked":"SKIP","floor":5},{"not_picked":["Metallicize","Sword Boomerang"],"picked":"Shockwave","floor":7},{"not_picked":["Sword Boomerang","Thunderclap"],"picked":"Bloodletting","floor":10},{"not_picked":["Blood for Blood","Rupture"],"picked":"Rage","floor":11},{"not_picked":["Wild Strike","Inflame"],"picked":"Uppercut","floor":15}],"player_experience":220109,"relics_obtained":[{"floor":9,"key":"Anchor"},{"floor":11,"key":"Dream Catcher"}],"event_choices":[{"cards_removed":["Strike_R"],"damage_healed":0,"gold_gain":0,"player_choice":"Card Removal","damage_taken":0,"max_hp_gain":0,"max_hp_loss":0,"event_name":"The Cleric","floor":3,"gold_loss":50},{"damage_healed":0,"gold_gain":0,"player_choice":"Lose Max HP","damage_taken":0,"relics_obtained":["Golden Idol"],"max_hp_gain":0,"max_hp_loss":6,"event_name":"Golden Idol","floor":12,"gold_loss":0},{"damage_healed":0,"gold_gain":75,"player_choice":"Gather Gold","damage_taken":11,"max_hp_gain":0,"max_hp_loss":0,"event_name":"World of Goop","floor":14,"gold_loss":0}],"is_beta":false,"boss_relics":[],"items_purged_floors":[],"is_endless":false,"potions_floor_spawned":[4,11],"killed_by":"Slime Boss","ascension_level":9}}