{"host":"utcbn1j9ebmpc40m","time":1610672417,"event":{"mods":["BaseMod","Better Altar","Better Match","GifTheSpireLib","Minty Spire (QoL Compilation)","Poor People Problems","StSLib","SuperFastMode","The IronCluck","The Servant 0.9.4"],"gold_per_floor":[113,113,113,113,113,148,148,186,212,244,155,155,200,216,216,348,348,376,376],"floor_reached":18,"language":"ENG","playtime":367,"items_purged":["Defend_R"],"score":365,"play_id":"229b249f-5e5d-444e-922a-ba9001cb4c2c","local_time":"20210114200017","is_ascension_mode":true,"campfire_choices":[{"data":"Juggernaut","floor":12,"key":"SMITH"},{"floor":15,"key":"REST"}],"circlet_count":0,"master_deck":["AscendersBane","Strike_R","Strike_R+1","Strike_R","Strike_R+1","Strike_R","Defend_R","Defend_R","Defend_R+1","Bash+1","Whirlwind+1","Berserk","Juggernaut+1","Shrug It Off","Seeing Red","Barricade","Whirlwind"],"relics":["Burning Blood","NeowsBlessing","Golden Idol","Whetstone","Blood Vial","Question Card","CeramicFish","Matryoshka","Black Star"],"acts_visited":["Exordium","TheCity"],"potions_floor_usage":[14,16],"damage_taken":[{"damage":0,"enemies":"2 Louse","floor":1,"turns":1},{"damage":0,"enemies":"Gremlin Nob","floor":6,"turns":1},{"damage":0,"enemies":"3 Sentries","floor":8,"turns":1},{"damage":0,"enemies":"Small Slimes","floor":10,"turns":3},{"damage":32,"enemies":"Gremlin Nob","floor":13,"turns":4},{"damage":12,"enemies":"Jaw Worm","floor":14,"turns":2},{"damage":61,"enemies":"The Guardian","floor":16,"turns":12},{"damage":34,"enemies":"Chosen","floor":18,"turns":5}],"seed_played":"7511601879936776552","potions_obtained":[{"floor":1,"key":"Regen Potion"},{"floor":13,"key":"Regen Potion"},{"floor":16,"key":"LiquidBronze"}],"is_trial":false,"path_per_floor":["M","$","?","?","?","E","?","E","T","M","$","R","E","M","R","B",null,"M"],"character_chosen":"IRONCLAD","items_purchased":["Shrug It Off"],"campfire_rested":1,"item_purchase_floors":[11],"current_hp_per_floor":[78,78,74,59,59,65,47,55,55,63,63,63,39,40,62,24,62,36,36],"gold":376,"neow_bonus":"THREE_ENEMY_KILL","is_daily":false,"chose_seed":false,"campfire_upgraded":1,"win_rate":0.0,"timestamp":1610672417,"path_taken":["M","$","?","?","?","E","?","E","T","M","?","R","E","M","R","BOSS","M"],"items_purchased_type":["Card"],"build_version":"2020-12-22","purchased_purges":1,"victory":false,"max_hp_per_floor":[80,80,74,74,74,74,74,74,74,74,74,74,74,74,74,74,74,74,74],"card_choices":[{"not_picked":["Havoc","Sword Boomerang"],"picked":"Whirlwind","floor":1},{"not_picked":["Warcry","Sentinel"],"picked":"Berserk","floor":6},{"not_picked":["Sever Soul","Thunderclap","Clash"],"picked":"SKIP","floor":8},{"not_picked":["Fire Breathing","Blood for Blood","Sword Boomerang"],"picked":"Juggernaut","floor":10},{"not_picked":["Pummel","Twin Strike","Anger"],"picked":"Seeing Red","floor":13},{"not_picked":["Blood for Blood","Headbutt","Wild Strike","Perfected Strike"],"picked":"SKIP","floor":14},{"not_picked":["Impervious","Limit Break","Bludgeon"],"picked":"Barricade","floor":16},{"not_picked":["Thunderclap","Iron Wave","Ghostly Armor"],"picked":"Whirlwind","floor":18}],"player_experience":489844,"relics_obtained":[{"floor":6,"key":"Whetstone"},{"floor":8,"key":"Question Card"},{"floor":9,"key":"CeramicFish"},{"floor":13,"key":"Matryoshka"}],"event_choices":[{"damage_healed":0,"gold_gain":0,"player_choice":"Lose Max HP","damage_taken":0,"relics_obtained":["Golden Idol"],"max_hp_gain":0,"max_hp_loss":6,"event_name":"Golden Idol","floor":3,"gold_loss":0},{"damage_healed":0,"gold_gain":0,"player_choice":"Entered Light","damage_taken":15,"max_hp_gain":0,"max_hp_loss":0,"event_name":"Shining Light","floor":4,"gold_loss":0,"cards_upgraded":["Bash","Defend_R"]},{"damage_healed":0,"gold_gain":0,"player_choice":"Grow","damage_taken":0,"max_hp_gain":0,"max_hp_loss":0,"event_name":"Living Wall","floor":5,"gold_loss":0,"cards_upgraded":["Whirlwind"]},{"damage_healed":0,"gold_gain":0,"player_choice":"Success","damage_taken":18,"relics_obtained":["Blood Vial"],"max_hp_gain":0,"max_hp_loss":0,"event_name":"Scrap Ooze","floor":7,"gold_loss":0}],"is_beta":false,"boss_relics":[{"not_picked":["Coffee Dripper","Velvet Choker"],"picked":"Black Star"}],"items_purged_floors":[11],"is_endless":false,"potions_floor_spawned":[1,13,16],"killed_by":"Chosen","ascension_level":12}}