{"host":"csp9nt53rootlkah","time":1610717640,"event":{"mods":["Act Like it!","BaseMod","Colored Powertips","Friendly Minions","Gensokyo","Highlight Path","Marisa£¨ìFÓê¡¡Ä§ÀíÉ³£©","Minty Spire (QoL Compilation)","Quick Restart","Replay The Spire","StSLib","TestMod","The Factory","The Jungle","¡¾ÒÅÎï¿¨ÅÆ¡¿REMEMod"],"gold_per_floor":[113,513,529,542,817,817,848,848,875,875,905,920,931,931,931,1027,1027,1044,1058,736,747,90,119,119,147,147,182,182,199,199,199,199,199,199],"floor_reached":33,"language":"ZHS","playtime":1561,"items_purged":["Regret","Defend_MRS"],"score":464,"play_id":"f56d8a83-2e1f-4dfe-a94f-0e7562d4214e","local_time":"20210115213400","is_ascension_mode":true,"campfire_choices":[{"data":"MillisecondPulsars","floor":6.0,"key":"SMITH"},{"data":"BinaryStars","floor":8.0,"key":"SMITH"},{"data":"MasterSpark","floor":10.0,"key":"SMITH"},{"data":"GrandCross","floor":15.0,"key":"SMITH"},{"data":"OortCloud","floor":24.0,"key":"SMITH"},{"floor":30,"key":"REST"},{"floor":32,"key":"DIG"}],"circlet_count":0,"master_deck":["Strike_MRS","Strike_MRS","Strike_MRS","Strike_MRS","Defend_MRS","Defend_MRS","Defend_MRS","MasterSpark+1","UpSweep","MillisecondPulsars+1","SporeBomb","BinaryStars+1","GrandCross+1","AbsoluteMagnitude","AsteroidBelt","AlicesGift","OortCloud+1"],"relics":["MiniHakkero","REME_ComplimentaryCards","testmod-Prudence","NeowsBlessing","Replay:Rubber Ducky","Ancient Tea Set","Art of War","testmod-BatchProcessingSystem","Snack Pack","Lee\u0027s Waffle","testmod-Justice","Potion Belt","ReplayTheSpireMod:Shallot","Vajra","Question Card","MutagenicStrength","Nloth\u0027s Gift","testmod-IntensifyImprint"],"acts_visited":["Exordium","TheCity"],"potions_floor_usage":[27,27],"damage_taken":[{"damage":0.0,"enemies":"Small Slimes","floor":1.0,"turns":1.0},{"damage":0.0,"enemies":"Cultist","floor":3.0,"turns":1.0},{"damage":0.0,"enemies":"2 Louse","floor":4.0,"turns":1.0},{"damage":20.0,"enemies":"3 Sentries","floor":7.0,"turns":7.0},{"damage":0.0,"enemies":"Gremlin Nob","floor":11.0,"turns":2.0},{"damage":1.0,"enemies":"2 Fungi Beasts","floor":12.0,"turns":3.0},{"damage":16.0,"enemies":"Lots of Slimes","floor":13.0,"turns":4.0},{"damage":13.0,"enemies":"Fading Forest","floor":16.0,"turns":11.0},{"damage":0.0,"enemies":"Spheric Guardian","floor":18.0,"turns":3.0},{"damage":22.0,"enemies":"2 Thieves","floor":19.0,"turns":3.0},{"damage":27.0,"enemies":"Chosen and Byrds","floor":21.0,"turns":6.0},{"damage":15.0,"enemies":"REME_1_Revenger","floor":23.0,"turns":3.0},{"damage":16.0,"enemies":"Book of Stabbing","floor":25.0,"turns":5.0},{"damage":50,"enemies":"Gremlin Leader","floor":27,"turns":7},{"damage":0,"enemies":"3 Cultists","floor":29,"turns":5},{"damage":0,"enemies":"Automaton","floor":33,"turns":6}],"seed_played":"5102527456238310220","potions_obtained":[{"floor":1.0,"key":"Dexterity Potion"},{"floor":4.0,"key":"ColorlessPotion"},{"floor":14.0,"key":"Cursed Concoction"},{"floor":14.0,"key":"Death Potion"},{"floor":21.0,"key":"SpeedPotion"}],"is_trial":false,"path_per_floor":["M","?","M","M","?","R","E","R","T","R","E","M","M","?","R","B",null,"M","M","$","M","$","E","R","E","T","E","?","M","R","?","R","B"],"character_chosen":"MARISA","items_purchased":["Snack Pack","Lee\u0027s Waffle","testmod-Justice","Potion Belt"],"campfire_rested":1,"item_purchase_floors":[20,22,22,22],"current_hp_per_floor":[68,68,68,68,68,68,48,48,48,48,48,47,31,31,31,18,61,61,39,39,14,82,69,69,55,55,5,5,9,33,33,33,39,39],"gold":199,"neow_bonus":"THREE_ENEMY_KILL","is_daily":false,"chose_seed":false,"campfire_upgraded":5,"win_rate":0.0,"timestamp":1610717640,"path_taken":["M","?","M","M","?","R","E","R","T","R","E","M","?","?","R","BOSS","M","M","$","?","$","E","R","E","T","E","?","M","R","?","R","BOSS"],"items_purchased_type":["Relic","Relic","Relic","Relic"],"build_version":"2020-12-22","purchased_purges":2,"victory":false,"max_hp_per_floor":[75,75,75,75,75,75,75,75,75,75,75,75,75,75,75,75,75,75,75,75,75,82,82,82,82,82,82,82,82,82,82,82,82,82],"card_choices":[{"not_picked":["WitchOfGreed","UnstableBomb"],"picked":"SporeBomb","floor":1.0},{"not_picked":["OrrerysSun","MachineGunSpark","WitchLeyline"],"picked":"SKIP","floor":3.0},{"not_picked":["MagicChant","WitchOfGreed","MysteriousBeam"],"picked":"SKIP","floor":4.0},{"not_picked":["DC","PowerUp"],"picked":"BinaryStars","floor":7.0},{"not_picked":["DoubleSpark","WitchLeyline","CasketOfStar"],"picked":"SKIP","floor":11.0},{"not_picked":["LuminesStrike","6A","MagicChant"],"picked":"SKIP","floor":12.0},{"not_picked":["GravityBeat","DarkMatter"],"picked":"GrandCross","floor":13.0},{"not_picked":["StarDustReverie","ManaRampage"],"picked":"AbsoluteMagnitude","floor":16.0},{"not_picked":["NonDirectionalLaser","EnergyRecoil"],"picked":"AsteroidBelt","floor":18.0},{"not_picked":["PowerUp","UnstableBomb","DC"],"picked":"SKIP","floor":19.0},{"not_picked":["DC+1","StarlightTyphoon"],"picked":"AlicesGift","floor":21.0},{"not_picked":["PowerUp","MagicChant"],"picked":"OortCloud","floor":23.0},{"not_picked":["MeteoricShower","PowerUp","MaximisePower"],"picked":"SKIP","floor":25.0},{"not_picked":["MilkyWay+1","NonDirectionalLaser","OpenUniverse"],"picked":"SKIP","floor":27},{"not_picked":["Occultation","Singularity","MilkyWay","MysteriousBeam"],"picked":"SKIP","floor":29}],"player_experience":143922,"relics_obtained":[{"floor":7.0,"key":"Replay:Rubber Ducky"},{"floor":9.0,"key":"Ancient Tea Set"},{"floor":11.0,"key":"Art of War"},{"floor":23.0,"key":"ReplayTheSpireMod:Shallot"},{"floor":25.0,"key":"Vajra"},{"floor":26.0,"key":"CaptainsWheel"},{"floor":27,"key":"Question Card"},{"floor":32,"key":"testmod-IntensifyImprint"}],"event_choices":[{"damage_healed":0.0,"max_hp_gain":0.0,"max_hp_loss":0.0,"gold_gain":400.0,"event_name":"¶÷ÂåË¹µÄÅÌ×Ó","player_choice":"Sell","floor":2.0,"relics_lost":["testmod-TestBox"],"gold_loss":0.0,"damage_taken":0.0},{"damage_healed":0.0,"max_hp_gain":0.0,"max_hp_loss":0.0,"gold_gain":275.0,"event_name":"Golden Shrine","player_choice":"Desecrate","floor":5.0,"gold_loss":0.0,"damage_taken":0.0,"cards_obtained":["Regret"]},{"damage_healed":0.0,"max_hp_gain":0.0,"max_hp_loss":0.0,"gold_gain":0.0,"event_name":"Lab","player_choice":"Got Potions","floor":14.0,"gold_loss":0.0,"damage_taken":0.0},{"damage_healed":0,"gold_gain":0,"player_choice":"Inject Mutagens","damage_taken":0,"relics_obtained":["MutagenicStrength"],"max_hp_gain":0,"max_hp_loss":0,"event_name":"Drug Dealer","floor":28,"gold_loss":0},{"damage_healed":0,"gold_gain":0,"player_choice":"Traded Relic","damage_taken":0,"relics_obtained":["Nloth\u0027s Gift"],"max_hp_gain":0,"max_hp_loss":0,"event_name":"N\u0027loth","floor":31,"relics_lost":["CaptainsWheel"],"gold_loss":0}],"is_beta":false,"boss_relics":[{"not_picked":["Replay:Bronze Core","Calling Bell"],"picked":"testmod-BatchProcessingSystem"}],"items_purged_floors":[20,22],"is_endless":false,"potions_floor_spawned":[1,4,16,21,23],"killed_by":"Automaton","ascension_level":6}}