{"host":"y3h3n3f7seyagppx","time":1610692759,"event":{"mods":["AlwaysNeverKeys","BaseMod","Better Vampires","Colored Powertips","DeckTracker","Emptier Cage","Minty Spire (QoL Compilation)","Permanent Neow","Quick Restart","Rare Cards Sparkle","Relic Sorter","Relic Stats","StSLib","Transform Curses"],"gold_per_floor":[11,23,23,23,44,44,60,104,177,202,202,246,259,290,290,384,384,404,40,58,58,71,104,22,22,22,22,43,86,86,122,122,216,216,239,255,270,270,270,305,330,364,388,245,136,136,174,187,187,187,187,187,187,34,74,74],"floor_reached":57,"language":"ENG","playtime":8247,"items_purged":["Strike_R","Anger"],"score":3015,"play_id":"c7a8b24c-64b9-493b-a2d7-2328ca9de97c","local_time":"20210115013919","is_ascension_mode":true,"campfire_choices":[{"data":"Inflame","floor":6.0,"key":"SMITH"},{"data":"Immolate","floor":11.0,"key":"SMITH"},{"data":"Armaments","floor":15.0,"key":"SMITH"},{"data":"True Grit","floor":25.0,"key":"SMITH"},{"data":"Shockwave","floor":27.0,"key":"SMITH"},{"data":"Evolve","floor":30.0,"key":"SMITH"},{"data":"Power Through","floor":32.0,"key":"SMITH"},{"data":"Body Slam","floor":46,"key":"SMITH"},{"data":"Limit Break","floor":49,"key":"SMITH"},{"data":"Bash","floor":53,"key":"SMITH"}],"circlet_count":0,"master_deck":["AscendersBane","Defend_R","Defend_R","Defend_R","Defend_R","Bash+1","Twin Strike","Inflame+1","True Grit+1","Evolve+1","Shockwave+1","Immolate+1","Limit Break+1","Armaments+1","Reaper","Power Through+1","Shrug It Off","Power Through+1","Second Wind+1","Second Wind+1","Sword Boomerang+1","Offering+1","Shrug It Off+1","Battle Trance+1","Dropkick+1","Spot Weakness+1","Sentinel+1","True Grit+1","Dark Embrace+1","Burning Pact+1","Shockwave+1","Disarm+1","Body Slam+1","Power Through+1","Twin Strike+1","Entrench+1","Limit Break+1"],"relics":["Burning Blood","Ice Cream","Golden Idol","Du-Vu Doll","Shuriken","Oddly Smooth Stone","StoneCalendar","Cursed Key","Membership Card","FossilizedHelix","Toxic Egg 2","OrangePellets","InkBottle","Question Card","Prayer Wheel","Astrolabe","Blood Vial","Omamori","Red Skull","HornCleat","Potion Belt","Charon\u0027s Ashes","Centennial Puzzle","Paper Frog"],"acts_visited":["Exordium","TheCity","TheBeyond","TheEnding"],"potions_floor_usage":[56,56,56],"damage_taken":[{"damage":11.0,"enemies":"Cultist","floor":1.0,"turns":4.0},{"damage":7.0,"enemies":"Jaw Worm","floor":2.0,"turns":3.0},{"damage":0.0,"enemies":"Small Slimes","floor":5.0,"turns":3.0},{"damage":22.0,"enemies":"Exordium Wildlife","floor":7.0,"turns":6.0},{"damage":0.0,"enemies":"Lagavulin","floor":8.0,"turns":5.0},{"damage":13.0,"enemies":"Large Slime","floor":10.0,"turns":5.0},{"damage":10.0,"enemies":"3 Sentries","floor":12.0,"turns":4.0},{"damage":5.0,"enemies":"Looter","floor":13.0,"turns":3.0},{"damage":8.0,"enemies":"Gremlin Nob","floor":14.0,"turns":3.0},{"damage":22.0,"enemies":"Slime Boss","floor":16.0,"turns":5.0},{"damage":12.0,"enemies":"2 Thieves","floor":18.0,"turns":2.0},{"damage":14.0,"enemies":"Spheric Guardian","floor":20.0,"turns":4.0},{"damage":4.0,"enemies":"Shelled Parasite and Fungi","floor":22.0,"turns":3.0},{"damage":27.0,"enemies":"Slavers","floor":23.0,"turns":7.0},{"damage":8.0,"enemies":"Snake Plant","floor":28.0,"turns":3.0},{"damage":22.0,"enemies":"Gremlin Leader","floor":29.0,"turns":6.0},{"damage":5.0,"enemies":"Slavers","floor":31.0,"turns":7.0},{"damage":57.0,"enemies":"Collector","floor":33.0,"turns":9.0},{"damage":40.0,"enemies":"3 Darklings","floor":35.0,"turns":4.0},{"damage":0.0,"enemies":"Orb Walker","floor":36.0,"turns":4.0},{"damage":17,"enemies":"Maw","floor":37,"turns":6},{"damage":0,"enemies":"Giant Head","floor":40,"turns":7},{"damage":6,"enemies":"Transient","floor":41,"turns":6},{"damage":6,"enemies":"Reptomancer","floor":42,"turns":5},{"damage":0,"enemies":"Giant Head","floor":47,"turns":5},{"damage":0,"enemies":"Sphere and 2 Shapes","floor":48,"turns":4},{"damage":18,"enemies":"Awakened One","floor":50,"turns":13},{"damage":18,"enemies":"Donu and Deca","floor":51,"turns":7},{"damage":34,"enemies":"Shield and Spear","floor":55,"turns":6},{"damage":29,"enemies":"The Heart","floor":56,"turns":9}],"seed_played":"3909291418390779724","potions_obtained":[{"floor":2.0,"key":"PowerPotion"},{"floor":5.0,"key":"Fruit Juice"},{"floor":12.0,"key":"AttackPotion"},{"floor":16.0,"key":"PowerPotion"},{"floor":20.0,"key":"Energy Potion"},{"floor":22.0,"key":"SteroidPotion"},{"floor":35.0,"key":"SpeedPotion"},{"floor":47,"key":"FearPotion"}],"is_trial":false,"path_per_floor":["M","M","?","?","M","R","M","E","T","M","R","E","M","E","R","B",null,"M","$","M","?","M","E","$","R","T","R","M","E","R","E","R","B",null,"M","M","M","?","?","E","M","E","T","$","$","R","E","M","R","B","B",null,"R","$","E","B",null],"character_chosen":"IRONCLAD","items_purchased":["Membership Card","FossilizedHelix","OrangePellets","HornCleat","Potion Belt","ColorlessPotion","Centennial Puzzle","Entrench+1"],"campfire_rested":0,"item_purchase_floors":[19,19,24,44,45,45,54,54],"current_hp_per_floor":[63,62,62,62,68,68,52,58,58,51,51,47,48,46,46,30,59,53,53,54,54,73,52,52,52,52,52,50,52,52,68,68,34,63,61,73,68,68,68,69,69,69,69,69,69,69,69,69,69,69,69,69,69,69,69,69],"gold":74,"neow_bonus":"ONE_RARE_RELIC","is_daily":false,"chose_seed":false,"campfire_upgraded":10,"win_rate":0.0,"timestamp":1610692759,"path_taken":["M","M","?","?","M","R","M","E","T","M","R","E","M","E","R","BOSS","M","$","M","?","?","E","$","R","T","R","M","E","R","E","R","BOSS","M","M","?","?","?","E","M","E","T","?","$","R","E","M","R","BOSS","BOSS","R","$","E","BOSS"],"items_purchased_type":["Relic","Relic","Relic","Relic","Relic","Potion","Relic","Card"],"build_version":"2020-12-22","purchased_purges":2,"victory":true,"max_hp_per_floor":[75,75,75,68,68,68,68,68,68,68,68,68,68,68,68,68,68,68,68,68,68,73,73,73,73,73,73,73,73,73,73,73,73,73,73,73,73,69,69,69,69,69,69,69,69,69,69,69,69,69,69,69,69,69,69,69],"relic_stats":{"counters":[30,158],"Golden Idol":223,"Astrolabe":["Shrug It Off","Battle Trance","Dropkick"],"StoneCalendar":[165],"Charon\u0027s Ashes":[310],"Cursed Key":2,"Question Card":18,"Burning Blood":139,"Blood Vial":0,"OrangePellets":[7],"Centennial Puzzle":[6],"Shuriken":[28],"Prayer Wheel":6,"obtain_stats":[{"Ice Cream":0,"Potion Belt":45,"Golden Idol":4,"Astrolabe":34,"Oddly Smooth Stone":12,"StoneCalendar":14,"Charon\u0027s Ashes":47,"Omamori":42,"Cursed Key":17,"Question Card":29,"Burning Blood":0,"Du-Vu Doll":8,"Blood Vial":40,"OrangePellets":24,"Centennial Puzzle":54,"HornCleat":44,"Shuriken":9,"Prayer Wheel":31,"Membership Card":19,"Toxic Egg 2":23,"FossilizedHelix":19,"InkBottle":26,"Red Skull":43,"Paper Frog":55},{"Ice Cream":0,"Potion Belt":24,"Golden Idol":2,"Astrolabe":18,"Oddly Smooth Stone":7,"StoneCalendar":9,"Charon\u0027s Ashes":25,"Omamori":24,"Cursed Key":10,"Question Card":16,"Burning Blood":0,"Du-Vu Doll":5,"Blood Vial":22,"OrangePellets":14,"Centennial Puzzle":28,"HornCleat":24,"Shuriken":5,"Prayer Wheel":17,"Membership Card":11,"Toxic Egg 2":14,"FossilizedHelix":11,"InkBottle":14,"Red Skull":24,"Paper Frog":29},{"Ice Cream":0,"Potion Belt":114,"Golden Idol":7,"Astrolabe":82,"Oddly Smooth Stone":30,"StoneCalendar":36,"Charon\u0027s Ashes":119,"Omamori":114,"Cursed Key":41,"Question Card":66,"Burning Blood":0,"Du-Vu Doll":21,"Blood Vial":103,"OrangePellets":57,"Centennial Puzzle":143,"HornCleat":114,"Shuriken":21,"Prayer Wheel":73,"Membership Card":43,"Toxic Egg 2":57,"FossilizedHelix":43,"InkBottle":57,"Red Skull":114,"Paper Frog":149}],"InkBottle":[38]},"card_choices":[{"not_picked":["Clash","Rupture"],"picked":"Twin Strike","floor":1.0},{"not_picked":["Clash","Headbutt"],"picked":"Inflame","floor":2.0},{"not_picked":["Blood for Blood","Sever Soul"],"picked":"Evolve","floor":5.0},{"not_picked":["Searing Blow","Wild Strike"],"picked":"Shockwave","floor":7.0},{"not_picked":["Iron Wave","Headbutt"],"picked":"Immolate","floor":8.0},{"not_picked":["Evolve","Sword Boomerang"],"picked":"Anger","floor":10.0},{"not_picked":["Evolve","Disarm"],"picked":"Limit Break","floor":12.0},{"not_picked":["Uppercut","Iron Wave"],"picked":"Armaments","floor":13.0},{"not_picked":["Pummel","Entrench","Thunderclap"],"picked":"SKIP","floor":14.0},{"not_picked":["Double Tap","Exhume"],"picked":"Reaper","floor":16.0},{"not_picked":["Anger","Pummel","Combust"],"picked":"SKIP","floor":18.0},{"not_picked":["Flex","Dropkick"],"picked":"Power Through","floor":20.0},{"not_picked":["Armaments","Dropkick"],"picked":"Shrug It Off","floor":22.0},{"not_picked":["Flex+1","Intimidate+1"],"picked":"Power Through+1","floor":23.0},{"not_picked":["Uppercut","Dark Embrace"],"picked":"Second Wind+1","floor":28.0},{"not_picked":["Headbutt","Perfected Strike"],"picked":"Second Wind+1","floor":29.0},{"not_picked":["Fire Breathing","Iron Wave","Thunderclap"],"picked":"Sword Boomerang+1","floor":31.0},{"not_picked":["Brutality","Reaper","Feed"],"picked":"Offering+1","floor":33.0},{"not_picked":["Pommel Strike","Heavy Blade","Flex+1"],"picked":"Spot Weakness+1","floor":35.0},{"not_picked":["Sever Soul+1","Heavy Blade","Armaments+1"],"picked":"Sentinel+1","floor":35.0},{"not_picked":["Armaments+1","Pummel","Wild Strike+1"],"picked":"True Grit+1","floor":36},{"not_picked":["Iron Wave","Flex+1","Thunderclap"],"picked":"Dark Embrace+1","floor":36},{"not_picked":["Iron Wave","Shrug It Off+1","True Grit+1"],"picked":"Burning Pact+1","floor":37},{"not_picked":["Clash","Cleave","Perfected Strike","Juggernaut"],"picked":"SKIP","floor":37},{"not_picked":["Havoc+1","Cleave","Warcry+1"],"picked":"Shockwave+1","floor":40},{"not_picked":["Anger+1","Body Slam","Combust+1"],"picked":"Disarm+1","floor":41},{"not_picked":["Twin Strike","Cleave","Armaments+1"],"picked":"Body Slam","floor":41},{"not_picked":["Feed","Clothesline","Metallicize","Inflame+1"],"picked":"SKIP","floor":42},{"not_picked":["Twin Strike","Blood for Blood","Armaments+1","Whirlwind"],"picked":"SKIP","floor":47},{"not_picked":["Twin Strike","Iron Wave","Wild Strike+1"],"picked":"Power Through+1","floor":48},{"not_picked":["Anger","Perfected Strike","Shrug It Off+1"],"picked":"Twin Strike+1","floor":48},{"not_picked":["Warcry+1","Searing Blow","Flex+1"],"picked":"Limit Break+1","floor":55}],"player_experience":20966617,"relics_obtained":[{"floor":8.0,"key":"Du-Vu Doll"},{"floor":9.0,"key":"Shuriken"},{"floor":12.0,"key":"Oddly Smooth Stone"},{"floor":14.0,"key":"StoneCalendar"},{"floor":23.0,"key":"Toxic Egg 2"},{"floor":26.0,"key":"InkBottle"},{"floor":29.0,"key":"Question Card"},{"floor":31.0,"key":"Prayer Wheel"},{"floor":40,"key":"Blood Vial"},{"floor":42,"key":"Omamori"},{"floor":43,"key":"Red Skull"},{"floor":47,"key":"Charon\u0027s Ashes"},{"floor":55,"key":"Paper Frog"}],"event_choices":[{"damage_healed":0.0,"max_hp_gain":0.0,"max_hp_loss":0.0,"gold_gain":0.0,"cards_transformed":["Strike_R"],"event_name":"Living Wall","player_choice":"Change","floor":3.0,"gold_loss":0.0,"damage_taken":0.0,"cards_obtained":["True Grit"]},{"damage_healed":0.0,"max_hp_gain":0.0,"max_hp_loss":7.0,"gold_gain":0.0,"event_name":"Golden Idol","player_choice":"Lose Max HP","floor":4.0,"gold_loss":0.0,"damage_taken":0.0,"relics_obtained":["Golden Idol"]},{"damage_healed":0.0,"max_hp_gain":0.0,"max_hp_loss":0.0,"gold_gain":0.0,"cards_transformed":["Strike_R"],"event_name":"Transmorgrifier","player_choice":"Transformed","floor":21.0,"gold_loss":0.0,"damage_taken":0.0,"cards_obtained":["Bludgeon"]},{"damage_healed":0,"gold_gain":0,"player_choice":"Max HP","damage_taken":0,"max_hp_gain":0,"max_hp_loss":4,"event_name":"Winding Halls","floor":38,"gold_loss":0},{"cards_removed":["Bludgeon"],"damage_healed":0,"gold_gain":0,"player_choice":"Removed Attack","damage_taken":0,"max_hp_gain":0,"max_hp_loss":0,"event_name":"Falling","floor":39,"gold_loss":0}],"is_beta":false,"boss_relics":[{"not_picked":["Fusion Hammer","Busted Crown"],"picked":"Cursed Key"},{"not_picked":["Sozu","Runic Cube"],"picked":"Astrolabe"}],"items_purged_floors":[19,54],"is_endless":false,"potions_floor_spawned":[2,5,12,16,20,22,23,33,35,36,41,42,47],"ascension_level":20}}