{"host":"6p0attdrtjqaih7v","time":1610736690,"event":{"mods":["2.2 Compatiblity","AchievementEnabler","Bard","BaseMod","Better Skull","Better Third Choice","Colored Powertips","Hermit","Highlight Path","Jorbs\u0027s Wanderer Trilogy","Key Reminder","Minty Spire (QoL Compilation)","Permanent Neow","Quick Restart","Random Character Button","Relic Stats","Replay The Spire","Robot Space Explorer","StSLib"],"gold_per_floor":[112,112,139,153,26,56,56,85,112,77,77,22,22,34,34,110,110,126,138,158,158,170,202,202,236,302,364,68,77,98,134,134,134,134],"floor_reached":33,"language":"ENG","playtime":1534,"items_purged":["Regret"],"score":622,"play_id":"48b8a13c-2dad-4d22-958a-eaea569a07fc","local_time":"20210115135130","is_ascension_mode":true,"campfire_choices":[{"floor":7,"key":"REST"},{"data":"Noxious Fumes","floor":13,"key":"SMITH"},{"data":"Malaise","floor":15,"key":"SMITH"},{"floor":24,"key":"REST"},{"data":"A Thousand Cuts","floor":32,"key":"SMITH"}],"circlet_count":0,"master_deck":["AscendersBane","Strike_G","Strike_G","Strike_G","Strike_G","Defend_G","Defend_G","Defend_G","Defend_G","Defend_G","Survivor","Neutralize","Flechettes","Sucker Punch","Noxious Fumes+1","Quick Slash","Bane","Malaise+1","PiercingWail","ReplayTheSpireMod:From All Sides","Quick Slash","Backflip","Acrobatics","All Out Attack","A Thousand Cuts+1","Pot Of Greed","Pot Of Greed","Pot Of Greed","ReplayTheSpireMod:From All Sides","Acrobatics","Predator+1"],"relics":["Ring of the Snake","Ancient Tea Set","Nunchaku","Torii","ReplayFunnel","Bag of Marbles","Sozu","Akabeko","MawBank","CeramicFish","Chemical X","Grinning Jar","Bronze Scales"],"acts_visited":["Exordium","TheCity"],"potions_floor_usage":[6,16,23,33],"damage_taken":[{"damage":1,"enemies":"2 Louse","floor":1,"turns":4},{"damage":1,"enemies":"Jaw Worm","floor":4,"turns":5},{"damage":42,"enemies":"3 Sentries","floor":6,"turns":11},{"damage":26,"enemies":"Lagavulin","floor":8,"turns":9},{"damage":0,"enemies":"Cultist","floor":14,"turns":2},{"damage":13,"enemies":"The Guardian","floor":16,"turns":9},{"damage":14,"enemies":"Chosen","floor":18,"turns":6},{"damage":4,"enemies":"Shell Parasite","floor":19,"turns":5},{"damage":4,"enemies":"3 Cultists","floor":20,"turns":6},{"damage":2,"enemies":"Snake Plant","floor":22,"turns":7},{"damage":5,"enemies":"Slavers","floor":23,"turns":8},{"damage":1,"enemies":"Replay:Snechameleon","floor":25,"turns":7},{"damage":8,"enemies":"Chosen and Byrds","floor":30,"turns":5},{"damage":9,"enemies":"Slavers","floor":31,"turns":5},{"damage":25,"enemies":"Collector","floor":33,"turns":3}],"seed_played":"-8496315171525948764","potions_obtained":[{"floor":4,"key":"SpeedPotion"},{"floor":14,"key":"SkillPotion"},{"floor":16,"key":"AttackPotion"}],"is_trial":false,"path_per_floor":["M","?","T","M","$","E","R","E","T","?","?","$","R","M","R","B",null,"M","M","M","?","M","E","R","E","T","?","$","?","M","E","R","B"],"character_chosen":"THE_SILENT","items_purchased":["Quick Slash","Strength Potion","Chemical X","Grinning Jar"],"campfire_rested":2,"item_purchase_floors":[5,12,28,28],"current_hp_per_floor":[58,58,58,57,57,15,34,8,8,24,24,24,24,24,24,11,52,38,34,30,30,28,23,42,41,41,41,41,41,33,24,24,0,0],"gold":134,"neow_bonus":"TRANSFORM_CARD","is_daily":false,"chose_seed":false,"campfire_upgraded":3,"win_rate":0.0,"timestamp":1610736690,"path_taken":["M","?","?","?","$","E","R","E","T","?","?","$","R","M","R","BOSS","M","?","M","?","M","E","R","E","T","?","?","?","?","E","R","BOSS"],"items_purchased_type":["Card","Potion","Relic","Relic"],"build_version":"2020-12-22","purchased_purges":1,"victory":false,"max_hp_per_floor":[66,66,66,66,66,66,66,66,66,66,66,66,66,66,66,66,66,66,66,66,66,66,66,66,66,66,66,66,66,66,66,66,66,66],"relic_stats":{"Sozu":4,"Nunchaku":[16],"Torii":40,"counters":[15,92],"CeramicFish":54,"Bronze Scales":[12],"Chemical X":[9],"MawBank":36,"obtain_stats":[{"ReplayFunnel":8,"Torii":6,"CeramicFish":26,"Ancient Tea Set":2,"MawBank":25,"Akabeko":23,"Sozu":17,"Nunchaku":3,"Bronze Scales":31,"Bag of Marbles":9,"Chemical X":28,"Grinning Jar":28,"Ring of the Snake":0},{"ReplayFunnel":4,"Torii":3,"CeramicFish":12,"Ancient Tea Set":1,"MawBank":12,"Akabeko":11,"Sozu":6,"Nunchaku":1,"Bronze Scales":14,"Bag of Marbles":4,"Chemical X":12,"Grinning Jar":12,"Ring of the Snake":0},{"ReplayFunnel":29,"Torii":20,"CeramicFish":79,"Ancient Tea Set":4,"MawBank":79,"Akabeko":72,"Sozu":40,"Nunchaku":4,"Bronze Scales":89,"Bag of Marbles":29,"Chemical X":79,"Grinning Jar":79,"Ring of the Snake":0}],"Ring of the Snake":[30]},"card_choices":[{"not_picked":["Backflip","Draining Mist"],"picked":"Sucker Punch","floor":1},{"not_picked":["Infinite Blades","Blade Dance"],"picked":"Noxious Fumes","floor":4},{"not_picked":["Dodge and Roll","Acrobatics"],"picked":"Bane","floor":6},{"not_picked":["Prepared","Escape Plan"],"picked":"Malaise","floor":8},{"not_picked":["Dodge and Roll","Cloak And Dagger"],"picked":"PiercingWail","floor":14},{"not_picked":["Venomology","Bullet Time"],"picked":"ReplayTheSpireMod:From All Sides","floor":16},{"not_picked":["Flying Knee","Prepared","Flechettes"],"picked":"SKIP","floor":18},{"not_picked":["Poisoned Stab","Setup"],"picked":"Quick Slash","floor":19},{"not_picked":["Dash","Underhanded Strike+1"],"picked":"Backflip","floor":20},{"not_picked":["Distraction","Setup+1"],"picked":"Acrobatics","floor":22},{"not_picked":["Masterful Stab","Choke"],"picked":"All Out Attack","floor":23},{"not_picked":["Cloak And Dagger","Terror"],"picked":"A Thousand Cuts","floor":25},{"not_picked":["Noxious Fumes","Toxin Wave"],"picked":"Acrobatics","floor":30},{"not_picked":["Deadly Poison+1","Backflip"],"picked":"Predator+1","floor":31}],"player_experience":841722,"relics_obtained":[{"floor":3,"key":"Nunchaku"},{"floor":6,"key":"Torii"},{"floor":8,"key":"ReplayFunnel"},{"floor":9,"key":"Bag of Marbles"},{"floor":23,"key":"Akabeko"},{"floor":25,"key":"MawBank"},{"floor":26,"key":"CeramicFish"},{"floor":31,"key":"Bronze Scales"}],"event_choices":[{"damage_healed":0,"gold_gain":0,"player_choice":"Box","damage_taken":0,"relics_obtained":["Ancient Tea Set"],"max_hp_gain":0,"max_hp_loss":0,"event_name":"Big Fish","floor":2,"gold_loss":0,"cards_obtained":["Regret"]},{"damage_healed":16,"gold_gain":0,"player_choice":"Healed","damage_taken":0,"max_hp_gain":0,"max_hp_loss":0,"event_name":"The Cleric","floor":10,"gold_loss":35},{"damage_healed":0,"gold_gain":0,"player_choice":"0 cards matched","damage_taken":0,"max_hp_gain":0,"max_hp_loss":0,"event_name":"Match and Keep!","floor":11,"gold_loss":0,"cards_obtained":[]},{"damage_healed":0,"gold_gain":50,"player_choice":"Stole From Cult","damage_taken":0,"max_hp_gain":0,"max_hp_loss":0,"event_name":"Nest","floor":27,"gold_loss":0},{"damage_healed":0,"gold_gain":0,"player_choice":"Copied","damage_taken":0,"max_hp_gain":0,"max_hp_loss":0,"event_name":"Duplicator","floor":29,"gold_loss":0,"cards_obtained":["ReplayTheSpireMod:From All Sides"]}],"is_beta":false,"boss_relics":[{"not_picked":["Abe\u0027s Treasure","Kintsugi"],"picked":"Sozu"}],"items_purged_floors":[5],"is_endless":false,"potions_floor_spawned":[4,14,16,18,20,23,25],"killed_by":"Collector","ascension_level":20}}