{"host":"sav7uxregyirlf69","time":1610713745,"event":{"mods":["AchievementEnabler","BaseMod","Colored Map","DeckTracker","Keyboard Shortcuts","Minty Spire (QoL Compilation)","READ ME - Guardian Mod","StSLib","SuperFastMode"],"gold_per_floor":[118,137,137,147,160,185,260,293,293,304,304,304,204,43,43,116,116,135,135,135,135],"floor_reached":20,"language":"KOR","playtime":340,"items_purged":[],"score":364,"play_id":"898ea377-db8c-48f2-9913-c6cb0ae6da6c","local_time":"20210115212905","is_ascension_mode":true,"campfire_choices":[{"data":"Perfected Strike","floor":12.0,"key":"SMITH"},{"data":"Enlightenment","floor":15.0,"key":"SMITH"}],"circlet_count":0,"master_deck":["AscendersBane","Strike_R","Strike_R","Strike_R","Strike_R","Defend_R","Defend_R","Defend_R","Defend_R","Bash","Wild Strike","Sword Boomerang","Pommel Strike","Perfected Strike+1","Perfected Strike","Enlightenment+1","Offering","CurseOfTheBell","Infernal Blade+1"],"relics":["Burning Blood","Thread and Needle","Dream Catcher","Nunchaku","Bottled Flame","Membership Card","Calling Bell","Pen Nib","Toxic Egg 2","Champion Belt","Nilry\u0027s Codex"],"acts_visited":["Exordium","TheCity"],"potions_floor_usage":[16,20],"damage_taken":[{"damage":0.0,"enemies":"Small Slimes","floor":1.0,"turns":4.0},{"damage":0.0,"enemies":"Jaw Worm","floor":2.0,"turns":5.0},{"damage":0.0,"enemies":"2 Louse","floor":4.0,"turns":2.0},{"damage":0.0,"enemies":"Blue Slaver","floor":5.0,"turns":5.0},{"damage":45.0,"enemies":"3 Sentries","floor":6.0,"turns":12.0},{"damage":4.0,"enemies":"Gremlin Nob","floor":8.0,"turns":3.0},{"damage":5.0,"enemies":"2 Fungi Beasts","floor":10.0,"turns":4.0},{"damage":36,"enemies":"Slime Boss","floor":16,"turns":9},{"damage":6,"enemies":"Chosen","floor":18,"turns":2},{"damage":36,"enemies":"Shell Parasite","floor":20,"turns":3}],"seed_played":"8925283967682133193","potions_obtained":[{"floor":5.0,"key":"Swift Potion"},{"floor":6.0,"key":"DistilledChaos"},{"floor":10.0,"key":"HeartOfIron"}],"is_trial":false,"path_per_floor":["M","M","?","M","M","E","?","E","T","M","?","R","$","$","R","B",null,"M","?","M"],"character_chosen":"IRONCLAD","items_purchased":["Enlightenment","Membership Card"],"campfire_rested":0,"item_purchase_floors":[13,14],"current_hp_per_floor":[68,68,61,67,68,29,18,20,20,21,43,43,43,43,43,13,54,54,33,0,0],"gold":135,"neow_bonus":"ONE_RARE_RELIC","is_daily":false,"chose_seed":false,"campfire_upgraded":2,"win_rate":0.0,"timestamp":1610713745,"path_taken":["M","M","?","M","M","E","?","E","T","M","?","R","?","$","R","BOSS","M","?","M"],"items_purchased_type":["Card","Relic"],"build_version":"2020-12-22","purchased_purges":0,"victory":false,"max_hp_per_floor":[68,68,68,68,68,68,68,68,68,68,68,68,68,68,68,68,68,68,68,68,68],"card_choices":[{"not_picked":["Havoc","Flex"],"picked":"Wild Strike","floor":1.0},{"not_picked":["Clothesline","Armaments"],"picked":"Sword Boomerang","floor":2.0},{"not_picked":["Body Slam","Sever Soul"],"picked":"Pommel Strike","floor":4.0},{"not_picked":["Dark Embrace","Limit Break","Sever Soul"],"picked":"SKIP","floor":5.0},{"not_picked":["Thunderclap","Body Slam"],"picked":"Perfected Strike","floor":6.0},{"not_picked":["Inflame","Dual Wield","Sword Boomerang"],"picked":"SKIP","floor":8.0},{"not_picked":["Hemokinesis","Cleave"],"picked":"Perfected Strike","floor":10.0},{"not_picked":["Barricade","Reaper"],"picked":"Offering","floor":16},{"not_picked":["Warcry+1","Dual Wield+1"],"picked":"Infernal Blade+1","floor":18}],"player_experience":1284598,"relics_obtained":[{"floor":6.0,"key":"Dream Catcher"},{"floor":8.0,"key":"Nunchaku"},{"floor":9.0,"key":"Bottled Flame"},{"floor":17,"key":"Pen Nib"},{"floor":17,"key":"Toxic Egg 2"},{"floor":17,"key":"Champion Belt"},{"floor":19,"key":"Nilry\u0027s Codex"}],"event_choices":[{"cards_removed":["Strike_R"],"damage_healed":0.0,"max_hp_gain":0.0,"max_hp_loss":0.0,"gold_gain":0.0,"event_name":"Golden Wing","player_choice":"Card Removal","floor":3.0,"gold_loss":0.0,"damage_taken":7.0},{"damage_healed":0.0,"max_hp_gain":0.0,"max_hp_loss":0.0,"gold_gain":75.0,"event_name":"World of Goop","player_choice":"Gather Gold","floor":7.0,"gold_loss":0.0,"damage_taken":11.0},{"damage_healed":22.0,"max_hp_gain":0.0,"max_hp_loss":0.0,"gold_gain":0.0,"event_name":"Big Fish","player_choice":"Banana","floor":11.0,"gold_loss":0.0,"damage_taken":0.0},{"damage_healed":0,"gold_gain":0,"player_choice":"Obtained Book","damage_taken":21,"max_hp_gain":0,"max_hp_loss":0,"event_name":"Cursed Tome","floor":19,"gold_loss":0}],"is_beta":false,"boss_relics":[{"not_picked":["Astrolabe","SacredBark"],"picked":"Calling Bell"}],"items_purged_floors":[],"is_endless":false,"potions_floor_spawned":[5,6,10],"killed_by":"Shell Parasite","ascension_level":20}}