{"host":"ct28ocsd8g8yr2ah","time":1610732069,"event":{"mods":["BaseMod","Better Third Choice","Hermit","KinomotoSakuraMod(????)","Koishi","Marisa????????","Minty Spire (QoL Compilation)","Reimu??????","Remilia??????","StSLib","The Animator","The Gatherer","The Servant 0.9.4","Waifu the Spire"],"gold_per_floor":[109,120,220,20,20,48,64,64,64,19,19,34,34,54,54,159,159,175,189,189,206,106,106,118,118,118,118,118,118,128,145,145,243,243,256,14,29,49,66,66,85,119,119,144,156,149,149,165,165,165],"floor_reached":51,"language":"RUS","playtime":1466,"items_purged":["hermit:Strike_Hermit","hermit:Strike_Hermit"],"score":793,"play_id":"ae9ac1ad-a48f-4365-b27e-8473d45e12da","local_time":"20210115223429","is_ascension_mode":true,"campfire_choices":[{"data":"1","floor":8,"key":"LIFT"},{"data":"2","floor":11,"key":"LIFT"},{"data":"3","floor":13,"key":"LIFT"},{"data":"hermit:Spite","floor":15,"key":"SMITH"},{"floor":23,"key":"REST"},{"floor":25,"key":"REST"},{"data":"hermit:SprayPray","floor":27,"key":"SMITH"},{"floor":32,"key":"REST"},{"data":"hermit:FinalCanter","floor":40,"key":"SMITH"},{"floor":47,"key":"REST"},{"floor":49,"key":"REST"}],"circlet_count":0,"master_deck":["hermit:Defend_Hermit","hermit:Defend_Hermit","hermit:Defend_Hermit+1","hermit:Defend_Hermit","hermit:Snapshot","hermit:Covet","hermit:Spite+1","hermit:CursedWeapon","hermit:FromBeyond+1","hermit:Headshot+1","hermit:SprayPray+1","hermit:SprayPray+1","hermit:RoundhouseKick","hermit:BodyArmor","hermit:Glare+1","hermit:Glare","hermit:SprayPray+1","hermit:FinalCanter+1","hermit:FullyLoaded+1","hermit:Glare+1","hermit:Virtue+1","hermit:BodyArmor+1","hermit:CalledShot+1"],"relics":["hermit:Momento","NeowsBlessing","Girya","Pantograph","SacredBark","Gremlin Horn","Empty Cage","AntiCross","CatCart","hermit:Spyglass","War Paint"],"acts_visited":["Exordium","TheCity","TheBeyond"],"potions_floor_usage":[33,33,44,45,48,50],"damage_taken":[{"damage":0,"enemies":"Cultist","floor":1,"turns":1},{"damage":0,"enemies":"Jaw Worm","floor":2,"turns":1},{"damage":2,"enemies":"3 Sentries","floor":6,"turns":2},{"damage":2,"enemies":"2 Louse","floor":7,"turns":1},{"damage":7,"enemies":"Lots of Slimes","floor":12,"turns":3},{"damage":2,"enemies":"Looter","floor":14,"turns":2},{"damage":57,"enemies":"The Guardian","floor":16,"turns":7},{"damage":4,"enemies":"Chosen","floor":18,"turns":2},{"damage":20,"enemies":"Shell Parasite","floor":19,"turns":4},{"damage":16,"enemies":"Centurion and Healer","floor":21,"turns":4},{"damage":26,"enemies":"3 Cultists","floor":24,"turns":4},{"damage":12,"enemies":"Snake Plant","floor":30,"turns":2},{"damage":2,"enemies":"Chosen and Byrds","floor":31,"turns":3},{"damage":29,"enemies":"Collector","floor":33,"turns":3},{"damage":0,"enemies":"3 Shapes","floor":35,"turns":2},{"damage":2,"enemies":"Orb Walker","floor":37,"turns":2},{"damage":12,"enemies":"Jaw Worm Horde","floor":38,"turns":3},{"damage":11,"enemies":"Maw","floor":39,"turns":3},{"damage":0,"enemies":"Writhing Mass","floor":41,"turns":2},{"damage":25,"enemies":"Orin","floor":42,"turns":6},{"damage":2,"enemies":"Giant Head","floor":44,"turns":3},{"damage":12,"enemies":"Jaw Worm Horde","floor":45,"turns":2},{"damage":6,"enemies":"Transient","floor":46,"turns":5},{"damage":7,"enemies":"Writhing Mass","floor":48,"turns":2},{"damage":24,"enemies":"Time Eater","floor":50,"turns":4}],"seed_played":"-5787729937637027784","potions_obtained":[{"floor":6,"key":"SkillPotion"},{"floor":16,"key":"SkillPotion"},{"floor":19,"key":"BlessingOfTheForge"},{"floor":21,"key":"Strength Potion"},{"floor":24,"key":"hermit:Tonic"},{"floor":33,"key":"SteroidPotion"},{"floor":35,"key":"ZuzhouPotion:ReiMu"},{"floor":39,"key":"Strength Potion"},{"floor":46,"key":"LiquidMemories"}],"is_trial":false,"path_per_floor":["M","M","?","$","?","E","M","R","T","$","R","M","R","M","R","B",null,"M","M","?","M","$","R","M","R","T","R","$","?","M","M","R","B",null,"M","$","M","M","M","R","M","?","T","E","M","M","R","M","R","B",null],"character_chosen":"HERMIT","items_purchased":["hermit:FromBeyond","hermit:Headshot","hermit:SprayPray","AntiCross"],"campfire_rested":5,"item_purchase_floors":[4,4,10,36],"current_hp_per_floor":[75,75,75,75,60,58,56,56,56,56,56,49,49,47,47,15,75,71,51,51,35,35,57,31,53,53,53,53,53,41,39,61,46,75,75,75,73,61,50,50,50,25,25,23,11,5,27,20,42,43],"gold":165,"neow_bonus":"THREE_ENEMY_KILL","is_daily":false,"chose_seed":false,"campfire_upgraded":3,"win_rate":0.0,"timestamp":1610732069,"path_taken":["M","M","?","?","?","E","M","R","T","$","R","M","R","M","R","BOSS","M","M","?","?","$","R","M","R","T","R","$","?","?","M","R","BOSS","M","$","M","M","M","R","M","?","T","E","M","M","R","M","R","BOSS"],"items_purchased_type":["Card","Card","Card","Relic"],"build_version":"2020-12-22","purchased_purges":2,"victory":true,"max_hp_per_floor":[75,75,75,75,75,75,75,75,75,75,75,75,75,75,75,75,75,75,75,75,75,75,75,75,75,75,75,75,75,75,75,75,75,75,75,75,75,75,75,75,75,75,75,75,75,75,75,75,75,75],"card_choices":[{"not_picked":["hermit:LowProfile","hermit:Maintenance"],"picked":"hermit:Spite","floor":1},{"not_picked":["hermit:Feint","hermit:CalledShot"],"picked":"hermit:CursedWeapon","floor":2},{"not_picked":["hermit:Grudge","hermit:Feint","hermit:Reprieve"],"picked":"SKIP","floor":6},{"not_picked":["hermit:Grudge","hermit:HoleUp","hermit:ShadowCloak"],"picked":"SKIP","floor":7},{"not_picked":["hermit:Snipe","hermit:CalledShot","hermit:BodyArmor"],"picked":"SKIP","floor":12},{"not_picked":["hermit:Glare","hermit:BodyArmor"],"picked":"hermit:SprayPray","floor":14},{"not_picked":["hermit:Purgatory","hermit:BlackWind"],"picked":"hermit:RoundhouseKick","floor":16},{"not_picked":["hermit:Ricochet","hermit:Desperado"],"picked":"hermit:BodyArmor","floor":18},{"not_picked":["hermit:Malice","hermit:SprayPray"],"picked":"hermit:Glare","floor":19},{"not_picked":["hermit:BodyArmor","hermit:Determination"],"picked":"hermit:Glare","floor":21},{"not_picked":["hermit:Misfire","hermit:Adapt","hermit:Cheat"],"picked":"SKIP","floor":24},{"not_picked":["hermit:Desperado","hermit:GoldenBullet+1"],"picked":"hermit:SprayPray+1","floor":30},{"not_picked":["hermit:FullyLoaded","hermit:TrackingShot","hermit:Feint"],"picked":"SKIP","floor":31},{"not_picked":["hermit:Purgatory","hermit:EternalForm"],"picked":"hermit:FinalCanter","floor":33},{"not_picked":["hermit:BigShot","hermit:CalledShot"],"picked":"hermit:FullyLoaded+1","floor":35},{"not_picked":["hermit:Vantage+1","hermit:WideOpen"],"picked":"hermit:Glare+1","floor":37},{"not_picked":["hermit:Ricochet","hermit:CalledShot+1","hermit:Quickdraw"],"picked":"SKIP","floor":38},{"not_picked":["hermit:Manifest+1","hermit:Headshot+1","hermit:HoleUp+1"],"picked":"SKIP","floor":39},{"not_picked":["hermit:BlackWind","hermit:FlashPowder"],"picked":"hermit:Virtue","floor":41},{"not_picked":["hermit:ItchyTrigger","hermit:LuckOfTheDraw","hermit:LowProfile+1"],"picked":"SKIP","floor":44},{"not_picked":["hermit:Snipe+1","hermit:GhostlyPresence+1"],"picked":"hermit:BodyArmor+1","floor":45},{"not_picked":["hermit:SprayPray","hermit:Horror+1"],"picked":"hermit:CalledShot+1","floor":46},{"not_picked":["hermit:Quickdraw+1","hermit:CalledShot+1","hermit:HoleUp+1"],"picked":"SKIP","floor":48}],"player_experience":535897,"relics_obtained":[{"floor":6,"key":"Girya"},{"floor":9,"key":"Pantograph"},{"floor":26,"key":"Gremlin Horn"},{"floor":42,"key":"CatCart"},{"floor":43,"key":"hermit:Spyglass"},{"floor":44,"key":"War Paint"}],"event_choices":[{"damage_healed":0,"gold_gain":100,"player_choice":"Pray","damage_taken":0,"max_hp_gain":0,"max_hp_loss":0,"event_name":"Golden Shrine","floor":3,"gold_loss":0},{"damage_healed":75,"gold_gain":0,"player_choice":"Upgrade","damage_taken":15,"max_hp_gain":0,"max_hp_loss":75,"event_name":"betterThird:BetterShining","floor":5,"gold_loss":0,"cards_upgraded":["hermit:Headshot","hermit:Defend_Hermit"]},{"damage_healed":0,"gold_gain":0,"player_choice":"Forge","damage_taken":0,"max_hp_gain":0,"max_hp_loss":0,"event_name":"Accursed Blacksmith","floor":20,"gold_loss":0,"cards_upgraded":["hermit:SprayPray"]},{"damage_healed":0,"gold_gain":0,"player_choice":"Upgraded","damage_taken":0,"max_hp_gain":0,"max_hp_loss":0,"event_name":"Upgrade Shrine","floor":29,"gold_loss":0,"cards_upgraded":["hermit:Glare"]},{"damage_healed":0,"gold_gain":0,"player_choice":"Fight","damage_taken":0,"max_hp_gain":0,"max_hp_loss":0,"event_name":"OrinTheCat","floor":42,"gold_loss":0}],"is_beta":false,"boss_relics":[{"not_picked":["Runic Pyramid","Pandora\u0027s Box"],"picked":"SacredBark"},{"not_picked":["Black Star","hermit:DentedPlate"],"picked":"Empty Cage"}],"items_purged_floors":[4,22],"is_endless":false,"potions_floor_spawned":[6,16,19,21,24,33,35,39,41,46],"ascension_level":1}}