{"host":"aj6dldabq8s02zuz","time":1610695039,"event":{"mods":["AchievementEnabler","BaseMod","Better Note","Better Third Choice","Block Reminder","Colored Map","Custom Start","Downfall","Hermit","Highlight Path","Hubris","Mimic Mod","Minty Spire (QoL Compilation)","Permanent Neow","Quick Restart","Relic Sorter","Replay The Spire","StSLib","The Blue Laboratory","The Jungle","TheArtist","Wandering Minibosses"],"gold_per_floor":[99,118,131,131,148,64,64,80,180,192,221,146,163,177,192,297,297,297,282,282,282,282,296,331,331,350,368,293,311,311,311,311],"floor_reached":30,"language":"ENG","playtime":2187,"items_purged":[],"score":234,"play_id":"8b04e6ec-f043-495f-ad20-db725b1038be","local_time":"20210115011719","is_ascension_mode":false,"campfire_choices":[{"floor":1,"key":"RECALL"},{"data":"Guardian:TwinSlam","floor":12,"key":"SMITH"},{"data":"Guardian:EvasiveProtocol","floor":18,"key":"SMITH"},{"data":"Guardian:Orbwalk","floor":28,"key":"SMITH"}],"circlet_count":0,"master_deck":["Guardian:Strike_Guardian","Guardian:Strike_Guardian","Guardian:Strike_Guardian","Guardian:Strike_Guardian","Guardian:Defend_Guardian","Guardian:Defend_Guardian","Guardian:Defend_Guardian","Guardian:Defend_Guardian","Guardian:CurlUp","Guardian:TwinSlam+1","Guardian:ChargeUp","Guardian:GuardianWhirl","Guardian:Preprogram","Guardian:Orbwalk","Guardian:ChargeCore","Guardian:EvasiveProtocol+1","Guardian:BronzeOrb","Guardian:SentryBeam","Guardian:BaubleBeam","Guardian:Suspension","Guardian:Orbwalk+1","Guardian:Gem_Lightblue","Guardian:Gem_White","Guardian:Gem_Red"],"relics":["Guardian:ModeShifter","Pantograph","Ice Cream","downfall:HeartBlessingRed","hubris:Backtick","Simple Rune","hubris:BottledHeart","Mercury Hourglass","downfall:HeartBlessingBlue"],"acts_visited":["Exordium","TheCity"],"potions_floor_usage":[11],"damage_taken":[{"damage":0,"enemies":"2 Louse","floor":2,"turns":3},{"damage":5,"enemies":"Cultist","floor":3,"turns":5},{"damage":0,"enemies":"Small Slimes","floor":5,"turns":4},{"damage":7,"enemies":"downfall:FleeingMerchant","floor":6,"turns":4},{"damage":0,"enemies":"Exordium Wildlife","floor":8,"turns":2},{"damage":9,"enemies":"Large Slime","floor":10,"turns":8},{"damage":16,"enemies":"3 Sentries","floor":11,"turns":7},{"damage":3,"enemies":"Red Slaver","floor":13,"turns":3},{"damage":2,"enemies":"Exordium Wildlife","floor":14,"turns":4},{"damage":0,"enemies":"Blue Slaver","floor":15,"turns":3},{"damage":38,"enemies":"downfall:Defect","floor":16,"turns":8},{"damage":9,"enemies":"downfall:FleeingMerchant","floor":19,"turns":4},{"damage":0,"enemies":"Chosen","floor":23,"turns":3},{"damage":0,"enemies":"Snecko","floor":24,"turns":5},{"damage":0,"enemies":"Snecko","floor":26,"turns":5},{"damage":0,"enemies":"Sentry and Sphere","floor":27,"turns":4},{"damage":0,"enemies":"Centurion and Healer","floor":29,"turns":9},{"damage":0,"enemies":"Snake Plant","floor":30,"turns":1}],"seed_played":"-4089647479805355557","potions_obtained":[{"floor":3,"key":"sneckomod:MuddlingPotion"},{"floor":8,"key":"blueLaboratory:Moonshine"},{"floor":10,"key":"Adrenaline Potion"},{"floor":15,"key":"DuplicationPotion"}],"is_trial":false,"path_per_floor":["R","M","M","?","M","$","T","M","?","M","E","R","M","M","M","B",null,"R","$","?","?","T","M","MIM","?","M","M","R","M","M"],"character_chosen":"GUARDIAN","items_purchased":["Guardian:Orbwalk"],"campfire_rested":0,"item_purchase_floors":[6],"current_hp_per_floor":[80,80,75,75,75,68,68,68,68,59,43,43,40,38,38,42,80,80,71,71,1,1,1,1,1,1,1,1,1,1,1,1],"gold":311,"neow_bonus":"THREE_CARDS","is_daily":false,"chose_seed":false,"campfire_upgraded":3,"win_rate":0.0,"timestamp":1610695039,"path_taken":["R","M","M","?","?","?","T","M","?","M","E","R","?","M","M","BOSS","R","$","?","?","?","M","MIM","?","M","M","R","M","M"],"items_purchased_type":["Card"],"build_version":"2020-12-22","purchased_purges":0,"victory":false,"max_hp_per_floor":[80,80,80,80,80,80,80,80,80,80,80,80,80,80,80,80,80,80,80,80,1,1,1,1,1,1,1,1,1,1,1,1],"card_choices":[{"not_picked":["Guardian:DecasProtection","Guardian:PiercingHide"],"picked":"Guardian:ChargeUp","floor":0},{"not_picked":["Guardian:Gem_Red","Guardian:Gem_Fragmented"],"picked":"Guardian:Gem_Cyan","floor":2},{"not_picked":["Guardian:Preprogram","Guardian:BronzeOrb"],"picked":"Guardian:GuardianWhirl","floor":3},{"not_picked":["Guardian:Planning","Guardian:PiercingHide"],"picked":"Guardian:Preprogram","floor":5},{"not_picked":["Guardian:Repulse","Guardian:TimeBomb"],"picked":"Guardian:Gem_Cyan","floor":6},{"not_picked":["Guardian:Reroute","Guardian:Incinerate"],"picked":"Guardian:ChargeCore","floor":8},{"not_picked":["Guardian:TemporalShield","Guardian:ChargeCore"],"picked":"Guardian:Gem_Green","floor":10},{"not_picked":["Guardian:FastForward","Guardian:Gem_Yellow"],"picked":"Guardian:EvasiveProtocol","floor":11},{"not_picked":["Guardian:WalkerClaw","Guardian:BronzeArmor"],"picked":"Guardian:BronzeOrb","floor":13},{"not_picked":["Guardian:Emergency","Guardian:Gem_Green","Guardian:PrimingBeam"],"picked":"SKIP","floor":14},{"not_picked":["Guardian:ShieldSpikes","Guardian:Gem_White"],"picked":"Guardian:SentryBeam","floor":15},{"not_picked":["Guardian:RevengeProtocol","Guardian:FierceBash"],"picked":"Guardian:BaubleBeam","floor":16},{"not_picked":["Guardian:Gem_White","Guardian:DonusPower+1","Guardian:MultiBeam"],"picked":"SKIP","floor":19},{"not_picked":["Guardian:MultiBeam","Guardian:VentSteam"],"picked":"Guardian:Suspension","floor":23},{"not_picked":["Guardian:PolyBeam","Guardian:Gem_Lightblue"],"picked":"Guardian:Orbwalk","floor":24},{"not_picked":["Guardian:Gem_Lightblue","Guardian:TimeCapacitor"],"picked":"Guardian:Gem_Fragmented","floor":26},{"not_picked":["Guardian:Suspension","Guardian:Gem_Yellow","Guardian:PrimingBeam"],"picked":"SKIP","floor":27},{"not_picked":["Guardian:WalkerClaw+1","Guardian:EvasiveProtocol"],"picked":"Guardian:Gem_Red","floor":29}],"player_experience":34525,"relics_obtained":[{"floor":7,"key":"Pantograph"},{"floor":11,"key":"Ice Cream"},{"floor":24,"key":"Mercury Hourglass"}],"event_choices":[{"damage_healed":0,"gold_gain":0,"player_choice":"Ignored","damage_taken":0,"max_hp_gain":0,"max_hp_loss":0,"event_name":"betterNote:BetterNote","floor":20,"gold_loss":0,"cards_obtained":["Guardian:Incinerate"]}],"is_beta":false,"boss_relics":[{"not_picked":["Runic Pyramid","Runic Dome"],"picked":"hubris:Backtick"}],"items_purged_floors":[],"is_endless":false,"potions_floor_spawned":[3,8,10,13,15,23,29],"killed_by":"Snake Plant","ascension_level":0}}