{"host":"jqs3n1ibo475axb9","time":1610730777,"event":{"mods":["Aspiration","Bard","BaseMod","Beaked The Cultist","Challenge The Spire","Colored Map","Colored Powertips","Conspire","Dark Map","DeckTracker","Downfall","Duelist Mod","Glutton Mod","Googly Eyes","Halation","Highlight Path","Hubris","Infinite Spire","Jedi Mod","Mad Scientist","Marisa????????","Mimic Mod","Minty Spire (QoL Compilation)","Quick Restart","Random Character Button","Relic Sorter","Replay The Spire","Shop Mod","StSLib","SuperFastMode","Synergy Search","The Construct","The Cursed","The Disciple","The Hierophant","The Judge","The Jungle","The Mystic","The Runesmith","The Servant 0.9.4","TheArtist","vexMod"],"gold_per_floor":[99,99,99,99,199,231,231,244,9,34,34,45,30,46,63,162,162,162,173,185,185,185,185],"floor_reached":21,"language":"ENG","playtime":1629,"items_purged":["Slimebound:Defend_Slimebound"],"score":187,"play_id":"8b99d3a0-7cb8-47e7-b8a2-84b648f6df00","local_time":"20210115121257","is_ascension_mode":false,"campfire_choices":[{"floor":1,"key":"DIG"},{"floor":18,"key":"DIG"}],"circlet_count":0,"master_deck":["Slimebound:Strike_Slimebound","Slimebound:Tackle","Slimebound:Defend_Slimebound","Slimebound:Defend_Slimebound","Slimebound:Defend_Slimebound","Slimebound:Split+1","Slimebound:CorrosiveSpit","Slimebound:Schlurp","Slimebound:LevelUp+1","Slimebound:GrowthPunch","Slimebound:LivingWall+1","Slimebound:LeechingTouch","Slimebound:GoopSpray","Slimebound:GrowthPunch","Slimebound:SlimeBarrage","Slimebound:SamplingLick","Slimebound:GrowthPunch","Slimebound:FirmFortitude","Slimebound:LeechEnergy","Slimebound:LeechLife","Slimebound:SplitAcid+1"],"relics":["Slimebound:AbsorbEndCombat","downfall:HeartsMalice","beaked:ShinyBauble","conspire:DecoderRing","halation:BottledLove","Guide Book","Slimebound:ScrapOozeRelic","aspiration:RunicSpoon","halation:SelfBoilingWater"],"acts_visited":["Exordium","TheCity"],"potions_floor_usage":[10,12,15,16,19,21],"damage_taken":[{"damage":0,"enemies":"Cultist","floor":2,"turns":1},{"damage":0,"enemies":"Jaw Worm","floor":3,"turns":1},{"damage":0,"enemies":"Small Slimes","floor":4,"turns":1},{"damage":47,"enemies":"downfall:Heads","floor":5,"turns":6},{"damage":24,"enemies":"3 Sentries","floor":6,"turns":7},{"damage":20,"enemies":"Blue Slaver","floor":8,"turns":4},{"damage":8,"enemies":"downfall:FleeingMerchant","floor":9,"turns":4},{"damage":35,"enemies":"Gremlin Nob","floor":10,"turns":5},{"damage":15,"enemies":"Exordium Thugs","floor":12,"turns":4},{"damage":8,"enemies":"downfall:FleeingMerchant","floor":13,"turns":4},{"damage":17,"enemies":"Exordium Wildlife","floor":14,"turns":3},{"damage":4,"enemies":"conspire:2 RoseBushes","floor":15,"turns":3},{"damage":12,"enemies":"downfall:Watcher","floor":16,"turns":6},{"damage":55,"enemies":"conspire:FuzzyDice","floor":19,"turns":5},{"damage":49,"enemies":"3 Cultists","floor":20,"turns":6},{"damage":31,"enemies":"Centurion and Healer","floor":21,"turns":3}],"seed_played":"-4570251037012206429","potions_obtained":[{"floor":5,"key":"Energy Potion"},{"floor":8,"key":"SpeedPotion"},{"floor":10,"key":"AttackPotion"},{"floor":12,"key":"Explosive Potion"},{"floor":16,"key":"EssenceOfSteel"},{"floor":19,"key":"Elixir"},{"floor":20,"key":"AttackPotion"}],"is_trial":false,"path_per_floor":["R_BF","M","M","M","?","E","T","M","$","E","?","M","$","M","M","B",null,"R_BF","M","M","M"],"character_chosen":"SLIMEBOUND","items_purchased":["Guide Book"],"campfire_rested":0,"item_purchase_floors":[9],"current_hp_per_floor":[60,60,60,60,37,37,37,33,37,14,14,11,19,14,22,34,60,60,51,26,3,3,3],"gold":185,"neow_bonus":"THREE_ENEMY_KILL","is_daily":false,"chose_seed":false,"campfire_upgraded":0,"win_rate":0.0,"timestamp":1610730777,"path_taken":["R_BF","M","M","M","?","E","T","M","?","E","?","?","?","M","M","BOSS","R_BF","M","M","M"],"items_purchased_type":["Relic"],"build_version":"2020-12-22","purchased_purges":1,"victory":false,"max_hp_per_floor":[60,60,60,60,60,60,60,60,60,60,60,60,60,60,60,60,60,60,60,60,60,60,60],"card_choices":[{"not_picked":["Slimebound:PressTheAttack","Slimebound:SplitAcid"],"picked":"Slimebound:Schlurp","floor":2},{"not_picked":["Slimebound:Equalize","Slimebound:SplitLeeching"],"picked":"Slimebound:LevelUp","floor":3},{"not_picked":["Slimebound:Chomp","Slimebound:SamplingLick"],"picked":"Slimebound:GrowthPunch","floor":4},{"not_picked":["Slimebound:SplitBruiser","Slimebound:ViciousTackle"],"picked":"Slimebound:LeechingTouch","floor":5},{"not_picked":["Slimebound:SplitLeeching","Slimebound:SplitMire"],"picked":"Slimebound:GoopSpray","floor":6},{"not_picked":["Slimebound:SlimeBarrage","Slimebound:ItLooksTasty"],"picked":"Slimebound:GrowthPunch","floor":8},{"not_picked":["Slimebound:WasteNot","Slimebound:MassRepurpose"],"picked":"Slimebound:SlimeBarrage","floor":9},{"not_picked":["Slimebound:SplitBruiser","Slimebound:FormOfPuddle"],"picked":"Slimebound:SamplingLick","floor":10},{"not_picked":["Slimebound:SlimeBrawl","Slimebound:LevelUp"],"picked":"Slimebound:GrowthPunch","floor":12},{"not_picked":["Slimebound:Nibble","Slimebound:GrowthPunch"],"picked":"Slimebound:FirmFortitude","floor":13},{"not_picked":["Slimebound:SlimeSpikes","Slimebound:ViciousTackle","Slimebound:SelfFormingGoo"],"picked":"SKIP","floor":14},{"not_picked":["Slimebound:ViciousTackle","Slimebound:FirmFortitude"],"picked":"Slimebound:LeechEnergy","floor":15},{"not_picked":["Slimebound:MassRepurpose","Slimebound:MassFeed"],"picked":"Slimebound:LeechLife","floor":16},{"not_picked":["Slimebound:Chomp","Slimebound:ViciousTackle","Slimebound:ComboTackle"],"picked":"SKIP","floor":19},{"not_picked":["Slimebound:Grow","Slimebound:ViciousTackle"],"picked":"Slimebound:SplitAcid+1","floor":20}],"player_experience":515403,"relics_obtained":[{"floor":1,"key":"beaked:ShinyBauble"},{"floor":6,"key":"conspire:DecoderRing"},{"floor":7,"key":"halation:BottledLove"},{"floor":10,"key":"infinitespire:Beetle Shell"},{"floor":18,"key":"halation:SelfBoilingWater"}],"event_choices":[],"is_beta":false,"boss_relics":[{"not_picked":["halation:PlatinumPhoenix","Runesmith:UraniumAnvil"],"picked":"aspiration:RunicSpoon"}],"items_purged_floors":[9],"is_endless":false,"potions_floor_spawned":[5,8,10,12,16,19,20],"killed_by":"Centurion and Healer","ascension_level":0}}