{"host":"56ghxnzsglgdq727","time":1610751743,"event":{"mods":["AchievementEnabler","BaseMod","Downfall","Duelist Mod","Minty Spire (QoL Compilation)","Rare Cards Sparkle","StSLib","The Bug Knight","The Exalted","The Senshi","The Wild Card"],"gold_per_floor":[139,163,95,144,144,178,178,203,203,203,222,222,241,241,241,341,341,353,353,353],"floor_reached":19,"language":"ENG","playtime":653,"items_purged":[],"score":335,"play_id":"d7d6ffba-ffc2-4866-9429-355b22880a60","local_time":"20210115180223","is_ascension_mode":true,"campfire_choices":[{"data":"theDuelist:RevolvingSwitchyard","floor":7,"key":"SMITH"},{"floor":10,"key":"REST"},{"data":"theDuelist:Terraforming","floor":15,"key":"SMITH"}],"circlet_count":0,"master_deck":["theDuelist:Biofalcon","theDuelist:AncientGearChimera","theDuelist:Deskbot004","theDuelist:Reinforcements","theDuelist:AncientGearGolem","theDuelist:GreenGadget","theDuelist:Deskbot005","theDuelist:CastleWalls","theDuelist:MetalDragon","theDuelist:Sparks","theDuelist:TurretWarrior","theDuelist:Terraforming+1","theDuelist:Deskbot004","theDuelist:CastleWalls","theDuelist:RevolvingSwitchyard+1","theDuelist:Sparks","theDuelist:TokenVacuum"],"relics":["theDuelist:MillenniumPuzzle","theDuelist:CardPoolRelic","theDuelist:CardPoolBasicRelic","theDuelist:BoosterPackPoolRelic","theDuelist:CardPoolAddRelic","theDuelist:CardPoolMinusRelic","theDuelist:CardPoolSaveRelic","theDuelist:CardPoolOptionsRelic","NeowsBlessing","Bromod:ArcanePistoleer","Incense Burner","StoneCalendar","theDuelist:MillenniumArmor","Bag of Preparation","theDuelist:MetronomeRelicD","Ancient Tea Set","theDuelist:BoosterExtraAllRaresRelic","theDuelist:Wirebundle","Black Star"],"acts_visited":["Exordium","TheCity"],"potions_floor_usage":[8,16,16,19],"damage_taken":[{"damage":0,"enemies":"Jaw Worm","floor":1,"turns":1},{"damage":0,"enemies":"Jaw Worm","floor":4,"turns":1},{"damage":0,"enemies":"Gremlin Nob","floor":6,"turns":1},{"damage":38,"enemies":"3 Sentries","floor":8,"turns":7},{"damage":0,"enemies":"Small Slimes","floor":11,"turns":4},{"damage":0,"enemies":"Cultist","floor":13,"turns":3},{"damage":0,"enemies":"Slime Boss","floor":16,"turns":3},{"damage":28,"enemies":"2 Thieves","floor":18,"turns":5},{"damage":49,"enemies":"Masked Bandits","floor":19,"turns":3}],"seed_played":"8875710316012295715","potions_obtained":[{"floor":1,"key":"Weak Potion"},{"floor":6,"key":"theDuelist:ElectricBrew"},{"floor":8,"key":"theDuelist:FireBottle"},{"floor":13,"key":"Energy Potion"}],"is_trial":false,"path_per_floor":["M","?","$","?","?","E","R","E","T","R","M","?","M","T","R","B",null,"M","?"],"character_chosen":"THE_DUELIST","items_purchased":["theDuelist:RevolvingSwitchyard"],"campfire_rested":1,"item_purchase_floors":[3],"current_hp_per_floor":[72,72,72,72,66,66,66,30,30,54,54,48,48,48,48,48,74,46,0,0],"gold":353,"neow_bonus":"THREE_ENEMY_KILL","is_daily":false,"chose_seed":false,"campfire_upgraded":2,"win_rate":0.0,"timestamp":1610751743,"path_taken":["M","?","$","?","?","E","R","E","T","R","M","?","?","?","R","BOSS","M","?"],"items_purchased_type":["Card"],"build_version":"2020-12-22","purchased_purges":0,"victory":false,"max_hp_per_floor":[80,80,80,80,80,80,80,82,82,82,82,82,82,82,82,82,82,82,82,82],"card_choices":[{"not_picked":["theDuelist:Sangan","theDuelist:JunkSpeeder","theDuelist:LostGuardian","theDuelist:Wiseman"],"picked":"theDuelist:Terraforming","floor":1},{"not_picked":["theDuelist:GearGigant","theDuelist:DoubleTool","theDuelist:Deskbot004","theDuelist:CannonSoldier"],"picked":"theDuelist:AncientGearChimera","floor":6},{"not_picked":["theDuelist:Submarineroid","theDuelist:CyberRaider","theDuelist:AncientGearBox","theDuelist:DarkFactory"],"picked":"theDuelist:AncientGearGolem","floor":8},{"not_picked":["theDuelist:AncientGearReactorDragon","theDuelist:CyberRaider","theDuelist:Deskbot008","theDuelist:MachineFactory"],"picked":"theDuelist:MetalDragon","floor":11},{"not_picked":["theDuelist:JunkSpeeder","theDuelist:GemElephant","theDuelist:DarkCreator","theDuelist:Terraforming"],"picked":"theDuelist:Reinforcements","floor":13},{"not_picked":["theDuelist:Overworked","theDuelist:JinzoLord","theDuelist:GravityLash","theDuelist:GoldenBlastJuggler"],"picked":"theDuelist:TurretWarrior","floor":16},{"not_picked":["theDuelist:AncientGearExplosive","theDuelist:JadeKnight","theDuelist:CemetaryBomb","theDuelist:MetalDetector"],"picked":"theDuelist:TokenVacuum","floor":18}],"player_experience":265754,"relics_obtained":[{"floor":4,"key":"Bromod:ArcanePistoleer"},{"floor":4,"key":"Incense Burner"},{"floor":4,"key":"StoneCalendar"},{"floor":6,"key":"Bag of Preparation"},{"floor":8,"key":"theDuelist:MetronomeRelicD"},{"floor":9,"key":"Ancient Tea Set"},{"floor":14,"key":"theDuelist:Wirebundle"}],"event_choices":[{"damage_healed":0,"gold_gain":0,"player_choice":"Sold Deskbot005 for 24 Gold.","duelist":true,"damage_taken":0,"max_hp_gain":0,"max_hp_loss":0,"event_name":"Card Trader","floor":2,"gold_loss":0},{"damage_healed":0,"gold_gain":0,"player_choice":"Fight","duelist":true,"damage_taken":0,"max_hp_gain":0,"max_hp_loss":0,"event_name":"Battle City","floor":4,"gold_loss":0},{"damage_healed":0,"gold_gain":0,"player_choice":"Dig - random Duelist relic","duelist":true,"damage_taken":0,"max_hp_gain":0,"max_hp_loss":0,"event_name":"Aknamkanon\u0027s Tomb","floor":5,"gold_loss":0},{"damage_healed":0,"gold_gain":0,"player_choice":"Dig - random Duelist relic","duelist":true,"damage_taken":0,"max_hp_gain":0,"max_hp_loss":0,"event_name":"Aknamkanon\u0027s Tomb","floor":12,"gold_loss":0},{"damage_healed":0,"gold_gain":0,"player_choice":"Fought Bandits","damage_taken":0,"max_hp_gain":0,"max_hp_loss":0,"event_name":"Masked Bandits","floor":19,"gold_loss":0}],"is_beta":false,"boss_relics":[{"not_picked":["Sozu","Velvet Choker"],"picked":"Black Star"}],"items_purged_floors":[],"is_endless":false,"potions_floor_spawned":[1,6,8,13],"killed_by":"Masked Bandits","ascension_level":7}}