{"host":"pf47v7h0307523iy","time":1610723271,"event":{"mods":["BaseMod","Minty Spire (QoL Compilation)"],"gold_per_floor":[112,112,112,112,112,112,130,130,177,18,42,85,85,0,0,94,94,113,28,28,53,77,77,89,121,121,121,133,153,153,183,183,257,257,272,272,297,322,64,64,77,104,104,124,155,172,187,187,187,270,347,374,387,312,337,349,195,195,220,249,319,319,340,340,363,376,376,455,491,507,530,547,566,596,624,642,661,687,687,706,735,762,776,776,848,848,863,925,959,983,1008,1008,549,549,584,599,615,188,207,225,225,302,389,389,418,224,224],"floor_reached":106,"language":"ENG","playtime":10597,"items_purged":["Regret","Strike_G","Crippling Poison"],"score":7203,"play_id":"caab2d1a-090c-4d2f-8625-1b92450a34a6","local_time":"20210115170751","is_ascension_mode":true,"campfire_choices":[{"data":"Neutralize","floor":6.0,"key":"SMITH"},{"data":"Masterful Stab","floor":8.0,"key":"SMITH"},{"data":"Crippling Poison","floor":13.0,"key":"SMITH"},{"floor":15.0,"key":"REST"},{"data":"Noxious Fumes","floor":23.0,"key":"SMITH"},{"data":"Noxious Fumes","floor":27.0,"key":"SMITH"},{"data":"Venomology","floor":30.0,"key":"SMITH"},{"data":"Deflect","floor":32.0,"key":"SMITH"},{"floor":40.0,"key":"REST"},{"floor":49.0,"key":"REST"},{"floor":58.0,"key":"REST"},{"floor":62.0,"key":"REST"},{"floor":64.0,"key":"REST"},{"floor":67.0,"key":"REST"},{"floor":79.0,"key":"REST"},{"floor":84.0,"key":"REST"},{"floor":92,"key":"REST"},{"floor":101,"key":"REST"}],"circlet_count":0,"master_deck":["AscendersBane","Neutralize+1","Escape Plan","Masterful Stab+1","PiercingWail","Noxious Fumes+1","Venomology+1","Deflect+1","Noxious Fumes+1","Concentrate+1","Escape Plan","Adrenaline","Noxious Fumes+1","Acrobatics+1","Malaise","Wraith Form v2+1","Envenom+1","Venomology+1","Blur+1","Corpse Explosion","Leg Sweep","PiercingWail","Blur","Storm of Steel","After Image+1","Dodge and Roll+1","Acrobatics+1","Backflip","Deflect+1","Escape Plan","Adrenaline","Adrenaline","Adrenaline","Footwork+1","Footwork+1"],"relics":["Ring of the Snake","Akabeko","Tiny Chest","Snake Skull","Bloody Idol","Bag of Marbles","Boot","Whetstone","Runic Pyramid","Ancient Tea Set","Red Mask","Anchor","Orichalcum","Frozen Egg 2","Mercury Hourglass","Fusion Hammer","Gambling Chip","Bag of Preparation","Toy Ornithopter","Darkstone Periapt","Paper Crane","CeramicFish","Astrolabe","Orrery","Meat on the Bone","Odd Mushroom","Pandora\u0027s Box","SlaversCollar","Tingsha","Incense Burner","Oddly Smooth Stone","Letter Opener","Empty Cage","Membership Card"],"acts_visited":["Exordium","TheCity","TheBeyond","Exordium","TheCity","TheBeyond","Exordium"],"potions_floor_usage":[97,102,102,103],"damage_taken":[{"damage":0.0,"enemies":"Cultist","floor":1.0,"turns":4.0},{"damage":0.0,"enemies":"Jaw Worm","floor":7.0,"turns":6.0},{"damage":34.0,"enemies":"Gremlin Nob","floor":12.0,"turns":4.0},{"damage":22.0,"enemies":"Slime Boss","floor":16.0,"turns":9.0},{"damage":13.0,"enemies":"Shell Parasite","floor":18.0,"turns":6.0},{"damage":3.0,"enemies":"Masked Bandits","floor":21.0,"turns":4.0},{"damage":0.0,"enemies":"3 Byrds","floor":24.0,"turns":3.0},{"damage":29.0,"enemies":"Book of Stabbing","floor":25.0,"turns":6.0},{"damage":0.0,"enemies":"Centurion and Healer","floor":28.0,"turns":6.0},{"damage":20.0,"enemies":"Cultist and Chosen","floor":29.0,"turns":5.0},{"damage":10.0,"enemies":"Slavers","floor":31.0,"turns":5.0},{"damage":15.0,"enemies":"Automaton","floor":33.0,"turns":8.0},{"damage":0.0,"enemies":"3 Shapes","floor":35.0,"turns":5.0},{"damage":0.0,"enemies":"Mind Bloom Boss Battle","floor":37.0,"turns":5.0},{"damage":0.0,"enemies":"Orb Walker","floor":41.0,"turns":2.0},{"damage":21.0,"enemies":"Giant Head","floor":42.0,"turns":8.0},{"damage":0.0,"enemies":"3 Darklings","floor":44.0,"turns":3.0},{"damage":0.0,"enemies":"Reptomancer","floor":45.0,"turns":6.0},{"damage":5.0,"enemies":"Spire Growth","floor":46.0,"turns":5.0},{"damage":0.0,"enemies":"Maw","floor":47.0,"turns":7.0},{"damage":22.0,"enemies":"Time Eater","floor":50.0,"turns":15.0},{"damage":0.0,"enemies":"Awakened One","floor":51.0,"turns":24.0},{"damage":0.0,"enemies":"2 Louse","floor":53.0,"turns":2.0},{"damage":0.0,"enemies":"Gremlin Nob","floor":55.0,"turns":4.0},{"damage":0.0,"enemies":"Cultist","floor":56.0,"turns":3.0},{"damage":0.0,"enemies":"Lagavulin","floor":59.0,"turns":4.0},{"damage":0.0,"enemies":"Jaw Worm","floor":60.0,"turns":2.0},{"damage":0.0,"enemies":"2 Fungi Beasts","floor":63.0,"turns":2.0},{"damage":0.0,"enemies":"The Mushroom Lair","floor":65.0,"turns":2.0},{"damage":0.0,"enemies":"3 Louse","floor":66.0,"turns":1.0},{"damage":0.0,"enemies":"Slime Boss","floor":68.0,"turns":7.0},{"damage":0.0,"enemies":"2 Thieves","floor":70.0,"turns":4.0},{"damage":0.0,"enemies":"Shell Parasite","floor":71.0,"turns":5.0},{"damage":0.0,"enemies":"Centurion and Healer","floor":72.0,"turns":5.0},{"damage":0.0,"enemies":"Sentry and Sphere","floor":73.0,"turns":4.0},{"damage":0.0,"enemies":"Book of Stabbing","floor":74.0,"turns":8.0},{"damage":15.0,"enemies":"Slavers","floor":75.0,"turns":2.0},{"damage":0.0,"enemies":"Snecko","floor":76.0,"turns":4.0},{"damage":0.0,"enemies":"Cultist and Chosen","floor":77.0,"turns":4.0},{"damage":42.0,"enemies":"Gremlin Leader","floor":78.0,"turns":6.0},{"damage":0.0,"enemies":"Centurion and Healer","floor":80.0,"turns":5.0},{"damage":0.0,"enemies":"Book of Stabbing","floor":81.0,"turns":6.0},{"damage":0.0,"enemies":"Snake Plant","floor":82.0,"turns":6.0},{"damage":0.0,"enemies":"Chosen and Byrds","floor":83.0,"turns":3.0},{"damage":10.0,"enemies":"Collector","floor":85.0,"turns":8.0},{"damage":4.0,"enemies":"3 Shapes","floor":87.0,"turns":5.0},{"damage":0.0,"enemies":"2 Orb Walkers","floor":88.0,"turns":5.0},{"damage":0.0,"enemies":"Mind Bloom Boss Battle","floor":89.0,"turns":7.0},{"damage":0,"enemies":"3 Darklings","floor":90,"turns":4},{"damage":0,"enemies":"Giant Head","floor":91,"turns":7},{"damage":0,"enemies":"Nemesis","floor":95,"turns":7},{"damage":0,"enemies":"Maw","floor":96,"turns":7},{"damage":0,"enemies":"Writhing Mass","floor":97,"turns":6},{"damage":0,"enemies":"4 Shapes","floor":99,"turns":2},{"damage":0,"enemies":"Sphere and 2 Shapes","floor":100,"turns":3},{"damage":0,"enemies":"Awakened One","floor":102,"turns":17},{"damage":0,"enemies":"Time Eater","floor":103,"turns":16},{"damage":0,"enemies":"Jaw Worm","floor":105,"turns":2}],"seed_played":"809865842325794641","potions_obtained":[{"floor":1.0,"key":"Dexterity Potion"},{"floor":16.0,"key":"Poison Potion"},{"floor":18.0,"key":"SteroidPotion"},{"floor":31.0,"key":"Swift Potion"},{"floor":51.0,"key":"SpeedPotion"},{"floor":55.0,"key":"PowerPotion"},{"floor":66.0,"key":"GhostInAJar"},{"floor":103,"key":"SkillPotion"}],"is_trial":true,"path_per_floor":["M","?","T","?","?","R","M","R","T","$","T","E","R","$","R","B",null,"M","?","?","?","T","R","M","E","T","R","M","M","R","E","R","B",null,"M","?","?","T","$","R","M","E","T","M","E","M","M","?","R","B","B",null,"M","?","E","M","$","R","E","M","T","R","M","R","?","M","R","B",null,"M","M","M","M","E","E","M","M","E","R","M","E","M","M","R","B",null,"M","?","?","M","E","R","$","?","E","M","M","$","M","M","R","B","B",null,"M","$"],"character_chosen":"THE_SILENT","items_purchased":["PiercingWail","Energy Potion","Noxious Fumes","Toy Ornithopter","Orrery","Oddly Smooth Stone","Adrenaline","Letter Opener","Adrenaline","Membership Card","Footwork+1"],"campfire_rested":11,"item_purchase_floors":[10,10,14,39,57,93,93,98,98,106,106],"current_hp_per_floor":[59,59,59,54,54,54,54,54,54,54,54,20,20,20,38,16,49,50,50,50,52,57,57,60,36,36,36,41,41,41,36,36,26,52,57,57,60,60,60,60,60,44,44,49,59,60,60,57,57,50,57,57,57,57,57,57,57,57,57,57,57,57,57,57,57,57,57,57,57,57,57,57,57,57,52,57,57,32,49,54,57,57,57,57,52,56,57,57,57,57,57,57,57,54,54,54,54,54,54,54,54,54,54,54,54,54,54],"gold":224,"neow_bonus":"","is_daily":false,"chose_seed":false,"campfire_upgraded":7,"win_rate":0.0,"timestamp":1610723271,"path_taken":["M","?","?","?","?","R","?","R","T","$","?","E","R","$","R","BOSS","M","?","?","?","?","R","M","E","T","R","?","M","R","E","R","BOSS","M","?","?","?","$","R","M","E","T","M","E","?","M","?","R","BOSS","BOSS","M","?","?","M","$","R","E","?","T","R","?","R","?","M","R","BOSS","M","M","M","M","?","E","M","M","E","R","?","E","M","M","R","BOSS","M","?","?","M","?","R","$","?","E","M","M","$","M","M","R","BOSS","BOSS","M","$"],"items_purchased_type":["Card","Potion","Card","Relic","Relic","Relic","Card","Relic","Card","Relic","Card"],"build_version":"2020-12-22","purchased_purges":3,"victory":false,"max_hp_per_floor":[66,66,66,66,60,60,60,60,60,60,60,60,60,60,60,60,60,60,60,60,60,60,60,60,60,60,60,60,60,60,60,60,60,60,60,60,60,60,60,60,60,60,60,60,60,60,60,57,57,57,57,57,57,57,57,57,57,57,57,57,57,57,57,57,57,57,57,57,57,57,57,57,57,57,57,57,57,57,57,57,57,57,57,57,57,57,57,57,57,57,57,57,57,54,54,54,54,54,54,54,54,54,54,54,54,54,54],"card_choices":[{"not_picked":["Outmaneuver","Slice"],"picked":"Escape Plan","floor":1.0},{"not_picked":["All Out Attack","Prepared"],"picked":"Masterful Stab","floor":7.0},{"not_picked":["Dodge and Roll","Dash"],"picked":"Crippling Poison","floor":12.0},{"not_picked":["Grand Finale","Phantasmal Killer"],"picked":"Venomology","floor":16.0},{"not_picked":["Flying Knee","Dagger Throw"],"picked":"Deflect","floor":18.0},{"not_picked":["Deadly Poison","Poisoned Stab"],"picked":"Noxious Fumes","floor":24.0},{"not_picked":["Doppelganger","Finisher"],"picked":"Concentrate+1","floor":25.0},{"not_picked":["Blade Dance","Underhanded Strike","Dagger Spray"],"picked":"SKIP","floor":28.0},{"not_picked":["Distraction","Backflip"],"picked":"Escape Plan","floor":29.0},{"not_picked":["Calculated Gamble","Slice","Dagger Spray"],"picked":"SKIP","floor":31.0},{"not_picked":["Doppelganger","Phantasmal Killer"],"picked":"Adrenaline","floor":33.0},{"not_picked":["All Out Attack","Acrobatics"],"picked":"Noxious Fumes+1","floor":35.0},{"not_picked":["Predator","Deadly Poison"],"picked":"Acrobatics+1","floor":37.0},{"not_picked":["Cloak And Dagger","Distraction","Prepared"],"picked":"SKIP","floor":41.0},{"not_picked":["Calculated Gamble","Skewer"],"picked":"Malaise","floor":42.0},{"not_picked":["Sucker Punch","Noxious Fumes+1","Choke"],"picked":"SKIP","floor":44.0},{"not_picked":["Tactician","Deadly Poison+1","Well Laid Plans+1"],"picked":"SKIP","floor":45.0},{"not_picked":["Endless Agony","Dagger Spray","Tools of the Trade+1"],"picked":"SKIP","floor":46.0},{"not_picked":["Backflip","Well Laid Plans+1","Prepared"],"picked":"SKIP","floor":47.0},{"not_picked":["Bullet Time","Unload"],"picked":"Wraith Form v2+1","floor":50.0},{"not_picked":["Deadly Poison","Tactician","Expertise"],"picked":"SKIP","floor":53.0},{"not_picked":["Choke","Underhanded Strike","Flying Knee"],"picked":"SKIP","floor":55.0},{"not_picked":["Well Laid Plans+1","Noxious Fumes+1","Outmaneuver"],"picked":"SKIP","floor":56.0},{"not_picked":["Dagger Throw","Predator"],"picked":"Corpse Explosion","floor":57.0},{"not_picked":["Underhanded Strike","Quick Slash","Riddle With Holes"],"picked":"SKIP","floor":59.0},{"not_picked":["Poisoned Stab","Acrobatics"],"picked":"Leg Sweep","floor":60.0},{"not_picked":["Caltrops+1","Night Terror"],"picked":"PiercingWail","floor":63.0},{"not_picked":["Backstab","Slice","Bouncing Flask"],"picked":"SKIP","floor":66.0},{"not_picked":["Deadly Poison","Flying Knee","Slice+1"],"picked":"SKIP","floor":70.0},{"not_picked":["Concentrate","Riddle With Holes"],"picked":"Dodge and Roll+1","floor":71.0},{"not_picked":["Tools of the Trade+1","Catalyst","Backflip"],"picked":"SKIP","floor":72.0},{"not_picked":["Calculated Gamble","Crippling Poison+1","Deflect"],"picked":"SKIP","floor":73.0},{"not_picked":["Dagger Throw","Grand Finale","Noxious Fumes+1"],"picked":"SKIP","floor":74.0},{"not_picked":["PiercingWail","Underhanded Strike","Flechettes"],"picked":"SKIP","floor":75.0},{"not_picked":["Dodge and Roll","Expertise","Venomology"],"picked":"SKIP","floor":76.0},{"not_picked":["Quick Slash","Poisoned Stab","Infinite Blades+1"],"picked":"SKIP","floor":77.0},{"not_picked":["Bane","Night Terror","Deflect"],"picked":"SKIP","floor":78.0},{"not_picked":["Outmaneuver","Poisoned Stab+1","Bane"],"picked":"SKIP","floor":80.0},{"not_picked":["Riddle With Holes","Poisoned Stab","Well Laid Plans+1"],"picked":"SKIP","floor":81.0},{"not_picked":["Eviscerate","Dagger Throw"],"picked":"Acrobatics+1","floor":82.0},{"not_picked":["Deflect","Bouncing Flask","Concentrate"],"picked":"SKIP","floor":83.0},{"not_picked":["Prepared","Cloak And Dagger","Catalyst"],"picked":"SKIP","floor":87.0},{"not_picked":["Caltrops+1","Underhanded Strike"],"picked":"Backflip","floor":88.0},{"not_picked":["Slice+1","Blade Dance"],"picked":"Deflect+1","floor":89.0},{"not_picked":["Well Laid Plans+1","Expertise+1"],"picked":"Escape Plan","floor":90},{"not_picked":["Grand Finale","Setup","PiercingWail"],"picked":"SKIP","floor":91},{"not_picked":["Quick Slash+1","Phantasmal Killer","Slice"],"picked":"SKIP","floor":95},{"not_picked":["Poisoned Stab","Prepared+1","A Thousand Cuts+1"],"picked":"SKIP","floor":96},{"not_picked":["Heel Hook","Outmaneuver+1","Deflect"],"picked":"SKIP","floor":97},{"not_picked":["Poisoned Stab","Sucker Punch","Deflect"],"picked":"SKIP","floor":99},{"not_picked":["Cloak And Dagger","Skewer","Dagger Spray+1"],"picked":"SKIP","floor":100},{"not_picked":["Die Die Die","Venomology"],"picked":"Adrenaline","floor":103},{"not_picked":["Poisoned Stab","Dagger Throw"],"picked":"Footwork+1","floor":105}],"player_experience":1652806,"relics_obtained":[{"floor":3.0,"key":"Tiny Chest"},{"floor":9.0,"key":"Bag of Marbles"},{"floor":11.0,"key":"Boot"},{"floor":12.0,"key":"Whetstone"},{"floor":21.0,"key":"Red Mask"},{"floor":22.0,"key":"Anchor"},{"floor":25.0,"key":"Orichalcum"},{"floor":26.0,"key":"Frozen Egg 2"},{"floor":31.0,"key":"Mercury Hourglass"},{"floor":37.0,"key":"Gambling Chip"},{"floor":38.0,"key":"Bag of Preparation"},{"floor":42.0,"key":"Darkstone Periapt"},{"floor":43.0,"key":"Paper Crane"},{"floor":45.0,"key":"CeramicFish"},{"floor":61.0,"key":"Meat on the Bone"},{"floor":65.0,"key":"Odd Mushroom"},{"floor":88.0,"key":"Tingsha"},{"floor":89.0,"key":"Incense Burner"}],"event_choices":[{"damage_healed":0.0,"max_hp_gain":0.0,"max_hp_loss":0.0,"gold_gain":0.0,"event_name":"Big Fish","player_choice":"Box","floor":2.0,"gold_loss":0.0,"damage_taken":0.0,"relics_obtained":["Akabeko"],"cards_obtained":["Regret"]},{"damage_healed":0.0,"max_hp_gain":0.0,"max_hp_loss":0.0,"gold_gain":0.0,"event_name":"Scrap Ooze","player_choice":"Success","floor":4.0,"gold_loss":0.0,"damage_taken":5.0,"relics_obtained":["Snake Skull"]},{"damage_healed":0.0,"max_hp_gain":0.0,"max_hp_loss":6.0,"gold_gain":0.0,"event_name":"Golden Idol","player_choice":"Lose Max HP","floor":5.0,"gold_loss":0.0,"damage_taken":0.0,"relics_obtained":["Golden Idol"]},{"damage_healed":0.0,"max_hp_gain":0.0,"max_hp_loss":0.0,"gold_gain":0.0,"event_name":"Addict","player_choice":"Obtained Relic","floor":19.0,"gold_loss":85.0,"damage_taken":0.0,"relics_obtained":["Ancient Tea Set"]},{"damage_healed":0.0,"max_hp_gain":0.0,"max_hp_loss":0.0,"gold_gain":0.0,"event_name":"Forgotten Altar","player_choice":"Gave Idol","floor":20.0,"relics_lost":["Golden Idol"],"gold_loss":0.0,"damage_taken":0.0,"relics_obtained":["Bloody Idol"]},{"damage_healed":0.0,"max_hp_gain":0.0,"max_hp_loss":0.0,"gold_gain":0.0,"event_name":"Masked Bandits","player_choice":"Fought Bandits","floor":21.0,"gold_loss":0.0,"damage_taken":0.0},{"cards_removed":["Strike_G"],"damage_healed":0.0,"max_hp_gain":0.0,"max_hp_loss":0.0,"gold_gain":0.0,"event_name":"Falling","player_choice":"Removed Attack","floor":36.0,"gold_loss":0.0,"damage_taken":0.0},{"damage_healed":0.0,"max_hp_gain":0.0,"max_hp_loss":0.0,"gold_gain":0.0,"event_name":"MindBloom","player_choice":"Fight","floor":37.0,"gold_loss":0.0,"damage_taken":0.0},{"damage_healed":0.0,"max_hp_gain":0.0,"max_hp_loss":3.0,"gold_gain":0.0,"event_name":"Winding Halls","player_choice":"Max HP","floor":48.0,"gold_loss":0.0,"damage_taken":0.0},{"cards_removed":["Strike_G"],"damage_healed":0.0,"max_hp_gain":0.0,"max_hp_loss":0.0,"gold_gain":0.0,"event_name":"The Cleric","player_choice":"Card Removal","floor":54.0,"gold_loss":75.0,"damage_taken":0.0},{"damage_healed":0.0,"max_hp_gain":0.0,"max_hp_loss":0.0,"gold_gain":0.0,"event_name":"Mushrooms","player_choice":"Fought Mushrooms","floor":65.0,"gold_loss":0.0,"damage_taken":0.0},{"damage_healed":0.0,"max_hp_gain":0.0,"max_hp_loss":0.0,"gold_gain":0.0,"event_name":"Mysterious Sphere","player_choice":"Fight","floor":88.0,"gold_loss":0.0,"damage_taken":0.0},{"damage_healed":0.0,"max_hp_gain":0.0,"max_hp_loss":0.0,"gold_gain":0.0,"event_name":"MindBloom","player_choice":"Fight","floor":89.0,"gold_loss":0.0,"damage_taken":0.0},{"damage_healed":0,"gold_gain":0,"player_choice":"Max HP","damage_taken":0,"max_hp_gain":0,"max_hp_loss":3,"event_name":"Winding Halls","floor":94,"gold_loss":0}],"is_beta":false,"boss_relics":[{"not_picked":["Black Star","Pandora\u0027s Box"],"picked":"Runic Pyramid"},{"not_picked":["Ring of the Serpent","Snecko Eye"],"picked":"Fusion Hammer"},{"not_picked":["WristBlade","Velvet Choker"],"picked":"Astrolabe"},{"not_picked":["Tiny House","Sozu"],"picked":"Pandora\u0027s Box"},{"not_picked":["Ring of the Serpent","Calling Bell"],"picked":"SlaversCollar"},{"not_picked":["Black Star","Runic Dome"],"picked":"Empty Cage"}],"items_purged_floors":[10,39,93],"is_endless":true,"potions_floor_spawned":[1,12,16,18,25,28,31,41,42,44,47,51,55,56,60,65,66,72,74,76,78,80,81,83,88,89,95,100,102,103],"ascension_level":20}}