{"host":"sqgvx7mullq7izts","time":1610685298,"event":{"mods":["AchievementEnabler","AlwaysNeverKeys","Aspiration","Bard","BaseMod","Better Altar","Better Match","Better Note","Better Sensory Stone","Better Skull","Better Third Choice","Better Vampires","BetterRewards","Block Reminder","Colored Map","Conspire","Curses Come First","Custom Start","Defuse TimeMaze Blight","Disable Question Mark Monsters","Downfall","Energized Spire","GifTheSpireLib","Gold Saver","Halation","Hermit","Hubris","Infinite Spire","Jedi Mod","Jorbs\u0027s Wanderer Trilogy","Minty Spire (QoL Compilation)","Permanent Neow","Quick Restart","Relic Filter","Remove Card Discount Mod","Replay The Spire","Reworked Bosses","Shade Mod","Shop Mod","Spicy Shops","Spikes Relics","StSLib","Stuff the Spire","The Bug Knight","The Construct","The Disciple","The Hierophant","The Judge","The Sage","The Spell Scribe","The Wild Card","TheVacant","Transform Curses","Uncapped","Unceasing Turn Reminder","UnlockEverythingMod","Wandering Minibosses"],"gold_per_floor":[113,113,128,171,184,184,218,228,228,263,263,279,306,336,336,433,433,449,462,15,15,15,15,15],"floor_reached":23,"language":"ENG","playtime":856,"items_purged":[],"score":234,"play_id":"0ebbd13c-ae5e-4182-b4a2-8f9eddfe8960","local_time":"20210114213458","is_ascension_mode":false,"campfire_choices":[{"data":"Poisoned Stab","floor":6,"key":"SMITH"},{"data":"Hidden Blade","floor":15,"key":"SMITH"}],"circlet_count":0,"master_deck":["Strike_G","Strike_G","Strike_G","Strike_G","Strike_G","Defend_G","Defend_G","Defend_G","Defend_G","Defend_G","Survivor","Neutralize","Predator","Poisoned Stab+1","Glass Knife","Toxin Wave","Flying Knee","Hidden Blade+1","jedi:pocketpoison","Bullet Time","jedi:brewingpoison","Dagger Spray","Dagger Spray","Noxious Fumes","Clumsy","StuffTheSpire:Python","StuffTheSpire:Python"],"relics":["Ring of the Serpent","aspiration:Nostalgia","hermit:Momento","GremlinMask","aspiration:StickyExplosives","hubris:Metronome","infinitespire:Joker Card","jedi:kaleidoscope","infinitespire:PuzzleCube","hubris:CrystalStatue","Shovel","MerchantsRug","TheAbacus","Iron Hammer"],"acts_visited":["Exordium","TheCity"],"potions_floor_usage":[16,16,16,20],"damage_taken":[{"damage":3,"enemies":"conspire:RoseBush","floor":1,"turns":4},{"damage":1,"enemies":"Cultist","floor":3,"turns":4},{"damage":0,"enemies":"2 Louse","floor":5,"turns":2},{"damage":5,"enemies":"HollowMod:MossKnight","floor":7,"turns":4},{"damage":10,"enemies":"Looter","floor":8,"turns":2},{"damage":9,"enemies":"Replay:BlueRogue","floor":10,"turns":3},{"damage":0,"enemies":"Large Slime","floor":12,"turns":2},{"damage":0,"enemies":"Lagavulin","floor":14,"turns":2},{"damage":36,"enemies":"The Guardian","floor":16,"turns":6},{"damage":25,"enemies":"2 Thieves","floor":18,"turns":3},{"damage":36,"enemies":"Centurion and Healer","floor":19,"turns":7},{"damage":22,"enemies":"Nightmare","floor":23,"turns":4}],"seed_played":"8810371175889795426","potions_obtained":[{"floor":3,"key":"Energy Potion"},{"floor":4,"key":"Languid Potion"},{"floor":7,"key":"Explosive Potion"},{"floor":18,"key":"sagemod:Wine"}],"is_trial":false,"path_per_floor":["M","?","M","?","M","R","E","M","T","E","?","M","T","E","R","B",null,"M","M","$","?","?","NM"],"character_chosen":"THE_SILENT","items_purchased":["Noxious Fumes","Shovel","hubris:Spice","MerchantsRug","TheAbacus","StuffTheSpire:Python"],"campfire_rested":0,"item_purchase_floors":[20,20,20,20,20,20],"current_hp_per_floor":[67,67,66,66,66,66,61,51,51,42,42,42,42,42,42,6,70,45,9,17,17,17,0,0],"gold":15,"neow_bonus":"NOSTALGIA","is_daily":false,"chose_seed":false,"campfire_upgraded":2,"win_rate":0.0,"timestamp":1610685298,"path_taken":["M","?","?","?","M","R","E","M","T","E","?","M","?","E","R","BOSS","M","M","$","?","?","NM"],"items_purchased_type":["Card","Relic","Relic","Relic","Relic","Card"],"build_version":"2020-12-22","purchased_purges":0,"victory":false,"max_hp_per_floor":[70,70,70,70,70,70,70,70,70,70,70,70,70,70,70,70,70,70,70,78,78,78,78,78],"card_choices":[{"not_picked":["ShadowRift","ReplayTheSpireMod:The Works"],"picked":"Predator","floor":1},{"not_picked":["Escape Plan","Blade Dance"],"picked":"Backflip","floor":3},{"not_picked":["Backflip","Skewer"],"picked":"Poisoned Stab","floor":4},{"not_picked":["StuffTheSpire:Python","StuffTheSpire:Incursion"],"picked":"Glass Knife","floor":5},{"not_picked":["StuffTheSpire:Repulse","Backflip"],"picked":"Toxin Wave","floor":7},{"not_picked":["Prepared","hubris:SlightOfHand"],"picked":"Flying Knee","floor":8},{"not_picked":["Night Terror","Accuracy"],"picked":"Hidden Blade","floor":10},{"not_picked":["hubris:SlightOfHand","Dagger Throw"],"picked":"jedi:pocketpoison","floor":12},{"not_picked":["hubris:SlightOfHand","StuffTheSpire:BumpUp"],"picked":"Bullet Time","floor":14},{"not_picked":["Storm of Steel","Tools of the Trade"],"picked":"jedi:brewingpoison","floor":16},{"not_picked":["Hidden Blade+1","Draining Mist"],"picked":"Dagger Spray","floor":18},{"not_picked":["StuffTheSpire:ClusterCrunch","StuffTheSpire:Python"],"picked":"Dagger Spray","floor":19}],"player_experience":250347,"relics_obtained":[{"floor":4,"key":"aspiration:StickyExplosives"},{"floor":7,"key":"hubris:Metronome"},{"floor":9,"key":"infinitespire:Joker Card"},{"floor":10,"key":"jedi:kaleidoscope"},{"floor":13,"key":"infinitespire:PuzzleCube"},{"floor":14,"key":"hubris:CrystalStatue"}],"event_choices":[{"damage_healed":0,"gold_gain":0,"player_choice":"Trade","damage_taken":0,"relics_obtained":["GremlinMask"],"max_hp_gain":0,"max_hp_loss":0,"event_name":"FaceTrader","floor":2,"gold_loss":0},{"cards_removed":["Backflip"],"damage_healed":0,"gold_gain":0,"player_choice":"Gave Card","damage_taken":0,"relics_obtained":["Iron Hammer"],"max_hp_gain":0,"max_hp_loss":0,"event_name":"WeMeetAgain","floor":21,"gold_loss":0},{"cards_removed":["Noxious Fumes"],"damage_healed":0,"gold_gain":0,"player_choice":"Give","damage_taken":0,"max_hp_gain":0,"max_hp_loss":0,"event_name":"betterNote:BetterNote","floor":22,"gold_loss":0,"cards_obtained":["None"]}],"is_beta":false,"boss_relics":[{"not_picked":["hubris:RunicObelisk","halation:MonkeysPaw"],"picked":"Ring of the Serpent"}],"items_purged_floors":[],"is_endless":false,"potions_floor_spawned":[3,7,14,18],"killed_by":"Nightmare","ascension_level":0}}