{"host":"7xbu8gt067z192g2","time":1610704158,"event":{"mods":["BaseMod","Better Note","BetterRewards","Colored Map","Colored Powertips","Googly Eyes","Highlight Path","Infinite Spire","Minty Spire (QoL Compilation)","Rare Cards Sparkle","Replay The Spire","StSLib","The Bladedancer","The Construct","The Cursed","The Hierophant","The Valiant","The Wild Card"],"gold_per_floor":[114,79,94,110,110,139,139,149,149,149,162,19,81,93,93,197,197,258,258,241,112,128,128,128,128],"floor_reached":24,"language":"ENG","playtime":1531,"items_purged":["Thunderclap"],"score":198,"play_id":"f88fcbc7-0b4e-4fda-bfa5-0f87c2708a20","local_time":"20210115044918","is_ascension_mode":false,"campfire_choices":[{"data":"Searing Blow","floor":7,"key":"SMITH"},{"data":"Searing Blow+2","floor":15,"key":"SMITH"},{"floor":23,"key":"REST"}],"circlet_count":0,"master_deck":["Strike_R","Strike_R","Strike_R","Strike_R","Defend_R","Defend_R","Defend_R","Defend_R","Bash","Corruption","True Grit","Armaments","Infernal Blade","Searing Blow+3","Ghostly Armor","Fiend Fire","Shrug It Off","Burning Pact","Demonic Infusion","Dark Embrace","Thunderclap+1","Feel No Pain","Feel No Pain","Rage"],"relics":["Burning Blood","ReplayTheSpireMod:Ring of Challenge","Onion Ring","infinitespire:FocusingShard","Pet Ghost","Empty Cage"],"acts_visited":["Exordium","TheCity"],"potions_floor_usage":[11,16,16,16],"damage_taken":[{"damage":4,"enemies":"Small Slimes","floor":1,"turns":4},{"damage":3,"enemies":"2 Louse","floor":3,"turns":4},{"damage":6,"enemies":"Jaw Worm","floor":4,"turns":4},{"damage":37,"enemies":"Lagavulin","floor":6,"turns":10},{"damage":8,"enemies":"Red Slaver","floor":8,"turns":4},{"damage":8,"enemies":"Exordium Thugs","floor":11,"turns":4},{"damage":0,"enemies":"Gremlin Nob","floor":13,"turns":2},{"damage":4,"enemies":"Exordium Wildlife","floor":14,"turns":2},{"damage":40,"enemies":"The Guardian","floor":16,"turns":8},{"damage":59,"enemies":"Spheric Guardian","floor":18,"turns":6},{"damage":10,"enemies":"2 Thieves","floor":20,"turns":4},{"damage":17,"enemies":"Snake Plant","floor":22,"turns":6},{"damage":41,"enemies":"Nightmare","floor":24,"turns":10}],"seed_played":"6569624519601016677","potions_obtained":[{"floor":4,"key":"CultistPotion"},{"floor":8,"key":"Toxic Potion"},{"floor":11,"key":"FearPotion"},{"floor":13,"key":"BloodPotion"},{"floor":20,"key":"Elixir"}],"is_trial":false,"path_per_floor":["M","?","M","M","?","E","R","M","T","?","M","$","?","M","R","B",null,"M","?","M","$","M","R","NM"],"character_chosen":"IRONCLAD","items_purchased":["Fiend Fire","Feel No Pain"],"campfire_rested":1,"item_purchase_floors":[12,21],"current_hp_per_floor":[58,78,80,80,80,49,49,47,47,47,45,45,51,53,53,35,80,27,27,23,23,12,36,0,0],"gold":128,"neow_bonus":"THREE_RARE_CARDS","is_daily":false,"chose_seed":false,"campfire_upgraded":2,"win_rate":0.0,"timestamp":1610704158,"path_taken":["M","?","M","M","?","E","R","M","T","?","M","$","?","?","R","BOSS","M","?","?","$","M","R","NM"],"items_purchased_type":["Card","Card"],"build_version":"2020-12-22","purchased_purges":1,"victory":false,"max_hp_per_floor":[80,80,80,80,80,80,80,80,80,80,80,80,80,80,80,80,80,80,80,80,80,80,80,80,80],"card_choices":[{"not_picked":["Hemogenesis","Barricade"],"picked":"Corruption","floor":0},{"not_picked":["Twin Strike","infinitespire:OneForAll"],"picked":"True Grit","floor":1},{"not_picked":["Seeing Red","Flex"],"picked":"Armaments","floor":3},{"not_picked":["Sword Boomerang","Rage"],"picked":"Infernal Blade","floor":4},{"not_picked":["Shrug It Off","Warcry"],"picked":"Searing Blow","floor":6},{"not_picked":["Warcry","Body Slam"],"picked":"Ghostly Armor","floor":8},{"not_picked":["Warcry","Entrench"],"picked":"Thunderclap","floor":11},{"not_picked":["Defy Death","Dual Wield"],"picked":"Shrug It Off","floor":13},{"not_picked":["Armaments","Warcry"],"picked":"Burning Pact","floor":14},{"not_picked":["Replay:Many Hands","Hemogenesis"],"picked":"Demonic Infusion","floor":16},{"not_picked":["Sword Boomerang","Perfected Strike+1"],"picked":"Dark Embrace","floor":18},{"not_picked":["Dual Wield","Replay:Undeath\u0027s Touch"],"picked":"Thunderclap+1","floor":20},{"not_picked":["Iron Wave","Reckless Charge"],"picked":"Rage","floor":22}],"player_experience":192159,"relics_obtained":[{"floor":5,"key":"ReplayTheSpireMod:Ring of Challenge"},{"floor":6,"key":"Onion Ring"},{"floor":9,"key":"infinitespire:FocusingShard"}],"event_choices":[{"damage_healed":20,"gold_gain":0,"player_choice":"Healed","damage_taken":0,"max_hp_gain":0,"max_hp_loss":0,"event_name":"The Cleric","floor":2,"gold_loss":35},{"damage_healed":0,"gold_gain":0,"player_choice":"Searched \u00272\u0027 times","damage_taken":0,"relics_obtained":["Pet Ghost"],"max_hp_gain":0,"max_hp_loss":0,"event_name":"Dead Adventurer","floor":13,"gold_loss":0},{"cards_removed":["Strike_R"],"damage_healed":0,"gold_gain":0,"player_choice":"Give","damage_taken":0,"max_hp_gain":0,"max_hp_loss":0,"event_name":"betterNote:BetterNote","floor":19,"gold_loss":0,"cards_obtained":["Doubt"]}],"is_beta":false,"boss_relics":[{"not_picked":["Cursed Key","construct:WeddingRing"],"picked":"Empty Cage"}],"items_purged_floors":[21],"is_endless":false,"potions_floor_spawned":[4,8,11,13,20],"killed_by":"Nightmare","ascension_level":0}}