{"host":"hyrsuayny3efwwum","time":1610691645,"event":{"mods":["BaseMod","Bestiary","Colored Map","Highlight Path","Minty Spire (QoL Compilation)","Relic Stats","StSLib"],"gold_per_floor":[113,123,24,24,0,0,25,45,45,45,59,74,74,104,104,209,209,220,240,240,12,28,28,42,73,97,97,125,125,125,144,144,245,245,261,279,554,566,581,609,624,640,640,640,640],"floor_reached":44,"language":"ENG","playtime":2148,"items_purged":[],"score":801,"play_id":"1afc22a3-20dc-46d0-bb47-ae0d107edf19","local_time":"20210115012044","is_ascension_mode":true,"campfire_choices":[{"data":"Blade Dance","floor":6.0,"key":"SMITH"},{"data":"Neutralize","floor":10.0,"key":"SMITH"},{"floor":15.0,"key":"REST"},{"data":"Wraith Form v2","floor":23.0,"key":"SMITH"},{"data":"Infinite Blades","floor":27.0,"key":"SMITH"},{"floor":32.0,"key":"REST"}],"circlet_count":0,"master_deck":["AscendersBane","Strike_G+1","Strike_G+1","Strike_G+1","Strike_G+1","Defend_G+1","Defend_G+1","Defend_G+1","Defend_G+1","Defend_G+1","Survivor","Neutralize+1","Dash","Expertise","Blade Dance+1","Dagger Spray","Grand Finale","Slice","Backflip","Quick Slash","Infinite Blades+1","Quick Slash","Slice","Wraith Form v2+1","Dark Shackles","Backflip","Endless Agony+1","Endless Agony+1","Envenom","Regret","Slice+1","Masterful Stab+1"],"relics":["WristBlade","Tiny Chest","Matryoshka","Bottled Lightning","Runic Dome","ClockworkSouvenir","Singing Bowl","Strawberry","Potion Belt","Regal Pillow","Oddly Smooth Stone","Gremlin Horn","Busted Crown","Omamori"],"acts_visited":["Exordium","TheCity","TheBeyond"],"potions_floor_usage":[],"damage_taken":[{"damage":0.0,"enemies":"Small Slimes","floor":1.0,"turns":4.0},{"damage":0.0,"enemies":"Cultist","floor":2.0,"turns":5.0},{"damage":9.0,"enemies":"Lagavulin","floor":7.0,"turns":5.0},{"damage":7.0,"enemies":"Jaw Worm","floor":8.0,"turns":2.0},{"damage":8.0,"enemies":"Large Slime","floor":11.0,"turns":5.0},{"damage":3.0,"enemies":"Looter","floor":12.0,"turns":3.0},{"damage":1.0,"enemies":"3 Sentries","floor":14.0,"turns":5.0},{"damage":20.0,"enemies":"Hexaghost","floor":16.0,"turns":7.0},{"damage":0.0,"enemies":"Spheric Guardian","floor":18.0,"turns":3.0},{"damage":1.0,"enemies":"3 Byrds","floor":19.0,"turns":4.0},{"damage":6.0,"enemies":"Shelled Parasite and Fungi","floor":22.0,"turns":4.0},{"damage":19.0,"enemies":"Snake Plant","floor":24.0,"turns":6.0},{"damage":15.0,"enemies":"Slavers","floor":25.0,"turns":3.0},{"damage":0.0,"enemies":"Gremlin Leader","floor":28.0,"turns":5.0},{"damage":3.0,"enemies":"Cultist and Chosen","floor":31.0,"turns":5.0},{"damage":35.0,"enemies":"Collector","floor":33.0,"turns":8.0},{"damage":0.0,"enemies":"3 Shapes","floor":35.0,"turns":2.0},{"damage":11.0,"enemies":"3 Darklings","floor":36.0,"turns":4.0},{"damage":3.0,"enemies":"Maw","floor":38.0,"turns":7.0},{"damage":9.0,"enemies":"Writhing Mass","floor":39.0,"turns":8.0},{"damage":2.0,"enemies":"Giant Head","floor":40.0,"turns":8.0},{"damage":19.0,"enemies":"Spire Growth","floor":41.0,"turns":4.0},{"damage":22.0,"enemies":"Maw","floor":42.0,"turns":7.0},{"damage":39,"enemies":"Nemesis","floor":44,"turns":2}],"seed_played":"6879194032094712309","potions_obtained":[{"floor":1.0,"key":"Poison Potion"},{"floor":11.0,"key":"EssenceOfSteel"},{"floor":16.0,"key":"Explosive Potion"},{"floor":24.0,"key":"DuplicationPotion"},{"floor":25.0,"key":"DistilledChaos"},{"floor":31.0,"key":"ColorlessPotion"},{"floor":38.0,"key":"Explosive Potion"},{"floor":40.0,"key":"GamblersBrew"},{"floor":41.0,"key":"SpeedPotion"}],"is_trial":false,"path_per_floor":["M","M","$","?","$","R","E","M","T","R","M","M","?","E","R","B",null,"M","M","?","$","M","R","M","E","T","R","E","?","T","M","R","B",null,"M","M","?","M","M","E","M","M","T","E"],"character_chosen":"THE_SILENT","items_purchased":["Blade Dance","Dagger Spray","Slice","ClockworkSouvenir","Dark Shackles"],"campfire_rested":2,"item_purchase_floors":[3,3,5,21,21],"current_hp_per_floor":[63,63,63,63,63,63,54,47,47,47,39,36,36,35,56,36,62,62,61,61,61,55,55,36,23,30,30,32,17,17,14,54,19,69,71,62,62,61,52,52,35,13,13,0,0],"gold":640,"neow_bonus":"BOSS_RELIC","is_daily":false,"chose_seed":false,"campfire_upgraded":4,"win_rate":0.0,"timestamp":1610691644,"path_taken":["M","M","$","?","?","R","E","M","T","R","M","M","?","E","R","BOSS","M","M","?","$","M","R","M","E","T","R","E","?","?","M","R","BOSS","M","M","?","?","M","E","?","M","T","E"],"items_purchased_type":["Card","Card","Card","Relic","Card"],"build_version":"2020-12-22","purchased_purges":0,"victory":false,"max_hp_per_floor":[70,70,70,70,70,70,70,70,70,70,70,70,70,70,70,70,70,70,70,70,70,70,70,70,72,79,79,81,86,86,86,86,86,86,88,90,90,92,92,94,96,96,96,96,96],"relic_stats":{"Regal Pillow":15,"Busted Crown":14,"Singing Bowl":14,"Gremlin Horn":[8,8],"counters":[24,116],"Tiny Chest":1,"obtain_stats":[{"Potion Belt":26,"Regal Pillow":28,"Singing Bowl":25,"Gremlin Horn":30,"Oddly Smooth Stone":30,"Omamori":40,"ClockworkSouvenir":21,"Runic Dome":17,"Matryoshka":9,"Busted Crown":34,"WristBlade":0,"Strawberry":26,"Tiny Chest":7,"Bottled Lightning":14,"Ring of the Snake":0},{"Potion Belt":13,"Regal Pillow":14,"Singing Bowl":13,"Gremlin Horn":14,"Oddly Smooth Stone":14,"Omamori":21,"ClockworkSouvenir":10,"Runic Dome":8,"Matryoshka":4,"Busted Crown":16,"WristBlade":0,"Strawberry":13,"Tiny Chest":3,"Bottled Lightning":7,"Ring of the Snake":0},{"Potion Belt":56,"Regal Pillow":61,"Singing Bowl":56,"Gremlin Horn":61,"Oddly Smooth Stone":61,"Omamori":103,"ClockworkSouvenir":43,"Runic Dome":36,"Matryoshka":16,"Busted Crown":74,"WristBlade":0,"Strawberry":56,"Tiny Chest":14,"Bottled Lightning":29,"Ring of the Snake":0}]},"card_choices":[{"not_picked":["Predator","Slice"],"picked":"Dash","floor":1.0},{"not_picked":["Riddle With Holes","Bouncing Flask"],"picked":"Expertise","floor":2.0},{"not_picked":["Bane","Escape Plan"],"picked":"Backflip","floor":7.0},{"not_picked":["Acrobatics","Reflex","Prepared"],"picked":"SKIP","floor":8.0},{"not_picked":["Concentrate","Prepared"],"picked":"Quick Slash","floor":11.0},{"not_picked":["PiercingWail","Flying Knee"],"picked":"Infinite Blades","floor":12.0},{"not_picked":["Expertise","Flechettes"],"picked":"Slice","floor":14.0},{"not_picked":["Envenom","Grand Finale"],"picked":"Wraith Form v2","floor":16.0},{"not_picked":["Prepared","Deflect","Dodge and Roll"],"picked":"SKIP","floor":18.0},{"not_picked":["Dodge and Roll","Deadly Poison","Flying Knee"],"picked":"SKIP","floor":19.0},{"not_picked":["Poisoned Stab","Acrobatics"],"picked":"Backflip","floor":22.0},{"not_picked":["Cloak And Dagger","Flechettes"],"picked":"Endless Agony+1","floor":24.0},{"not_picked":["Die Die Die","Riddle With Holes","Bane"],"picked":"Singing Bowl","floor":25.0},{"not_picked":["Dagger Throw","Quick Slash","Cloak And Dagger"],"picked":"Singing Bowl","floor":28.0},{"not_picked":["Blade Dance","Heel Hook"],"picked":"Endless Agony+1","floor":31.0},{"not_picked":["A Thousand Cuts","Die Die Die"],"picked":"Envenom","floor":33.0},{"not_picked":["Setup"],"picked":"Singing Bowl","floor":35.0},{"not_picked":["Tactician"],"picked":"Singing Bowl","floor":36.0},{"not_picked":["Deflect"],"picked":"Singing Bowl","floor":38.0},{"not_picked":[],"picked":"Slice+1","floor":39.0},{"not_picked":["All Out Attack+1"],"picked":"Singing Bowl","floor":40.0},{"not_picked":["Deflect+1"],"picked":"Singing Bowl","floor":41.0},{"not_picked":[],"picked":"Masterful Stab+1","floor":42.0}],"player_experience":777022,"relics_obtained":[{"floor":7.0,"key":"Tiny Chest"},{"floor":9.0,"key":"Matryoshka"},{"floor":14.0,"key":"Bottled Lightning"},{"floor":25.0,"key":"Singing Bowl"},{"floor":26.0,"key":"Strawberry"},{"floor":26.0,"key":"Potion Belt"},{"floor":28.0,"key":"Regal Pillow"},{"floor":30.0,"key":"Oddly Smooth Stone"},{"floor":30.0,"key":"Gremlin Horn"},{"floor":40.0,"key":"Omamori"}],"event_choices":[{"damage_healed":0.0,"max_hp_gain":0.0,"max_hp_loss":0.0,"gold_gain":0.0,"event_name":"Match and Keep!","player_choice":"1 cards matched","floor":4.0,"gold_loss":0.0,"damage_taken":0.0,"cards_obtained":["Grand Finale"]},{"damage_healed":0.0,"max_hp_gain":0.0,"max_hp_loss":0.0,"gold_gain":0.0,"cards_transformed":["Strike_G"],"event_name":"Living Wall","player_choice":"Change","floor":13.0,"gold_loss":0.0,"damage_taken":0.0,"cards_obtained":["Quick Slash"]},{"damage_healed":0.0,"max_hp_gain":0.0,"max_hp_loss":0.0,"gold_gain":0.0,"event_name":"Back to Basics","player_choice":"Simplicity","floor":20.0,"gold_loss":0.0,"damage_taken":0.0,"cards_upgraded":["Strike_G","Strike_G","Strike_G","Strike_G","Defend_G","Defend_G","Defend_G","Defend_G","Defend_G"]},{"damage_healed":0.0,"max_hp_gain":5.0,"max_hp_loss":0.0,"gold_gain":0.0,"event_name":"Forgotten Altar","player_choice":"Shed Blood","floor":29.0,"gold_loss":0.0,"damage_taken":20.0},{"damage_healed":0.0,"max_hp_gain":0.0,"max_hp_loss":0.0,"gold_gain":275.0,"event_name":"Golden Shrine","player_choice":"Desecrate","floor":37.0,"gold_loss":0.0,"damage_taken":0.0,"cards_obtained":["Regret"]}],"is_beta":false,"boss_relics":[{"not_picked":["Coffee Dripper","Philosopher\u0027s Stone"],"picked":"Runic Dome"},{"not_picked":["HoveringKite","Snecko Eye"],"picked":"Busted Crown"}],"items_purged_floors":[],"is_endless":false,"potions_floor_spawned":[1,11,16,24,25,31,38,40,41],"killed_by":"Nemesis","ascension_level":10}}