{"host":"c97twqu0op5dg8i4","time":1610751262,"event":{"mods":["AchievementEnabler","BaseMod","Colored Map","Minty Spire (QoL Compilation)","Permanent Neow"],"gold_per_floor":[211,225,32,42,42,60,95,95,95,113,113,139,139,157,167,167,10,10,108,108,127,138,138,157,72,72,72],"floor_reached":26,"language":"ENG","playtime":1248,"items_purged":["Strike_B"],"score":263,"play_id":"2394e612-a358-4ef5-b4a3-af461cd19a3b","local_time":"20210115175422","is_ascension_mode":true,"campfire_choices":[{"data":"Zap","floor":8,"key":"SMITH"},{"data":"Defragment","floor":13,"key":"SMITH"},{"data":"Doom and Gloom","floor":16,"key":"SMITH"},{"data":"Reboot","floor":18,"key":"SMITH"}],"circlet_count":0,"master_deck":["Strike_B","Strike_B","Defend_B","Defend_B","Defend_B","Zap+1","Dualcast","Scrape","Defragment+1","Doom and Gloom+1","Reboot+1","Static Discharge","Echo Form","Echo Form","Hyperbeam"],"relics":["Cracked Core","Blood Vial","HornCleat","Tiny Chest","OrangePellets","Busted Crown","Ginger"],"acts_visited":["Exordium","TheCity"],"potions_floor_usage":[7,19,26],"damage_taken":[{"damage":4,"enemies":"Jaw Worm","floor":1,"turns":3},{"damage":0,"enemies":"Small Slimes","floor":2,"turns":3},{"damage":0,"enemies":"Cultist","floor":4,"turns":3},{"damage":16,"enemies":"2 Fungi Beasts","floor":6,"turns":3},{"damage":20,"enemies":"Lagavulin","floor":7,"turns":6},{"damage":5,"enemies":"3 Louse","floor":10,"turns":2},{"damage":6,"enemies":"Looter","floor":14,"turns":3},{"damage":15,"enemies":"Exordium Wildlife","floor":15,"turns":3},{"damage":14,"enemies":"Slime Boss","floor":19,"turns":7},{"damage":17,"enemies":"2 Thieves","floor":21,"turns":3},{"damage":16,"enemies":"3 Byrds","floor":22,"turns":4},{"damage":29,"enemies":"Snake Plant","floor":24,"turns":3},{"damage":0,"enemies":"Slavers","floor":26,"turns":1}],"seed_played":"7473989246969151059","potions_obtained":[{"floor":4,"key":"FocusPotion"},{"floor":6,"key":"CultistPotion"},{"floor":14,"key":"SteroidPotion"},{"floor":19,"key":"Energy Potion"},{"floor":22,"key":"Energy Potion"}],"is_trial":false,"path_per_floor":["M","M","$","M","?","M","E","R","?","M","T","T","R","M","M","R","$","R","B",null,"M","M","?","M","?","E"],"character_chosen":"DEFECT","items_purchased":["Defragment","Doom and Gloom","OrangePellets"],"campfire_rested":0,"item_purchase_floors":[3,3,17],"current_hp_per_floor":[71,71,71,71,71,55,35,35,75,70,70,70,70,66,53,53,53,53,41,67,52,38,38,11,11,13,13],"gold":72,"neow_bonus":"HUNDRED_GOLD","is_daily":false,"chose_seed":false,"campfire_upgraded":4,"win_rate":0.0,"timestamp":1610751262,"path_taken":["M","M","$","M","?","M","E","R","?","?","T","T","R","M","M","R","$","R","BOSS","M","M","?","M","?","E"],"items_purchased_type":["Card","Card","Relic"],"build_version":"2020-12-22","purchased_purges":1,"victory":false,"max_hp_per_floor":[75,75,75,75,75,75,75,75,75,75,75,75,75,75,75,75,75,75,75,75,75,75,75,75,75,75,75],"card_choices":[{"not_picked":["Beam Cell","Turbo"],"picked":"Scrape","floor":1},{"not_picked":["Fusion","Redo","Lockon"],"picked":"SKIP","floor":2},{"not_picked":["Sweeping Beam","Stack","Streamline"],"picked":"SKIP","floor":4},{"not_picked":["Glacier","Streamline","Compile Driver"],"picked":"SKIP","floor":6},{"not_picked":["Sweeping Beam","Stack"],"picked":"Reboot","floor":10},{"not_picked":["Double Energy","Turbo","Rebound"],"picked":"SKIP","floor":14},{"not_picked":["White Noise","Coolheaded"],"picked":"Static Discharge","floor":15},{"not_picked":["Creative AI","Core Surge"],"picked":"Echo Form","floor":19},{"not_picked":["Fusion"],"picked":"SKIP","floor":21},{"not_picked":["Fusion"],"picked":"SKIP","floor":22},{"not_picked":["Steam Power"],"picked":"SKIP","floor":24}],"player_experience":259001,"relics_obtained":[{"floor":7,"key":"Blood Vial"},{"floor":11,"key":"HornCleat"},{"floor":12,"key":"Tiny Chest"}],"event_choices":[{"damage_healed":40,"gold_gain":0,"player_choice":"Full Heal","damage_taken":0,"max_hp_gain":0,"max_hp_loss":0,"event_name":"Wheel of Change","floor":9,"gold_loss":0},{"damage_healed":0,"gold_gain":0,"cards_transformed":["Strike_B","Defend_B"],"player_choice":"Became Test Subject","damage_taken":0,"max_hp_gain":0,"max_hp_loss":0,"event_name":"Drug Dealer","floor":23,"gold_loss":0,"cards_obtained":["Echo Form","Hyperbeam"]},{"damage_healed":0,"gold_gain":0,"player_choice":"Obtained Relic","damage_taken":0,"relics_obtained":["Ginger"],"max_hp_gain":0,"max_hp_loss":0,"event_name":"Addict","floor":25,"gold_loss":85}],"is_beta":false,"boss_relics":[{"not_picked":["Empty Cage","Inserter"],"picked":"Busted Crown"}],"items_purged_floors":[3],"is_endless":false,"potions_floor_spawned":[4,6,14,19,22],"killed_by":"Slavers","ascension_level":5}}