{"host":"d23wowvt3mehu8rg","time":1610746149,"event":{"mods":["BaseMod","Colored Powertips","Dark Map","Highlight Path","Minty Spire (QoL Compilation)","Slay-I"],"gold_per_floor":[113,127,137,137,155,488,488,505,505,505,534,8,8,21,21,123,123,106,106,205,220,83,83,108,121,121,156,156,81,106,118,118,218,218,231,247,247,261,183,213,225,252,264,293,305,367,254,284,284,284,284,284,111,111,111],"floor_reached":54,"language":"ENG","playtime":4444,"items_purged":["Defend_G","Strike_G","Strike_G+1"],"score":905,"play_id":"3087143b-52f6-4165-8d16-eaec9121dada","local_time":"20210115222909","is_ascension_mode":true,"campfire_choices":[{"data":"Corpse Explosion","floor":7,"key":"SMITH"},{"floor":10,"key":"REST"},{"data":"Neutralize","floor":13,"key":"SMITH"},{"data":"Bouncing Flask","floor":15,"key":"SMITH"},{"data":"Footwork","floor":23,"key":"SMITH"},{"floor":28,"key":"REST"},{"floor":32,"key":"REST"},{"data":"Catalyst","floor":41,"key":"SMITH"},{"floor":45,"key":"RECALL"},{"data":"Burst","floor":49,"key":"SMITH"},{"data":"Backflip","floor":52,"key":"SMITH"}],"circlet_count":0,"master_deck":["Defend_G","Defend_G","Survivor","Neutralize+1","Underhanded Strike","Dash","Corpse Explosion+1","Masterful Stab","Catalyst+1","Backstab+1","Bouncing Flask+1","Blur","Footwork+1","Backflip+1","Terror+1","Deadly Poison","Footwork+1","Backflip+1","Burst+1","PiercingWail+1","All Out Attack+1","Dodge and Roll+1","Calculated Gamble+1","Sucker Punch+1"],"relics":["WristBlade","Old Coin","PreservedInsect","Ancient Tea Set","Juzu Bracelet","Gambling Chip","Black Star","Enchiridion","Singing Bowl","Whetstone","Frozen Egg 2","Lantern","Calipers","Blood Vial","Mercury Hourglass","Empty Cage","MawBank","HornCleat","Prayer Wheel","Bag of Marbles","Bronze Scales"],"acts_visited":["Exordium","TheCity","TheBeyond","TheEnding"],"potions_floor_usage":[6,11,24,30,30,30,33,40,46,50,50,54,54,54],"damage_taken":[{"damage":4,"enemies":"Small Slimes","floor":1,"turns":3},{"damage":0,"enemies":"Cultist","floor":2,"turns":3},{"damage":2,"enemies":"Jaw Worm","floor":3,"turns":5},{"damage":0,"enemies":"Looter","floor":5,"turns":3},{"damage":38,"enemies":"Gremlin Nob","floor":6,"turns":5},{"damage":0,"enemies":"3 Louse","floor":8,"turns":3},{"damage":5,"enemies":"3 Sentries","floor":11,"turns":3},{"damage":0,"enemies":"Blue Slaver","floor":14,"turns":2},{"damage":21,"enemies":"The Guardian","floor":16,"turns":7},{"damage":18,"enemies":"2 Thieves","floor":18,"turns":4},{"damage":2,"enemies":"Chosen","floor":21,"turns":4},{"damage":4,"enemies":"Slavers","floor":24,"turns":3},{"damage":10,"enemies":"Shelled Parasite and Fungi","floor":25,"turns":5},{"damage":13,"enemies":"Gremlin Leader","floor":27,"turns":6},{"damage":5,"enemies":"Slavers","floor":30,"turns":4},{"damage":13,"enemies":"Chosen and Byrds","floor":31,"turns":5},{"damage":5,"enemies":"Automaton","floor":33,"turns":10},{"damage":2,"enemies":"Orb Walker","floor":35,"turns":5},{"damage":0,"enemies":"3 Shapes","floor":36,"turns":3},{"damage":8,"enemies":"Sphere and 2 Shapes","floor":38,"turns":5},{"damage":9,"enemies":"Nemesis","floor":40,"turns":5},{"damage":29,"enemies":"Spire Growth","floor":42,"turns":5},{"damage":0,"enemies":"4 Shapes","floor":44,"turns":3},{"damage":0,"enemies":"Mind Bloom Boss Battle","floor":46,"turns":7},{"damage":6,"enemies":"Giant Head","floor":48,"turns":8},{"damage":34,"enemies":"Time Eater","floor":50,"turns":11},{"damage":87,"enemies":"Shield and Spear","floor":54,"turns":6}],"seed_played":"7882806584428531256","potions_obtained":[{"floor":6,"key":"EntropicBrew"},{"floor":8,"key":"ColorlessPotion"},{"floor":11,"key":"BlessingOfTheForge"},{"floor":24,"key":"SteroidPotion"},{"floor":30,"key":"LiquidBronze"},{"floor":36,"key":"SpeedPotion"},{"floor":38,"key":"CunningPotion"},{"floor":42,"key":"LiquidBronze"}],"is_trial":false,"path_per_floor":["M","M","M","?","M","E","R","M","T","R","E","$","R","M","R","B",null,"M","?","?","M","$","R","E","M","T","E","R","?","E","M","R","B",null,"M","M","?","M","$","E","R","M","T","M","R","?","$","E","R","B",null,"R","$","E"],"character_chosen":"THE_SILENT","items_purchased":["Juzu Bracelet","Gambling Chip","Footwork","Regen Potion","DuplicationPotion","BlessingOfTheForge","SpeedPotion"],"campfire_rested":3,"item_purchase_floors":[12,12,22,39,53,53,53],"current_hp_per_floor":[66,66,64,64,64,26,26,26,26,47,42,42,42,42,42,21,70,52,36,36,34,34,34,30,20,20,7,28,28,37,26,47,44,70,70,72,72,64,64,59,59,32,32,36,36,53,53,49,49,17,76,76,76,0,0],"gold":111,"neow_bonus":"BOSS_RELIC","is_daily":false,"chose_seed":false,"campfire_upgraded":7,"win_rate":0.0,"timestamp":1610746149,"path_taken":["M","M","M","?","M","E","R","M","T","R","E","?","R","M","R","BOSS","M","?","?","M","?","R","E","M","T","E","R","?","E","M","R","BOSS","M","M","?","M","$","E","R","M","T","M","R","?","$","E","R","BOSS","R","$","E"],"items_purchased_type":["Relic","Relic","Card","Potion","Potion","Potion","Potion"],"build_version":"2020-12-22","purchased_purges":3,"victory":false,"max_hp_per_floor":[70,70,70,70,70,70,70,70,70,70,70,70,70,70,70,70,70,70,70,70,70,70,70,70,70,70,70,70,70,70,70,70,70,70,72,72,72,72,72,74,74,74,74,76,76,76,76,76,76,76,76,76,76,76,76],"card_choices":[{"not_picked":["Sucker Punch","Quick Slash"],"picked":"Underhanded Strike","floor":1},{"not_picked":["Tactician","PiercingWail"],"picked":"Dash","floor":2},{"not_picked":["Slice","Masterful Stab"],"picked":"Corpse Explosion","floor":3},{"not_picked":["Deadly Poison","Quick Slash"],"picked":"Masterful Stab","floor":5},{"not_picked":["Bouncing Flask","Dagger Throw"],"picked":"Catalyst","floor":6},{"not_picked":["Underhanded Strike","Sucker Punch"],"picked":"Backstab","floor":8},{"not_picked":["Blade Dance","Underhanded Strike"],"picked":"Bouncing Flask","floor":11},{"not_picked":["Underhanded Strike","Predator"],"picked":"Blur","floor":14},{"not_picked":["Sucker Punch","Setup","Bane"],"picked":"SKIP","floor":18},{"not_picked":["Dagger Throw+1","Finisher","Slice+1"],"picked":"SKIP","floor":21},{"not_picked":["Adrenaline","Flying Knee"],"picked":"Backflip","floor":24},{"not_picked":["Infinite Blades","Backflip"],"picked":"Terror+1","floor":25},{"not_picked":["Outmaneuver","Backstab"],"picked":"Deadly Poison","floor":27},{"not_picked":["Sucker Punch","Eviscerate"],"picked":"Footwork+1","floor":30},{"not_picked":["Blade Dance","Deadly Poison"],"picked":"Backflip+1","floor":31},{"not_picked":["Night Terror","Storm of Steel"],"picked":"Burst","floor":33},{"not_picked":["Dash+1","Flying Knee","Dagger Throw+1"],"picked":"Singing Bowl","floor":35},{"not_picked":["Acrobatics","Backflip"],"picked":"PiercingWail+1","floor":36},{"not_picked":["Outmaneuver+1","Bane"],"picked":"All Out Attack+1","floor":38},{"not_picked":["Calculated Gamble","Doppelganger","Dagger Throw"],"picked":"Singing Bowl","floor":40},{"not_picked":["Prepared","Backflip+1"],"picked":"Dodge and Roll+1","floor":42},{"not_picked":["Deflect+1","Unload","PiercingWail"],"picked":"Singing Bowl","floor":44},{"not_picked":["Distraction","Riddle With Holes"],"picked":"Calculated Gamble+1","floor":46},{"not_picked":["Dagger Spray","Dagger Throw+1"],"picked":"Sucker Punch+1","floor":48}],"player_experience":201473,"relics_obtained":[{"floor":6,"key":"Old Coin"},{"floor":9,"key":"PreservedInsect"},{"floor":11,"key":"Ancient Tea Set"},{"floor":19,"key":"Enchiridion"},{"floor":24,"key":"Singing Bowl"},{"floor":24,"key":"Whetstone"},{"floor":26,"key":"Frozen Egg 2"},{"floor":27,"key":"Lantern"},{"floor":27,"key":"Calipers"},{"floor":30,"key":"Blood Vial"},{"floor":30,"key":"Mercury Hourglass"},{"floor":40,"key":"MawBank"},{"floor":40,"key":"HornCleat"},{"floor":46,"key":"Prayer Wheel"},{"floor":48,"key":"Bag of Marbles"},{"floor":48,"key":"Bronze Scales"}],"event_choices":[{"cards_removed":["Strike_G"],"damage_healed":0,"gold_gain":0,"player_choice":"Purged","damage_taken":0,"max_hp_gain":0,"max_hp_loss":0,"event_name":"Purifier","floor":4,"gold_loss":0},{"damage_healed":0,"gold_gain":0,"player_choice":"Obtained Book","damage_taken":16,"max_hp_gain":0,"max_hp_loss":0,"event_name":"Cursed Tome","floor":19,"gold_loss":0},{"damage_healed":0,"gold_gain":99,"player_choice":"Stole From Cult","damage_taken":0,"max_hp_gain":0,"max_hp_loss":0,"event_name":"Nest","floor":20,"gold_loss":0},{"cards_removed":["Defend_G"],"damage_healed":0,"gold_gain":0,"player_choice":"Gave Gold","damage_taken":0,"max_hp_gain":0,"max_hp_loss":0,"event_name":"Beggar","floor":29,"gold_loss":75},{"cards_removed":["Defend_G"],"damage_healed":0,"gold_gain":0,"player_choice":"Removed Skill","damage_taken":0,"max_hp_gain":0,"max_hp_loss":0,"event_name":"Falling","floor":37,"gold_loss":0},{"damage_healed":0,"gold_gain":0,"player_choice":"Fight","damage_taken":0,"max_hp_gain":0,"max_hp_loss":0,"event_name":"MindBloom","floor":46,"gold_loss":0}],"is_beta":false,"boss_relics":[{"not_picked":["SacredBark","Fusion Hammer"],"picked":"Black Star"},{"not_picked":["Calling Bell","Velvet Choker"],"picked":"Empty Cage"}],"items_purged_floors":[12,22,47],"is_endless":false,"potions_floor_spawned":[6,8,11,16,18,24,30,36,38,42,44],"killed_by":"Shield and Spear","ascension_level":3}}