{"host":"8i4doyxqctgl5qb0","time":1610677167,"event":{"mods":["AchievementEnabler","BaseMod","Block Reminder","Colored Powertips","Downfall","Minty Spire (QoL Compilation)","Permanent Neow","Potion Indicator Mod","Rare Cards Sparkle","StSLib","SuperFastMode","The Jungle"],"gold_per_floor":[114,64,79,79,95,95,125,125,179,179,189,216,216,234,234,329,329,339,339,339,33,50,50,64,64,64,102,128,154,10,33,33,144,144,161,182,191,89,110,110,143,163,163,193,193,234,23,52,52,52],"floor_reached":51,"language":"ZHS","playtime":1964,"items_purged":["Writhe","Parasite"],"score":1188,"play_id":"b59682a6-2790-4447-8a73-d09e2d741ae9","local_time":"20210115101927","is_ascension_mode":true,"campfire_choices":[{"data":"Sunder","floor":6.0,"key":"SMITH"},{"data":"Self Repair","floor":8.0,"key":"SMITH"},{"floor":10.0,"key":"REST"},{"data":"Hologram","floor":13.0,"key":"SMITH"},{"data":"Hello World","floor":15.0,"key":"SMITH"},{"floor":23.0,"key":"REST"},{"data":"Electrodynamics","floor":25.0,"key":"SMITH"},{"data":"Force Field","floor":32.0,"key":"SMITH"},{"data":"Creative AI","floor":40,"key":"SMITH"},{"data":"Heatsinks","floor":45,"key":"SMITH"},{"data":"Double Energy","floor":49,"key":"SMITH"}],"circlet_count":0,"master_deck":["AscendersBane","Zap","Dualcast","Self Repair+1","Hologram+1","Sunder+1","Leap","BootSequence","Heatsinks+1","Hello World+1","Echo Form+1","Auto Shields","Melter","Sunder","BootSequence","Genetic Algorithm","Lockon","Static Discharge+1","Hello World","White Noise+1","Sunder","Hologram+1","Electrodynamics+1","Loop","Defragment","Self Repair","Glacier","Force Field+1","Creative AI+1","Force Field+1","Conserve Battery","Hello World","Conserve Battery","Loop","Undo+1","Heatsinks","Double Energy+1"],"relics":["Cracked Core","Bird Faced Urn","Regal Pillow","War Paint","Singing Bowl","Pandora\u0027s Box","Strawberry","Orrery","CeramicFish","DataDisk","Potion Belt","Philosopher\u0027s Stone","Blood Vial","Gremlin Horn","Pantograph","Blue Candle"],"acts_visited":["Exordium","TheCity","TheBeyond"],"potions_floor_usage":[39,39,44,44,48,50,50],"damage_taken":[{"damage":0.0,"enemies":"Small Slimes","floor":1.0,"turns":3.0},{"damage":6.0,"enemies":"Jaw Worm","floor":3.0,"turns":4.0},{"damage":11.0,"enemies":"Cultist","floor":5.0,"turns":4.0},{"damage":32.0,"enemies":"Gremlin Nob","floor":7.0,"turns":4.0},{"damage":0.0,"enemies":"Exordium Thugs","floor":11.0,"turns":3.0},{"damage":0.0,"enemies":"3 Sentries","floor":12.0,"turns":2.0},{"damage":0.0,"enemies":"Blue Slaver","floor":14.0,"turns":2.0},{"damage":50.0,"enemies":"Slime Boss","floor":16.0,"turns":9.0},{"damage":21.0,"enemies":"Shell Parasite","floor":18.0,"turns":4.0},{"damage":28.0,"enemies":"2 Thieves","floor":22.0,"turns":5.0},{"damage":26.0,"enemies":"Sentry and Sphere","floor":24.0,"turns":4.0},{"damage":25.0,"enemies":"Book of Stabbing","floor":27.0,"turns":4.0},{"damage":28.0,"enemies":"Snake Plant","floor":28.0,"turns":4.0},{"damage":42.0,"enemies":"Cultist and Chosen","floor":29.0,"turns":5.0},{"damage":29.0,"enemies":"Shelled Parasite and Fungi","floor":31.0,"turns":4.0},{"damage":52.0,"enemies":"Collector","floor":33.0,"turns":8.0},{"damage":11.0,"enemies":"3 Darklings","floor":35.0,"turns":5.0},{"damage":20.0,"enemies":"Orb Walker","floor":36.0,"turns":3.0},{"damage":31,"enemies":"Writhing Mass","floor":39,"turns":9},{"damage":23,"enemies":"Nemesis","floor":41,"turns":7},{"damage":79,"enemies":"Transient","floor":42,"turns":5},{"damage":52,"enemies":"Giant Head","floor":44,"turns":11},{"damage":34,"enemies":"Nemesis","floor":46,"turns":11},{"damage":26,"enemies":"4 Shapes","floor":48,"turns":4},{"damage":46,"enemies":"Donu and Deca","floor":50,"turns":7}],"seed_played":"-796976634478248501","potions_obtained":[{"floor":1.0,"key":"SneckoOil"},{"floor":7.0,"key":"DuplicationPotion"},{"floor":11.0,"key":"AttackPotion"},{"floor":22.0,"key":"SteroidPotion"},{"floor":27.0,"key":"EssenceOfSteel"},{"floor":28.0,"key":"Energy Potion"},{"floor":36.0,"key":"Dexterity Potion"},{"floor":39,"key":"Energy Potion"},{"floor":46,"key":"ColorlessPotion"},{"floor":48,"key":"Energy Potion"}],"is_trial":false,"path_per_floor":["M","?","M","?","M","R","E","R","T","R","M","E","R","M","R","B",null,"M","?","?","$","M","R","M","R","T","E","M","M","$","M","R","B",null,"M","M","?","$","M","R","E","M","T","E","R","E","$","M","R","B",null],"character_chosen":"DEFECT","items_purchased":["Hello World","Orrery","Potion Belt","Hello World","Conserve Battery","Heatsinks","Dexterity Potion"],"campfire_rested":2,"item_purchase_floors":[21,21,30,38,38,47,47],"current_hp_per_floor":[68,68,68,68,64,64,32,32,32,67,68,68,68,68,68,30,59,42,49,49,51,31,69,65,65,65,68,66,59,59,66,66,52,72,81,81,81,81,83,83,85,45,45,50,50,67,67,82,82,65],"gold":52,"neow_bonus":"ONE_RARE_RELIC","is_daily":false,"chose_seed":false,"campfire_upgraded":9,"win_rate":0.0,"timestamp":1610677167,"path_taken":["M","?","M","?","?","R","E","R","T","R","M","E","R","M","R","BOSS","M","?","?","$","M","R","M","R","T","E","?","M","$","M","R","BOSS","M","M","?","$","M","R","E","?","T","E","R","E","$","M","R","BOSS"],"items_purchased_type":["Card","Relic","Relic","Card","Card","Card","Potion"],"build_version":"2020-12-22","purchased_purges":2,"victory":true,"max_hp_per_floor":[68,68,68,68,68,68,68,68,68,68,68,68,68,68,68,68,68,68,75,75,77,77,77,79,79,79,79,79,79,79,79,79,79,79,81,81,81,81,83,83,85,85,85,87,87,87,84,84,84,84],"card_choices":[{"not_picked":["Reinforced Body","Streamline"],"picked":"Self Repair","floor":1.0},{"not_picked":["Blizzard","Reprogram"],"picked":"Hologram","floor":3.0},{"not_picked":["Sweeping Beam","Streamline"],"picked":"Leap","floor":5.0},{"not_picked":["Melter","Rebound"],"picked":"BootSequence","floor":7.0},{"not_picked":["Compile Driver","Barrage","Beam Cell"],"picked":"SKIP","floor":11.0},{"not_picked":["Ball Lightning","Coolheaded"],"picked":"Heatsinks","floor":12.0},{"not_picked":["Hologram","Consume"],"picked":"Hello World","floor":14.0},{"not_picked":["Buffer","Hyperbeam"],"picked":"Echo Form","floor":16.0},{"not_picked":["Streamline","Leap"],"picked":"Static Discharge+1","floor":18.0},{"not_picked":["Streamline+1","Undo+1"],"picked":"White Noise+1","floor":21.0},{"not_picked":["Chill","Blizzard+1"],"picked":"Sunder","floor":21.0},{"not_picked":["Go for the Eyes","Stack"],"picked":"Hologram+1","floor":21.0},{"not_picked":["Stack","Doom and Gloom","Tempest"],"picked":"Singing Bowl","floor":21.0},{"not_picked":["Recycle","Reinforced Body+1"],"picked":"Electrodynamics","floor":21.0},{"not_picked":["Go for the Eyes","Streamline+1"],"picked":"Loop","floor":22.0},{"not_picked":["Sweeping Beam","Stack","Rebound"],"picked":"Singing Bowl","floor":24.0},{"not_picked":["Chaos","Tempest"],"picked":"Defragment","floor":27.0},{"not_picked":["Aggregate","Cold Snap"],"picked":"Self Repair","floor":28.0},{"not_picked":["All For One","Coolheaded+1"],"picked":"Glacier","floor":29.0},{"not_picked":["Beam Cell","Barrage+1"],"picked":"Force Field","floor":31.0},{"not_picked":["Seek","Electrodynamics"],"picked":"Creative AI","floor":33.0},{"not_picked":["Sweeping Beam","Reinforced Body+1","Compile Driver+1"],"picked":"Singing Bowl","floor":35.0},{"not_picked":["Turbo+1","Gash"],"picked":"Force Field+1","floor":36.0},{"not_picked":["Genetic Algorithm","Turbo","Compile Driver+1"],"picked":"Singing Bowl","floor":39},{"not_picked":["Fission","Coolheaded+1","Redo"],"picked":"Singing Bowl","floor":41},{"not_picked":["Steam+1","Leap"],"picked":"Loop","floor":42},{"not_picked":["Hyperbeam","Sweeping Beam","Coolheaded"],"picked":"Singing Bowl","floor":44},{"not_picked":["Redo+1","Darkness"],"picked":"Undo+1","floor":46},{"not_picked":["Cold Snap","Compile Driver+1"],"picked":"Double Energy","floor":48}],"player_experience":183648,"relics_obtained":[{"floor":7.0,"key":"Regal Pillow"},{"floor":9.0,"key":"War Paint"},{"floor":12.0,"key":"Singing Bowl"},{"floor":26.0,"key":"CeramicFish"},{"floor":27.0,"key":"DataDisk"},{"floor":41,"key":"Blood Vial"},{"floor":43,"key":"Gremlin Horn"},{"floor":44,"key":"Pantograph"},{"floor":46,"key":"Blue Candle"}],"event_choices":[{"cards_removed":["Strike_B"],"damage_healed":0.0,"max_hp_gain":0.0,"max_hp_loss":0.0,"gold_gain":0.0,"event_name":"The Cleric","player_choice":"Card Removal","floor":2.0,"gold_loss":50.0,"damage_taken":0.0},{"damage_healed":0.0,"max_hp_gain":0.0,"max_hp_loss":0.0,"gold_gain":0.0,"cards_transformed":["Defend_B"],"event_name":"Transmorgrifier","player_choice":"Transformed","floor":4.0,"gold_loss":0.0,"damage_taken":0.0,"cards_obtained":["Sunder"]},{"damage_healed":0.0,"max_hp_gain":0.0,"max_hp_loss":0.0,"gold_gain":0.0,"event_name":"The Mausoleum","player_choice":"Opened","floor":19.0,"gold_loss":0.0,"damage_taken":0.0,"relics_obtained":["Strawberry"],"cards_obtained":["Writhe"]},{"damage_healed":0.0,"max_hp_gain":0.0,"max_hp_loss":0.0,"gold_gain":0.0,"event_name":"Upgrade Shrine","player_choice":"Upgraded","floor":20.0,"gold_loss":0.0,"damage_taken":0.0,"cards_upgraded":["Echo Form"]},{"damage_healed":0.0,"max_hp_gain":0.0,"max_hp_loss":0.0,"gold_gain":0.0,"event_name":"Match and Keep!","player_choice":"1 cards matched","floor":37.0,"gold_loss":0.0,"damage_taken":0.0,"cards_obtained":["Conserve Battery"]}],"is_beta":false,"boss_relics":[{"not_picked":["Fusion Hammer","SlaversCollar"],"picked":"Pandora\u0027s Box"},{"not_picked":["Velvet Choker","Nuclear Battery"],"picked":"Philosopher\u0027s Stone"}],"items_purged_floors":[21,47],"is_endless":false,"potions_floor_spawned":[1,7,11,22,27,28,29,36,39,46,48],"ascension_level":10}}