{"host":"3a1ypf1irl30q4k8","time":1610734628,"event":{"mods":["AchievementEnabler","BaseMod","Bestiary","Colored Map","Minty Spire (QoL Compilation)","Relic Stats"],"gold_per_floor":[132,172,209,260,335,384,414,17,44,91,91,41,67,81,81,181,181,193,193,228,243,243,243,294,338,338,370,370,410,435,25,25,149,149,160,201,201,201,219,219,231,257,257,296,296,296,296],"floor_reached":46,"language":"ENG","playtime":2301,"items_purged":["Defend_R"],"score":669,"play_id":"085cc6b6-21d2-4602-9ea9-e6dfe18cbc73","local_time":"20210115181708","is_ascension_mode":true,"campfire_choices":[{"floor":11,"key":"REST"},{"data":"HandOfGreed","floor":15,"key":"SMITH"},{"data":"Whirlwind","floor":23,"key":"SMITH"},{"floor":28,"key":"REST"},{"data":"Immolate","floor":32,"key":"SMITH"},{"data":"Bludgeon","floor":40,"key":"SMITH"},{"floor":45,"key":"REST"}],"circlet_count":0,"master_deck":["Strike_R","Strike_R","Strike_R","Strike_R","Strike_R","Defend_R","Defend_R","Bash","HandOfGreed+1","Wild Strike","Clothesline","Shrug It Off","Carnage","Shrug It Off","Inflame","Rage","Power Through","Second Wind+1","Bludgeon+1","Pommel Strike+1","Whirlwind+1","Uppercut+1","Cleave+1","Immolate+1","Inflame","Fire Breathing","Shockwave","Reaper","Ghostly Armor+1","True Grit+1","HandOfGreed","Sadistic Nature","Disarm+1","Feel No Pain"],"relics":["Burning Blood","Oddly Smooth Stone","Mummified Hand","Strawberry","Regal Pillow","Pantograph","Mark of Pain","Nunchaku","Singing Bowl","Pear","Black Star","Centennial Puzzle","War Paint","Darkstone Periapt","CeramicFish","TungstenRod"],"acts_visited":["Exordium","TheCity","TheBeyond"],"potions_floor_usage":[6,10,16,20,24,24,27,30,33,42,42,42],"damage_taken":[{"damage":2,"enemies":"2 Louse","floor":1,"turns":3},{"damage":7,"enemies":"Small Slimes","floor":2,"turns":4},{"damage":15,"enemies":"Jaw Worm","floor":3,"turns":4},{"damage":5,"enemies":"Gremlin Gang","floor":4,"turns":5},{"damage":32,"enemies":"3 Sentries","floor":6,"turns":10},{"damage":17,"enemies":"Lagavulin","floor":10,"turns":5},{"damage":16,"enemies":"Gremlin Nob","floor":13,"turns":4},{"damage":6,"enemies":"2 Fungi Beasts","floor":14,"turns":3},{"damage":30,"enemies":"Hexaghost","floor":16,"turns":11},{"damage":19,"enemies":"2 Thieves","floor":18,"turns":5},{"damage":0,"enemies":"Chosen","floor":20,"turns":3},{"damage":28,"enemies":"Shelled Parasite and Fungi","floor":21,"turns":3},{"damage":5,"enemies":"Gremlin Leader","floor":24,"turns":8},{"damage":0,"enemies":"Snecko","floor":25,"turns":2},{"damage":29,"enemies":"Slavers","floor":27,"turns":3},{"damage":15,"enemies":"Centurion and Healer","floor":29,"turns":7},{"damage":13,"enemies":"Colosseum Slavers","floor":30,"turns":3},{"damage":80,"enemies":"Automaton","floor":33,"turns":9},{"damage":12,"enemies":"Orb Walker","floor":35,"turns":2},{"damage":17,"enemies":"3 Shapes","floor":36,"turns":4},{"damage":38,"enemies":"3 Darklings","floor":39,"turns":6},{"damage":19,"enemies":"Sphere and 2 Shapes","floor":41,"turns":5},{"damage":16,"enemies":"Nemesis","floor":42,"turns":5},{"damage":11,"enemies":"Reptomancer","floor":44,"turns":6},{"damage":105,"enemies":"Giant Head","floor":46,"turns":9}],"seed_played":"6499107227309520760","potions_obtained":[{"floor":3,"key":"LiquidBronze"},{"floor":4,"key":"FearPotion"},{"floor":13,"key":"Swift Potion"},{"floor":14,"key":"DuplicationPotion"},{"floor":18,"key":"LiquidMemories"},{"floor":22,"key":"AttackPotion"},{"floor":22,"key":"AttackPotion"},{"floor":24,"key":"BlessingOfTheForge"},{"floor":29,"key":"Weak Potion"},{"floor":33,"key":"Explosive Potion"},{"floor":35,"key":"SkillPotion"},{"floor":36,"key":"Swift Potion"},{"floor":42,"key":"DuplicationPotion"}],"is_trial":false,"path_per_floor":["M","M","M","M","?","E","?","$","T","E","R","?","E","M","R","B",null,"M","?","M","M","?","R","E","M","T","E","R","M","?","$","R","B",null,"M","M","?","?","M","R","M","E","T","E","R","E"],"character_chosen":"IRONCLAD","items_purchased":["Inflame","Mummified Hand","Fire Breathing","Pear","Shockwave"],"campfire_rested":3,"item_purchase_floors":[8,8,31,31,31],"current_hp_per_floor":[72,71,62,63,52,26,26,26,33,22,60,60,50,50,50,51,79,66,66,72,50,50,50,51,57,57,34,72,65,58,68,68,17,91,85,86,78,78,60,60,61,51,51,46,90,0,0],"gold":296,"neow_bonus":"RANDOM_COLORLESS_2","is_daily":false,"chose_seed":false,"campfire_upgraded":4,"win_rate":0.0,"timestamp":1610734628,"path_taken":["M","M","M","M","?","E","?","$","T","E","R","?","E","M","R","BOSS","M","?","M","M","?","R","E","?","T","E","R","M","?","$","R","BOSS","M","M","?","?","M","R","?","E","T","E","R","E"],"items_purchased_type":["Card","Relic","Card","Relic","Card"],"build_version":"2020-12-22","purchased_purges":1,"victory":false,"max_hp_per_floor":[72,72,72,72,72,72,72,72,79,79,79,79,79,79,79,79,79,79,79,79,79,79,79,79,79,79,79,79,81,81,91,91,91,91,91,91,93,93,95,95,97,97,97,97,97,97,97],"relic_stats":{"Darkstone Periapt":0,"Regal Pillow":45,"Singing Bowl":8,"counters":[25,129],"CeramicFish":9,"War Paint":["Disarm","Second Wind"],"Burning Blood":140,"Nunchaku":[10],"Centennial Puzzle":[6],"Mummified Hand":[46],"Pantograph":48,"Black Star":2,"obtain_stats":[{"Darkstone Periapt":43,"Regal Pillow":10,"Pear":31,"Singing Bowl":27,"CeramicFish":44,"Oddly Smooth Stone":6,"War Paint":42,"Burning Blood":0,"Nunchaku":24,"Centennial Puzzle":42,"Mummified Hand":8,"Strawberry":9,"Pantograph":13,"Mark of Pain":17,"Black Star":34,"TungstenRod":44},{"Darkstone Periapt":23,"Regal Pillow":6,"Pear":17,"Singing Bowl":15,"CeramicFish":24,"Oddly Smooth Stone":5,"War Paint":23,"Burning Blood":0,"Nunchaku":13,"Centennial Puzzle":23,"Mummified Hand":5,"Strawberry":5,"Pantograph":7,"Mark of Pain":9,"Black Star":18,"TungstenRod":24},{"Darkstone Periapt":114,"Regal Pillow":31,"Pear":83,"Singing Bowl":73,"CeramicFish":120,"Oddly Smooth Stone":26,"War Paint":114,"Burning Blood":0,"Nunchaku":68,"Centennial Puzzle":114,"Mummified Hand":26,"Strawberry":26,"Pantograph":35,"Mark of Pain":49,"Black Star":92,"TungstenRod":120}],"TungstenRod":5},"card_choices":[{"not_picked":["Panache","Transmutation"],"picked":"HandOfGreed","floor":0},{"not_picked":["Metallicize","Shrug It Off"],"picked":"Wild Strike","floor":1},{"not_picked":["Havoc","Twin Strike"],"picked":"Clothesline","floor":2},{"not_picked":["Rage","Havoc"],"picked":"Shrug It Off","floor":3},{"not_picked":["Entrench","Shrug It Off"],"picked":"Carnage","floor":4},{"not_picked":["Flex","Dual Wield"],"picked":"Shrug It Off","floor":6},{"not_picked":["Clothesline","Sword Boomerang"],"picked":"Rage","floor":10},{"not_picked":["Perfected Strike","Feed"],"picked":"Power Through","floor":13},{"not_picked":["Clash","Dual Wield"],"picked":"Second Wind","floor":14},{"not_picked":["Limit Break","Brutality"],"picked":"Bludgeon","floor":16},{"not_picked":["Ghostly Armor","Havoc"],"picked":"Pommel Strike+1","floor":18},{"not_picked":["Twin Strike","Havoc+1"],"picked":"Uppercut+1","floor":20},{"not_picked":["Thunderclap","Twin Strike","Cleave"],"picked":"SKIP","floor":21},{"not_picked":["Body Slam","Infernal Blade"],"picked":"Cleave+1","floor":24},{"not_picked":["Battle Trance","Headbutt"],"picked":"Immolate","floor":25},{"not_picked":["Combust+1","Twin Strike+1"],"picked":"Inflame","floor":27},{"not_picked":["Shrug It Off","Wild Strike","Cleave+1"],"picked":"Singing Bowl","floor":29},{"not_picked":["Juggernaut","Feed"],"picked":"Reaper","floor":33},{"not_picked":["Iron Wave","Warcry+1"],"picked":"Ghostly Armor+1","floor":35},{"not_picked":["Twin Strike","Cleave"],"picked":"True Grit+1","floor":36},{"not_picked":["Secret Technique","Impatience"],"picked":"HandOfGreed","floor":37},{"not_picked":["Bandage Up","Blind"],"picked":"Sadistic Nature","floor":37},{"not_picked":["Deep Breath","Secret Technique","Magnetism"],"picked":"Singing Bowl","floor":37},{"not_picked":["Pommel Strike+1","Armaments","Cleave"],"picked":"Singing Bowl","floor":39},{"not_picked":["True Grit","Sword Boomerang+1","Heavy Blade+1"],"picked":"Singing Bowl","floor":41},{"not_picked":["Heavy Blade","Clothesline"],"picked":"Disarm","floor":42},{"not_picked":["Flex","Heavy Blade"],"picked":"Feel No Pain","floor":44}],"player_experience":1076449,"relics_obtained":[{"floor":6,"key":"Oddly Smooth Stone"},{"floor":9,"key":"Strawberry"},{"floor":10,"key":"Regal Pillow"},{"floor":13,"key":"Pantograph"},{"floor":24,"key":"Nunchaku"},{"floor":27,"key":"Singing Bowl"},{"floor":42,"key":"Centennial Puzzle"},{"floor":42,"key":"War Paint"},{"floor":43,"key":"Darkstone Periapt"},{"floor":44,"key":"CeramicFish"},{"floor":44,"key":"TungstenRod"}],"event_choices":[{"damage_healed":0,"gold_gain":75,"player_choice":"Gather Gold","damage_taken":11,"max_hp_gain":0,"max_hp_loss":0,"event_name":"World of Goop","floor":5,"gold_loss":0},{"damage_healed":0,"gold_gain":30,"player_choice":"Searched \u00271\u0027 times","damage_taken":0,"max_hp_gain":0,"max_hp_loss":0,"event_name":"Dead Adventurer","floor":7,"gold_loss":0},{"cards_removed":["Defend_R"],"damage_healed":0,"gold_gain":0,"player_choice":"Card Removal","damage_taken":0,"max_hp_gain":0,"max_hp_loss":0,"event_name":"The Cleric","floor":12,"gold_loss":50},{"damage_healed":0,"gold_gain":0,"player_choice":"Read","damage_taken":0,"max_hp_gain":0,"max_hp_loss":0,"event_name":"The Library","floor":19,"gold_loss":0,"cards_obtained":["Whirlwind"]},{"damage_healed":0,"gold_gain":0,"player_choice":"Got Potions","damage_taken":0,"max_hp_gain":0,"max_hp_loss":0,"event_name":"Lab","floor":22,"gold_loss":0},{"damage_healed":0,"gold_gain":0,"player_choice":"Fight","damage_taken":0,"max_hp_gain":0,"max_hp_loss":0,"event_name":"Colosseum","floor":30,"gold_loss":0},{"damage_healed":0,"gold_gain":0,"player_choice":"Fled From Nobs","damage_taken":0,"max_hp_gain":0,"max_hp_loss":0,"event_name":"Colosseum","floor":30,"gold_loss":0},{"damage_healed":0,"gold_gain":0,"player_choice":"Memory 3","damage_taken":10,"max_hp_gain":0,"max_hp_loss":0,"event_name":"SensoryStone","floor":37,"gold_loss":0},{"damage_healed":0,"gold_gain":0,"player_choice":"Ignored","damage_taken":0,"max_hp_gain":0,"max_hp_loss":0,"event_name":"SecretPortal","floor":38,"gold_loss":0}],"is_beta":false,"boss_relics":[{"not_picked":["Velvet Choker","Runic Dome"],"picked":"Mark of Pain"},{"not_picked":["Coffee Dripper","Philosopher\u0027s Stone"],"picked":"Black Star"}],"items_purged_floors":[8],"is_endless":false,"potions_floor_spawned":[3,4,13,14,18,24,29,33,35,36,42],"killed_by":"Giant Head","ascension_level":3}}