{"host":"by3dnjj711vo194a","time":1610746773,"event":{"mods":["2.2 Compatiblity","AchievementEnabler","BaseMod","Colored Map","DeckTracker","KOR Keyword Fix","Keyboard Shortcuts","Minty Spire (QoL Compilation)","Permanent Neow","Quick Restart","StSLib","SuperFastMode","everything is the same but u backflip on backflip"],"gold_per_floor":[110,110,128,128,128,171,196,121,145,145,179,179,79,99,99,222,222,241,241,320,320,334,334,209,227,272,296,296,331,346,356,356,451,451,463,510,530,547,427,446,0,28,28,43,43,72,91,105,105,105],"floor_reached":51,"language":"KOR","playtime":1601,"items_purged":["Strike_P","Defend_P","Strike_P","Defend_P+1"],"score":1106,"play_id":"30185cff-d134-4437-b1c1-89129bc4702a","local_time":"20210116063933","is_ascension_mode":true,"campfire_choices":[{"data":"Eruption","floor":10.0,"key":"SMITH"},{"floor":12.0,"key":"REST"},{"floor":15.0,"key":"REST"},{"data":"Adaptation","floor":23.0,"key":"SMITH"},{"floor":28.0,"key":"REST"},{"floor":32.0,"key":"REST"},{"floor":49,"key":"REST"}],"circlet_count":0,"master_deck":["Strike_P+1","Strike_P+1","Defend_P+1","Defend_P+1","Eruption+1","Vigilance+1","CutThroughFate+1","Adaptation+1","LessonLearned+1","CurseOfTheBell","Halt+1","Adaptation+1","InnerPeace+1"],"relics":["HolyWater","Centennial Puzzle","Bloody Idol","Damaru","Dream Catcher","Regal Pillow","Molten Egg 2","Art of War","Potion Belt","Blue Candle","Calling Bell","Bag of Preparation","The Courier","Prayer Wheel","StoneCalendar","Red Mask","PreservedInsect","InkBottle","TungstenRod","StrikeDummy"],"acts_visited":["Exordium","TheCity","TheBeyond"],"potions_floor_usage":[44,46,46,50],"damage_taken":[{"damage":7.0,"enemies":"Cultist","floor":1.0,"turns":3.0},{"damage":11.0,"enemies":"2 Louse","floor":3.0,"turns":2.0},{"damage":24.0,"enemies":"Lagavulin","floor":6.0,"turns":5.0},{"damage":0.0,"enemies":"Small Slimes","floor":7.0,"turns":2.0},{"damage":0.0,"enemies":"Gremlin Nob","floor":11.0,"turns":3.0},{"damage":15.0,"enemies":"Exordium Wildlife","floor":14.0,"turns":4.0},{"damage":49.0,"enemies":"Hexaghost","floor":16.0,"turns":9.0},{"damage":18.0,"enemies":"Shell Parasite","floor":18.0,"turns":2.0},{"damage":9.0,"enemies":"Spheric Guardian","floor":22.0,"turns":3.0},{"damage":31.0,"enemies":"3 Cultists","floor":25.0,"turns":5.0},{"damage":54.0,"enemies":"Gremlin Leader","floor":29.0,"turns":5.0},{"damage":8.0,"enemies":"Shelled Parasite and Fungi","floor":30.0,"turns":3.0},{"damage":0.0,"enemies":"Centurion and Healer","floor":31.0,"turns":5.0},{"damage":0.0,"enemies":"Collector","floor":33.0,"turns":2.0},{"damage":4.0,"enemies":"Orb Walker","floor":35.0,"turns":2.0},{"damage":54.0,"enemies":"2 Orb Walkers","floor":36.0,"turns":4.0},{"damage":1.0,"enemies":"3 Shapes","floor":37.0,"turns":2.0},{"damage":0.0,"enemies":"Writhing Mass","floor":38.0,"turns":2.0},{"damage":0.0,"enemies":"3 Darklings","floor":40.0,"turns":1.0},{"damage":0,"enemies":"Nemesis","floor":42,"turns":1},{"damage":2,"enemies":"Spire Growth","floor":44,"turns":3},{"damage":1,"enemies":"Giant Head","floor":46,"turns":6},{"damage":19,"enemies":"Sphere and 2 Shapes","floor":47,"turns":4},{"damage":0,"enemies":"3 Darklings","floor":48,"turns":2},{"damage":23,"enemies":"Time Eater","floor":50,"turns":4}],"seed_played":"-3453500099032501777","potions_obtained":[{"floor":6.0,"key":"PowerPotion"},{"floor":14.0,"key":"SteroidPotion"},{"floor":22.0,"key":"Dexterity Potion"},{"floor":25.0,"key":"Fire Potion"},{"floor":29.0,"key":"Explosive Potion"},{"floor":33.0,"key":"Fire Potion"},{"floor":37.0,"key":"Swift Potion"},{"floor":38.0,"key":"AttackPotion"},{"floor":42,"key":"Swift Potion"},{"floor":48,"key":"StancePotion"}],"is_trial":false,"path_per_floor":["M","?","M","?","?","E","M","$","T","R","E","R","$","M","R","B",null,"M","?","T","?","M","R","$","M","T","T","R","E","M","M","R","B",null,"M","?","M","M","$","M","?","E","T","M","$","E","M","M","R","B",null],"character_chosen":"WATCHER","items_purchased":[],"campfire_rested":5,"item_purchase_floors":[],"current_hp_per_floor":[58,58,47,29,53,29,29,29,29,29,29,65,65,50,72,23,60,42,42,42,42,38,38,38,12,17,22,58,9,6,11,47,52,67,68,19,23,28,28,33,33,38,38,41,41,45,31,36,72,49],"gold":105,"neow_bonus":"RANDOM_COMMON_RELIC","is_daily":false,"chose_seed":false,"campfire_upgraded":2,"win_rate":0.0,"timestamp":1610746773,"path_taken":["M","?","M","?","?","E","?","?","T","R","E","R","$","M","R","BOSS","M","?","?","?","M","R","?","?","T","?","R","E","M","M","R","BOSS","M","?","M","M","$","M","?","E","T","M","$","E","M","M","R","BOSS"],"items_purchased_type":[],"build_version":"2020-12-22","purchased_purges":4,"victory":true,"max_hp_per_floor":[72,72,72,72,72,72,72,72,72,72,72,72,72,72,72,72,72,72,72,72,72,72,72,72,72,72,72,72,72,72,72,72,72,72,72,72,72,72,72,72,72,72,72,72,72,72,72,72,72,72],"card_choices":[{"not_picked":["Evaluate","FlurryOfBlows","Swivel"],"picked":"SKIP","floor":1.0},{"not_picked":["Evaluate","WreathOfFlame","BattleHymn"],"picked":"SKIP","floor":3.0},{"not_picked":["Pray","ThirdEye","BowlingBash"],"picked":"SKIP","floor":6.0},{"not_picked":["ClearTheMind","CrushJoints","EmptyBody"],"picked":"SKIP","floor":7.0},{"not_picked":["Alpha","Tantrum","Blasphemy"],"picked":"SKIP","floor":11.0},{"not_picked":["WaveOfTheHand","Evaluate"],"picked":"CutThroughFate","floor":12.0},{"not_picked":["Evaluate","ThirdEye","FlyingSleeves"],"picked":"SKIP","floor":14.0},{"not_picked":["JustLucky","BattleHymn"],"picked":"Adaptation","floor":15.0},{"not_picked":["SpiritShield","Brilliance"],"picked":"LessonLearned","floor":16.0},{"not_picked":["PathToVictory+1","TalkToTheHand+1","Conclude"],"picked":"SKIP","floor":18.0},{"not_picked":["WreathOfFlame","Worship+1","ThirdEye"],"picked":"SKIP","floor":22.0},{"not_picked":["Pray","Prostrate","FlurryOfBlows+1"],"picked":"SKIP","floor":25.0},{"not_picked":["FlyingSleeves+1","BowlingBash+1","FollowUp+1"],"picked":"SKIP","floor":29.0},{"not_picked":["BowlingBash+1","Study","Protect+1"],"picked":"SKIP","floor":30.0},{"not_picked":["Vengeance","PathToVictory","Halt+1"],"picked":"SKIP","floor":31.0},{"not_picked":["BowlingBash+1","FlurryOfBlows+1","Prostrate+1"],"picked":"SKIP","floor":35.0},{"not_picked":["Perseverance","BowlingBash+1","ReachHeaven+1"],"picked":"SKIP","floor":35.0},{"not_picked":["Prostrate","Tantrum+1","PathToVictory+1"],"picked":"SKIP","floor":37.0},{"not_picked":["Wallop+1","Consecrate+1","FollowUp+1"],"picked":"SKIP","floor":37.0},{"not_picked":["Protect","Sanctity","Collect+1"],"picked":"SKIP","floor":38.0},{"not_picked":["Fasting2+1","EmptyFist+1","Prostrate+1"],"picked":"SKIP","floor":38.0},{"not_picked":["DeceiveReality+1","BowlingBash+1"],"picked":"Halt+1","floor":40.0},{"not_picked":["LessonLearned+1","Consecrate+1","Protect"],"picked":"SKIP","floor":40.0},{"not_picked":["JustLucky+1","SignatureMove+1"],"picked":"Adaptation+1","floor":42},{"not_picked":["WaveOfTheHand","Protect","Collect"],"picked":"SKIP","floor":44},{"not_picked":["FollowUp+1","Consecrate+1","Wireheading"],"picked":"SKIP","floor":44},{"not_picked":["Halt+1","Wireheading+1","Vault"],"picked":"SKIP","floor":46},{"not_picked":["Swivel","WindmillStrike+1","TalkToTheHand+1"],"picked":"SKIP","floor":47},{"not_picked":["FlurryOfBlows+1","EmptyBody+1","Crescendo+1"],"picked":"SKIP","floor":47},{"not_picked":["Swivel+1","FlurryOfBlows+1","ReachHeaven+1"],"picked":"SKIP","floor":48},{"not_picked":["JustLucky+1","BowlingBash+1","Crescendo+1"],"picked":"SKIP","floor":48}],"player_experience":164510,"relics_obtained":[{"floor":6.0,"key":"Damaru"},{"floor":9.0,"key":"Dream Catcher"},{"floor":11.0,"key":"Regal Pillow"},{"floor":20.0,"key":"Molten Egg 2"},{"floor":26.0,"key":"Art of War"},{"floor":27.0,"key":"Potion Belt"},{"floor":29.0,"key":"Blue Candle"},{"floor":34.0,"key":"Bag of Preparation"},{"floor":34.0,"key":"The Courier"},{"floor":34.0,"key":"Prayer Wheel"},{"floor":36.0,"key":"StoneCalendar"},{"floor":42,"key":"PreservedInsect"},{"floor":43,"key":"InkBottle"},{"floor":46,"key":"StrikeDummy"}],"event_choices":[{"damage_healed":0.0,"max_hp_gain":0.0,"max_hp_loss":0.0,"gold_gain":0.0,"event_name":"Liars Game","player_choice":"Ignored","floor":2.0,"gold_loss":0.0,"damage_taken":0.0},{"damage_healed":0.0,"max_hp_gain":0.0,"max_hp_loss":0.0,"gold_gain":0.0,"event_name":"Golden Idol","player_choice":"Take Damage","floor":4.0,"gold_loss":0.0,"damage_taken":18.0,"relics_obtained":["Golden Idol"]},{"damage_healed":24.0,"max_hp_gain":0.0,"max_hp_loss":0.0,"gold_gain":0.0,"event_name":"Big Fish","player_choice":"Banana","floor":5.0,"gold_loss":0.0,"damage_taken":0.0},{"damage_healed":0.0,"max_hp_gain":0.0,"max_hp_loss":0.0,"gold_gain":0.0,"event_name":"Vampires","player_choice":"Ignored","floor":19.0,"gold_loss":0.0,"damage_taken":0.0},{"damage_healed":0.0,"max_hp_gain":0.0,"max_hp_loss":0.0,"gold_gain":0.0,"event_name":"Forgotten Altar","player_choice":"Gave Idol","floor":21.0,"relics_lost":["Golden Idol"],"gold_loss":0.0,"damage_taken":0.0,"relics_obtained":["Bloody Idol"]},{"damage_healed":0.0,"max_hp_gain":0.0,"max_hp_loss":0.0,"gold_gain":0.0,"event_name":"Mysterious Sphere","player_choice":"Fight","floor":36.0,"gold_loss":0.0,"damage_taken":0.0},{"damage_healed":0.0,"max_hp_gain":0.0,"max_hp_loss":0.0,"gold_gain":0.0,"event_name":"Tomb of Lord Red Mask","player_choice":"Paid","floor":41.0,"gold_loss":446.0,"damage_taken":0.0,"relics_obtained":["Red Mask"]}],"is_beta":false,"boss_relics":[{"not_picked":["Sozu","Runic Dome"],"picked":"HolyWater"},{"not_picked":["SlaversCollar","Velvet Choker"],"picked":"Calling Bell"}],"items_purged_floors":[8,13,24,39],"is_endless":false,"potions_floor_spawned":[6,14,22,25,29,33,37,38,42,48],"ascension_level":6}}