{"host":"f5gffvlv6a66yqkd","time":1610732825,"event":{"mods":["2.2 Compatiblity","Alarm Clock","BaseMod","Colored Map","Custom Start","DeckTracker","Keyboard Shortcuts","Minty Spire (QoL Compilation)","Permanent Neow","Quick Restart","Relic Stats","StSLib","SuperFastMode"],"gold_per_floor":[15,29,42,42,42,42,73,73,127,197,212,52,52,73,73,168,168,182,182,182],"floor_reached":19,"language":"KOR","playtime":424,"items_purged":["Strike_P"],"score":334,"play_id":"61c788c6-0c9d-420e-ac9e-43906da1ca24","local_time":"20210116024705","is_ascension_mode":true,"campfire_choices":[{"data":"Eruption","floor":6.0,"key":"SMITH"},{"data":"Wallop","floor":15.0,"key":"SMITH"}],"circlet_count":0,"master_deck":["AscendersBane","Strike_P","Strike_P","Defend_P","Defend_P","Defend_P","Defend_P","Eruption+1","Vigilance","Master of Strategy+1","CarveReality","SandsOfTime","Wallop+1","Adaptation","MentalFortress+1","EmptyFist","Adaptation+1","LessonLearned"],"relics":["PureWater","White Beast Statue","Happy Flower","Golden Idol","Vajra","Frozen Egg 2","VioletLotus"],"acts_visited":["Exordium","TheCity"],"potions_floor_usage":[19],"damage_taken":[{"damage":0.0,"enemies":"Cultist","floor":1.0,"turns":2.0},{"damage":0.0,"enemies":"Jaw Worm","floor":2.0,"turns":2.0},{"damage":2.0,"enemies":"2 Louse","floor":3.0,"turns":2.0},{"damage":17.0,"enemies":"Lagavulin","floor":7.0,"turns":5.0},{"damage":21.0,"enemies":"Lagavulin Event","floor":10.0,"turns":3.0},{"damage":0.0,"enemies":"Large Slime","floor":11.0,"turns":3.0},{"damage":0.0,"enemies":"Blue Slaver","floor":14.0,"turns":2.0},{"damage":18.0,"enemies":"The Guardian","floor":16.0,"turns":10.0},{"damage":33.0,"enemies":"2 Thieves","floor":18.0,"turns":5.0},{"damage":19,"enemies":"Spheric Guardian","floor":19,"turns":3}],"seed_played":"8920593449687960223","potions_obtained":[{"floor":7.0,"key":"DuplicationPotion"},{"floor":10.0,"key":"LiquidBronze"},{"floor":16.0,"key":"StancePotion"}],"is_trial":false,"path_per_floor":["M","M","M","?","T","R","E","?","T","?","M","$","?","M","R","B",null,"M","M"],"character_chosen":"WATCHER","items_purchased":["Adaptation+1"],"campfire_rested":0,"item_purchase_floors":[12],"current_hp_per_floor":[61,61,59,59,59,59,42,42,42,21,21,21,26,26,26,8,52,19,0,0],"gold":182,"neow_bonus":"RANDOM_COLORLESS_2","is_daily":false,"chose_seed":false,"campfire_upgraded":2,"win_rate":0.0,"timestamp":1610732825,"path_taken":["M","M","?","?","?","R","E","?","T","?","M","$","?","M","R","BOSS","M","M"],"items_purchased_type":["Card"],"build_version":"2020-12-22","purchased_purges":1,"victory":false,"max_hp_per_floor":[68,68,68,68,68,68,68,62,62,62,62,62,67,67,67,67,67,67,67,67],"relic_stats":{"Happy Flower":[8],"counters":[10,37],"Golden Idol":50,"VioletLotus":[2],"obtain_stats":[{"Happy Flower":7,"Golden Idol":8,"Vajra":9,"VioletLotus":17,"PureWater":0,"Frozen Egg 2":10,"White Beast Statue":5},{"Happy Flower":4,"Golden Idol":4,"Vajra":4,"VioletLotus":8,"PureWater":0,"Frozen Egg 2":4,"White Beast Statue":3},{"Happy Flower":11,"Golden Idol":11,"Vajra":11,"VioletLotus":29,"PureWater":0,"Frozen Egg 2":11,"White Beast Statue":6}]},"card_choices":[{"not_picked":["Thinking Ahead","The Bomb"],"picked":"Master of Strategy","floor":0.0},{"not_picked":["PathToVictory","Indignation"],"picked":"CarveReality","floor":1.0},{"not_picked":["ThirdEye","Crescendo"],"picked":"SandsOfTime","floor":2.0},{"not_picked":["EmptyBody","ThirdEye"],"picked":"Wallop","floor":3.0},{"not_picked":["Weave","JustLucky"],"picked":"Adaptation","floor":7.0},{"not_picked":["Halt","PathToVictory"],"picked":"MentalFortress+1","floor":10.0},{"not_picked":["PathToVictory","Evaluate"],"picked":"EmptyFist","floor":11.0},{"not_picked":["FlurryOfBlows","CrushJoints","ThirdEye"],"picked":"SKIP","floor":14.0},{"not_picked":["Blasphemy","Ragnarok"],"picked":"LessonLearned","floor":16.0},{"not_picked":["PathToVictory","Protect","EmptyBody"],"picked":"SKIP","floor":18.0}],"player_experience":1565912,"relics_obtained":[{"floor":5.0,"key":"White Beast Statue"},{"floor":7.0,"key":"Happy Flower"},{"floor":9.0,"key":"Vajra"}],"event_choices":[{"cards_removed":["Strike_P"],"damage_healed":0.0,"max_hp_gain":0.0,"max_hp_loss":0.0,"gold_gain":0.0,"event_name":"Living Wall","player_choice":"Forget","floor":4.0,"gold_loss":0.0,"damage_taken":0.0},{"damage_healed":0.0,"max_hp_gain":0.0,"max_hp_loss":6.0,"gold_gain":0.0,"event_name":"Golden Idol","player_choice":"Lose Max HP","floor":8.0,"gold_loss":0.0,"damage_taken":0.0,"relics_obtained":["Golden Idol"]},{"damage_healed":0.0,"max_hp_gain":0.0,"max_hp_loss":0.0,"gold_gain":0.0,"event_name":"Dead Adventurer","player_choice":"Searched \u00272\u0027 times","floor":10.0,"gold_loss":0.0,"damage_taken":0.0,"relics_obtained":["Frozen Egg 2"]},{"damage_healed":0.0,"max_hp_gain":5.0,"max_hp_loss":0.0,"gold_gain":0.0,"event_name":"Big Fish","player_choice":"Donut","floor":13.0,"gold_loss":0.0,"damage_taken":0.0}],"is_beta":false,"boss_relics":[{"not_picked":["Coffee Dripper","Calling Bell"],"picked":"VioletLotus"}],"items_purged_floors":[12],"is_endless":false,"potions_floor_spawned":[7,10,11,14,16,18],"killed_by":"Spheric Guardian","ascension_level":20}}