{"host":"rvofswtrkybk7ok8","time":1610714772,"event":{"mods":["ATMod(°¢èªMod)","BaseMod","Card Filter","Colored Map","Minty Spire (QoL Compilation)","Quick Restart","StSLib"],"gold_per_floor":[113,113,38,38,52,83,353,353,380,408,419,448,467,416,416,494,494,509,75,94,111,15,15,41,41,68,100,119,147,157,168,168,240,240,260,275,275,184,198,231,231,264,264,295,95,115,129,145,145,145,145,145,145,48,73,73],"floor_reached":57,"language":"ZHS","playtime":2895,"items_purged":["Regret","Strike_R","Strike_R","Defend_R","Defend_R","Shrug It Off"],"score":3594,"play_id":"ef5b66dd-3a73-4249-abf6-13330b4d8f2a","local_time":"20210115204612","is_ascension_mode":true,"campfire_choices":[{"data":"Armaments","floor":8.0,"key":"SMITH"},{"data":"Offering","floor":15.0,"key":"SMITH"},{"data":"Strike_R","floor":23.0,"key":"PURGE"},{"data":"Defend_R","floor":25.0,"key":"PURGE"},{"data":"Strike_R+1","floor":32.0,"key":"PURGE"},{"data":"Strike_R+1","floor":41,"key":"PURGE"},{"floor":49,"key":"RECALL"},{"data":"Bash","floor":53,"key":"PURGE"}],"circlet_count":0,"master_deck":["AscendersBane","Defend_R+1","AT_ChampionKick+1","Disarm+1","Armaments+1","AT_ShrugMaster+1","Offering+1","AT_ShrugMaster+1","Flex+1","Offering+1","CurseOfTheBell","Rupture+1","Bloodletting","Flex+1","Sword Boomerang+1","Seeing Red+1","Offering+1","Reaper","AT_IchimonjiDouble+1","Warcry+1","Entrench+1","AT_BodySlamDance+1","Rupture+1"],"relics":["Burning Blood","AT_ATBox","NeowsBlessing","HornCleat","Mercury Hourglass","AT_RedTearstoneRing","Peace Pipe","Oddly Smooth Stone","Bird Faced Urn","Bag of Marbles","AT_BladeRuinedKing","Anchor","Calling Bell","Regal Pillow","AT_SilvercatRing","Ice Cream","Kunai","TheAbacus","Bronze Scales","Self Forming Clay","Matryoshka","Ornamental Fan","AT_TrinityForce","Shuriken","ClockworkSouvenir","War Paint","Dream Catcher","Paper Frog","Singing Bowl","Bottled Tornado","Red Skull","AT_ChloranthyRing","Chemical X","Bottled Flame","Mummified Hand"],"acts_visited":["Exordium","TheCity","TheBeyond","TheEnding"],"potions_floor_usage":[33],"damage_taken":[{"damage":0.0,"enemies":"2 Louse","floor":1.0,"turns":1.0},{"damage":0.0,"enemies":"Jaw Worm","floor":5.0,"turns":1.0},{"damage":0.0,"enemies":"Lagavulin","floor":6.0,"turns":3.0},{"damage":4.0,"enemies":"3 Sentries","floor":10.0,"turns":4.0},{"damage":0.0,"enemies":"Cultist","floor":11.0,"turns":3.0},{"damage":19.0,"enemies":"Gremlin Nob","floor":12.0,"turns":4.0},{"damage":0.0,"enemies":"2 Fungi Beasts","floor":13.0,"turns":3.0},{"damage":6.0,"enemies":"Hexaghost","floor":16.0,"turns":8.0},{"damage":12.0,"enemies":"Spheric Guardian","floor":18.0,"turns":4.0},{"damage":6.0,"enemies":"3 Byrds","floor":20.0,"turns":4.0},{"damage":6.0,"enemies":"Snecko","floor":21.0,"turns":4.0},{"damage":15.0,"enemies":"Slavers","floor":24.0,"turns":2.0},{"damage":32.0,"enemies":"Gremlin Leader","floor":27.0,"turns":3.0},{"damage":11.0,"enemies":"Snake Plant","floor":28.0,"turns":3.0},{"damage":12.0,"enemies":"Book of Stabbing","floor":29.0,"turns":3.0},{"damage":15.0,"enemies":"3 Cultists","floor":30.0,"turns":2.0},{"damage":23.0,"enemies":"Shelled Parasite and Fungi","floor":31.0,"turns":3.0},{"damage":21,"enemies":"Champ","floor":33,"turns":2},{"damage":0,"enemies":"3 Darklings","floor":35,"turns":3},{"damage":6,"enemies":"Orb Walker","floor":36,"turns":2},{"damage":20,"enemies":"Writhing Mass","floor":39,"turns":2},{"damage":15,"enemies":"Giant Head","floor":40,"turns":3},{"damage":13,"enemies":"Nemesis","floor":42,"turns":3},{"damage":24,"enemies":"Giant Head","floor":44,"turns":2},{"damage":15,"enemies":"Jaw Worm Horde","floor":46,"turns":1},{"damage":15,"enemies":"Maw","floor":47,"turns":2},{"damage":6,"enemies":"Writhing Mass","floor":48,"turns":1},{"damage":27,"enemies":"Awakened One","floor":50,"turns":3},{"damage":15,"enemies":"Time Eater","floor":51,"turns":2},{"damage":21,"enemies":"Shield and Spear","floor":55,"turns":2},{"damage":45,"enemies":"The Heart","floor":56,"turns":6}],"seed_played":"-8632055703320906403","potions_obtained":[{"floor":10.0,"key":"Weak Potion"},{"floor":11.0,"key":"DuplicationPotion"},{"floor":13.0,"key":"EntropicBrew"},{"floor":27.0,"key":"CultistPotion"},{"floor":30.0,"key":"Energy Potion"},{"floor":33,"key":"GamblersBrew"}],"is_trial":false,"path_per_floor":["M","?","$","?","M","E","$","R","T","E","M","E","M","$","R","B",null,"M","$","M","M","$","R","E","R","T","E","M","E","M","M","R","B",null,"M","M","?","$","M","E","R","E","T","E","$","M","M","M","R","B","B",null,"R","$","E","B",null],"character_chosen":"IRONCLAD","items_purchased":["AT_RedTearstoneRing","Armaments","AT_ShrugMaster","Peace Pipe","AT_BladeRuinedKing","Anchor","AT_ShrugMaster","Flex","Kunai","Bloodletting","TheAbacus","Bronze Scales","Shuriken","ClockworkSouvenir","War Paint","AT_ChloranthyRing","Chemical X","Bottled Flame"],"campfire_rested":0,"item_purchase_floors":[7,7,7,7,14,14,14,14,19,22,22,22,38,38,38,54,54,54],"current_hp_per_floor":[74,74,74,51,57,63,63,63,63,65,71,60,68,68,68,72,74,71,71,75,75,75,75,68,68,68,48,49,47,44,33,33,24,62,75,75,75,75,61,75,75,75,75,57,57,75,77,79,79,79,72,77,77,77,68,47],"gold":73,"neow_bonus":"THREE_ENEMY_KILL","is_daily":false,"chose_seed":false,"campfire_upgraded":2,"win_rate":0.0,"timestamp":1610714772,"path_taken":["M","?","$","?","M","E","?","R","T","E","M","E","M","$","R","BOSS","M","$","M","M","$","R","E","R","T","E","M","E","M","?","R","BOSS","M","M","?","$","M","E","R","E","T","E","$","M","M","M","R","BOSS","BOSS","R","$","E","BOSS"],"items_purchased_type":["Relic","Card","Card","Relic","Relic","Relic","Card","Card","Relic","Card","Relic","Relic","Relic","Relic","Relic","Relic","Relic","Relic"],"build_version":"2020-12-22","purchased_purges":6,"victory":true,"max_hp_per_floor":[75,75,75,75,75,75,75,75,75,75,75,75,75,75,75,75,75,75,75,75,75,75,75,75,75,75,75,75,75,75,75,75,75,75,75,75,75,75,75,75,75,75,75,75,75,75,77,79,79,79,79,79,79,79,81,81],"card_choices":[{"not_picked":["Clash","Whirlwind"],"picked":"Cleave","floor":1.0},{"not_picked":["Perfected Strike","Iron Wave"],"picked":"Disarm","floor":5.0},{"not_picked":["Second Wind","Anger","Warcry"],"picked":"SKIP","floor":6.0},{"not_picked":["Dropkick","Heavy Blade","Blood for Blood"],"picked":"SKIP","floor":10.0},{"not_picked":["Power Through","Rupture"],"picked":"Offering","floor":11.0},{"not_picked":["Clash","Heavy Blade","Armaments"],"picked":"SKIP","floor":12.0},{"not_picked":["Pommel Strike","Headbutt"],"picked":"Shrug It Off","floor":13.0},{"not_picked":["Corruption","Immolate"],"picked":"Offering","floor":16.0},{"not_picked":["Blood for Blood","AT_IchimonjiDouble","Warcry"],"picked":"SKIP","floor":18.0},{"not_picked":["AT_DrawKnifeCut","True Grit"],"picked":"Rupture","floor":20.0},{"not_picked":["Headbutt","Pommel Strike","Shrug It Off"],"picked":"SKIP","floor":21.0},{"not_picked":["Fire Breathing+1","Dual Wield+1","Bludgeon"],"picked":"SKIP","floor":24.0},{"not_picked":["Warcry","Sword Boomerang"],"picked":"Flex","floor":27.0},{"not_picked":["Havoc","Sword Boomerang","Evolve"],"picked":"SKIP","floor":28.0},{"not_picked":["Sword Boomerang+1","Pommel Strike","Heavy Blade"],"picked":"SKIP","floor":29.0},{"not_picked":["Pommel Strike","Heavy Blade"],"picked":"Sword Boomerang+1","floor":29.0},{"not_picked":["True Grit+1","Heavy Blade"],"picked":"Seeing Red+1","floor":30.0},{"not_picked":["Seeing Red","Reckless Charge"],"picked":"Offering","floor":31.0},{"not_picked":["Barricade","Brutality"],"picked":"Reaper","floor":33},{"not_picked":["Uppercut","Thunderclap+1"],"picked":"AT_IchimonjiDouble+1","floor":35},{"not_picked":["Wild Strike","Clash","Combust"],"picked":"SKIP","floor":36},{"not_picked":["AT_IchimonjiDouble","Seeing Red"],"picked":"Warcry+1","floor":39},{"not_picked":["Power Through+1","Battle Trance+1","Twin Strike"],"picked":"SKIP","floor":40},{"not_picked":["Whirlwind","Pummel"],"picked":"Entrench+1","floor":42},{"not_picked":["Shrug It Off","Anger"],"picked":"AT_BodySlamDance","floor":44},{"not_picked":["Shockwave","Heavy Blade"],"picked":"Rupture+1","floor":46},{"not_picked":["Thunderclap","Metallicize","True Grit+1"],"picked":"Singing Bowl","floor":47},{"not_picked":["True Grit","Rampage","Impervious"],"picked":"Singing Bowl","floor":48},{"not_picked":["Headbutt","Iron Wave","True Grit+1"],"picked":"Singing Bowl","floor":55}],"player_experience":601616,"relics_obtained":[{"floor":6.0,"key":"Mercury Hourglass"},{"floor":9.0,"key":"Oddly Smooth Stone"},{"floor":10.0,"key":"Bird Faced Urn"},{"floor":12.0,"key":"Bag of Marbles"},{"floor":17.0,"key":"Regal Pillow"},{"floor":17.0,"key":"AT_SilvercatRing"},{"floor":17.0,"key":"Ice Cream"},{"floor":24.0,"key":"Self Forming Clay"},{"floor":27.0,"key":"Matryoshka"},{"floor":29.0,"key":"Ornamental Fan"},{"floor":40,"key":"Dream Catcher"},{"floor":42,"key":"Paper Frog"},{"floor":43,"key":"Singing Bowl"},{"floor":43,"key":"Bottled Tornado"},{"floor":44,"key":"Red Skull"},{"floor":55,"key":"Mummified Hand"}],"event_choices":[{"damage_healed":0.0,"max_hp_gain":0.0,"max_hp_loss":0.0,"gold_gain":0.0,"event_name":"Big Fish","player_choice":"Box","floor":2.0,"gold_loss":0.0,"damage_taken":0.0,"relics_obtained":["HornCleat"],"cards_obtained":["Regret"]},{"damage_healed":0.0,"max_hp_gain":0.0,"max_hp_loss":0.0,"gold_gain":0.0,"event_name":"Shining Light","player_choice":"Entered Light","floor":4.0,"gold_loss":0.0,"damage_taken":23.0,"cards_upgraded":["Strike_R","Strike_R"]},{"cards_removed":["Cleave"],"damage_healed":0,"gold_gain":0,"player_choice":"Removed Attack","damage_taken":0,"max_hp_gain":0,"max_hp_loss":0,"event_name":"Falling","floor":37,"gold_loss":0}],"is_beta":false,"boss_relics":[{"not_picked":["Fusion Hammer","Runic Pyramid"],"picked":"Calling Bell"},{"not_picked":["Busted Crown","SacredBark"],"picked":"AT_TrinityForce"}],"items_purged_floors":[3,7,14,19,22,45],"is_endless":false,"potions_floor_spawned":[10,11,13,16,27,29,30,33,35,36,42,44,47,48],"ascension_level":20}}