{"host":"fdn1l3zxrtmz275b","time":1610719237,"event":{"mods":["BaseMod","DeckTracker","GifTheSpireLib","Marisa????????","Minty Spire (QoL Compilation)","Replay The Spire","StSLib","The Cursed"],"gold_per_floor":[111,128,128,203,214,214,241,241,294,294,304,350,350,360,360,462,462,480,480,107,141,141,141,157,173,173,183,183,195,62,82,82,184,184,204,215,215,262,61,61,78,23,23,23,123,134,134,147,147,147],"floor_reached":51,"language":"RUS","playtime":2433,"items_purged":[],"score":596,"play_id":"618e9cb2-b108-4a37-b909-2887d7193bba","local_time":"20210115170037","is_ascension_mode":true,"campfire_choices":[{"data":"Dagger Throw","floor":6,"key":"SMITH"},{"floor":8,"key":"REST"},{"data":"Neutralize","floor":10,"key":"SMITH"},{"floor":13,"key":"REST"},{"floor":15,"key":"REST"},{"data":"Calculated Gamble","floor":23,"key":"SMITH"},{"data":"Finisher","floor":28,"key":"SMITH"},{"floor":32,"key":"REST"},{"data":"Eviscerate","floor":40,"key":"SMITH"},{"data":"Dash","floor":47,"key":"SMITH"},{"floor":49,"key":"REST"}],"circlet_count":0,"master_deck":["Strike_G+1","Strike_G+1","Strike_G+1","Strike_G+1","Strike_G+1","Defend_G+1","Defend_G+1","Defend_G+1","Defend_G+1","Defend_G+1","Survivor","Neutralize+1","Dagger Throw+1","Prepared","Eviscerate+1","ReplayTheSpireMod:The Works","Calculated Gamble+1","Dash+1","Adrenaline+1","Acrobatics+1","Underhanded Strike+1","Finisher+1","Sucker Punch+1","Blade Dance+1","Quick Slash","Quick Slash","Phantasmal Killer+1","Concentrate","Dodge and Roll+1","Underhanded Strike","Choke+1","Underhanded Strike+1","Endless Agony+1","Endless Agony+1","Envenom+1"],"relics":["Replay:Bronze Core","Unceasing Top","Replay:Towering Pillar of Hats","Toy Ornithopter","Golden Egg","Ring of Chaos","ReplayTheSpireMod:Ninjato","Red Mask","Tiny Chest","Replay:Bottled Eggs","Philosopher\u0027s Stone","Singing Bowl","Bird Faced Urn","TheAbacus","Ancient Tea Set"],"acts_visited":["Exordium","TheCity","TheBeyond"],"potions_floor_usage":[7,14,16,16,25,29,33,38,38,50],"damage_taken":[{"damage":2,"enemies":"Cultist","floor":1,"turns":6},{"damage":0,"enemies":"Small Slimes","floor":2,"turns":3},{"damage":0,"enemies":"2 Louse","floor":5,"turns":2},{"damage":32,"enemies":"Lagavulin","floor":7,"turns":7},{"damage":0,"enemies":"Blue Slaver","floor":11,"turns":3},{"damage":5,"enemies":"Large Slime","floor":14,"turns":4},{"damage":43,"enemies":"Slime Boss","floor":16,"turns":13},{"damage":0,"enemies":"Shell Parasite","floor":18,"turns":5},{"damage":12,"enemies":"Masked Bandits","floor":21,"turns":5},{"damage":0,"enemies":"Chosen","floor":24,"turns":3},{"damage":9,"enemies":"Centurion and Healer","floor":25,"turns":4},{"damage":15,"enemies":"Snake Plant","floor":27,"turns":3},{"damage":0,"enemies":"Shelled Parasite and Fungi","floor":29,"turns":2},{"damage":6,"enemies":"Cultist and Chosen","floor":31,"turns":4},{"damage":22,"enemies":"Collector","floor":33,"turns":4},{"damage":15,"enemies":"3 Darklings","floor":35,"turns":4},{"damage":0,"enemies":"Orb Walker","floor":36,"turns":2},{"damage":4,"enemies":"2 Orb Walkers","floor":38,"turns":3},{"damage":0,"enemies":"Writhing Mass","floor":41,"turns":3},{"damage":0,"enemies":"3 Darklings","floor":46,"turns":2},{"damage":0,"enemies":"Sphere and 2 Shapes","floor":48,"turns":3},{"damage":29,"enemies":"Awakened One","floor":50,"turns":5}],"seed_played":"-1215568940077886375","potions_obtained":[{"floor":1,"key":"SneckoOil"},{"floor":11,"key":"Explosive Potion"},{"floor":12,"key":"SpeedPotion"},{"floor":14,"key":"Reflective Coating"},{"floor":24,"key":"Regen Potion"},{"floor":25,"key":"Weak Potion"},{"floor":31,"key":"SteroidPotion"},{"floor":33,"key":"SteroidPotion"},{"floor":35,"key":"SteroidPotion"},{"floor":46,"key":"Explosive Potion"}],"is_trial":false,"path_per_floor":["M","M","T","?","M","R","E","R","T","R","M","?","R","M","R","B",null,"M","?","$","?","?","R","M","M","T","M","R","M","?","M","R","B",null,"M","M","T","?","$","R","M","$","T","?","?","M","R","M","R","B",null],"character_chosen":"THE_SILENT","items_purchased":["ReplayTheSpireMod:Ninjato","Caltrops","Underhanded Strike","Choke+1","TheAbacus","Endless Agony"],"campfire_rested":5,"item_purchase_floors":[20,20,20,39,39,42],"current_hp_per_floor":[68,68,68,57,57,57,25,46,46,46,46,18,39,39,60,27,70,70,70,70,58,58,58,58,64,64,49,49,54,54,48,69,52,70,55,55,55,61,61,61,63,63,63,63,63,65,65,65,72,48],"gold":147,"neow_bonus":"BOSS_RELIC","is_daily":false,"chose_seed":false,"campfire_upgraded":6,"win_rate":0.0,"timestamp":1610719237,"path_taken":["M","?","?","?","M","R","E","R","T","R","M","?","R","?","R","BOSS","M","?","$","?","?","R","M","M","T","M","R","?","?","M","R","BOSS","M","?","?","?","$","R","M","$","T","?","?","M","R","M","R","BOSS"],"items_purchased_type":["Relic","Card","Card","Card","Relic","Card"],"build_version":"2020-12-22","purchased_purges":0,"victory":true,"max_hp_per_floor":[70,70,70,70,70,70,70,70,70,70,70,70,70,70,70,70,70,70,70,70,70,70,70,70,70,70,70,70,70,70,70,70,70,70,70,70,70,70,70,70,70,70,70,70,70,72,72,72,72,72],"card_choices":[{"not_picked":["ReplayTheSpireMod:The Works","Hidden Blade"],"picked":"Dagger Throw","floor":1},{"not_picked":["Outmaneuver","Deadly Poison","Riddle With Holes"],"picked":"SKIP","floor":2},{"not_picked":["Blade Dance","Quick Slash"],"picked":"Prepared","floor":5},{"not_picked":["Masterful Stab","Accuracy"],"picked":"Eviscerate","floor":7},{"not_picked":["Dagger Throw","Draining Mist"],"picked":"ReplayTheSpireMod:The Works","floor":11},{"not_picked":["Dagger Throw","Poison Darts"],"picked":"Calculated Gamble","floor":12},{"not_picked":["Catalyst","Backflip"],"picked":"Dash","floor":14},{"not_picked":["Atom Bomb","Die Die Die"],"picked":"Adrenaline","floor":16},{"not_picked":["Bane","Sucker Punch"],"picked":"Acrobatics+1","floor":18},{"not_picked":["ReplayTheSpireMod:The Works+1","Dagger Spray"],"picked":"Finisher","floor":21},{"not_picked":["Dodge and Roll","Acrobatics"],"picked":"Sucker Punch+1","floor":24},{"not_picked":["Dagger Spray","ReplayTheSpireMod:Shiv Toss+1"],"picked":"Blade Dance+1","floor":25},{"not_picked":["Prepared","Blade Dance"],"picked":"Quick Slash","floor":27},{"not_picked":["Night Terror","Poisoned Stab","PiercingWail"],"picked":"SKIP","floor":29},{"not_picked":["PiercingWail","Bane+1"],"picked":"Quick Slash","floor":31},{"not_picked":["Adrenaline","Die Die Die"],"picked":"Phantasmal Killer","floor":33},{"not_picked":["ReplayTheSpireMod:The Works+1","Slice"],"picked":"Concentrate","floor":35},{"not_picked":["Flechettes","All Out Attack"],"picked":"Dodge and Roll+1","floor":36},{"not_picked":["Prepared+1","ReplayTheSpireMod:The Works+1"],"picked":"Underhanded Strike","floor":38},{"not_picked":["PiercingWail","Dodge and Roll"],"picked":"Underhanded Strike+1","floor":41},{"not_picked":["Acrobatics+1","Poisoned Stab","Sucker Punch+1"],"picked":"Singing Bowl","floor":46},{"not_picked":["Predator+1","Fluid Movement+1"],"picked":"Envenom","floor":48}],"player_experience":129810,"relics_obtained":[{"floor":3,"key":"Unceasing Top"},{"floor":7,"key":"Replay:Towering Pillar of Hats"},{"floor":9,"key":"Toy Ornithopter"},{"floor":12,"key":"Golden Egg"},{"floor":21,"key":"Red Mask"},{"floor":26,"key":"Tiny Chest"},{"floor":37,"key":"Singing Bowl"},{"floor":38,"key":"Bird Faced Urn"},{"floor":43,"key":"Ancient Tea Set"}],"event_choices":[{"damage_healed":0,"gold_gain":75,"player_choice":"Gather Gold","damage_taken":11,"max_hp_gain":0,"max_hp_loss":0,"event_name":"World of Goop","floor":4,"gold_loss":0},{"damage_healed":0,"gold_gain":0,"player_choice":"Simplicity","damage_taken":0,"max_hp_gain":0,"max_hp_loss":0,"event_name":"Back to Basics","floor":19,"gold_loss":0,"cards_upgraded":["Strike_G","Strike_G","Strike_G","Strike_G","Strike_G","Defend_G","Defend_G","Defend_G","Defend_G","Defend_G"]},{"damage_healed":0,"gold_gain":0,"player_choice":"Fought Bandits","damage_taken":0,"max_hp_gain":0,"max_hp_loss":0,"event_name":"Masked Bandits","floor":21,"gold_loss":0},{"damage_healed":0,"gold_gain":0,"player_choice":"Ignored","damage_taken":0,"max_hp_gain":0,"max_hp_loss":0,"event_name":"Ghosts","floor":22,"gold_loss":0},{"damage_healed":0,"gold_gain":0,"player_choice":"Paid Gold","damage_taken":0,"relics_obtained":["Replay:Bottled Eggs"],"max_hp_gain":0,"max_hp_loss":0,"event_name":"WeMeetAgain","floor":30,"gold_loss":133},{"damage_healed":0,"gold_gain":0,"player_choice":"Fight","damage_taken":0,"max_hp_gain":0,"max_hp_loss":0,"event_name":"Mysterious Sphere","floor":38,"gold_loss":0},{"cards_removed":["Caltrops"],"damage_healed":0,"gold_gain":0,"player_choice":"Removed Power","damage_taken":0,"max_hp_gain":0,"max_hp_loss":0,"event_name":"Falling","floor":44,"gold_loss":0},{"damage_healed":0,"gold_gain":100,"player_choice":"Pray","damage_taken":0,"max_hp_gain":0,"max_hp_loss":0,"event_name":"Golden Shrine","floor":45,"gold_loss":0}],"is_beta":false,"boss_relics":[{"not_picked":["Velvet Choker","Black Star"],"picked":"Ring of Chaos"},{"not_picked":["Runic Pyramid","Kintsugi"],"picked":"Philosopher\u0027s Stone"}],"items_purged_floors":[],"is_endless":false,"potions_floor_spawned":[1,11,14,24,25,31,33,35,46],"ascension_level":1}}