{"host":"q0qnzbgdx8oqogg9","time":1610690304,"event":{"mods":["BaseMod","Minty Spire (QoL Compilation)","Slay-I","StSLib"],"gold_per_floor":[118,137,137,152,7,33,51,51,121,145,158,158,158,175,175,274,274,288,363,2,18,36,36,48,48,48,61,90,90,107,120,120,120,120],"floor_reached":33,"language":"ENG","playtime":1298,"items_purged":["Strike_R"],"score":366,"play_id":"f18309c1-6fce-453c-bee4-d87e2908435d","local_time":"20210115005824","is_ascension_mode":true,"campfire_choices":[{"data":"Flame Barrier","floor":8,"key":"SMITH"},{"floor":13,"key":"REST"},{"data":"Shrug It Off","floor":15,"key":"SMITH"},{"floor":23,"key":"REST"},{"floor":25,"key":"REST"},{"data":"Fire Breathing","floor":29,"key":"SMITH"},{"data":"Shrug It Off","floor":32,"key":"SMITH"}],"circlet_count":0,"master_deck":["Strike_R","Strike_R","Defend_R","Defend_R","Bash","Ghostly Armor+1","Sword Boomerang+1","Entrench+1","Flame Barrier+1","Wild Strike","Combust","Burning Pact","Burning Pact","Shrug It Off+1","Juggernaut","Feel No Pain+1","Cleave+1","Shockwave","Evolve","Headbutt","Fire Breathing+1","Shrug It Off+1"],"relics":["Astrolabe","Bronze Scales","Charon\u0027s Ashes","Question Card","Odd Mushroom","Ornamental Fan","Mark of Pain","Thread and Needle","Meat on the Bone","Tiny Chest"],"acts_visited":["Exordium","TheCity"],"potions_floor_usage":[11,16,28],"damage_taken":[{"damage":0,"enemies":"2 Louse","floor":1,"turns":3},{"damage":11,"enemies":"Cultist","floor":2,"turns":4},{"damage":12,"enemies":"Small Slimes","floor":4,"turns":5},{"damage":19,"enemies":"Gremlin Nob","floor":6,"turns":4},{"damage":1,"enemies":"Looter","floor":7,"turns":3},{"damage":3,"enemies":"The Mushroom Lair","floor":10,"turns":3},{"damage":8,"enemies":"Exordium Thugs","floor":11,"turns":5},{"damage":6,"enemies":"Lots of Slimes","floor":14,"turns":3},{"damage":28,"enemies":"Slime Boss","floor":16,"turns":10},{"damage":9,"enemies":"Spheric Guardian","floor":18,"turns":6},{"damage":0,"enemies":"Chosen","floor":21,"turns":4},{"damage":43,"enemies":"Centurion and Healer","floor":22,"turns":7},{"damage":18,"enemies":"Snake Plant","floor":24,"turns":4},{"damage":0,"enemies":"Chosen and Byrds","floor":27,"turns":6},{"damage":26,"enemies":"Slavers","floor":28,"turns":5},{"damage":10,"enemies":"Cultist and Chosen","floor":30,"turns":4},{"damage":20,"enemies":"Centurion and Healer","floor":31,"turns":8},{"damage":39,"enemies":"Champ","floor":33,"turns":9}],"seed_played":"-5121754633900717744","potions_obtained":[{"floor":6,"key":"LiquidMemories"},{"floor":7,"key":"SkillPotion"},{"floor":18,"key":"Regen Potion"},{"floor":21,"key":"Fruit Juice"},{"floor":22,"key":"SpeedPotion"},{"floor":28,"key":"Explosive Potion"}],"is_trial":false,"path_per_floor":["M","M","?","M","$","E","M","R","T","?","M","T","R","M","R","B",null,"M","?","$","M","M","R","M","R","T","M","E","R","M","M","R","B"],"character_chosen":"IRONCLAD","items_purchased":["Bronze Scales","Thread and Needle"],"campfire_rested":3,"item_purchase_floors":[5,20],"current_hp_per_floor":[72,61,61,49,49,30,29,29,29,26,18,18,42,36,36,8,62,53,45,45,45,2,26,8,32,32,44,30,30,32,24,24,0,0],"gold":120,"neow_bonus":"BOSS_RELIC","is_daily":false,"chose_seed":false,"campfire_upgraded":4,"win_rate":0.0,"timestamp":1610690304,"path_taken":["M","M","?","M","?","E","M","R","T","?","M","?","R","M","R","BOSS","M","?","$","M","M","R","M","R","T","M","E","R","M","?","R","BOSS"],"items_purchased_type":["Relic","Relic"],"build_version":"2020-12-22","purchased_purges":1,"victory":false,"max_hp_per_floor":[80,80,80,80,80,80,80,80,80,80,80,80,80,80,80,80,80,80,80,80,80,80,80,80,80,80,80,80,80,80,80,80,80,80],"card_choices":[{"not_picked":["Perfected Strike","Clothesline"],"picked":"Flame Barrier","floor":1},{"not_picked":["Combust","Thunderclap"],"picked":"Wild Strike","floor":2},{"not_picked":["Perfected Strike","Fiend Fire"],"picked":"Combust","floor":4},{"not_picked":["Thunderclap","Sentinel"],"picked":"Burning Pact","floor":6},{"not_picked":["Iron Wave","Dropkick","Clothesline"],"picked":"SKIP","floor":7},{"not_picked":["Pommel Strike","Clash","Hemokinesis"],"picked":"Burning Pact","floor":10},{"not_picked":["Searing Blow","Bloodletting","Entrench"],"picked":"Shrug It Off","floor":11},{"not_picked":["Wild Strike","Cleave","Pummel","Clothesline"],"picked":"SKIP","floor":14},{"not_picked":["Bludgeon","Feed","Corruption"],"picked":"Juggernaut","floor":16},{"not_picked":["Havoc","Battle Trance","Wild Strike"],"picked":"Feel No Pain+1","floor":18},{"not_picked":["Combust","Dropkick","Clothesline+1"],"picked":"Cleave+1","floor":21},{"not_picked":["Whirlwind","Dropkick+1","Hemokinesis"],"picked":"Shockwave","floor":22},{"not_picked":["Cleave","Sword Boomerang","Inflame"],"picked":"Evolve","floor":24},{"not_picked":["Bludgeon","Wild Strike","Clothesline"],"picked":"Headbutt","floor":27},{"not_picked":["Iron Wave","Armaments","Ghostly Armor"],"picked":"Fire Breathing","floor":28},{"not_picked":["Shockwave","Thunderclap","Iron Wave"],"picked":"Shrug It Off","floor":30},{"not_picked":["Iron Wave","Thunderclap","Rage","Pommel Strike"],"picked":"SKIP","floor":31}],"player_experience":219126,"relics_obtained":[{"floor":6,"key":"Charon\u0027s Ashes"},{"floor":9,"key":"Question Card"},{"floor":10,"key":"Odd Mushroom"},{"floor":12,"key":"Ornamental Fan"},{"floor":26,"key":"Meat on the Bone"},{"floor":28,"key":"Tiny Chest"}],"event_choices":[{"cards_removed":["Strike_R"],"damage_healed":0,"gold_gain":0,"player_choice":"Offered Basic","damage_taken":0,"max_hp_gain":0,"max_hp_loss":0,"event_name":"Bonfire Elementals","floor":3,"gold_loss":0},{"damage_healed":0,"gold_gain":0,"player_choice":"Fought Mushrooms","damage_taken":0,"max_hp_gain":0,"max_hp_loss":0,"event_name":"Mushrooms","floor":10,"gold_loss":0},{"damage_healed":0,"gold_gain":75,"player_choice":"Touch","damage_taken":8,"max_hp_gain":0,"max_hp_loss":0,"event_name":"FaceTrader","floor":19,"gold_loss":0}],"is_beta":false,"boss_relics":[{"not_picked":["Runic Cube","Calling Bell"],"picked":"Mark of Pain"}],"items_purged_floors":[20],"is_endless":false,"potions_floor_spawned":[6,7,18,21,22,28,31],"killed_by":"Champ","ascension_level":7}}