{"host":"puf131q5awx2h4uh","time":1610737865,"event":{"mods":["BaseMod","Minty Spire (QoL Compilation)","Quick Restart","Shop Mod","StSLib"],"gold_per_floor":[19,19,19,35,54,54,93,93,118,118,142,142,142,158,158,248,248,271,271,294,294,318,318,331,331,331,107,128,128,28,75,75,174,174,192,192,40,65,81,81,99,22,22,22,22,22,22],"floor_reached":46,"language":"ZHS","playtime":3456,"items_purged":["Grand Finale","Strike_G"],"score":711,"play_id":"e939c248-e1d5-4403-97e4-e6181ad97b11","local_time":"20210116031105","is_ascension_mode":true,"campfire_choices":[{"data":"A Thousand Cuts","floor":6.0,"key":"SMITH"},{"data":"Neutralize","floor":8.0,"key":"SMITH"},{"data":"Cloak And Dagger","floor":10.0,"key":"SMITH"},{"data":"Backstab","floor":12.0,"key":"SMITH"},{"floor":15.0,"key":"REST"},{"data":"Blade Dance","floor":23,"key":"SMITH"},{"data":"Finisher","floor":29,"key":"SMITH"},{"floor":32,"key":"REST"},{"data":"Bandage Up","floor":40,"key":"SMITH"},{"data":"Footwork","floor":44,"key":"SMITH"}],"circlet_count":0,"master_deck":["AscendersBane","Defend_G","Defend_G","Defend_G","Survivor","Neutralize+1","A Thousand Cuts+1","Cloak And Dagger+1","Backstab+1","Die Die Die+1","Blade Dance+1","Tactician","Bandage Up+1","Finisher+1","Doppelganger+1","Predator+1","Hologram+1","Conserve Battery","Footwork+1"],"relics":["Ring of the Snake","Golden Idol","Boot","Black Star","Bottled Lightning","ClockworkSouvenir","Juzu Bracelet","Astrolabe","PrismaticShard","White Beast Statue"],"acts_visited":["Exordium","TheCity","TheBeyond"],"potions_floor_usage":[22,28,33,39,46],"damage_taken":[{"damage":7.0,"enemies":"2 Louse","floor":1.0,"turns":4.0},{"damage":1.0,"enemies":"Jaw Worm","floor":4.0,"turns":6.0},{"damage":6.0,"enemies":"Cultist","floor":5.0,"turns":4.0},{"damage":14.0,"enemies":"3 Sentries","floor":7.0,"turns":4.0},{"damage":0.0,"enemies":"Exordium Wildlife","floor":11.0,"turns":2.0},{"damage":4.0,"enemies":"Blue Slaver","floor":14.0,"turns":3.0},{"damage":27.0,"enemies":"Slime Boss","floor":16.0,"turns":8.0},{"damage":3.0,"enemies":"Spheric Guardian","floor":18.0,"turns":3.0},{"damage":7.0,"enemies":"Chosen","floor":20.0,"turns":4.0},{"damage":0,"enemies":"Centurion and Healer","floor":22,"turns":5},{"damage":26,"enemies":"Snake Plant","floor":24,"turns":4},{"damage":0,"enemies":"3 Cultists","floor":28,"turns":2},{"damage":48,"enemies":"Collector","floor":33,"turns":9},{"damage":27,"enemies":"3 Darklings","floor":35,"turns":4},{"damage":11,"enemies":"Orb Walker","floor":38,"turns":3},{"damage":2,"enemies":"Jaw Worm Horde","floor":39,"turns":2},{"damage":0,"enemies":"4 Shapes","floor":41,"turns":3},{"damage":89,"enemies":"Giant Head","floor":46,"turns":9}],"seed_played":"3298417875690149344","potions_obtained":[{"floor":5.0,"key":"EntropicBrew"},{"floor":14.0,"key":"EssenceOfSteel"},{"floor":16.0,"key":"AttackPotion"},{"floor":20.0,"key":"Explosive Potion"},{"floor":24,"key":"SteroidPotion"},{"floor":28,"key":"FearPotion"},{"floor":35,"key":"LiquidMemories"},{"floor":38,"key":"Explosive Potion"},{"floor":39,"key":"Dexterity Potion"}],"is_trial":false,"path_per_floor":["M","$","?","M","M","R","E","R","T","R","M","R","?","M","R","B",null,"M","?","M","?","M","R","M","?","T","$","M","R","$","T","R","B",null,"M","?","$","M","M","R","M","$","T","R","$","E"],"character_chosen":"THE_SILENT","items_purchased":["ClockworkSouvenir","PrismaticShard","Footwork"],"campfire_rested":2,"item_purchase_floors":[27,37,42],"current_hp_per_floor":[52,52,36,35,29,29,15,15,15,15,15,15,15,11,30,3,50,47,47,40,40,44,44,22,22,22,22,26,26,26,26,45,1,50,27,76,76,65,67,67,73,73,73,73,73,0,0],"gold":22,"neow_bonus":"THREE_RARE_CARDS","is_daily":false,"chose_seed":false,"campfire_upgraded":8,"win_rate":0.0,"timestamp":1610737865,"path_taken":["M","$","?","M","M","R","E","R","T","R","M","R","?","?","R","BOSS","M","?","M","?","?","R","M","?","T","$","M","R","?","?","R","BOSS","M","?","$","M","M","R","M","$","T","R","?","E"],"items_purchased_type":["Relic","Relic","Card"],"build_version":"2020-12-22","purchased_purges":2,"victory":false,"max_hp_per_floor":[66,66,66,66,66,66,66,66,66,66,66,66,66,66,66,66,66,66,66,66,66,66,66,66,66,66,66,66,66,66,66,66,66,66,66,76,76,76,76,76,76,76,76,76,76,76,76],"card_choices":[{"not_picked":["Unload","Tools of the Trade"],"picked":"A Thousand Cuts","floor":0.0},{"not_picked":["Slice","Concentrate"],"picked":"Cloak And Dagger","floor":1.0},{"not_picked":["Well Laid Plans","Sucker Punch","Dash"],"picked":"SKIP","floor":4.0},{"not_picked":["Leg Sweep","Heel Hook","Outmaneuver"],"picked":"SKIP","floor":5.0},{"not_picked":["Dagger Throw","Outmaneuver","Deadly Poison"],"picked":"SKIP","floor":7.0},{"not_picked":["Dodge and Roll","Poisoned Stab"],"picked":"Backstab","floor":11.0},{"not_picked":["Bane","Reflex","Die Die Die"],"picked":"SKIP","floor":14.0},{"not_picked":["Bane","Reflex"],"picked":"Die Die Die","floor":14.0},{"not_picked":["Deadly Poison","Deflect+1"],"picked":"Blade Dance","floor":18.0},{"not_picked":["Deflect","Flying Knee","Cloak And Dagger"],"picked":"SKIP","floor":20.0},{"not_picked":["Outmaneuver","Catalyst","Concentrate"],"picked":"SKIP","floor":22},{"not_picked":["Escape Plan+1","Heel Hook+1"],"picked":"Finisher","floor":24},{"not_picked":["PiercingWail","Dodge and Roll","Dagger Throw"],"picked":"SKIP","floor":28},{"not_picked":["Bane","Tactician","Underhanded Strike+1"],"picked":"SKIP","floor":35},{"not_picked":["Redo+1","Poisoned Stab","Nirvana+1"],"picked":"SKIP","floor":38},{"not_picked":["Stack","Rebound"],"picked":"Hologram+1","floor":39},{"not_picked":["Masterful Stab","ClearTheMind"],"picked":"Conserve Battery","floor":41}],"player_experience":317738,"relics_obtained":[{"floor":7.0,"key":"Boot"},{"floor":26,"key":"Bottled Lightning"},{"floor":31,"key":"Juzu Bracelet"},{"floor":43,"key":"White Beast Statue"}],"event_choices":[{"damage_healed":0.0,"max_hp_gain":0.0,"max_hp_loss":0.0,"gold_gain":0.0,"event_name":"Golden Idol","player_choice":"Take Damage","floor":3.0,"gold_loss":0.0,"damage_taken":16.0,"relics_obtained":["Golden Idol"]},{"cards_removed":["Strike_G"],"damage_healed":0.0,"max_hp_gain":0.0,"max_hp_loss":0.0,"gold_gain":0.0,"event_name":"Purifier","player_choice":"Purged","floor":13.0,"gold_loss":0.0,"damage_taken":0.0},{"damage_healed":0.0,"max_hp_gain":0.0,"max_hp_loss":0.0,"gold_gain":0.0,"cards_transformed":["Strike_G","Strike_G"],"event_name":"Drug Dealer","player_choice":"Became Test Subject","floor":19.0,"gold_loss":0.0,"damage_taken":0.0,"cards_obtained":["Tactician","Grand Finale"]},{"damage_healed":0,"gold_gain":0,"player_choice":"1 cards matched","damage_taken":0,"max_hp_gain":0,"max_hp_loss":0,"event_name":"Match and Keep!","floor":21,"gold_loss":0,"cards_obtained":["Bandage Up"]},{"damage_healed":0,"gold_gain":0,"player_choice":"Forge","damage_taken":0,"max_hp_gain":0,"max_hp_loss":0,"event_name":"Accursed Blacksmith","floor":25,"gold_loss":0,"cards_upgraded":["Die Die Die"]},{"cards_removed":["Doppelganger"],"damage_healed":39,"gold_gain":0,"player_choice":"Offered Rare","damage_taken":0,"max_hp_gain":10,"max_hp_loss":0,"event_name":"Bonfire Elementals","floor":36,"gold_loss":0}],"is_beta":false,"boss_relics":[{"not_picked":["Velvet Choker","Fusion Hammer"],"picked":"Black Star"},{"not_picked":["SlaversCollar","Coffee Dripper"],"picked":"Astrolabe"}],"items_purged_floors":[27,30],"is_endless":false,"potions_floor_spawned":[5,14,16,20,24,28,35,38,39],"killed_by":"Giant Head","ascension_level":14}}