{"host":"08z5bj28eube4vug","time":1610686806,"event":{"mods":["2.2 Compatiblity","Abigail Mod","Act Like it!","BaseMod","Beaked The Cultist","Bestiary","Friendly Minions","Gensokyo","GungeonMod","Hallownest","Kiyohime????","Koishi","Lobotomy","Marisa????????","Minty Spire (QoL Compilation)","Prisma Mod","Remilia??????","Replay The Spire","StSLib","Td1madao Mod","The Alterego","The Bug Knight","The Jungle","The Sage","The Senshi","The Servant 0.9.4","Waifu the Spire","WarShipGirlsR/????R mod","Yuri Mod"],"gold_per_floor":[216,227,227,186,186,186,206,206,258,2,2,2,25,25,25],"floor_reached":14,"language":"ENG","playtime":638,"items_purged":[],"score":105,"play_id":"2a3c7f57-6798-4c86-9231-fa2f9162941a","local_time":"20210115080005","is_ascension_mode":true,"campfire_choices":[{"data":"AbbyMod:SuperMuscular","floor":6,"key":"SMITH"}],"circlet_count":0,"master_deck":["AbbyMod:Ab_Strike","AbbyMod:Ab_Strike","AbbyMod:Ab_Strike","AbbyMod:Ab_Strike","AbbyMod:Ab_Defend","AbbyMod:Ab_Defend","AbbyMod:Ab_Defend","AbbyMod:FleetingSanity","AbbyMod:ForeheadBeam","AbbyMod:SuperMuscular+1","AbbyMod:DemonPancake","Pain","AbbyMod:ImpossibleGeometry","AbbyMod:Kuroboshi","AbbyMod:LossOfSanity","AbbyMod:TentacleSwarm","sagemod:Ambition","AbbyMod:PrayerOfFaith+1","AbbyMod:ChocoKey"],"relics":["AbbyMod:Salem_Diary","PrismaticShard","Golden Idol","Ancient Tea Set","Happy Flower"],"acts_visited":["Exordium"],"potions_floor_usage":[7,14],"damage_taken":[{"damage":6,"enemies":"Cultist","floor":1,"turns":3},{"damage":10,"enemies":"Small Slimes","floor":2,"turns":3},{"damage":10,"enemies":"2 Louse","floor":7,"turns":3},{"damage":26,"enemies":"Gremlin Gang","floor":13,"turns":7},{"damage":8,"enemies":"Replay:BlueRogue","floor":14,"turns":3}],"seed_played":"-6517063432991243321","potions_obtained":[{"floor":2,"key":"AttackPotion"},{"floor":13,"key":"Elixir"}],"is_trial":false,"path_per_floor":["M","M","?","?","?","R","M","?","T","$","?","$","M","E"],"character_chosen":"Ab_Foreigner","items_purchased":["AbbyMod:PrayerOfFaith+1","Happy Flower","AbbyMod:ChocoKey"],"campfire_rested":0,"item_purchase_floors":[10,10,10],"current_hp_per_floor":[48,38,38,38,38,38,28,28,28,28,28,28,6,0,0],"gold":25,"neow_bonus":"HUNDRED_GOLD","is_daily":false,"chose_seed":false,"campfire_upgraded":1,"win_rate":0.0,"timestamp":1610686805,"path_taken":["M","?","?","?","?","R","M","?","T","$","?","?","M","E"],"items_purchased_type":["Card","Relic","Card"],"build_version":"2020-12-22","purchased_purges":0,"victory":false,"max_hp_per_floor":[60,60,60,60,60,60,60,56,56,56,56,56,60,60,60],"card_choices":[{"not_picked":["AbbyMod:TentacleSwarm","AbbyMod:TeddyBear"],"picked":"AbbyMod:SuperMuscular","floor":1},{"not_picked":["AbbyMod:ChocoKey","AbbyMod:Kuroboshi"],"picked":"AbbyMod:DemonPancake","floor":2},{"not_picked":["theSenshi:SailorChibiMoonAssists","KiyohimeMod:Berserker"],"picked":"sagemod:Ambition","floor":7},{"not_picked":["KiyohimeMod:CommandCard_Arts","theSenshi:SaturnsMystery","PrismaMod:IllyaMinorRapidFire"],"picked":"SKIP","floor":13}],"player_experience":789928,"relics_obtained":[{"floor":9,"key":"Ancient Tea Set"}],"event_choices":[{"damage_healed":0,"gold_gain":0,"player_choice":"Left Gold","damage_taken":0,"max_hp_gain":0,"max_hp_loss":0,"event_name":"World of Goop","floor":4,"gold_loss":41},{"damage_healed":0,"gold_gain":0,"player_choice":"Lose Max HP","damage_taken":0,"relics_obtained":["Golden Idol"],"max_hp_gain":0,"max_hp_loss":4,"event_name":"Golden Idol","floor":8,"gold_loss":0}],"is_beta":false,"boss_relics":[],"items_purged_floors":[],"is_endless":false,"potions_floor_spawned":[2,13],"killed_by":"Replay:BlueRogue","ascension_level":7}}