{"host":"684z1xpuwaoqmmh1","time":1610736094,"event":{"mods":["Bard","BaseMod","Downfall","Hermit","Jorbs\u0027s Wanderer Trilogy","Marisa????????","Minty Spire (QoL Compilation)","Robot Space Explorer","Shade Mod","StSLib","The Bug Knight","The Cursed","The Hayseed","The Hierophant","The Marked","The Mystic","The Runesmith","The Senshi","The Spell Scribe"],"gold_per_floor":[112,129,148,163,163,163,163,194,194,214,247,247,283,297,297,425,425,439,439,349,364,378,413,216,232,232,267,267,217,241,254,254,382,382,407,431,300,633,633,661,661,686,737,768,768,786,802,834,834,834,834,834,389,414,414,414],"floor_reached":55,"language":"ENG","playtime":2584,"items_purged":["Pain","RobotSpaceExplorer:Strike","RobotSpaceExplorer:Strike","RobotSpaceExplorer:Strike","RobotSpaceExplorer:Strike"],"score":1362,"play_id":"d88cf230-bf6a-4fe8-8d23-cc5817dac39f","local_time":"20210115204134","is_ascension_mode":true,"campfire_choices":[{"data":"RobotSpaceExplorer:Asteroid","floor":6,"key":"SMITH"},{"data":"RobotSpaceExplorer:Fix","floor":12,"key":"SMITH"},{"data":"RobotSpaceExplorer:ToxicBomb","floor":15,"key":"SMITH"},{"data":"RobotSpaceExplorer:Scanner","floor":28,"key":"SMITH"},{"data":"RobotSpaceExplorer:ExhaustFan","floor":32,"key":"SMITH"},{"floor":41,"key":"RECALL"},{"data":"RobotSpaceExplorer:ChargingLaser","floor":45,"key":"SMITH"},{"data":"RobotSpaceExplorer:Reload","floor":49,"key":"SMITH"},{"data":"RobotSpaceExplorer:DualCore","floor":52,"key":"SMITH"}],"circlet_count":0,"master_deck":["RobotSpaceExplorer:Defend","RobotSpaceExplorer:Defend","RobotSpaceExplorer:Defend","RobotSpaceExplorer:Scan","RobotSpaceExplorer:MiniLasers+1","RobotSpaceExplorer:Fix+1","RobotSpaceExplorer:SurgingStrike","RobotSpaceExplorer:Asteroid+1","RobotSpaceExplorer:Scanner+1","RobotSpaceExplorer:MiniDrones","RobotSpaceExplorer:StarLightning","RobotSpaceExplorer:ToxicBomb+1","RobotSpaceExplorer:ChargingLaser+1","RobotSpaceExplorer:StarLightning","RobotSpaceExplorer:MiniDrones","RobotSpaceExplorer:ScrapMissile","RobotSpaceExplorer:ScrapShield+1","RobotSpaceExplorer:Reload+1","RobotSpaceExplorer:DroneSwarm","RobotSpaceExplorer:ExhaustFan+1","RobotSpaceExplorer:Arsenal","RobotSpaceExplorer:Ammunition+1","RobotSpaceExplorer:DualCore+1","RobotSpaceExplorer:FreezeRay+1","RobotSpaceExplorer:RigExplosive+1","RobotSpaceExplorer:PlasmaMissile+1","RobotSpaceExplorer:MiniDrones","RobotSpaceExplorer:Ammunition","RobotSpaceExplorer:MiniDrones"],"relics":["RobotSpaceExplorer:RoboCore","WarpedTongs","Boot","Sundial","StoneCalendar","Smiling Mask","Philosopher\u0027s Stone","HollowMod:LifeEnderRelic","Omamori","Guardian:PocketSentry","RobotSpaceExplorer:BottledGravity","RobotSpaceExplorer:ToughPlating","Busted Crown","theSenshi:SailorFukuRelic","Art of War","Bag of Marbles","MealTicket","Membership Card","RobotSpaceExplorer:FoglandsKnife","Letter Opener","TungstenRod"],"acts_visited":["Exordium","TheCity","TheBeyond","TheEnding"],"potions_floor_usage":[8,13,21,27,30,48,48,54,54,55,55,55],"damage_taken":[{"damage":7,"enemies":"Jaw Worm","floor":1,"turns":3},{"damage":0,"enemies":"Small Slimes","floor":2,"turns":4},{"damage":1,"enemies":"Cultist","floor":3,"turns":3},{"damage":4,"enemies":"Red Slaver","floor":4,"turns":4},{"damage":5,"enemies":"HollowMod:MossKnight","floor":8,"turns":8},{"damage":1,"enemies":"Looter","floor":10,"turns":2},{"damage":19,"enemies":"Lagavulin","floor":11,"turns":7},{"damage":11,"enemies":"Gremlin Nob","floor":13,"turns":3},{"damage":4,"enemies":"2 Fungi Beasts","floor":14,"turns":2},{"damage":17,"enemies":"Slime Boss","floor":16,"turns":6},{"damage":2,"enemies":"Chosen","floor":18,"turns":4},{"damage":1,"enemies":"Shell Parasite","floor":21,"turns":4},{"damage":9,"enemies":"Snake Plant","floor":22,"turns":3},{"damage":6,"enemies":"HollowMod:Nosk","floor":23,"turns":5},{"damage":0,"enemies":"Shelled Parasite and Fungi","floor":25,"turns":4},{"damage":1,"enemies":"Book of Stabbing","floor":27,"turns":3},{"damage":0,"enemies":"Centurion and Healer","floor":30,"turns":4},{"damage":3,"enemies":"Snecko","floor":31,"turns":3},{"damage":0,"enemies":"Champ","floor":33,"turns":7},{"damage":4,"enemies":"Orb Walker","floor":35,"turns":2},{"damage":16,"enemies":"3 Darklings","floor":36,"turns":4},{"damage":0,"enemies":"Nemesis","floor":40,"turns":5},{"damage":0,"enemies":"HollowMod:StalkingDevout","floor":42,"turns":5},{"damage":0,"enemies":"Nemesis","floor":44,"turns":4},{"damage":8,"enemies":"Spire Growth","floor":46,"turns":4},{"damage":0,"enemies":"Maw","floor":47,"turns":6},{"damage":0,"enemies":"Giant Head","floor":48,"turns":6},{"damage":27,"enemies":"Awakened One","floor":50,"turns":11},{"damage":38,"enemies":"Shield and Spear","floor":54,"turns":5},{"damage":50,"enemies":"The Heart","floor":55,"turns":5}],"seed_played":"2682884046923056666","potions_obtained":[{"floor":2,"key":"SkillPotion"},{"floor":4,"key":"Fruit Juice"},{"floor":11,"key":"GamblersBrew"},{"floor":14,"key":"LiquidMemories"},{"floor":16,"key":"CultistPotion"},{"floor":21,"key":"PowerPotion"},{"floor":27,"key":"sneckomod:MuddlingPotion"},{"floor":30,"key":"Dexterity Potion"},{"floor":54,"key":"Fruit Juice"}],"is_trial":false,"path_per_floor":["M","M","M","M","?","R","?","E","T","M","E","R","E","M","R","B",null,"M","T","$","M","M","E","$","M","T","E","R","$","M","M","R","B",null,"M","M","$","?","?","E","R","E","T","E","R","M","M","E","R","B",null,"R","$","E","B"],"character_chosen":"RobotSpaceExplorer","items_purchased":["RobotSpaceExplorer:StarLightning","Guardian:PocketSentry","RobotSpaceExplorer:DualCore","Membership Card","RobotSpaceExplorer:FoglandsKnife","Letter Opener","RobotSpaceExplorer:MiniDrones","RobotSpaceExplorer:Ammunition"],"campfire_rested":0,"item_purchase_floors":[20,24,37,53,53,53,53,53],"current_hp_per_floor":[61,65,68,68,68,68,68,65,65,69,50,50,45,47,47,36,61,65,65,65,68,65,65,65,69,69,68,68,68,74,74,74,74,74,70,58,58,58,58,64,64,70,70,74,74,72,74,74,74,53,69,69,74,47,0,0],"gold":414,"neow_bonus":"UPGRADE_CARD","is_daily":false,"chose_seed":false,"campfire_upgraded":8,"win_rate":0.0,"timestamp":1610736094,"path_taken":["M","M","M","M","?","R","?","E","T","M","E","R","E","?","R","BOSS","M","?","$","M","M","E","$","M","T","E","R","$","M","M","R","BOSS","M","M","$","?","?","E","R","E","T","E","R","M","M","E","R","BOSS","R","$","E","BOSS"],"items_purchased_type":["Card","Relic","Card","Relic","Relic","Relic","Card","Card"],"build_version":"2020-12-22","purchased_purges":5,"victory":false,"max_hp_per_floor":[75,75,75,75,69,69,69,69,69,69,69,69,69,69,69,69,69,69,69,69,69,69,69,69,69,69,69,69,69,74,74,74,74,74,74,74,74,74,74,74,74,74,74,74,74,74,74,74,74,74,74,74,74,79,79,79],"card_choices":[{"not_picked":["RobotSpaceExplorer:SurgingStrike","RobotSpaceExplorer:FranticSearch"],"picked":"RobotSpaceExplorer:Fix","floor":1},{"not_picked":["RobotSpaceExplorer:FranticSearch","RobotSpaceExplorer:SlimeMissile"],"picked":"RobotSpaceExplorer:SurgingStrike","floor":2},{"not_picked":["RobotSpaceExplorer:MetalStrike","RobotSpaceExplorer:FranticSearch"],"picked":"RobotSpaceExplorer:Asteroid","floor":3},{"not_picked":["RobotSpaceExplorer:ShockKick","RobotSpaceExplorer:MetalStrike","RobotSpaceExplorer:SwiftStep"],"picked":"SKIP","floor":4},{"not_picked":["RobotSpaceExplorer:Pulsar","RobotSpaceExplorer:DoubleFind"],"picked":"RobotSpaceExplorer:Scanner","floor":8},{"not_picked":["RobotSpaceExplorer:Blitz","RobotSpaceExplorer:MetalStrike"],"picked":"RobotSpaceExplorer:MiniDrones","floor":10},{"not_picked":["RobotSpaceExplorer:SurgingStrike","RobotSpaceExplorer:DoubleBlock","RobotSpaceExplorer:GlueShot"],"picked":"SKIP","floor":11},{"not_picked":["RobotSpaceExplorer:Pulsar","RobotSpaceExplorer:SurgingStrike"],"picked":"RobotSpaceExplorer:StarLightning","floor":13},{"not_picked":["RobotSpaceExplorer:Jetpack","RobotSpaceExplorer:SurgingShield"],"picked":"RobotSpaceExplorer:ToxicBomb","floor":14},{"not_picked":["RobotSpaceExplorer:Comet","RobotSpaceExplorer:BlastShield"],"picked":"RobotSpaceExplorer:ChargingLaser","floor":16},{"not_picked":["RobotSpaceExplorer:StunGrenade","RobotSpaceExplorer:Electropulse","RobotSpaceExplorer:SlimeMissile+1"],"picked":"SKIP","floor":18},{"not_picked":["RobotSpaceExplorer:Pulsar","RobotSpaceExplorer:MetalStrike"],"picked":"RobotSpaceExplorer:MiniDrones","floor":21},{"not_picked":["RobotSpaceExplorer:MetalStrike","RobotSpaceExplorer:ImprovisedAttack+1"],"picked":"RobotSpaceExplorer:ScrapMissile","floor":22},{"not_picked":["RobotSpaceExplorer:StunGrenade","RobotSpaceExplorer:MetalStrike+1"],"picked":"RobotSpaceExplorer:ScrapShield+1","floor":23},{"not_picked":["RobotSpaceExplorer:ShovelStrike","RobotSpaceExplorer:StunGrenade"],"picked":"RobotSpaceExplorer:Reload","floor":25},{"not_picked":["RobotSpaceExplorer:Calculate","RobotSpaceExplorer:TurboDodge"],"picked":"RobotSpaceExplorer:DroneSwarm","floor":27},{"not_picked":["RobotSpaceExplorer:IronShell","RobotSpaceExplorer:GlueShot","RobotSpaceExplorer:SelfCleaning+1"],"picked":"SKIP","floor":30},{"not_picked":["RobotSpaceExplorer:SurgingStrike","RobotSpaceExplorer:FrostMissile"],"picked":"RobotSpaceExplorer:ExhaustFan","floor":31},{"not_picked":["RobotSpaceExplorer:Explosion","RobotSpaceExplorer:Comet"],"picked":"RobotSpaceExplorer:Arsenal","floor":33},{"not_picked":[],"picked":"RobotSpaceExplorer:Ammunition+1","floor":35},{"not_picked":["RobotSpaceExplorer:Smokescreen+1"],"picked":"SKIP","floor":36},{"not_picked":["RobotSpaceExplorer:Reload"],"picked":"SKIP","floor":40},{"not_picked":["RobotSpaceExplorer:BigMissile"],"picked":"SKIP","floor":42},{"not_picked":[],"picked":"RobotSpaceExplorer:FreezeRay+1","floor":44},{"not_picked":["RobotSpaceExplorer:BigMissile+1"],"picked":"SKIP","floor":46},{"not_picked":[],"picked":"RobotSpaceExplorer:RigExplosive+1","floor":47},{"not_picked":[],"picked":"RobotSpaceExplorer:PlasmaMissile+1","floor":48},{"not_picked":[],"picked":"RobotSpaceExplorer:MiniDrones","floor":54}],"player_experience":2828518,"relics_obtained":[{"floor":8,"key":"Boot"},{"floor":9,"key":"Sundial"},{"floor":11,"key":"StoneCalendar"},{"floor":13,"key":"Smiling Mask"},{"floor":19,"key":"HollowMod:LifeEnderRelic"},{"floor":23,"key":"Omamori"},{"floor":26,"key":"RobotSpaceExplorer:BottledGravity"},{"floor":27,"key":"RobotSpaceExplorer:ToughPlating"},{"floor":40,"key":"theSenshi:SailorFukuRelic"},{"floor":42,"key":"Art of War"},{"floor":44,"key":"Bag of Marbles"},{"floor":48,"key":"MealTicket"},{"floor":54,"key":"TungstenRod"}],"event_choices":[{"damage_healed":0,"gold_gain":0,"player_choice":"Lose Max HP","damage_taken":0,"relics_obtained":["Golden Idol"],"max_hp_gain":0,"max_hp_loss":6,"event_name":"Golden Idol","floor":5,"gold_loss":0},{"damage_healed":0,"gold_gain":0,"player_choice":"Rummage","damage_taken":0,"relics_obtained":["WarpedTongs"],"max_hp_gain":0,"max_hp_loss":0,"event_name":"Accursed Blacksmith","floor":7,"gold_loss":0,"cards_obtained":["Pain"]},{"damage_healed":0,"gold_gain":333,"player_choice":"Gave Idol","damage_taken":0,"max_hp_gain":0,"max_hp_loss":0,"event_name":"The Moai Head","floor":38,"relics_lost":["Golden Idol"],"gold_loss":0},{"cards_removed":["RobotSpaceExplorer:Defend"],"damage_healed":0,"gold_gain":0,"player_choice":"Removed Skill","damage_taken":0,"max_hp_gain":0,"max_hp_loss":0,"event_name":"Falling","floor":39,"gold_loss":0}],"is_beta":false,"boss_relics":[{"not_picked":["RobotSpaceExplorer:Reprocessor","Snecko Eye"],"picked":"Philosopher\u0027s Stone"},{"not_picked":["SacredBark","Runic Pyramid"],"picked":"Busted Crown"}],"items_purged_floors":[20,24,29,37,53],"is_endless":false,"potions_floor_spawned":[2,4,11,14,16,21,27,30,33,35,47,54],"killed_by":"The Heart","ascension_level":7}}