{"host":"u6jirsjme6gm26s9","time":1610675211,"event":{"mods":["BaseMod","Downfall","GifTheSpireLib","Minty Spire (QoL Compilation)","StSLib","The Servant 0.9.4"],"gold_per_floor":[118,118,131,141,154,154,184,140,140,165,165,165,191,210,210,308,308,318,318,318,318,330,362,376,376,376,376,376],"floor_reached":27,"language":"ENG","playtime":701,"items_purged":[],"score":279,"play_id":"4a434a0d-11d8-4ce0-9568-5d4c3b10f87a","local_time":"20210114194651","is_ascension_mode":true,"campfire_choices":[{"floor":6,"key":"REST"},{"floor":11,"key":"REST"},{"floor":15,"key":"REST"},{"floor":25,"key":"REST"}],"circlet_count":0,"master_deck":["Strike_B","Strike_B","Strike_B","Defend_B","Defend_B","Defend_B","Defend_B","Zap","Dualcast","Gash","Ball Lightning","Redo","Storm","Defragment+1","Buffer","Gash","All For One","Beam Cell","Gash","Capacitor","Double Energy"],"relics":["Cracked Core","Tiny Chest","Sundial","Kunai","PreservedInsect","Boot","Sozu","Torii","MealTicket","Bag of Preparation"],"acts_visited":["Exordium","TheCity"],"potions_floor_usage":[7,16],"damage_taken":[{"damage":2,"enemies":"2 Louse","floor":1,"turns":2},{"damage":6,"enemies":"Cultist","floor":3,"turns":4},{"damage":5,"enemies":"Small Slimes","floor":4,"turns":3},{"damage":14,"enemies":"3 Louse","floor":5,"turns":3},{"damage":31,"enemies":"Lagavulin","floor":7,"turns":5},{"damage":0,"enemies":"Gremlin Nob","floor":13,"turns":2},{"damage":16,"enemies":"Exordium Wildlife","floor":14,"turns":4},{"damage":16,"enemies":"Slime Boss","floor":16,"turns":7},{"damage":0,"enemies":"Spheric Guardian","floor":18,"turns":3},{"damage":9,"enemies":"3 Byrds","floor":22,"turns":4},{"damage":27,"enemies":"Book of Stabbing","floor":23,"turns":4},{"damage":14,"enemies":"Snake Plant","floor":24,"turns":3},{"damage":36,"enemies":"Slavers","floor":27,"turns":2}],"seed_played":"-7294213406269425095","potions_obtained":[{"floor":4,"key":"FocusPotion"},{"floor":7,"key":"champ:CounterPotion"},{"floor":14,"key":"Ancient Potion"}],"is_trial":false,"path_per_floor":["M","?","M","M","M","R","E","?","T","T","R","?","E","M","R","B",null,"M","?","T","T","M","E","M","R","T","E"],"character_chosen":"DEFECT","items_purchased":[],"campfire_rested":4,"item_purchase_floors":[],"current_hp_per_floor":[73,73,67,62,48,70,39,39,39,39,61,61,61,45,67,51,75,75,61,61,61,52,25,11,35,35,0,0],"gold":376,"neow_bonus":"RANDOM_COMMON_RELIC","is_daily":false,"chose_seed":false,"campfire_upgraded":0,"win_rate":0.0,"timestamp":1610675211,"path_taken":["M","?","M","?","M","R","E","?","T","?","R","?","E","M","R","BOSS","M","?","?","?","M","E","?","R","T","E"],"items_purchased_type":[],"build_version":"2020-12-22","purchased_purges":0,"victory":false,"max_hp_per_floor":[75,75,75,75,75,75,75,75,75,75,75,75,75,75,75,75,75,75,80,80,80,80,80,80,80,80,80,80],"card_choices":[{"not_picked":["Ball Lightning","Self Repair"],"picked":"Gash","floor":1},{"not_picked":["Coolheaded","Go for the Eyes"],"picked":"Ball Lightning","floor":3},{"not_picked":["Compile Driver","Barrage"],"picked":"Redo","floor":4},{"not_picked":["Steam","Rebound"],"picked":"Storm","floor":5},{"not_picked":["Compile Driver","White Noise"],"picked":"Defragment","floor":7},{"not_picked":["Rebound","Barrage"],"picked":"Buffer","floor":13},{"not_picked":["BootSequence","Turbo"],"picked":"Gash","floor":14},{"not_picked":["Fission","Machine Learning"],"picked":"All For One","floor":16},{"not_picked":["Sunder","Hologram"],"picked":"Beam Cell","floor":18},{"not_picked":["Undo","Cold Snap+1"],"picked":"Gash","floor":22},{"not_picked":["Streamline","Storm+1"],"picked":"Capacitor","floor":23},{"not_picked":["Go for the Eyes","BootSequence"],"picked":"Double Energy","floor":24}],"player_experience":347826,"relics_obtained":[{"floor":7,"key":"Sundial"},{"floor":9,"key":"Kunai"},{"floor":10,"key":"PreservedInsect"},{"floor":13,"key":"Boot"},{"floor":20,"key":"Torii"},{"floor":21,"key":"MealTicket"},{"floor":23,"key":"Bag of Preparation"}],"event_choices":[{"cards_removed":["Strike_B"],"damage_healed":0,"gold_gain":0,"player_choice":"Purged","damage_taken":0,"max_hp_gain":0,"max_hp_loss":0,"event_name":"Purifier","floor":2,"gold_loss":0},{"damage_healed":0,"gold_gain":0,"player_choice":"Left Gold","damage_taken":0,"max_hp_gain":0,"max_hp_loss":0,"event_name":"World of Goop","floor":8,"gold_loss":44},{"damage_healed":0,"gold_gain":0,"player_choice":"Grow","damage_taken":0,"max_hp_gain":0,"max_hp_loss":0,"event_name":"Living Wall","floor":12,"gold_loss":0,"cards_upgraded":["Defragment"]},{"damage_healed":0,"gold_gain":0,"player_choice":"Shed Blood","damage_taken":19,"max_hp_gain":5,"max_hp_loss":0,"event_name":"Forgotten Altar","floor":19,"gold_loss":0}],"is_beta":false,"boss_relics":[{"not_picked":["Snecko Eye","Philosopher\u0027s Stone"],"picked":"Sozu"}],"items_purged_floors":[],"is_endless":false,"potions_floor_spawned":[4,7,14,22,23],"killed_by":"Slavers","ascension_level":1}}