{"host":"0fzx9ljfa234835v","time":1610732213,"event":{"mods":["BaseMod","Downfall","Hermit","Hubris","Infinite Spire","Minty Spire (QoL Compilation)","Replay The Spire","StSLib","The Animator","The Factory","The Necromancer","The Runesmith"],"gold_per_floor":[118,187,187,200,200,226,226,242,242,260,41,73,73],"floor_reached":12,"language":"FRA","playtime":512,"items_purged":["hermit:Strike_Hermit"],"score":113,"play_id":"c86a2112-f031-42d9-b4e9-2839c412761f","local_time":"20210115183653","is_ascension_mode":false,"campfire_choices":[],"circlet_count":0,"master_deck":["hermit:Strike_Hermit","hermit:Strike_Hermit","hermit:Strike_Hermit","hermit:Defend_Hermit","hermit:Defend_Hermit","hermit:Defend_Hermit","hermit:Defend_Hermit","hermit:Snapshot","hermit:Covet+1","hermit:CalledShot","hermit:Headshot","hermit:GoldenBullet","hermit:BodyArmor","hermit:ShadowCloak"],"relics":["hermit:Momento","NeowsBlessing","hubris:TenFootPole","infinitespire:EmpoweringShard","Bottled Flame","PrismaticShard","Toy Ornithopter"],"acts_visited":["Exordium"],"potions_floor_usage":[],"damage_taken":[{"damage":0.0,"enemies":"2 Louse","floor":1.0,"turns":1.0},{"damage":0,"enemies":"Small Slimes","floor":4,"turns":1},{"damage":0,"enemies":"3 Sentries","floor":6,"turns":1},{"damage":1,"enemies":"Jaw Worm","floor":8,"turns":3},{"damage":0,"enemies":"Large Slime","floor":10,"turns":5},{"damage":11,"enemies":"Gremlin Nob","floor":12,"turns":3}],"seed_played":"-2381754336762985857","potions_obtained":[{"floor":1.0,"key":"FearPotion"},{"floor":6,"key":"Venom Potion"},{"floor":10,"key":"Fire Potion"}],"is_trial":false,"path_per_floor":["M","?","?","M","T","E","?","M","T","M","$","E"],"character_chosen":"HERMIT","items_purchased":["PrismaticShard"],"campfire_rested":0,"item_purchase_floors":[11],"current_hp_per_floor":[75,75,75,75,75,75,75,74,74,74,74,63,63],"gold":73,"neow_bonus":"THREE_ENEMY_KILL","is_daily":false,"chose_seed":false,"campfire_upgraded":0,"win_rate":0.0,"timestamp":1610732213,"path_taken":["M","?","?","M","?","E","?","M","T","M","$","E"],"items_purchased_type":["Relic"],"build_version":"2020-12-22","purchased_purges":1,"victory":false,"max_hp_per_floor":[75,75,75,75,75,75,75,75,75,75,75,75,75],"card_choices":[{"not_picked":["hermit:HighCaliber","hermit:Midnight"],"picked":"hermit:CalledShot","floor":1.0},{"not_picked":["hermit:Cheat","hermit:Coalescence"],"picked":"hermit:Headshot","floor":4},{"not_picked":["hermit:Dive","hermit:Gestalt"],"picked":"hermit:GoldenBullet","floor":6},{"not_picked":["hermit:TakeAim","hermit:HoleUp"],"picked":"hermit:BodyArmor","floor":8},{"not_picked":["hermit:LowProfile","hermit:Roulette"],"picked":"hermit:ShadowCloak","floor":10}],"player_experience":278641,"relics_obtained":[{"floor":5,"key":"hubris:TenFootPole"},{"floor":6,"key":"infinitespire:EmpoweringShard"},{"floor":9,"key":"Bottled Flame"},{"floor":12,"key":"Toy Ornithopter"}],"event_choices":[{"damage_healed":0.0,"max_hp_gain":0.0,"max_hp_loss":0.0,"gold_gain":69.0,"event_name":"Golden Wing","player_choice":"Gained Gold","floor":2.0,"gold_loss":0.0,"damage_taken":0.0},{"damage_healed":0,"gold_gain":0,"player_choice":"Ignored","damage_taken":0,"max_hp_gain":0,"max_hp_loss":0,"event_name":"NoteForYourself","floor":7,"gold_loss":0}],"is_beta":false,"boss_relics":[],"items_purged_floors":[11],"is_endless":false,"potions_floor_spawned":[1,6,10,12],"killed_by":"Gremlin Nob","ascension_level":0}}