{"host":"y89x8uui45kcjy42","time":1610713852,"event":{"mods":["2.2 Compatiblity","BaseMod","CapriCore","Colored Map","Colored Powertips","Custom Start","Friendly Minions","Keyboard Shortcuts","Minty Spire (QoL Compilation)","Relic Stats","Slay the Relics Exporter","StSLib","SuperFastMode","Uncapped"],"gold_per_floor":[19,37,37,37,37,37,63,87,111,140,159,171,171,9,9,83,83,99,99,112,112,112,142,142,173,173,198,210,228,246,273,273,347,347,347,347],"floor_reached":35,"language":"KOR","playtime":1170,"items_purged":[],"score":1386,"play_id":"1f00627b-9fce-488b-9141-d107d635b58a","local_time":"20210115213052","is_ascension_mode":true,"campfire_choices":[{"floor":6,"key":"RECALL"},{"floor":13,"key":"REST"},{"floor":15,"key":"REST"}],"circlet_count":0,"master_deck":["Entrench+1","Evolve+1","Feel No Pain+1","Power Through+1","Second Wind+1","Barricade+1","Adrenaline+1","Reprogram+1","Body Slam+1","Worship+1","Offering"],"relics":["Black Blood","Boot","Mummified Hand","Odd Mushroom","Bag of Preparation","Champion Belt","Sling","Coffee Dripper","Omamori","Bird Faced Urn","Happy Flower","Shuriken","Ancient Tea Set","Self Forming Clay","Pen Nib"],"acts_visited":["Exordium","TheCity","TheBeyond"],"potions_floor_usage":[],"damage_taken":[{"damage":0,"enemies":"Cultist","floor":1,"turns":2},{"damage":0,"enemies":"Small Slimes","floor":2,"turns":2},{"damage":0,"enemies":"Lagavulin","floor":7,"turns":3},{"damage":0,"enemies":"The Mushroom Lair","floor":8,"turns":4},{"damage":0,"enemies":"3 Sentries","floor":10,"turns":3},{"damage":0,"enemies":"Jaw Worm","floor":11,"turns":2},{"damage":0,"enemies":"Looter","floor":12,"turns":1},{"damage":0,"enemies":"Slime Boss","floor":16,"turns":2},{"damage":0,"enemies":"Spheric Guardian","floor":18,"turns":2},{"damage":0,"enemies":"3 Byrds","floor":20,"turns":5},{"damage":0,"enemies":"Book of Stabbing","floor":23,"turns":2},{"damage":0,"enemies":"Gremlin Leader","floor":25,"turns":2},{"damage":0,"enemies":"Slavers","floor":27,"turns":3},{"damage":0,"enemies":"Snake Plant","floor":28,"turns":2},{"damage":16,"enemies":"Shelled Parasite and Fungi","floor":29,"turns":3},{"damage":0,"enemies":"Chosen and Byrds","floor":30,"turns":3},{"damage":20,"enemies":"Gremlin Leader","floor":31,"turns":4},{"damage":0,"enemies":"Champ","floor":33,"turns":3},{"damage":6,"enemies":"3 Darklings","floor":35,"turns":7}],"seed_played":"2671444428991186555","potions_obtained":[{"floor":2,"key":"Dexterity Potion"},{"floor":7,"key":"CultistPotion"},{"floor":16,"key":"DuplicationPotion"}],"is_trial":false,"path_per_floor":["M","M","?","?","T","R","E","?","T","E","M","M","R","$","R","B",null,"M","?","M","?","?","E","R","E","T","E","M","M","M","E","R","B",null,"M"],"character_chosen":"IRONCLAD","items_purchased":["Sling"],"campfire_rested":2,"item_purchase_floors":[14],"current_hp_per_floor":[74,75,80,75,75,75,80,80,80,80,80,80,80,80,80,80,80,80,80,80,80,59,71,71,80,80,80,80,70,80,66,66,78,80,78,78],"gold":347,"neow_bonus":"ONE_RARE_RELIC","is_daily":false,"chose_seed":false,"campfire_upgraded":0,"win_rate":0.0,"timestamp":1610713852,"path_taken":["M","M","?","?","?","R","E","?","T","E","M","M","R","$","R","BOSS","M","?","M","?","?","E","R","E","T","E","M","M","M","E","R","BOSS","M"],"items_purchased_type":["Relic"],"build_version":"2020-12-22","purchased_purges":0,"victory":false,"max_hp_per_floor":[75,75,80,80,80,80,80,80,80,80,80,80,80,80,80,80,80,80,80,80,80,80,80,80,80,80,80,80,80,80,80,80,80,80,80,80],"relic_stats":{"Happy Flower":[9],"counters":[19,55],"Mummified Hand":[61],"Shuriken":[0],"Self Forming Clay":[18],"Bird Faced Urn":[28],"Black Blood":43,"Pen Nib":[1],"Bag of Preparation":[30],"Champion Belt":[0],"Boot":[1],"obtain_stats":[{"Happy Flower":23,"Self Forming Clay":27,"Black Blood":34,"Pen Nib":31,"Bag of Preparation":9,"Omamori":19,"Odd Mushroom":8,"Boot":4,"Sling":14,"Ancient Tea Set":26,"Burning Blood":0,"Akabeko":7,"Du-Vu Doll":0,"Mummified Hand":8,"Shuriken":25,"Bird Faced Urn":19,"Coffee Dripper":17,"Champion Belt":10},{"Happy Flower":11,"Self Forming Clay":13,"Black Blood":18,"Pen Nib":17,"Bag of Preparation":4,"Omamori":9,"Odd Mushroom":4,"Boot":2,"Sling":7,"Ancient Tea Set":12,"Burning Blood":0,"Akabeko":3,"Du-Vu Doll":0,"Mummified Hand":4,"Shuriken":12,"Bird Faced Urn":9,"Coffee Dripper":8,"Champion Belt":5},{"Happy Flower":28,"Self Forming Clay":33,"Black Blood":48,"Pen Nib":45,"Bag of Preparation":11,"Omamori":21,"Odd Mushroom":11,"Boot":4,"Sling":17,"Ancient Tea Set":30,"Burning Blood":0,"Akabeko":7,"Du-Vu Doll":0,"Mummified Hand":8,"Shuriken":30,"Bird Faced Urn":21,"Coffee Dripper":19,"Champion Belt":14}]},"card_choices":[{"not_picked":["Sword Boomerang","Searing Blow","Iron Wave"],"picked":"SKIP","floor":1},{"not_picked":["Carnage","Clash","Pommel Strike"],"picked":"SKIP","floor":2},{"not_picked":["Blood for Blood","Anger","Feel No Pain"],"picked":"SKIP","floor":7},{"not_picked":["Ghostly Armor","Burning Pact","Metallicize"],"picked":"SKIP","floor":10},{"not_picked":["Sword Boomerang","Rage","Warcry"],"picked":"SKIP","floor":11},{"not_picked":["Intimidate","Dual Wield","Sword Boomerang"],"picked":"SKIP","floor":12},{"not_picked":["Clash","Sword Boomerang","Clothesline"],"picked":"SKIP","floor":18},{"not_picked":["Burning Pact","Infernal Blade","Anger"],"picked":"SKIP","floor":20},{"not_picked":["Shrug It Off","Wild Strike","Bludgeon"],"picked":"SKIP","floor":23},{"not_picked":["Shockwave","Warcry","Flex"],"picked":"SKIP","floor":25},{"not_picked":["Perfected Strike","Rupture","Blood for Blood"],"picked":"SKIP","floor":27},{"not_picked":["Uppercut","Fire Breathing","Shockwave"],"picked":"SKIP","floor":28},{"not_picked":["Cleave","Intimidate+1","Body Slam"],"picked":"SKIP","floor":29},{"not_picked":["Clothesline","Flame Barrier","Iron Wave+1"],"picked":"SKIP","floor":30},{"not_picked":["Iron Wave","True Grit","Armaments"],"picked":"SKIP","floor":31},{"not_picked":["Exhume","Corruption"],"picked":"Offering","floor":33}],"player_experience":612738,"relics_obtained":[{"floor":7,"key":"Akabeko"},{"floor":8,"key":"Odd Mushroom"},{"floor":9,"key":"Bag of Preparation"},{"floor":10,"key":"Champion Belt"},{"floor":23,"key":"Happy Flower"},{"floor":25,"key":"Shuriken"},{"floor":26,"key":"Ancient Tea Set"},{"floor":27,"key":"Self Forming Clay"},{"floor":31,"key":"Pen Nib"}],"event_choices":[{"damage_healed":0,"gold_gain":0,"player_choice":"Donut","damage_taken":0,"max_hp_gain":5,"max_hp_loss":0,"event_name":"Big Fish","floor":3,"gold_loss":0},{"damage_healed":0,"gold_gain":0,"player_choice":"Success","damage_taken":5,"relics_obtained":["Boot"],"max_hp_gain":0,"max_hp_loss":0,"event_name":"Scrap Ooze","floor":4,"gold_loss":0},{"damage_healed":0,"gold_gain":0,"player_choice":"Fought Mushrooms","damage_taken":0,"max_hp_gain":0,"max_hp_loss":0,"event_name":"Mushrooms","floor":8,"gold_loss":0},{"damage_healed":0,"gold_gain":0,"player_choice":"Opened","damage_taken":0,"relics_obtained":["Bird Faced Urn"],"max_hp_gain":0,"max_hp_loss":0,"event_name":"The Mausoleum","floor":19,"gold_loss":0,"cards_obtained":["Writhe"]},{"damage_healed":0,"gold_gain":0,"player_choice":"Ignored","damage_taken":0,"max_hp_gain":0,"max_hp_loss":0,"event_name":"Vampires","floor":21,"gold_loss":0},{"damage_healed":0,"gold_gain":0,"player_choice":"Obtained Book","damage_taken":21,"max_hp_gain":0,"max_hp_loss":0,"event_name":"Cursed Tome","floor":22,"gold_loss":0}],"is_beta":false,"boss_relics":[{"not_picked":["Fusion Hammer","Tiny House"],"picked":"Coffee Dripper"},{"not_picked":["Pandora\u0027s Box","Mark of Pain"],"picked":"Black Blood"}],"items_purged_floors":[],"is_endless":false,"potions_floor_spawned":[2,7,11,16,23,25,27,29,31],"killed_by":"3 Darklings","ascension_level":20}}