{"host":"BK","time":1610682086,"event":{"mods":["BaseMod","Highlight Path","Minty Spire (QoL Compilation)","StSLib"],"gold_per_floor":[216,231,156,167,178,178,212,212,238,238,238,252,271,306,306,384,384,399,412,412,412],"floor_reached":20,"language":"ENG","playtime":781,"items_purged":[],"score":372,"play_id":"06b38e3a-0535-4b60-b524-f3a76dca90de","local_time":"20210114204126","is_ascension_mode":true,"campfire_choices":[{"data":"Sweeping Beam","floor":6.0,"key":"SMITH"},{"floor":8.0,"key":"REST"},{"floor":11.0,"key":"REST"},{"floor":15.0,"key":"REST"}],"circlet_count":0,"master_deck":["AscendersBane","Strike_B","Strike_B","Defend_B","Defend_B","Defend_B","Defend_B","Zap","Dualcast","Ball Lightning","Sweeping Beam+1","Steam","Genetic Algorithm","Compile Driver","Defragment","Buffer","Biased Cognition","Coolheaded"],"relics":["Cracked Core","Centennial Puzzle","Anchor","Smiling Mask","Velvet Choker"],"acts_visited":["Exordium","TheCity"],"potions_floor_usage":[],"damage_taken":[{"damage":3.0,"enemies":"2 Louse","floor":1.0,"turns":2.0},{"damage":10.0,"enemies":"Small Slimes","floor":2.0,"turns":3.0},{"damage":1.0,"enemies":"Cultist","floor":4.0,"turns":3.0},{"damage":10.0,"enemies":"Exordium Thugs","floor":5.0,"turns":4.0},{"damage":33.0,"enemies":"3 Sentries","floor":7.0,"turns":5.0},{"damage":3.0,"enemies":"Exordium Wildlife","floor":12.0,"turns":4.0},{"damage":12.0,"enemies":"Large Slime","floor":13.0,"turns":3.0},{"damage":8.0,"enemies":"Gremlin Nob","floor":14.0,"turns":3.0},{"damage":30,"enemies":"The Guardian","floor":16,"turns":12},{"damage":20,"enemies":"3 Byrds","floor":18,"turns":4},{"damage":14,"enemies":"2 Thieves","floor":19,"turns":3},{"damage":26,"enemies":"Masked Bandits","floor":20,"turns":2}],"seed_played":"6222219484073315294","potions_obtained":[{"floor":4.0,"key":"SmokeBomb"},{"floor":5.0,"key":"Dexterity Potion"},{"floor":7.0,"key":"Energy Potion"},{"floor":13.0,"key":"AttackPotion"}],"is_trial":false,"path_per_floor":["M","M","?","M","M","R","E","R","T","?","R","M","M","E","R","B",null,"M","M","?"],"character_chosen":"DEFECT","items_purchased":[],"campfire_rested":3,"item_purchase_floors":[],"current_hp_per_floor":[61,51,51,50,40,40,7,28,28,28,49,46,34,26,47,17,58,38,24,0,0],"gold":412,"neow_bonus":"HUNDRED_GOLD","is_daily":false,"chose_seed":false,"campfire_upgraded":1,"win_rate":0.0,"timestamp":1610682086,"path_taken":["M","M","?","M","M","R","E","R","T","?","R","?","M","E","R","BOSS","M","M","?"],"items_purchased_type":[],"build_version":"2020-12-18","purchased_purges":0,"victory":false,"max_hp_per_floor":[71,71,71,71,71,71,71,71,71,71,71,71,71,71,71,71,71,71,71,71,71],"card_choices":[{"not_picked":["Sweeping Beam","Fusion"],"picked":"Ball Lightning","floor":1.0},{"not_picked":["White Noise","Rebound"],"picked":"Sweeping Beam","floor":2.0},{"not_picked":["Scrape","Gash"],"picked":"Steam","floor":4.0},{"not_picked":["Rebound","Scrape"],"picked":"Genetic Algorithm","floor":5.0},{"not_picked":["Streamline","Stack"],"picked":"Compile Driver","floor":7.0},{"not_picked":["Aggregate","Beam Cell"],"picked":"Defragment","floor":12.0},{"not_picked":["Cold Snap","Steam"],"picked":"Buffer","floor":13.0},{"not_picked":["Barrage","Beam Cell","Rebound"],"picked":"SKIP","floor":14.0},{"not_picked":["All For One","Meteor Strike"],"picked":"Biased Cognition","floor":16},{"not_picked":["Beam Cell","Compile Driver+1"],"picked":"Coolheaded","floor":18},{"not_picked":["Static Discharge+1","Turbo","Compile Driver"],"picked":"SKIP","floor":19}],"player_experience":2498784,"relics_obtained":[{"floor":7.0,"key":"Centennial Puzzle"},{"floor":9.0,"key":"Anchor"},{"floor":14.0,"key":"Smiling Mask"}],"event_choices":[{"cards_removed":["Strike_B"],"damage_healed":0.0,"max_hp_gain":0.0,"max_hp_loss":0.0,"gold_gain":0.0,"event_name":"The Cleric","player_choice":"Card Removal","floor":3.0,"gold_loss":75.0,"damage_taken":0.0},{"cards_removed":["Strike_B"],"damage_healed":0.0,"max_hp_gain":0.0,"max_hp_loss":0.0,"gold_gain":0.0,"event_name":"Bonfire Elementals","player_choice":"Offered Basic","floor":10.0,"gold_loss":0.0,"damage_taken":0.0},{"damage_healed":0,"gold_gain":0,"player_choice":"Fought Bandits","damage_taken":0,"max_hp_gain":0,"max_hp_loss":0,"event_name":"Masked Bandits","floor":20,"gold_loss":0}],"is_beta":true,"boss_relics":[{"not_picked":["Black Star","SlaversCollar"],"picked":"Velvet Choker"}],"items_purged_floors":[],"is_endless":false,"potions_floor_spawned":[4,5,7,12,13],"killed_by":"Masked Bandits","ascension_level":20}}