{"host":"n264v15x7h51zqzc","time":1610684861,"event":{"mods":["AchievementEnabler","BaseMod","Colored Powertips","Googly Eyes","Hermit","Infinite Spire","Minty Spire (QoL Compilation)","Replay The Spire","StSLib"],"gold_per_floor":[10000,10023,10128,9446,9459,8798,8798,8815,8815,8836,8858,8264,8276,8292,8292,8399,8399,8424,8447,7569,7569,7579,7613,7628,7628,7628,7628,7646,7660,7673,6887,6887,6993,6993,7013,7013,7013,7037,6333,6365,5855,5855,5935,5935,4304,4323,4323],"floor_reached":46,"language":"ENG","playtime":2145,"items_purged":["hermit:Defend_Hermit","hermit:Defend_Hermit","hermit:Defend_Hermit","hermit:Defend_Hermit","hermit:Strike_Hermit","hermit:Strike_Hermit","hermit:Strike_Hermit"],"score":539,"play_id":"966ec77b-9ded-437c-89c3-14d0574176d4","local_time":"20210114222741","is_ascension_mode":false,"campfire_choices":[{"data":"hermit:Determination","floor":7,"key":"SMITH"},{"floor":15,"key":"RECALL"},{"data":"hermit:Determination","floor":25,"key":"SMITH"},{"data":"Apotheosis","floor":27,"key":"SMITH"}],"circlet_count":0,"master_deck":["hermit:Strike_Hermit+1","hermit:Snapshot","hermit:Covet","hermit:Scavenge","hermit:HighCaliber+1","hermit:Ricochet","hermit:HoleUp","hermit:Dive","hermit:TakeAim","hermit:Dive","hermit:Determination+1","hermit:Quickdraw","hermit:HoleUp","Apotheosis+1","hermit:GhostlyPresence","hermit:Reprieve","CurseOfTheBell","hermit:Ricochet+1","hermit:GhostlyPresence","hermit:Determination+1","hermit:HighCaliber+1","hermit:Deadeye","J.A.X.","hermit:Headshot","hermit:Roulette+1","hermit:Grudge","hermit:SprayPray+1","hermit:Desperado+1","hermit:Enervate","hermit:HighCaliber","hermit:LowProfile","Hallucinations","hermit:Headshot","hermit:SprayPray","infinitespire:Fortify","hermit:BigShot","hermit:Roulette","Parasite","hermit:Dissolve","ReplayTheSpireMod:Uncanny Aura","infinitespire:Collect"],"relics":["hermit:ClaspedLocket","Lee\u0027s Waffle","Happy Flower","infinitespire:PuzzleCube","Toy Ornithopter","infinitespire:FocusingShard","MealTicket","Strange Spoon","Calling Bell","Strawberry","Question Card","infinitespire:CursedDice","ReplayTheSpireMod:Lightbulb","Cauldron","Juzu Bracelet","Pocketwatch","Bottled Tornado","Calipers","Quantum Egg","Ring of Panic","ReplayTheSpireMod:Ring of Exchange","Sling","Pen Nib","Replay:Baseball","Whetstone","infinitespire:Midas Blood","Blue Doll","ReplayTheSpireMod:SealedPack","infinitespire:Beetle Shell"],"acts_visited":["Exordium","TheCity","TheBeyond"],"potions_floor_usage":[11,16,16,16,18,23,23,24,30,33,33,40,40],"damage_taken":[{"damage":0,"enemies":"Small Slimes","floor":1,"turns":3},{"damage":2,"enemies":"Jaw Worm","floor":2,"turns":3},{"damage":1,"enemies":"Cultist","floor":5,"turns":3},{"damage":0,"enemies":"Gremlin Gang","floor":8,"turns":5},{"damage":5,"enemies":"Blue Slaver","floor":10,"turns":5},{"damage":3,"enemies":"Exordium Wildlife","floor":11,"turns":3},{"damage":3,"enemies":"3 Louse","floor":13,"turns":4},{"damage":3,"enemies":"Lots of Slimes","floor":14,"turns":4},{"damage":12,"enemies":"Fading Forest","floor":16,"turns":11},{"damage":23,"enemies":"3 Byrds","floor":18,"turns":12},{"damage":5,"enemies":"Shell Parasite","floor":19,"turns":7},{"damage":18,"enemies":"Cultist and Chosen","floor":22,"turns":7},{"damage":11,"enemies":"Gremlin Leader","floor":23,"turns":8},{"damage":23,"enemies":"Snake Plant","floor":24,"turns":5},{"damage":0,"enemies":"Snecko","floor":28,"turns":5},{"damage":13,"enemies":"3 Cultists","floor":29,"turns":5},{"damage":17,"enemies":"Snake Plant","floor":30,"turns":4},{"damage":22,"enemies":"Champ","floor":33,"turns":9},{"damage":47,"enemies":"3 Shapes","floor":35,"turns":5},{"damage":28,"enemies":"3 Darklings","floor":38,"turns":7},{"damage":45,"enemies":"Nightmare","floor":40,"turns":7},{"damage":48,"enemies":"Writhing Mass","floor":46,"turns":5}],"seed_played":"8169126308044688268","potions_obtained":[{"floor":1,"key":"GamblersBrew"},{"floor":11,"key":"Elixir"},{"floor":14,"key":"Dexterity Potion"},{"floor":16,"key":"SkillPotion"},{"floor":18,"key":"FearPotion"},{"floor":20,"key":"Dexterity Potion"},{"floor":20,"key":"Explosive Potion"},{"floor":20,"key":"LiquidMemories"},{"floor":23,"key":"Strength Potion"},{"floor":24,"key":"LiquidBronze"},{"floor":30,"key":"FearPotion"},{"floor":32,"key":"PowerPotion"},{"floor":35,"key":"SteroidPotion"}],"is_trial":false,"path_per_floor":["M","M","?","$","M","$","R","M","T","M","M","$","M","M","R","B",null,"M","M","$","?","M","E","M","R","T","R","M","M","M","$","R","B",null,"M","?","?","M","$","NM","?","?","T","?","$","M"],"character_chosen":"HERMIT","items_purchased":["Lee\u0027s Waffle","Happy Flower","infinitespire:PuzzleCube","hermit:TakeAim","Weak Potion","SpeedPotion","Toy Ornithopter","infinitespire:FocusingShard","Adrenaline Potion","hermit:Dive","hermit:Determination","MealTicket","Strange Spoon","Apotheosis","ReplayTheSpireMod:Lightbulb","Cauldron","hermit:GhostlyPresence","hermit:Determination","Juzu Bracelet","hermit:HighCaliber","hermit:Deadeye","AttackPotion","Calipers","Quantum Egg","hermit:HighCaliber","Sling","Pen Nib","Replay:Baseball","hermit:Headshot","Blue Doll","ReplayTheSpireMod:SealedPack","infinitespire:Beetle Shell","hermit:BigShot","hermit:Roulette"],"campfire_rested":0,"item_purchase_floors":[4,4,4,4,4,4,6,6,6,6,6,12,12,12,20,20,20,20,20,20,20,31,31,31,31,39,39,39,39,45,45,45,45,45],"current_hp_per_floor":[75,73,55,82,81,81,81,81,81,76,78,78,75,72,72,82,89,75,70,85,85,67,74,64,64,64,64,68,59,51,66,66,54,89,42,42,42,18,33,32,32,32,32,32,47,0,0],"gold":4323,"neow_bonus":"UPGRADE_CARD","is_daily":false,"chose_seed":false,"campfire_upgraded":3,"win_rate":0.0,"timestamp":1610684861,"path_taken":["M","M","?","$","M","$","R","M","T","?","M","$","M","?","R","BOSS","M","?","$","?","M","E","M","R","T","R","M","M","M","?","R","BOSS","M","?","?","M","$","NM","?","?","T","?","$","M"],"items_purchased_type":["Relic","Relic","Relic","Card","Potion","Potion","Relic","Relic","Potion","Card","Card","Relic","Relic","Card","Relic","Relic","Card","Card","Relic","Card","Card","Potion","Relic","Relic","Card","Relic","Relic","Relic","Card","Relic","Relic","Relic","Card","Card"],"build_version":"2020-12-22","purchased_purges":7,"victory":false,"max_hp_per_floor":[75,75,75,82,82,82,82,82,82,82,82,82,82,82,82,82,89,89,89,89,89,89,89,89,89,89,89,89,89,89,89,89,89,89,89,89,89,89,89,89,89,89,89,89,89,89,89],"card_choices":[{"not_picked":["hermit:Cheat","hermit:CalledShot"],"picked":"hermit:Scavenge","floor":1},{"not_picked":["hermit:Grudge","hermit:Desperado"],"picked":"hermit:HighCaliber","floor":2},{"not_picked":["hermit:Manifest","hermit:Glare"],"picked":"hermit:Ricochet","floor":3},{"not_picked":["hermit:Horror","hermit:Deadeye"],"picked":"hermit:HoleUp","floor":3},{"not_picked":["hermit:Feint","hermit:NoHoldsBarred"],"picked":"hermit:Dive","floor":3},{"not_picked":["hermit:LuckOfTheDraw","hermit:ItchyTrigger","hermit:Feint"],"picked":"SKIP","floor":5},{"not_picked":["hermit:Combo","hermit:TrackingShot"],"picked":"hermit:Quickdraw","floor":8},{"not_picked":["hermit:Snipe","hermit:Showdown","hermit:ItchyTrigger"],"picked":"SKIP","floor":10},{"not_picked":["hermit:BodyArmor","hermit:Adapt"],"picked":"hermit:HoleUp","floor":11},{"not_picked":["hermit:Brawl","hermit:Misfire"],"picked":"hermit:GhostlyPresence","floor":13},{"not_picked":["hermit:Misfire","hermit:ItchyTrigger","hermit:Snipe"],"picked":"SKIP","floor":14},{"not_picked":["hermit:HeroicBravado","hermit:EternalForm"],"picked":"hermit:Reprieve","floor":16},{"not_picked":["hermit:HoleUp+1","hermit:FlashPowder","hermit:LuckOfTheDraw"],"picked":"hermit:Ricochet+1","floor":18},{"not_picked":["hermit:Quickdraw","hermit:WideOpen+1","hermit:ItchyTrigger+1","hermit:Desperado"],"picked":"SKIP","floor":19},{"not_picked":["hermit:Maintenance+1","hermit:Showdown","hermit:Misfire"],"picked":"hermit:Headshot","floor":22},{"not_picked":["hermit:ItchyTrigger","hermit:GoldenBullet","hermit:CalledShot"],"picked":"hermit:Roulette","floor":23},{"not_picked":["hermit:Coalescence","hermit:PistolWhip","hermit:HoleUp"],"picked":"hermit:Grudge","floor":24},{"not_picked":["hermit:Cheat","hermit:LowProfile","hermit:Determination"],"picked":"hermit:SprayPray+1","floor":28},{"not_picked":["hermit:TakeCover","hermit:Roulette","hermit:Combo"],"picked":"hermit:Desperado+1","floor":29},{"not_picked":["hermit:ItchyTrigger","hermit:CursedWeapon","hermit:Horror+1"],"picked":"hermit:Enervate","floor":30},{"not_picked":["hermit:Desperado+1","hermit:DeadMansHand","hermit:CursedWeapon"],"picked":"hermit:LowProfile","floor":35},{"not_picked":["hermit:Determination","hermit:TrackingShot","hermit:Gestalt+1","hermit:Glare+1"],"picked":"SKIP","floor":38},{"not_picked":["hermit:LoneWolf+1","hermit:Showdown+1","hermit:ShadowCloak"],"picked":"hermit:SprayPray","floor":40},{"not_picked":["infinitespire:Starlight","ReplayTheSpireMod:Haul"],"picked":"infinitespire:Fortify","floor":41},{"not_picked":["hermit:Roughhouse","hermit:Purgatory","hermit:HighNoon"],"picked":"hermit:Dissolve","floor":45},{"not_picked":["Flash of Steel","Purity","Mind Blast"],"picked":"ReplayTheSpireMod:Uncanny Aura","floor":45},{"not_picked":["ReplayTheSpireMod:??????????????????????","infinitespire:SevenWalls","infinitespire:UltimateForm"],"picked":"infinitespire:Collect","floor":45}],"player_experience":171696,"relics_obtained":[{"floor":17,"key":"Strawberry"},{"floor":17,"key":"Question Card"},{"floor":17,"key":"infinitespire:CursedDice"},{"floor":23,"key":"Pocketwatch"},{"floor":26,"key":"Bottled Tornado"},{"floor":37,"key":"Ring of Panic"},{"floor":37,"key":"ReplayTheSpireMod:Ring of Exchange"},{"floor":40,"key":"Whetstone"},{"floor":43,"key":"infinitespire:Midas Blood"}],"event_choices":[{"damage_healed":0,"gold_gain":0,"player_choice":"Obtain J.A.X.","damage_taken":0,"max_hp_gain":0,"max_hp_loss":0,"event_name":"Drug Dealer","floor":21,"gold_loss":0,"cards_obtained":["J.A.X."]},{"damage_healed":0,"gold_gain":0,"player_choice":"Upgraded","damage_taken":0,"max_hp_gain":0,"max_hp_loss":0,"event_name":"Upgrade Shrine","floor":36,"gold_loss":0,"cards_upgraded":["hermit:HighCaliber"]},{"cards_removed":["hermit:Dive"],"damage_healed":0,"gold_gain":0,"player_choice":"Removed Skill","damage_taken":0,"max_hp_gain":0,"max_hp_loss":0,"event_name":"Falling","floor":42,"gold_loss":0},{"damage_healed":0,"gold_gain":0,"player_choice":"Ignored","damage_taken":0,"max_hp_gain":0,"max_hp_loss":0,"event_name":"SecretPortal","floor":44,"gold_loss":0}],"is_beta":false,"boss_relics":[{"not_picked":["ReplayTheSpireMod:DimensionalGlitch","Empty Cage"],"picked":"Calling Bell"},{"not_picked":["SacredBark","Philosopher\u0027s Stone"],"picked":"hermit:ClaspedLocket"}],"items_purged_floors":[4,6,12,20,31,39,45],"is_endless":true,"potions_floor_spawned":[1,11,14,16,18,23,24,30,35],"killed_by":"Writhing Mass","ascension_level":0}}