{"host":"kn32u0f2pym5bozc","time":1610708014,"event":{"mods":["2.2 Compatiblity","BaseMod","Better Third Choice","Minty Spire (QoL Compilation)","Permanent Neow","Relic Stats","StSLib","The Animator"],"gold_per_floor":[117,146,2,15,41,41,72,72,72,83,118,118,150,170,170,242,242,253,253,266,298,327,327,340,372,444,444,471,471,483,510,510,584,584,598,191,233,257,0,0,0,0,24,54,71,102,102,102,131,131,131,131,131,31,56,56,56],"floor_reached":56,"language":"ENG","playtime":5111,"items_purged":["animator:Strike+1","animator:Bozes"],"score":1366,"play_id":"10f060e3-b316-43fb-b3f4-ace09589b51b","local_time":"20210115055334","is_ascension_mode":true,"campfire_choices":[{"data":"animator:KrulTepes","floor":6.0,"key":"SMITH"},{"data":"animator:Elsword","floor":8.0,"key":"SMITH"},{"floor":12.0,"key":"REST"},{"data":"animator:DolaStephanie","floor":15.0,"key":"SMITH"},{"data":"animator:Lu","floor":23.0,"key":"SMITH"},{"data":"animator:DolaCouronne","floor":27.0,"key":"SMITH"},{"floor":32.0,"key":"REST"},{"floor":40.0,"key":"DIG"},{"floor":42.0,"key":"RECALL"},{"floor":47.0,"key":"REST"},{"floor":50.0,"key":"DIG"},{"data":"animator:Demiurge","floor":53,"key":"SMITH"}],"circlet_count":0,"master_deck":["AscendersBane","animator:Strike_Elsword+1","animator:Defend_Elsword+1","animator:Strike+1","animator:Strike+1","animator:Defend+1","animator:Defend+1","animator:Defend+1","animator:Chung","animator:Raven","animator:Rimuru","animator:Sebas","animator:KrulTepes+1","animator:DolaCouronne+1","animator:Elsword+1","animator:Fredrika","animator:DolaStephanie+1","animator:Mikaela","animator:Rena","animator:PandorasActor","animator:Ainz","animator:Vesta","animator:WinryRockbell","animator:Lu+1","animator:Illya","animator:Konayuki","animator:DwarfShaman","animator:Viivi","animator:Eve","animator:NarberalGamma","animator:FielNirvalen","animator:Demiurge+1","animator:Ciel","animator:HiiragiShinya","animator:HigakiRinne","animator:Kaijin+1","animator:Berserker+1","animator:Lancer+1","animator:Gillette+1"],"relics":["animator:LivingPicture","animator:TheMissingPiece","animator:PurgingStone","Oddly Smooth Stone","Incense Burner","Shuriken","Bag of Preparation","Turnip","Sozu","animator:WizardHat","Bottled Flame","Shovel","Mummified Hand","Mark of Pain","Molten Egg 2","Red Mask","Bottled Tornado","Singing Bowl","animator:ExquisiteBloodVial","Sundial","Nunchaku","Orichalcum"],"acts_visited":["Exordium","TheCity","TheBeyond","TheEnding"],"potions_floor_usage":[],"damage_taken":[{"damage":0.0,"enemies":"Jaw Worm","floor":1.0,"turns":5.0},{"damage":1.0,"enemies":"Cultist","floor":2.0,"turns":5.0},{"damage":2.0,"enemies":"2 Louse","floor":4.0,"turns":3.0},{"damage":1.0,"enemies":"Blue Slaver","floor":5.0,"turns":4.0},{"damage":7.0,"enemies":"3 Sentries","floor":7.0,"turns":10.0},{"damage":0.0,"enemies":"2 Fungi Beasts","floor":10.0,"turns":5.0},{"damage":8.0,"enemies":"Lagavulin","floor":11.0,"turns":7.0},{"damage":15.0,"enemies":"3 Sentries","floor":13.0,"turns":8.0},{"damage":4.0,"enemies":"Looter","floor":14.0,"turns":3.0},{"damage":10.0,"enemies":"The Guardian","floor":16.0,"turns":13.0},{"damage":5.0,"enemies":"3 Byrds","floor":18.0,"turns":4.0},{"damage":0.0,"enemies":"Spheric Guardian","floor":20.0,"turns":3.0},{"damage":3.0,"enemies":"Cultist and Chosen","floor":21.0,"turns":6.0},{"damage":8.0,"enemies":"Chosen and Byrds","floor":22.0,"turns":5.0},{"damage":1.0,"enemies":"Snake Plant","floor":24.0,"turns":2.0},{"damage":30.0,"enemies":"Slavers","floor":25.0,"turns":8.0},{"damage":10.0,"enemies":"Gremlin Leader","floor":28.0,"turns":10.0},{"damage":19.0,"enemies":"Cultist and Chosen","floor":30.0,"turns":7.0},{"damage":15.0,"enemies":"Book of Stabbing","floor":31.0,"turns":5.0},{"damage":17.0,"enemies":"Automaton","floor":33.0,"turns":9.0},{"damage":1.0,"enemies":"3 Darklings","floor":35.0,"turns":3.0},{"damage":0.0,"enemies":"Orb Walker","floor":37.0,"turns":2.0},{"damage":7.0,"enemies":"Spire Growth","floor":38.0,"turns":4.0},{"damage":25.0,"enemies":"Giant Head","floor":44.0,"turns":7.0},{"damage":21.0,"enemies":"Maw","floor":45.0,"turns":6.0},{"damage":20.0,"enemies":"Nemesis","floor":46.0,"turns":7.0},{"damage":25.0,"enemies":"animator:KrulTepes","floor":48.0,"turns":8.0},{"damage":1.0,"enemies":"Jaw Worm Horde","floor":49.0,"turns":4.0},{"damage":34,"enemies":"Donu and Deca","floor":51,"turns":9},{"damage":60,"enemies":"Shield and Spear","floor":55,"turns":7},{"damage":47,"enemies":"The Heart","floor":56,"turns":2}],"seed_played":"-1291821976096988130","potions_obtained":[{"floor":2.0,"key":"Strength Potion"},{"floor":4.0,"key":"EssenceOfSteel"},{"floor":13.0,"key":"LiquidMemories"},{"floor":14.0,"key":"SpeedPotion"},{"floor":16.0,"key":"Block Potion"}],"is_trial":false,"path_per_floor":["M","M","$","M","M","R","E","R","T","M","E","R","E","M","R","B",null,"M","?","M","M","M","R","M","E","T","R","E","?","M","E","R","B",null,"M","$","M","M","?","R","?","R","T","E","M","E","R","M","M","R","B",null,"R","$","E","B"],"character_chosen":"THE_ANIMATOR","items_purchased":["Oddly Smooth Stone","Molten Egg 2","animator:FielNirvalen","animator:Demiurge"],"campfire_rested":3,"item_purchase_floors":[3,36,36,36],"current_hp_per_floor":[39,38,38,36,35,35,28,28,28,30,25,43,33,35,35,31,54,57,57,62,59,54,54,61,32,32,32,32,32,23,18,36,30,55,62,62,63,56,56,56,46,46,46,31,21,13,32,19,32,32,15,56,56,56,13,0,0],"gold":56,"neow_bonus":"THREE_RARE_CARDS","is_daily":false,"chose_seed":false,"campfire_upgraded":6,"win_rate":0.0,"timestamp":1610708014,"path_taken":["M","M","$","M","M","R","E","R","T","M","E","R","E","M","R","BOSS","M","?","?","M","M","R","M","E","T","R","E","?","M","E","R","BOSS","M","$","M","M","?","R","?","R","T","E","M","E","R","M","R","BOSS","R","$","E","BOSS"],"items_purchased_type":["Relic","Relic","Card","Card"],"build_version":"2020-12-22","purchased_purges":2,"victory":false,"max_hp_per_floor":[60,60,60,60,60,60,60,60,60,60,61,61,62,62,62,62,62,62,62,62,62,62,62,62,62,62,62,62,62,62,62,62,63,63,63,63,63,63,63,63,63,63,63,63,64,66,66,66,68,68,70,70,70,70,72,74,74],"relic_stats":{"Sozu":8,"Nunchaku":[2],"Shovel":2,"Singing Bowl":2,"counters":[31,181],"Shuriken":[34],"Mummified Hand":[45],"Sundial":[2],"Turnip":[12],"Bag of Preparation":[48],"Orichalcum":[0],"obtain_stats":[{"animator:WizardHat":25,"Singing Bowl":44,"animator:TheMissingPiece":0,"Oddly Smooth Stone":3,"Incense Burner":7,"Bag of Preparation":11,"Bottled Tornado":40,"Orichalcum":55,"Blood Vial":7,"Sozu":17,"Bottled Flame":26,"Nunchaku":50,"Shovel":28,"animator:PurgingStone":0,"animator:ExquisiteBloodVial":46,"Shuriken":9,"Mummified Hand":31,"Sundial":46,"Molten Egg 2":36,"animator:LivingPicture":0,"Turnip":13,"Mark of Pain":34,"Red Mask":39},{"animator:WizardHat":16,"Singing Bowl":24,"animator:TheMissingPiece":0,"Oddly Smooth Stone":2,"Incense Burner":5,"Bag of Preparation":7,"Bottled Tornado":23,"Orichalcum":30,"Blood Vial":5,"Sozu":10,"Bottled Flame":16,"Nunchaku":28,"Shovel":17,"animator:PurgingStone":0,"animator:ExquisiteBloodVial":26,"Shuriken":5,"Mummified Hand":19,"Sundial":26,"Molten Egg 2":21,"animator:LivingPicture":0,"Turnip":8,"Mark of Pain":20,"Red Mask":23},{"animator:WizardHat":91,"Singing Bowl":138,"animator:TheMissingPiece":0,"Oddly Smooth Stone":10,"Incense Burner":27,"Bag of Preparation":39,"Bottled Tornado":131,"Orichalcum":179,"Blood Vial":27,"Sozu":63,"Bottled Flame":91,"Nunchaku":163,"Shovel":101,"animator:PurgingStone":0,"animator:ExquisiteBloodVial":151,"Shuriken":27,"Mummified Hand":113,"Sundial":151,"Molten Egg 2":125,"animator:LivingPicture":0,"Turnip":47,"Mark of Pain":122,"Red Mask":131}]},"card_choices":[{"not_picked":["animator:FeridBathory","animator:Boros"],"picked":"animator:Rimuru","floor":0.0},{"not_picked":["animator:Yoichi","animator:Kazuma"],"picked":"animator:Sebas","floor":1.0},{"not_picked":["animator:Cocytus","animator:ChaikaBohdan"],"picked":"animator:KrulTepes","floor":2.0},{"not_picked":["animator:ElricEdward","animator:YaoHaDucy"],"picked":"animator:DolaCouronne","floor":4.0},{"not_picked":["animator:Add","animator:Lu"],"picked":"animator:Elsword","floor":5.0},{"not_picked":["animator:Mitsurugi","animator:Kuribayashi"],"picked":"animator:Fredrika","floor":7.0},{"not_picked":["animator:Father","animator:Elsword"],"picked":"animator:DolaStephanie","floor":10.0},{"not_picked":["animator:Entoma","animator:Shinoa"],"picked":"animator:Mikaela","floor":11.0},{"not_picked":["animator:Elsword","animator:Ain"],"picked":"animator:Rena","floor":13.0},{"not_picked":["animator:Kuribayashi","animator:ZankiKiguchi"],"picked":"animator:PandorasActor","floor":14.0},{"not_picked":["animator:Greed","animator:Guren"],"picked":"animator:Ainz","floor":16.0},{"not_picked":["animator:Tet","animator:Hakurou"],"picked":"animator:Vesta","floor":18.0},{"not_picked":["animator:Vesta","animator:DolaStephanie"],"picked":"animator:WinryRockbell","floor":20.0},{"not_picked":["animator:Aisha","animator:Add"],"picked":"animator:Lu","floor":21.0},{"not_picked":["animator:TukaLunaMarceau","animator:Fredrika"],"picked":"animator:Illya","floor":22.0},{"not_picked":["animator:UneriGinkaku","animator:Bozes"],"picked":"animator:Konayuki","floor":24.0},{"not_picked":["animator:Rena","animator:Illya"],"picked":"animator:Bozes","floor":25.0},{"not_picked":["animator:Benimaru","animator:LizardPriest"],"picked":"animator:DwarfShaman","floor":30.0},{"not_picked":["animator:Vanir","animator:AcuraAkari"],"picked":"animator:Viivi","floor":31.0},{"not_picked":["animator:Gilgamesh","animator:Rimuru"],"picked":"animator:Eve","floor":33.0},{"not_picked":["animator:Fredrika","animator:PandorasActor"],"picked":"animator:NarberalGamma","floor":35.0},{"not_picked":["animator:Elsword+1","animator:Aisha+1"],"picked":"animator:Ciel","floor":37.0},{"not_picked":["animator:Verdia","animator:Kaijin"],"picked":"animator:HiiragiShinya","floor":38.0},{"not_picked":["animator:Alexander+1","animator:DolaRiku"],"picked":"animator:Kaijin+1","floor":44.0},{"not_picked":["animator:Benimaru+1","animator:DwarfShaman+1"],"picked":"animator:Berserker+1","floor":45.0},{"not_picked":["animator:Cocytus+1","animator:Demiurge","animator:Evileye"],"picked":"Singing Bowl","floor":46.0},{"not_picked":["animator:Shinoa+1","animator:HiiragiShinya"],"picked":"animator:Lancer+1","floor":49.0},{"not_picked":["animator:Pride","animator:KrulTepes+1"],"picked":"animator:Gillette+1","floor":55}],"player_experience":841877,"relics_obtained":[{"floor":7.0,"key":"Blood Vial"},{"floor":7.0,"key":"Incense Burner"},{"floor":9.0,"key":"Shuriken"},{"floor":11.0,"key":"Blood Vial"},{"floor":11.0,"key":"Bag of Preparation"},{"floor":13.0,"key":"Blood Vial"},{"floor":13.0,"key":"Turnip"},{"floor":16.0,"key":"Blood Vial"},{"floor":25.0,"key":"Blood Vial"},{"floor":25.0,"key":"animator:WizardHat"},{"floor":26.0,"key":"Bottled Flame"},{"floor":28.0,"key":"Shovel"},{"floor":31.0,"key":"Mummified Hand"},{"floor":40.0,"key":"Bottled Tornado"},{"floor":44.0,"key":"Singing Bowl"},{"floor":46.0,"key":"animator:ExquisiteBloodVial"},{"floor":46.0,"key":"Sundial"},{"floor":50.0,"key":"Nunchaku"},{"floor":55,"key":"Orichalcum"}],"event_choices":[{"damage_healed":0.0,"max_hp_gain":0.0,"max_hp_loss":0.0,"gold_gain":0.0,"event_name":"Lab","player_choice":"Got Potions","floor":19.0,"gold_loss":0.0,"damage_taken":0.0},{"damage_healed":0.0,"max_hp_gain":0.0,"max_hp_loss":8.0,"gold_gain":0.0,"event_name":"betterThird:BetterWriting","player_choice":"Simplicity","floor":29.0,"gold_loss":0.0,"damage_taken":0.0},{"damage_healed":0.0,"max_hp_gain":0.0,"max_hp_loss":0.0,"gold_gain":0.0,"event_name":"Tomb of Lord Red Mask","player_choice":"Paid","floor":39.0,"gold_loss":257.0,"damage_taken":0.0,"relics_obtained":["Red Mask"]},{"damage_healed":0.0,"max_hp_gain":0.0,"max_hp_loss":0.0,"gold_gain":0.0,"event_name":"Winding Halls","player_choice":"Embrace Madness","floor":41.0,"gold_loss":0.0,"damage_taken":10.0,"cards_obtained":["animator:HigakiRinne"]}],"is_beta":false,"boss_relics":[{"not_picked":["Pandora\u0027s Box","Busted Crown"],"picked":"Sozu"},{"not_picked":["Calling Bell","animator:HolyGrailRelic"],"picked":"Mark of Pain"}],"items_purged_floors":[36,54],"is_endless":false,"potions_floor_spawned":[2,4,13,14,16,20,25,33,38,44,49],"killed_by":"The Heart","ascension_level":15}}