{"host":"9tzam4717zt8ei1o","time":1610746483,"event":{"mods":["BaseMod","Colored Map","Keyboard Shortcuts","Minty Spire (QoL Compilation)","Quick Restart","StSLib","SuperFastMode"],"gold_per_floor":[112,62,62,72,72,106,106,126,126,156,156,189,189,219,219,318,318,331,606,625,50,70,70,70,98,124,157,6,6,6,26,26,127,127,145,158,176,38,55,84,84,109,109,136,136,136,146,96,96,96],"floor_reached":51,"language":"KOR","playtime":1239,"items_purged":["Regret","Defend_G","Decay"],"score":968,"play_id":"7058ec18-e6ea-4a73-918d-864fb2cec5af","local_time":"20210116063443","is_ascension_mode":true,"campfire_choices":[{"data":"Poisoned Stab","floor":7,"key":"SMITH"},{"data":"Neutralize","floor":11,"key":"SMITH"},{"data":"Dagger Throw","floor":13,"key":"SMITH"},{"data":"Well Laid Plans","floor":15,"key":"SMITH"},{"data":"Heel Hook","floor":23,"key":"SMITH"},{"data":"Adrenaline","floor":32,"key":"SMITH"},{"data":"Metamorphosis","floor":41,"key":"SMITH"},{"data":"Acrobatics","floor":45,"key":"SMITH"},{"data":"Malaise","floor":49,"key":"SMITH"}],"circlet_count":0,"master_deck":["Defend_G","Defend_G","Defend_G","Defend_G","Survivor","Neutralize+1","Well Laid Plans+1","Poisoned Stab+1","Dagger Throw+1","Escape Plan","Adrenaline+1","Adrenaline+1","Finisher+1","Calculated Gamble+1","Blade Dance+1","Acrobatics+1","Heel Hook+1","Escape Plan+1","Malaise+1","Metamorphosis+1","Eviscerate+1","Prepared+1","Reflex+1"],"relics":["Ring of the Snake","NeowsBlessing","Torii","Tingsha","Centennial Puzzle","Smiling Mask","Incense Burner","Astrolabe","ClockworkSouvenir","Ginger","Lantern","MealTicket","Orichalcum","Membership Card","Paper Crane","Cursed Key","Prayer Wheel","Question Card","Bottled Tornado","Nunchaku"],"acts_visited":["Exordium","TheCity","TheBeyond"],"potions_floor_usage":[10,50],"damage_taken":[{"damage":0,"enemies":"Jaw Worm","floor":1,"turns":1},{"damage":0,"enemies":"2 Louse","floor":4,"turns":1},{"damage":0,"enemies":"Gremlin Nob","floor":6,"turns":1},{"damage":0,"enemies":"Cultist","floor":8,"turns":3},{"damage":2,"enemies":"Lagavulin","floor":10,"turns":5},{"damage":19,"enemies":"Gremlin Nob","floor":12,"turns":4},{"damage":18,"enemies":"Lagavulin","floor":14,"turns":5},{"damage":16,"enemies":"The Guardian","floor":16,"turns":12},{"damage":1,"enemies":"Chosen","floor":18,"turns":2},{"damage":0,"enemies":"Shell Parasite","floor":20,"turns":4},{"damage":0,"enemies":"Sentry and Sphere","floor":22,"turns":2},{"damage":1,"enemies":"Slavers","floor":25,"turns":2},{"damage":0,"enemies":"Book of Stabbing","floor":27,"turns":1},{"damage":0,"enemies":"Centurion and Healer","floor":31,"turns":2},{"damage":51,"enemies":"Automaton","floor":33,"turns":8},{"damage":0,"enemies":"Orb Walker","floor":35,"turns":1},{"damage":0,"enemies":"3 Darklings","floor":36,"turns":3},{"damage":7,"enemies":"Maw","floor":37,"turns":4},{"damage":5,"enemies":"Sphere and 2 Shapes","floor":39,"turns":3},{"damage":16,"enemies":"Nemesis","floor":40,"turns":7},{"damage":1,"enemies":"Giant Head","floor":42,"turns":4},{"damage":2,"enemies":"Nemesis","floor":44,"turns":3},{"damage":1,"enemies":"3 Darklings","floor":47,"turns":2},{"damage":0,"enemies":"Time Eater","floor":50,"turns":7}],"seed_played":"-3949963448856861179","potions_obtained":[{"floor":1,"key":"Energy Potion"},{"floor":6,"key":"Poison Potion"},{"floor":12,"key":"Fire Potion"},{"floor":14,"key":"AttackPotion"},{"floor":20,"key":"DuplicationPotion"},{"floor":25,"key":"GhostInAJar"}],"is_trial":false,"path_per_floor":["M","?","$","M","?","E","R","M","T","E","R","E","R","E","R","B",null,"M","?","M","$","M","R","?","E","T","E","$","T","?","M","R","B",null,"M","M","M","$","M","E","R","E","T","E","R","?","M","$","R","B",null],"character_chosen":"THE_SILENT","items_purchased":["Acrobatics","ClockworkSouvenir","Ginger","Heel Hook","Membership Card","Metamorphosis"],"campfire_rested":0,"item_purchase_floors":[21,21,21,21,28,38],"current_hp_per_floor":[70,70,70,70,70,70,70,70,70,68,68,49,49,31,31,15,70,69,69,69,69,69,69,69,68,68,68,70,70,70,70,70,19,70,70,70,63,70,65,49,49,48,48,46,46,46,45,60,60,60],"gold":96,"neow_bonus":"THREE_ENEMY_KILL","is_daily":false,"chose_seed":false,"campfire_upgraded":9,"win_rate":0.0,"timestamp":1610746483,"path_taken":["M","?","$","M","?","E","R","M","T","E","R","E","R","E","R","BOSS","M","?","M","$","?","R","?","E","T","E","$","?","?","?","R","BOSS","M","M","M","$","M","E","R","E","T","E","R","?","M","$","R","BOSS"],"items_purchased_type":["Card","Relic","Relic","Card","Relic","Card"],"build_version":"2020-12-22","purchased_purges":3,"victory":true,"max_hp_per_floor":[70,70,70,70,70,70,70,70,70,70,70,70,70,70,70,70,70,70,70,70,70,70,70,70,70,70,70,70,70,70,70,70,70,70,70,70,70,70,70,70,70,70,70,70,70,70,70,70,70,70],"card_choices":[{"not_picked":["Skewer","Deadly Poison","Cloak And Dagger"],"picked":"SKIP","floor":1},{"not_picked":["Infinite Blades","Dash"],"picked":"Well Laid Plans","floor":4},{"not_picked":["Burst","Bane"],"picked":"Poisoned Stab","floor":6},{"not_picked":["Flying Knee","Dodge and Roll"],"picked":"Dagger Throw","floor":8},{"not_picked":["Concentrate","Deflect"],"picked":"Escape Plan","floor":10},{"not_picked":["Skewer","Dodge and Roll","Catalyst"],"picked":"SKIP","floor":12},{"not_picked":["Outmaneuver","Finisher","Dodge and Roll"],"picked":"SKIP","floor":14},{"not_picked":["Night Terror","Phantasmal Killer"],"picked":"Adrenaline","floor":16},{"not_picked":["Dagger Throw","Caltrops"],"picked":"Blade Dance+1","floor":18},{"not_picked":["Dagger Throw","Catalyst","Distraction+1"],"picked":"SKIP","floor":20},{"not_picked":["Blade Dance","Finisher","Bouncing Flask"],"picked":"SKIP","floor":22},{"not_picked":["Sucker Punch","Prepared","Skewer+1"],"picked":"SKIP","floor":25},{"not_picked":["Masterful Stab","Acrobatics"],"picked":"Escape Plan+1","floor":27},{"not_picked":["Underhanded Strike","Setup","Blade Dance"],"picked":"SKIP","floor":31},{"not_picked":["Die Die Die","Unload"],"picked":"Malaise","floor":33},{"not_picked":["Deadly Poison","Dodge and Roll","Cloak And Dagger+1"],"picked":"SKIP","floor":35},{"not_picked":["Sucker Punch","Dodge and Roll+1","PiercingWail+1"],"picked":"SKIP","floor":36},{"not_picked":["Dash","Quick Slash","Prepared"],"picked":"SKIP","floor":37},{"not_picked":["Dagger Throw","Bullet Time","Cloak And Dagger"],"picked":"SKIP","floor":39},{"not_picked":["Slice","Footwork"],"picked":"Eviscerate+1","floor":40},{"not_picked":["Underhanded Strike","Masterful Stab+1","Dodge and Roll"],"picked":"SKIP","floor":42},{"not_picked":["Poisoned Stab+1","Setup+1","Eviscerate+1"],"picked":"Prepared+1","floor":44},{"not_picked":["Underhanded Strike","PiercingWail","Dagger Throw+1"],"picked":"Reflex+1","floor":47},{"not_picked":["Flying Knee","Dodge and Roll+1","Venomology","Bane+1"],"picked":"SKIP","floor":47}],"player_experience":72414,"relics_obtained":[{"floor":6,"key":"Torii"},{"floor":9,"key":"Tingsha"},{"floor":10,"key":"Centennial Puzzle"},{"floor":12,"key":"Smiling Mask"},{"floor":14,"key":"Incense Burner"},{"floor":25,"key":"Lantern"},{"floor":26,"key":"MealTicket"},{"floor":27,"key":"Orichalcum"},{"floor":29,"key":"Paper Crane"},{"floor":40,"key":"Prayer Wheel"},{"floor":42,"key":"Question Card"},{"floor":43,"key":"Bottled Tornado"},{"floor":44,"key":"Nunchaku"}],"event_choices":[{"cards_removed":["Strike_G"],"damage_healed":0,"gold_gain":0,"player_choice":"Card Removal","damage_taken":0,"max_hp_gain":0,"max_hp_loss":0,"event_name":"The Cleric","floor":2,"gold_loss":50},{"cards_removed":["Strike_G"],"damage_healed":0,"gold_gain":0,"player_choice":"Forget","damage_taken":0,"max_hp_gain":0,"max_hp_loss":0,"event_name":"Living Wall","floor":5,"gold_loss":0},{"damage_healed":0,"gold_gain":275,"player_choice":"Desecrate","damage_taken":0,"max_hp_gain":0,"max_hp_loss":0,"event_name":"Golden Shrine","floor":19,"gold_loss":0,"cards_obtained":["Regret"]},{"damage_healed":0,"gold_gain":0,"player_choice":"0 cards matched","damage_taken":0,"max_hp_gain":0,"max_hp_loss":0,"event_name":"Match and Keep!","floor":24,"gold_loss":0,"cards_obtained":[]},{"damage_healed":0,"gold_gain":0,"player_choice":"Ignored","damage_taken":0,"max_hp_gain":0,"max_hp_loss":0,"event_name":"Cursed Tome","floor":30,"gold_loss":0},{"damage_healed":0,"gold_gain":0,"player_choice":"Ignored","damage_taken":0,"max_hp_gain":0,"max_hp_loss":0,"event_name":"Tomb of Lord Red Mask","floor":46,"gold_loss":0}],"is_beta":false,"boss_relics":[{"not_picked":["Empty Cage","WristBlade"],"picked":"Astrolabe"},{"not_picked":["SacredBark","Black Star"],"picked":"Cursed Key"}],"items_purged_floors":[21,38,48],"is_endless":false,"potions_floor_spawned":[1,6,12,14,20,25,39,40,44],"ascension_level":1}}