{"host":"9u9ci7gr6x9ja244","time":1610696747,"event":{"mods":["BaseMod","Downfall","Minty Spire (QoL Compilation)","StSLib"],"gold_per_floor":[99,99,99,24,24,24,51,66,79,108,93,93,117,117,130,229,229,154,167,167,167,167],"floor_reached":20,"language":"ZHS","playtime":927,"items_purged":["Slimebound:Strike_Slimebound"],"score":168,"play_id":"f2d1a1d5-c87f-4f23-bf96-30b0e1ce1ccb","local_time":"20210115154547","is_ascension_mode":false,"campfire_choices":[{"data":"Slimebound:Split","floor":1,"key":"SMITH"},{"data":"Slimebound:RainOfGoop","floor":6,"key":"SMITH"},{"floor":18,"key":"RECALL"}],"circlet_count":0,"master_deck":["Slimebound:Strike_Slimebound","Slimebound:Strike_Slimebound+1","Slimebound:Tackle","Slimebound:Defend_Slimebound","Slimebound:Defend_Slimebound","Slimebound:Defend_Slimebound","Slimebound:Defend_Slimebound+1","Slimebound:Split+1","Slimebound:CorrosiveSpit","Slimebound:SplitMire","Slimebound:RainOfGoop+1","Slimebound:OozeBath","Slimebound:RollThrough+1","Slimebound:RollThrough","Regret","Slimebound:LevelUp","Slimebound:ItLooksTasty","Slimebound:OneTwoCombo","Slimebound:SplitLeeching+1"],"relics":["Slimebound:AbsorbEndCombat","downfall:HeartsMalice","Meat on the Bone","Slimebound:AggressiveSlimeRelic","Sundial","Odd Mushroom","Shuriken","Runic Pyramid","downfall:HeartBlessingGreen"],"acts_visited":["Exordium","TheCity"],"potions_floor_usage":[16,16,16],"damage_taken":[{"damage":0,"enemies":"2 Louse","floor":2,"turns":1},{"damage":0,"enemies":"Jaw Worm","floor":3,"turns":1},{"damage":0,"enemies":"downfall:FleeingMerchant","floor":4,"turns":1},{"damage":16,"enemies":"Small Slimes","floor":8,"turns":4},{"damage":24,"enemies":"2 Fungi Beasts","floor":9,"turns":3},{"damage":47,"enemies":"3 Sentries","floor":10,"turns":8},{"damage":15,"enemies":"downfall:FleeingMerchant","floor":11,"turns":4},{"damage":23,"enemies":"The Mushroom Lair","floor":13,"turns":3},{"damage":10,"enemies":"Large Slime","floor":15,"turns":5},{"damage":63,"enemies":"downfall:Silent","floor":16,"turns":5},{"damage":45,"enemies":"Shell Parasite","floor":19,"turns":5},{"damage":55,"enemies":"3 Byrds","floor":20,"turns":3}],"seed_played":"-5065231072083845019","potions_obtained":[{"floor":9,"key":"champ:CounterPotion"},{"floor":10,"key":"Fire Potion"},{"floor":13,"key":"Slimebound:ThreeZeroPotion"},{"floor":16,"key":"AttackPotion"}],"is_trial":false,"path_per_floor":["R","M","M","$","?","R","T","M","M","E","$","?","?","T","M","B",null,"R","M","M"],"character_chosen":"SLIMEBOUND","items_purchased":[],"campfire_rested":0,"item_purchase_floors":[],"current_hp_per_floor":[60,60,60,60,57,57,57,58,54,45,46,46,43,43,49,30,60,60,45,0,0,0],"gold":167,"neow_bonus":"THREE_ENEMY_KILL","is_daily":false,"chose_seed":false,"campfire_upgraded":2,"win_rate":0.0,"timestamp":1610696747,"path_taken":["R","M","M","$","?","R","T","M","M","E","?","?","?","?","M","BOSS","R","M","M"],"items_purchased_type":[],"build_version":"2020-12-22","purchased_purges":1,"victory":false,"max_hp_per_floor":[60,60,60,60,60,60,60,60,60,60,60,60,60,60,60,60,60,60,60,60,60,60],"card_choices":[{"not_picked":["Slimebound:AcidTongue","Slimebound:ComboTackle","Slimebound:SlimeSpikes"],"picked":"SKIP","floor":2},{"not_picked":["Slimebound:LivingWall","Slimebound:Schlurp"],"picked":"Slimebound:SplitMire","floor":3},{"not_picked":["Slimebound:SamplingLick","Slimebound:Prepare"],"picked":"Slimebound:RainOfGoop","floor":4},{"not_picked":["Slimebound:SpikyOuterGoop","Slimebound:GrowthPunch","Slimebound:SplitAcid"],"picked":"SKIP","floor":8},{"not_picked":["Slimebound:LeechEnergy","Slimebound:Schlurp"],"picked":"Slimebound:OozeBath","floor":9},{"not_picked":["Slimebound:SlimeBrawl","Slimebound:SplitAcid"],"picked":"Slimebound:RollThrough","floor":10},{"not_picked":["Slimebound:Gluttony","Slimebound:SamplingLick"],"picked":"Slimebound:RollThrough","floor":11},{"not_picked":["Slimebound:Schlurp","Slimebound:FormOfPuddle"],"picked":"Slimebound:LevelUp","floor":13},{"not_picked":["Slimebound:GrowthPunch","Slimebound:SamplingLick"],"picked":"Slimebound:ItLooksTasty","floor":15},{"not_picked":["Slimebound:SlimeSlap","Slimebound:Teamwork"],"picked":"Slimebound:OneTwoCombo","floor":16},{"not_picked":["Slimebound:SlimeTap","Slimebound:PressTheAttack"],"picked":"Slimebound:SplitLeeching+1","floor":19}],"player_experience":241566,"relics_obtained":[{"floor":7,"key":"Slimebound:AggressiveSlimeRelic"},{"floor":10,"key":"Sundial"},{"floor":13,"key":"Odd Mushroom"},{"floor":14,"key":"Shuriken"}],"event_choices":[{"damage_healed":0,"gold_gain":0,"player_choice":"Success","damage_taken":3,"relics_obtained":["Meat on the Bone"],"max_hp_gain":0,"max_hp_loss":0,"event_name":"Scrap Ooze","floor":5,"gold_loss":0},{"damage_healed":0,"gold_gain":0,"player_choice":"Fought Mushrooms","damage_taken":0,"max_hp_gain":0,"max_hp_loss":0,"event_name":"Mushrooms","floor":13,"gold_loss":0}],"is_beta":false,"boss_relics":[{"not_picked":["Runic Dome","Fusion Hammer"],"picked":"Runic Pyramid"}],"items_purged_floors":[4],"is_endless":false,"potions_floor_spawned":[9,10,13,15,16],"killed_by":"3 Byrds","ascension_level":0}}