{"host":"2pmmafybkq7zb6na","time":1610722783,"event":{"mods":["AchievementEnabler","BaseMod","Colored Map","Highlight Path","Minty Spire (QoL Compilation)","Quick Restart","StSLib","SuperFastMode"],"gold_per_floor":[109,125,144,164,181,207,207,232,232,232,232,251,251,56,56,56,56],"floor_reached":16,"language":"KOR","playtime":863,"items_purged":["Defend_R"],"score":112,"play_id":"70ee8b43-ab20-4a28-b019-094f126bba80","local_time":"20210115235943","is_ascension_mode":false,"campfire_choices":[{"floor":7,"key":"REST"},{"data":"Infernal Blade","floor":10,"key":"SMITH"},{"floor":13,"key":"REST"},{"data":"Armaments","floor":15,"key":"SMITH"}],"circlet_count":0,"master_deck":["Strike_R","Strike_R","Strike_R","Strike_R","Strike_R","Defend_R","Defend_R","Defend_R","Bash","Pommel Strike","Rupture","Flex","Warcry","Infernal Blade+1","Pommel Strike","Inflame","Armaments+1"],"relics":["Burning Blood","Ancient Tea Set","Centennial Puzzle","Gambling Chip","Unceasing Top","Paper Frog"],"acts_visited":["Exordium"],"potions_floor_usage":[6,16,16,16],"damage_taken":[{"damage":5,"enemies":"2 Louse","floor":1,"turns":2},{"damage":9,"enemies":"Jaw Worm","floor":2,"turns":4},{"damage":1,"enemies":"Cultist","floor":3,"turns":4},{"damage":32,"enemies":"Exordium Thugs","floor":4,"turns":5},{"damage":23,"enemies":"Exordium Wildlife","floor":5,"turns":8},{"damage":28,"enemies":"Gremlin Nob","floor":6,"turns":4},{"damage":35,"enemies":"3 Sentries","floor":8,"turns":9},{"damage":0,"enemies":"2 Fungi Beasts","floor":12,"turns":2},{"damage":49,"enemies":"Hexaghost","floor":16,"turns":8}],"seed_played":"5334485702662485579","potions_obtained":[{"floor":1,"key":"LiquidMemories"},{"floor":3,"key":"SneckoOil"},{"floor":5,"key":"LiquidMemories"},{"floor":12,"key":"BloodPotion"}],"is_trial":false,"path_per_floor":["M","M","M","M","M","E","R","E","T","R","?","M","R","$","R","B"],"character_chosen":"IRONCLAD","items_purchased":["Inflame","Armaments"],"campfire_rested":2,"item_purchase_floors":[14,14],"current_hp_per_floor":[80,77,80,54,37,15,39,10,10,10,3,9,33,33,33,0,0],"gold":56,"neow_bonus":"RANDOM_COMMON_RELIC","is_daily":false,"chose_seed":false,"campfire_upgraded":2,"win_rate":0.0,"timestamp":1610722783,"path_taken":["M","M","M","M","M","E","R","E","T","R","?","M","R","$","R","BOSS"],"items_purchased_type":["Card","Card"],"build_version":"2020-12-22","purchased_purges":1,"victory":false,"max_hp_per_floor":[80,80,80,80,80,80,80,80,80,80,80,80,80,80,80,80,80],"card_choices":[{"not_picked":["Dark Embrace","Thunderclap"],"picked":"Pommel Strike","floor":1},{"not_picked":["Uppercut","True Grit"],"picked":"Rupture","floor":2},{"not_picked":["Sword Boomerang","Twin Strike"],"picked":"Flex","floor":3},{"not_picked":["True Grit","Berserk"],"picked":"Warcry","floor":4},{"not_picked":["Uppercut","Carnage","Body Slam"],"picked":"SKIP","floor":5},{"not_picked":["Dropkick","Bloodletting"],"picked":"Infernal Blade","floor":6},{"not_picked":["Body Slam","True Grit","Hemokinesis"],"picked":"SKIP","floor":8},{"not_picked":["True Grit","Perfected Strike"],"picked":"Pommel Strike","floor":12}],"player_experience":28513,"relics_obtained":[{"floor":6,"key":"Centennial Puzzle"},{"floor":8,"key":"Gambling Chip"},{"floor":9,"key":"Unceasing Top"}],"event_choices":[{"damage_healed":0,"gold_gain":0,"player_choice":"Success","damage_taken":7,"relics_obtained":["Paper Frog"],"max_hp_gain":0,"max_hp_loss":0,"event_name":"Scrap Ooze","floor":11,"gold_loss":0}],"is_beta":false,"boss_relics":[],"items_purged_floors":[14],"is_endless":false,"potions_floor_spawned":[1,3,5,12],"killed_by":"Hexaghost","ascension_level":0}}