{"host":"bc298c4gavna5tx2","time":1610726467,"event":{"mods":["ATMod(°¢èªMod)","Act Like it!","BaseMod","Challenge The Spire","Minty Spire (QoL Compilation)","MostiFishMod","Quarter Circle Forward PUNCH!","Quick Restart","Replay The Spire","Spicy Shops","StSLib","¡¾¹¦ÄÜMod¡¿»ìãçÖ®»·ÐÞ¸´²¹¶¡"],"gold_per_floor":[215,215,51,1,19,52,72,103,155,155,189,201,201,214,214,319,319,338,338,253,30,44,173,218,251,251,97,127,138,154,168,168,269,269,288,288,301,50,67,94,94,124,124,124,174,174,0,0,0,0,0,0,0,27,27],"floor_reached":56,"language":"ZHS","playtime":1610,"items_purged":["Decay","Defend_B"],"score":2409,"play_id":"291c2111-627c-43f4-92b3-dce5e0508766","local_time":"20210116000107","is_ascension_mode":true,"campfire_choices":[{"data":"AT_FamilyPortrait","floor":10.0,"key":"SMITH"},{"data":"Zap","floor":13.0,"key":"SMITH"},{"data":"Dualcast","floor":15.0,"key":"SMITH"},{"floor":32.0,"key":"RECALL"},{"data":"MostiFishMod:Hijack","floor":41.0,"key":"SMITH"},{"data":"MostiFishMod:StrandedSiren","floor":44.0,"key":"SMITH"},{"data":"AT_DarkMatter","floor":49.0,"key":"SMITH"},{"data":"AT_DarkMatter","floor":52,"key":"SMITH"}],"circlet_count":0,"master_deck":["AscendersBane","Strike_B","Strike_B","Defend_B","Defend_B","Defend_B","Zap+1","Dualcast+1","AT_FamilyPortrait+1","AT_DarkMatter+1","AT_DarkMatter+1","MostiFishMod:ReadyAimFire+1","Glacier+1","MostiFishMod:GatherIntelligence+1","MostiFishMod:Hijack+1","MostiFishMod:StrandedSiren+1","ReplayRNGCard+1","Hyperbeam"],"relics":["Cracked Core","AT_ATBox","DaveBox","ShadowXiaoBlade","SynthV:TestCard","StrikeDummy","ReplayTheSpireMod:CursedCoin","Ornamental Fan","Pen Nib","qcfpunch:Necklace_of_Skulls","Letter Opener","Juzu Bracelet","HereWithMe","Ice Cream","Lee\u0027s Waffle","PreservedInsect","qcfpunch:Not_Strongest_Fighting_Style_Guidebook","ReplayTheSpireMod:TigerMarble","Happy Flower","ReplayTheSpireMod:Lightbulb","SynthV","Divine Protection","GuanYuAspect","HandDrill","qcfpunch:Red_Beret","AT_ArchangelStaff","AT_BellowingDragoncrestRing","DianPoetry","Red Mask","qcfpunch:White_Boots"],"acts_visited":["Exordium","TheCity","TheBeyond","TheEnding"],"potions_floor_usage":[50],"damage_taken":[{"damage":0.0,"enemies":"Cultist","floor":1.0,"turns":2.0},{"damage":3.0,"enemies":"2 Louse","floor":5.0,"turns":2.0},{"damage":15.0,"enemies":"3 Sentries","floor":6.0,"turns":5.0},{"damage":7.0,"enemies":"Jaw Worm","floor":7.0,"turns":2.0},{"damage":1.0,"enemies":"Gremlin Nob","floor":8.0,"turns":3.0},{"damage":15.0,"enemies":"3 Sentries","floor":11.0,"turns":3.0},{"damage":1.0,"enemies":"Looter","floor":12.0,"turns":2.0},{"damage":0.0,"enemies":"Red Slaver","floor":14.0,"turns":1.0},{"damage":0.0,"enemies":"Slime Boss","floor":16.0,"turns":3.0},{"damage":0.0,"enemies":"Chosen","floor":18.0,"turns":1.0},{"damage":0.0,"enemies":"3 Byrds","floor":22.0,"turns":1.0},{"damage":0.0,"enemies":"Slavers","floor":23.0,"turns":2.0},{"damage":0.0,"enemies":"Gremlin Leader","floor":25.0,"turns":2.0},{"damage":0.0,"enemies":"Slavers","floor":28.0,"turns":1.0},{"damage":0.0,"enemies":"Sentry and Sphere","floor":29.0,"turns":2.0},{"damage":0.0,"enemies":"Centurion and Healer","floor":30.0,"turns":2.0},{"damage":0.0,"enemies":"Cultist and Chosen","floor":31.0,"turns":1.0},{"damage":0.0,"enemies":"Champ","floor":33.0,"turns":3.0},{"damage":0.0,"enemies":"3 Shapes","floor":35.0,"turns":1.0},{"damage":0.0,"enemies":"3 Darklings","floor":37.0,"turns":2.0},{"damage":0.0,"enemies":"Maw","floor":39.0,"turns":2.0},{"damage":0.0,"enemies":"R_Hoarder","floor":40.0,"turns":1.0},{"damage":0.0,"enemies":"Nemesis","floor":42.0,"turns":1.0},{"damage":0.0,"enemies":"Mind Bloom Boss Battle","floor":45.0,"turns":1.0},{"damage":0,"enemies":"Donu and Deca","floor":50,"turns":1},{"damage":0,"enemies":"Shield and Spear","floor":54,"turns":2},{"damage":0,"enemies":"The Heart","floor":55,"turns":3}],"seed_played":"-3654861095976425222","potions_obtained":[{"floor":6.0,"key":"AttackPotion"},{"floor":11.0,"key":"GamblersBrew"},{"floor":14.0,"key":"Strength Potion"},{"floor":16.0,"key":"Swift Potion"},{"floor":33.0,"key":"SkillPotion"},{"floor":40.0,"key":"FocusPotion"},{"floor":45.0,"key":"GamblersBrew"}],"is_trial":false,"path_per_floor":["M","T","$","?","M","E","M","E","T","R","E","M","R","M","R","B",null,"M","?","?","$","M","E","T","E","T","$","E","M","M","M","R","B",null,"M","?","M","$","M","E","R","E","T","R","?","?","?","?","R","B",null,"R","$","E","B",null],"character_chosen":"DEFECT","items_purchased":["ReplayTheSpireMod:CursedCoin","Ornamental Fan","Lee\u0027s Waffle","PreservedInsect","SynthV","HandDrill"],"campfire_rested":0,"item_purchase_floors":[3,3,21,21,27,38],"current_hp_per_floor":[68,68,68,68,65,50,43,42,42,42,27,26,26,26,26,26,63,63,63,63,82,82,82,82,82,82,82,82,82,82,82,82,82,41,41,41,41,41,41,41,41,41,41,41,41,41,41,39,39,39,39,39,39,39,39],"gold":27,"neow_bonus":"HUNDRED_GOLD","is_daily":false,"chose_seed":false,"campfire_upgraded":7,"win_rate":0.0,"timestamp":1610726467,"path_taken":["M","?","$","?","M","E","?","E","T","R","E","M","R","M","R","BOSS","M","?","?","$","M","E","?","E","T","$","E","M","M","M","R","BOSS","M","?","M","$","M","E","R","E","T","R","?","?","?","?","R","BOSS","R","$","E","BOSS"],"items_purchased_type":["Relic","Relic","Relic","Relic","Relic","Relic"],"build_version":"2020-12-22","purchased_purges":2,"victory":true,"max_hp_per_floor":[75,75,75,75,75,75,75,75,75,75,75,75,75,75,75,75,75,75,75,75,82,82,82,82,82,82,82,82,82,82,82,82,82,41,41,41,41,41,41,41,41,41,41,41,41,41,41,39,39,39,39,39,39,39,39],"card_choices":[{"not_picked":["FTL","Redo","Turbo"],"picked":"SKIP","floor":1.0},{"not_picked":["Tempest","Barrage","Melter","Cold Snap"],"picked":"AT_DarkMatter","floor":5.0},{"not_picked":["MostiFishMod:PushDownKick","Beam Cell","ReplayTheSpireMod:GoodbyeWorld","Conserve Battery","Stack"],"picked":"SKIP","floor":6.0},{"not_picked":["Cold Snap","Ball Lightning","MostiFishMod:PushDownKick","Turbo","Coolheaded"],"picked":"SKIP","floor":7.0},{"not_picked":["Hologram","Redo","Leap","Compile Driver","MostiFishMod:LinkProtocol"],"picked":"SKIP","floor":8.0},{"not_picked":["Defragment","Fusion","ReplayTheSpireMod:Calculation Training","All For One","Coolheaded"],"picked":"SKIP","floor":11.0},{"not_picked":["Streamline","Redo","Coolheaded","Hologram","Conserve Battery"],"picked":"SKIP","floor":12.0},{"not_picked":["Redo","BasicCrystalCard","Panic Button","ReplayTheSpireMod:Reroute Power"],"picked":"AT_DarkMatter","floor":14.0},{"not_picked":["Buffer","MostiFishMod:Tomorrow","Rainbow","MostiFishMod:Hijack"],"picked":"MostiFishMod:ReadyAimFire","floor":16.0},{"not_picked":["Streamline+1","Coolheaded","Go for the Eyes+1","Undo","Redo+1"],"picked":"SKIP","floor":18.0},{"not_picked":["MostiFishMod:Impulse","AT_StudyProgram","BasicCrystalCard","Ball Lightning+1"],"picked":"Glacier+1","floor":22.0},{"not_picked":["Streamline+1","Coolheaded","Compile Driver","Beam Cell+1"],"picked":"MostiFishMod:GatherIntelligence","floor":23.0},{"not_picked":["Crystallizer+1","Stack+1","Gash","MostiFishMod:PushDownKick"],"picked":"MostiFishMod:Hijack","floor":25.0},{"not_picked":["ReplayGash","Beam Cell+1","Compile Driver","AT_EMC2+1","Leap+1"],"picked":"SKIP","floor":28.0},{"not_picked":["Hologram","Go for the Eyes","BootSequence","Recycle","AT_HeatAcrobatics+1"],"picked":"SKIP","floor":29.0},{"not_picked":["Gash+1","Ball Lightning","Go for the Eyes","MostiFishMod:ReprogramOld","MostiFishMod:Impulse"],"picked":"SKIP","floor":30.0},{"not_picked":["BasicCrystalCard+1","Coolheaded+1","Redo","ReplayTheSpireMod:System Scan"],"picked":"MostiFishMod:StrandedSiren","floor":31.0},{"not_picked":["Electrodynamics","Fission","MostiFishMod:DeathFromBelow","Rainbow"],"picked":"ReplayRNGCard","floor":33.0},{"not_picked":["Rebound","Reprogram+1","Compile Driver+1","Force Field+1","Stack"],"picked":"SKIP","floor":35.0},{"not_picked":["ReplayTheSpireMod:GoodbyeWorld+1","Leap+1","Redo+1","Force Field+1","Cold Snap"],"picked":"SKIP","floor":37.0},{"not_picked":["Gash","Stack","Chill+1","Rip and Tear+1","Go for the Eyes+1"],"picked":"SKIP","floor":39.0},{"not_picked":["Turbo+1","Reboot","MostiFishMod:LinkProtocol+1","Recycle","MostiFishMod:GatherIntelligence+1"],"picked":"SKIP","floor":40.0},{"not_picked":["Aggregate+1","Coolheaded","Skim+1","Recycle+1","Chill"],"picked":"SKIP","floor":42.0},{"not_picked":["Turbo","Sweeping Beam","ReplayTheSpireMod:System Scan+1","Compile Driver+1","FTL"],"picked":"SKIP","floor":54}],"player_experience":88607,"relics_obtained":[{"floor":1.0,"key":"SynthV:TestCard"},{"floor":2.0,"key":"StrikeDummy"},{"floor":6.0,"key":"qcfpunch:Necklace_of_Skulls"},{"floor":8.0,"key":"Letter Opener"},{"floor":11.0,"key":"Juzu Bracelet"},{"floor":23.0,"key":"qcfpunch:Not_Strongest_Fighting_Style_Guidebook"},{"floor":24.0,"key":"ReplayTheSpireMod:TigerMarble"},{"floor":25.0,"key":"Happy Flower"},{"floor":26.0,"key":"ReplayTheSpireMod:Lightbulb"},{"floor":28.0,"key":"Divine Protection"},{"floor":40.0,"key":"qcfpunch:Red_Beret"},{"floor":42.0,"key":"AT_ArchangelStaff"},{"floor":43.0,"key":"AT_BellowingDragoncrestRing"},{"floor":45.0,"key":"DianPoetry"},{"floor":54,"key":"qcfpunch:White_Boots"}],"event_choices":[{"damage_healed":0.0,"max_hp_gain":0.0,"max_hp_loss":0.0,"gold_gain":0.0,"event_name":"WeMeetAgain","player_choice":"Paid Gold","floor":4.0,"gold_loss":50.0,"damage_taken":0.0,"relics_obtained":["Pen Nib"]},{"damage_healed":0.0,"max_hp_gain":0.0,"max_hp_loss":0.0,"gold_gain":0.0,"event_name":"Ghosts","player_choice":"Ignored","floor":19.0,"gold_loss":0.0,"damage_taken":0.0},{"damage_healed":0.0,"max_hp_gain":0.0,"max_hp_loss":0.0,"gold_gain":0.0,"event_name":"Addict","player_choice":"Obtained Relic","floor":20.0,"gold_loss":85.0,"damage_taken":0.0,"relics_obtained":["Ice Cream"]},{"damage_healed":0.0,"max_hp_gain":0.0,"max_hp_loss":0.0,"gold_gain":0.0,"cards_transformed":["Strike_B"],"event_name":"Transmorgrifier","player_choice":"Transformed","floor":36.0,"gold_loss":0.0,"damage_taken":0.0,"cards_obtained":["Hyperbeam"]},{"damage_healed":0.0,"max_hp_gain":0.0,"max_hp_loss":0.0,"gold_gain":0.0,"event_name":"MindBloom","player_choice":"Fight","floor":45.0,"gold_loss":0.0,"damage_taken":0.0},{"cards_removed":["Strike_B"],"damage_healed":0.0,"max_hp_gain":0.0,"max_hp_loss":0.0,"gold_gain":0.0,"event_name":"Falling","player_choice":"Removed Attack","floor":46.0,"gold_loss":0.0,"damage_taken":0.0},{"damage_healed":0.0,"max_hp_gain":0.0,"max_hp_loss":0.0,"gold_gain":0.0,"event_name":"Tomb of Lord Red Mask","player_choice":"Paid","floor":47.0,"gold_loss":174.0,"damage_taken":0.0,"relics_obtained":["Red Mask"]},{"damage_healed":0.0,"max_hp_gain":0.0,"max_hp_loss":2.0,"gold_gain":0.0,"event_name":"Winding Halls","player_choice":"Max HP","floor":48.0,"gold_loss":0.0,"damage_taken":0.0}],"is_beta":false,"boss_relics":[{"not_picked":["xbg","Pandora\u0027s Box"],"picked":"HereWithMe"},{"not_picked":["MoonlightInvasionPlan","Snecko Eye"],"picked":"GuanYuAspect"}],"items_purged_floors":[3,38],"is_endless":false,"potions_floor_spawned":[6,11,14,16,18,23,28,30,33,37,40,45],"ascension_level":10}}