{"host":"ir6vojma30jz6tvk","time":1610722323,"event":{"mods":["AchievementEnabler","BaseMod","Colored Map","Minty Spire (QoL Compilation)","StSLib","SuperFastMode","[IsaacMod]ì¤ß®ôÓ÷²"],"gold_per_floor":[114,125,58,78,78,78,33,46,119,50,67,67,85,97,97,198,198,209,289,388,388,388,388,406,436,436,466,466,566,580,580,580,675,675,685,695,709,490,504,504,529,548,548,558,508,524,524,541,541,541,541,541,437,466,466],"floor_reached":56,"language":"KOR","playtime":3930,"items_purged":["Strike_R","Anger","Reckless Charge","Spot Weakness","Pommel Strike"],"score":1336,"play_id":"11669afc-94bd-4c57-abb3-0351ba6ad324","local_time":"20210115235203","is_ascension_mode":false,"campfire_choices":[{"data":"Evolve","floor":6.0,"key":"SMITH"},{"data":"Burning Pact","floor":12.0,"key":"SMITH"},{"data":"Pommel Strike","floor":15.0,"key":"SMITH"},{"data":"Bloodletting","floor":23.0,"key":"SMITH"},{"floor":28.0,"key":"REST"},{"data":"Body Slam","floor":32.0,"key":"SMITH"},{"data":"Barricade","floor":40.0,"key":"SMITH"},{"floor":49.0,"key":"RECALL"},{"data":"Sentinel","floor":52,"key":"SMITH"}],"circlet_count":0,"master_deck":["Bash+1","Power Through+1","Evolve+1","Shrug It Off","Fire Breathing","Burning Pact+1","Bloodletting+1","Barricade+1","Sentinel+1","Body Slam+1","Rage","Carnage+1","True Grit+1","Fiend Fire","Pommel Strike+1","Feel No Pain"],"relics":["Burning Blood","HushsDoor","BookofShadows","Mummified Hand","Empty Cage","Lizard Tail","Happy Flower","Sundial","Bag of Preparation","FossilizedHelix","Pantograph","Pandora\u0027s Box","Membership Card","PreservedInsect","Question Card","Akabeko"],"acts_visited":["TheCity","TheBeyond","TheEnding"],"potions_floor_usage":[55],"damage_taken":[{"damage":0.0,"enemies":"2 Louse","floor":1.0,"turns":1.0},{"damage":5.0,"enemies":"Small Slimes","floor":2.0,"turns":3.0},{"damage":10.0,"enemies":"Cultist","floor":4.0,"turns":5.0},{"damage":32.0,"enemies":"Large Slime","floor":8.0,"turns":8.0},{"damage":14.0,"enemies":"Gremlin Gang","floor":11.0,"turns":6.0},{"damage":5.0,"enemies":"Looter","floor":13.0,"turns":3.0},{"damage":0.0,"enemies":"Exordium Wildlife","floor":14.0,"turns":5.0},{"damage":9.0,"enemies":"Slime Boss","floor":16.0,"turns":7.0},{"damage":6.0,"enemies":"3 Byrds","floor":18.0,"turns":3.0},{"damage":6.0,"enemies":"Spheric Guardian","floor":24.0,"turns":3.0},{"damage":25.0,"enemies":"Book of Stabbing","floor":25.0,"turns":5.0},{"damage":36.0,"enemies":"Gremlin Leader","floor":27.0,"turns":6.0},{"damage":10.0,"enemies":"Colosseum Slavers","floor":29.0,"turns":4.0},{"damage":12.0,"enemies":"Colosseum Nobs","floor":29.0,"turns":3.0},{"damage":0.0,"enemies":"Snecko","floor":30.0,"turns":4.0},{"damage":3.0,"enemies":"Champ","floor":33.0,"turns":9.0},{"damage":0.0,"enemies":"3 Shapes","floor":35.0,"turns":3.0},{"damage":17.0,"enemies":"3 Darklings","floor":36.0,"turns":3.0},{"damage":3.0,"enemies":"Writhing Mass","floor":37.0,"turns":4.0},{"damage":3.0,"enemies":"Spire Growth","floor":39.0,"turns":4.0},{"damage":4.0,"enemies":"Nemesis","floor":41.0,"turns":3.0},{"damage":0.0,"enemies":"4 Shapes","floor":42.0,"turns":5.0},{"damage":5.0,"enemies":"Writhing Mass","floor":44.0,"turns":4.0},{"damage":0.0,"enemies":"3 Darklings","floor":46.0,"turns":3.0},{"damage":0.0,"enemies":"4 Shapes","floor":48.0,"turns":2.0},{"damage":0,"enemies":"Awakened One","floor":50,"turns":6},{"damage":20,"enemies":"Shield and Spear","floor":54,"turns":4},{"damage":378,"enemies":"Delirium","floor":55,"turns":26}],"seed_played":"-7805060913519852495","potions_obtained":[{"floor":8.0,"key":"SkillPotion"},{"floor":11.0,"key":"EssenceOfSteel"},{"floor":13.0,"key":"SmokeBomb"},{"floor":18.0,"key":"Weak Potion"},{"floor":24.0,"key":"Swift Potion"},{"floor":27.0,"key":"DistilledChaos"},{"floor":35.0,"key":"SteroidPotion"}],"is_trial":false,"path_per_floor":["M","M","$","M","?","R","$","M","T","$","M","R","M","M","R","B",null,"M","?","?","?","?","R","M","E","T","E","R","?","M","T","R","B",null,"M","M","M","$","M","R","E","M","T","M","$","M","?","M","R","B",null,"R","$","E","B",null],"character_chosen":"IRONCLAD","items_purchased":["Evolve","Shrug It Off","Burning Pact","Membership Card","Swift Potion","Feel No Pain"],"campfire_rested":1,"item_purchase_floors":[3,7,10,38,38,53],"current_hp_per_floor":[80,80,80,76,60,60,60,34,34,34,26,26,27,33,33,30,75,75,60,60,60,60,60,60,41,41,11,33,23,29,29,29,57,68,68,57,60,60,63,63,65,68,68,68,68,68,68,68,68,68,68,68,68,54,251],"gold":466,"neow_bonus":"REMOVE_CARD","is_daily":false,"chose_seed":false,"campfire_upgraded":7,"win_rate":0.0,"timestamp":1610722323,"path_taken":["M","M","$","M","?","R","$","M","T","$","?","R","M","M","R","BOSS","M","?","?","?","?","R","?","E","T","E","R","?","M","?","R","BOSS","M","M","M","$","M","R","E","?","T","M","$","M","?","M","R","BOSS","R","$","E","BOSS"],"items_purchased_type":["Card","Card","Card","Relic","Potion","Card"],"build_version":"2020-12-22","purchased_purges":5,"victory":true,"max_hp_per_floor":[80,80,80,80,80,80,80,80,80,80,80,80,80,80,80,80,75,75,75,75,75,75,75,75,75,75,75,75,75,75,75,75,75,68,68,68,68,68,68,68,68,68,68,68,68,68,68,68,68,68,68,68,68,68,623],"card_choices":[{"not_picked":[],"picked":"Bomb","floor":0.0},{"not_picked":["Perfected Strike","Combust"],"picked":"Pommel Strike","floor":1.0},{"not_picked":["Flame Barrier","Ghostly Armor"],"picked":"Power Through","floor":2.0},{"not_picked":["Clash","Heavy Blade","Dropkick"],"picked":"SKIP","floor":4.0},{"not_picked":["Berserk","Flex"],"picked":"Fire Breathing","floor":8.0},{"not_picked":["Thunderclap","Hemokinesis"],"picked":"Carnage","floor":11.0},{"not_picked":["Perfected Strike","Pommel Strike","Cleave"],"picked":"SKIP","floor":13.0},{"not_picked":["Perfected Strike","Clothesline"],"picked":"Bloodletting","floor":14.0},{"not_picked":["Bludgeon","Double Tap"],"picked":"Juggernaut","floor":16.0},{"not_picked":["Rampage","Dropkick+1","Armaments+1"],"picked":"SKIP","floor":18.0},{"not_picked":["Disarm","Thunderclap","Clothesline"],"picked":"SKIP","floor":24.0},{"not_picked":["Ghostly Armor","Burning Pact+1"],"picked":"Barricade","floor":25.0},{"not_picked":["Burning Pact","Metallicize"],"picked":"Sentinel","floor":27.0},{"not_picked":["Hemokinesis+1","Dropkick+1"],"picked":"Body Slam","floor":29.0},{"not_picked":["Havoc","Iron Wave+1","Armaments"],"picked":"SKIP","floor":30.0},{"not_picked":["Seeing Red","Clash","Clothesline+1"],"picked":"SKIP","floor":35.0},{"not_picked":["Intimidate+1","Warcry+1"],"picked":"True Grit+1","floor":36.0},{"not_picked":["Shockwave+1","Warcry+1","Metallicize+1"],"picked":"SKIP","floor":37.0},{"not_picked":["Havoc+1","Flex","Rupture+1"],"picked":"SKIP","floor":39.0},{"not_picked":["Pommel Strike+1","Battle Trance","Hemokinesis+1"],"picked":"SKIP","floor":41.0},{"not_picked":["Iron Wave+1","Rupture+1","Intimidate"],"picked":"SKIP","floor":42.0},{"not_picked":["Flame Barrier+1","Sentinel","Clash+1","Cleave+1"],"picked":"SKIP","floor":44.0},{"not_picked":["Intimidate","Dropkick+1","Carnage+1","Spot Weakness+1"],"picked":"SKIP","floor":46.0},{"not_picked":["Infernal Blade","Flex+1","Intimidate+1"],"picked":"Fiend Fire","floor":48.0},{"not_picked":["Body Slam+1","Twin Strike+1","Pommel Strike","Headbutt"],"picked":"SKIP","floor":54}],"player_experience":632173,"relics_obtained":[{"floor":9.0,"key":"Mummified Hand"},{"floor":25.0,"key":"Happy Flower"},{"floor":26.0,"key":"Sundial"},{"floor":27.0,"key":"Bag of Preparation"},{"floor":29.0,"key":"FossilizedHelix"},{"floor":29.0,"key":"Pantograph"},{"floor":41.0,"key":"PreservedInsect"},{"floor":43.0,"key":"Question Card"},{"floor":54,"key":"Akabeko"}],"event_choices":[{"damage_healed":0.0,"max_hp_gain":0.0,"max_hp_loss":0.0,"gold_gain":0.0,"event_name":"Shining Light","player_choice":"Entered Light","floor":5.0,"gold_loss":0.0,"damage_taken":16.0,"cards_upgraded":["Power Through","Bash"]},{"damage_healed":0.0,"max_hp_gain":0.0,"max_hp_loss":0.0,"gold_gain":99.0,"event_name":"Nest","player_choice":"Stole From Cult","floor":20.0,"gold_loss":0.0,"damage_taken":0.0},{"damage_healed":0.0,"max_hp_gain":0.0,"max_hp_loss":0.0,"gold_gain":0.0,"event_name":"The Mausoleum","player_choice":"Opened","floor":21.0,"gold_loss":0.0,"damage_taken":0.0,"relics_obtained":["Lizard Tail"],"cards_obtained":["Writhe"]},{"damage_healed":0.0,"max_hp_gain":0.0,"max_hp_loss":0.0,"gold_gain":0.0,"event_name":"Ghosts","player_choice":"Ignored","floor":22.0,"gold_loss":0.0,"damage_taken":0.0},{"damage_healed":0.0,"max_hp_gain":0.0,"max_hp_loss":0.0,"gold_gain":0.0,"event_name":"Colosseum","player_choice":"Fight","floor":29.0,"gold_loss":0.0,"damage_taken":0.0},{"damage_healed":0.0,"max_hp_gain":0.0,"max_hp_loss":0.0,"gold_gain":0.0,"event_name":"Colosseum","player_choice":"Fought Nobs","floor":29.0,"gold_loss":0.0,"damage_taken":0.0},{"cards_removed":["Juggernaut"],"damage_healed":0.0,"max_hp_gain":0.0,"max_hp_loss":0.0,"gold_gain":0.0,"event_name":"Falling","player_choice":"Removed Power","floor":47.0,"gold_loss":0.0,"damage_taken":0.0}],"is_beta":false,"boss_relics":[{"not_picked":["Runic Pyramid","Runic Cube"],"picked":"Empty Cage"},{"not_picked":[]},{"not_picked":["Philosopher\u0027s Stone","Black Blood"],"picked":"Pandora\u0027s Box"},{"not_picked":[]}],"items_purged_floors":[17,34,38,45,53],"is_endless":false,"potions_floor_spawned":[8,11,13,14,18,24,27,35,37,42,48,54],"ascension_level":0}}