{"host":"vddkjx04kiwje1tk","time":1610694005,"event":{"mods":["AchievementEnabler","BaseMod","Colored Map","Minty Spire (QoL Compilation)","Quick Restart","SuperFastMode"],"gold_per_floor":[109,109,109,128,53,91,91,126,126,139,139,152,175,175,175,175,175],"floor_reached":16,"language":"KOR","playtime":478,"items_purged":["Defend_B"],"score":162,"play_id":"a493070d-72c0-432f-bc8d-feef287d3574","local_time":"20210115160005","is_ascension_mode":true,"campfire_choices":[{"data":"Buffer","floor":7,"key":"SMITH"},{"data":"Loop","floor":11,"key":"SMITH"},{"data":"Capacitor","floor":15,"key":"SMITH"}],"circlet_count":0,"master_deck":["Strike_B","Strike_B","Strike_B","Defend_B","Defend_B","Defend_B","Zap","Dualcast","Hologram","Buffer+1","Loop+1","Capacitor+1","Turbo+1"],"relics":["Cracked Core","NeowsBlessing","Golden Idol","Pocketwatch","Bag of Marbles","Toxic Egg 2","GremlinMask"],"acts_visited":["Exordium"],"potions_floor_usage":[13],"damage_taken":[{"damage":0,"enemies":"Small Slimes","floor":1,"turns":1},{"damage":0,"enemies":"2 Louse","floor":4,"turns":1},{"damage":0,"enemies":"Gremlin Nob","floor":6,"turns":1},{"damage":32,"enemies":"3 Sentries","floor":8,"turns":8},{"damage":0,"enemies":"Cultist","floor":10,"turns":4},{"damage":6,"enemies":"Looter","floor":12,"turns":3},{"damage":7,"enemies":"Lots of Slimes","floor":13,"turns":5},{"damage":0,"enemies":"The Guardian","floor":16,"turns":1}],"seed_played":"-2777137169732120160","potions_obtained":[{"floor":10,"key":"LiquidBronze"},{"floor":12,"key":"DistilledChaos"}],"is_trial":false,"path_per_floor":["M","?","?","M","$","E","R","E","T","M","R","M","M","?","R","B"],"character_chosen":"DEFECT","items_purchased":[],"campfire_rested":0,"item_purchase_floors":[],"current_hp_per_floor":[75,57,57,57,57,57,57,25,25,25,25,19,12,12,12,12,12],"gold":175,"neow_bonus":"THREE_ENEMY_KILL","is_daily":false,"chose_seed":false,"campfire_upgraded":3,"win_rate":0.0,"timestamp":1610694005,"path_taken":["M","?","?","?","$","E","R","E","T","M","R","M","M","?","R","BOSS"],"items_purchased_type":[],"build_version":"2020-12-22","purchased_purges":1,"victory":false,"max_hp_per_floor":[75,75,75,75,75,75,75,75,75,75,75,75,75,75,75,75,75],"card_choices":[{"not_picked":["Gash","Doom and Gloom"],"picked":"Hologram","floor":1},{"not_picked":["Ball Lightning","Gash","Sweeping Beam"],"picked":"SKIP","floor":4},{"not_picked":["Multi-Cast","Streamline"],"picked":"Buffer","floor":6},{"not_picked":["Go for the Eyes","Hologram"],"picked":"Loop","floor":8},{"not_picked":["Stack+1","Sweeping Beam"],"picked":"Capacitor","floor":10},{"not_picked":["Hello World","Compile Driver"],"picked":"Turbo+1","floor":12},{"not_picked":["Leap+1","Beam Cell","Blizzard"],"picked":"SKIP","floor":13}],"player_experience":193988,"relics_obtained":[{"floor":6,"key":"Pocketwatch"},{"floor":8,"key":"Bag of Marbles"},{"floor":9,"key":"Toxic Egg 2"}],"event_choices":[{"damage_healed":0,"gold_gain":0,"player_choice":"Take Damage","damage_taken":18,"relics_obtained":["Golden Idol"],"max_hp_gain":0,"max_hp_loss":0,"event_name":"Golden Idol","floor":2,"gold_loss":0},{"cards_removed":["Strike_B"],"damage_healed":0,"gold_gain":0,"player_choice":"Offered Basic","damage_taken":0,"max_hp_gain":0,"max_hp_loss":0,"event_name":"Bonfire Elementals","floor":3,"gold_loss":0},{"damage_healed":0,"gold_gain":0,"player_choice":"Trade","damage_taken":0,"relics_obtained":["GremlinMask"],"max_hp_gain":0,"max_hp_loss":0,"event_name":"FaceTrader","floor":14,"gold_loss":0}],"is_beta":false,"boss_relics":[],"items_purged_floors":[5],"is_endless":false,"potions_floor_spawned":[10,12],"killed_by":"The Guardian","ascension_level":4}}