{"host":"1ecbliur7lfoj0sl","time":1610694010,"event":{"mods":["BaseMod","Marisa£®ÏF”Í°°ƒß¿Ì…≥£©","Minty Spire (QoL Compilation)","StSLib","Waifu the Spire"],"gold_per_floor":[111,111,9,41,73,73,105,105,105,105,105,12,47,91,91,189,189,226,226,226,266,144,144,204,204,204,235,57,100,144,189,189,311,311,354,354,392,13,50,50,107,107,107,144,194,19,60,115,115,115,115,115,33,83,83],"floor_reached":56,"language":"ZHS","playtime":3289,"items_purged":["Defend_MRS","Defend_MRS","Strike_MRS","Defend_MRS","Defend_MRS"],"score":1534,"play_id":"73e2495a-6a74-4e95-b7f2-b93eb20c9672","local_time":"20210115150010","is_ascension_mode":true,"campfire_choices":[{"data":"UpSweep","floor":6.0,"key":"SMITH"},{"data":"WitchOfGreed","floor":8.0,"key":"SMITH"},{"data":"MasterSpark","floor":11.0,"key":"SMITH"},{"data":"MilkyWay","floor":15.0,"key":"SMITH"},{"data":"PowerUp","floor":23.0,"key":"SMITH"},{"data":"ManaConvection","floor":25.0,"key":"SMITH"},{"data":"Acceleration","floor":32.0,"key":"SMITH"},{"data":"Acceleration","floor":40.0,"key":"SMITH"},{"data":"Acceleration","floor":42.0,"key":"SMITH"},{"floor":49.0,"key":"RECALL"},{"data":"PropBag","floor":52.0,"key":"SMITH"}],"circlet_count":0,"master_deck":["Strike_MRS+1","MasterSpark+1","UpSweep+1","WitchOfGreed+1","ManaConvection+1","Acceleration+1","SuperPerseids","6A+1","PowerUp+1","MilkyWay+1","FinalSpark+1","PulseMagic+1","MysteriousBeam+1","Acceleration+1","Parasite","Parasite","Acceleration+1","PulseMagic+1","PropBag+1","Parasite","GravityBeat+1","Deep Breath","ShootingEcho+1"],"relics":["MiniHakkero","Toy Ornithopter","Mercury Hourglass","Molten Egg 2","ExperimentalFamiliar","CultistMask","Happy Flower","Shuriken","ShroomBag","Busted Crown","TheAbacus","Ancient Tea Set","Oddly Smooth Stone","Whetstone","Unceasing Top"],"acts_visited":["Exordium","TheCity","TheBeyond","TheEnding"],"potions_floor_usage":[55,55,55],"damage_taken":[{"damage":0.0,"enemies":"2 Louse","floor":1.0,"turns":2.0},{"damage":6.0,"enemies":"Jaw Worm","floor":4.0,"turns":3.0},{"damage":14.0,"enemies":"Small Slimes","floor":5.0,"turns":6.0},{"damage":6.0,"enemies":"Gremlin Nob","floor":7.0,"turns":3.0},{"damage":3.0,"enemies":"2 Fungi Beasts","floor":13.0,"turns":3.0},{"damage":3.0,"enemies":"Red Slaver","floor":14.0,"turns":2.0},{"damage":24.0,"enemies":"Hexaghost","floor":16.0,"turns":6.0},{"damage":0.0,"enemies":"Spheric Guardian","floor":18.0,"turns":3.0},{"damage":4.0,"enemies":"Shell Parasite","floor":21.0,"turns":3.0},{"damage":0.0,"enemies":"Slavers","floor":24.0,"turns":3.0},{"damage":0.0,"enemies":"Book of Stabbing","floor":27.0,"turns":3.0},{"damage":0.0,"enemies":"3 Cultists","floor":29.0,"turns":3.0},{"damage":0.0,"enemies":"Cultist and Chosen","floor":30.0,"turns":2.0},{"damage":0.0,"enemies":"Snake Plant","floor":31.0,"turns":2.0},{"damage":0.0,"enemies":"Collector","floor":33.0,"turns":3.0},{"damage":8.0,"enemies":"3 Shapes","floor":35.0,"turns":2.0},{"damage":1.0,"enemies":"3 Darklings","floor":37.0,"turns":2.0},{"damage":19.0,"enemies":"Jaw Worm Horde","floor":39.0,"turns":3.0},{"damage":0.0,"enemies":"Reptomancer","floor":41.0,"turns":3.0},{"damage":7.0,"enemies":"4 Shapes","floor":44.0,"turns":2.0},{"damage":7.0,"enemies":"Nemesis","floor":45.0,"turns":3.0},{"damage":5.0,"enemies":"Writhing Mass","floor":47.0,"turns":4.0},{"damage":0.0,"enemies":"Reptomancer","floor":48.0,"turns":2.0},{"damage":7.0,"enemies":"Awakened One","floor":50.0,"turns":3.0},{"damage":0.0,"enemies":"Shield and Spear","floor":54.0,"turns":2.0},{"damage":56,"enemies":"The Heart","floor":55,"turns":4}],"seed_played":"6739904425589865584","potions_obtained":[{"floor":4.0,"key":"SkillPotion"},{"floor":5.0,"key":"BottledSpark"},{"floor":5.0,"key":"BottledSpark"},{"floor":13.0,"key":"Ancient Potion"},{"floor":14.0,"key":"Swift Potion"},{"floor":16.0,"key":"AttackPotion"},{"floor":18.0,"key":"DistilledChaos"},{"floor":21.0,"key":"ColorlessPotion"},{"floor":24.0,"key":"GamblersBrew"},{"floor":30.0,"key":"LiquidBronze"},{"floor":31.0,"key":"ColorlessPotion"},{"floor":35.0,"key":"ColorlessPotion"},{"floor":44.0,"key":"Block Potion"},{"floor":44.0,"key":"Swift Potion"},{"floor":47.0,"key":"DuplicationPotion"},{"floor":54.0,"key":"LiquidBronze"}],"is_trial":false,"path_per_floor":["M","?","$","M","M","R","E","R","T","?","R","$","M","M","R","B",null,"M","?","?","M","$","R","E","R","T","E","$","M","M","M","R","B",null,"M","?","M","$","M","R","E","R","T","M","E","$","M","E","R","B",null,"R","$","E","B",null],"character_chosen":"MARISA","items_purchased":["WitchOfGreed","SuperPerseids","6A+1","Acceleration","Acceleration","PropBag","TheAbacus","Deep Breath"],"campfire_rested":0,"item_purchase_floors":[3,12,12,22,28,38,38,53],"current_hp_per_floor":[75,68,68,62,48,48,42,42,42,35,35,35,32,39,39,15,75,75,75,75,71,71,71,75,75,75,75,75,75,75,75,75,75,75,71,71,70,70,55,55,59,59,59,66,63,63,67,73,73,70,75,75,75,75,32],"gold":83,"neow_bonus":"REMOVE_CARD","is_daily":false,"chose_seed":false,"campfire_upgraded":10,"win_rate":0.0,"timestamp":1610694010,"path_taken":["M","?","$","M","M","R","E","R","T","?","R","?","M","M","R","BOSS","M","?","?","?","?","R","E","R","T","E","$","M","M","M","R","BOSS","M","?","?","$","M","R","E","R","T","?","E","$","M","E","R","BOSS","R","$","E","BOSS"],"items_purchased_type":["Card","Card","Card","Card","Card","Card","Relic","Card"],"build_version":"2020-12-22","purchased_purges":5,"victory":true,"max_hp_per_floor":[75,75,75,75,75,75,75,75,75,75,75,75,75,75,75,75,75,75,75,75,75,75,75,75,75,75,75,75,75,75,75,75,75,75,75,75,75,75,75,75,75,75,75,75,75,75,75,75,75,75,75,75,75,75,75],"card_choices":[{"not_picked":["AsteroidBelt","EarthLightRay","DoubleSpark"],"picked":"SKIP","floor":1.0},{"not_picked":["DarkSpark","AlicesGift"],"picked":"ManaConvection","floor":4.0},{"not_picked":["GrandCross","AlicesGift"],"picked":"Acceleration","floor":5.0},{"not_picked":["SprinkleStarSeal","SporeBomb","GalacticHalo"],"picked":"SKIP","floor":7.0},{"not_picked":["ManaConvection","SporeBomb"],"picked":"PowerUp","floor":13.0},{"not_picked":["DragonMeteor+1","DC+1"],"picked":"MilkyWay","floor":14.0},{"not_picked":["JA+1","AbsoluteMagnitude+1"],"picked":"FinalSpark+1","floor":16.0},{"not_picked":["SprinkleStarSeal","MeteoricShower+1"],"picked":"PulseMagic+1","floor":18.0},{"not_picked":["6A+1","DC+1","OortCloud"],"picked":"SKIP","floor":21.0},{"not_picked":["MilkyWay+1","BinaryStars","WitchLeyline+1"],"picked":"SKIP","floor":24.0},{"not_picked":["RefractionSpark+1","ManaRampage","MachineGunSpark+1"],"picked":"SKIP","floor":27.0},{"not_picked":["GravityBeat+1","OneTimeOff"],"picked":"PulseMagic+1","floor":29.0},{"not_picked":["OortCloud","MilkyWay","MysteriousBeam+1"],"picked":"SKIP","floor":30.0},{"not_picked":["ShootTheMoon+1","DarkSpark+1","PowerUp"],"picked":"SKIP","floor":31.0},{"not_picked":["LuminesStrike+1"],"picked":"SKIP","floor":35.0},{"not_picked":["DC+1"],"picked":"SKIP","floor":37.0},{"not_picked":["FairyDestructionRay+1"],"picked":"SKIP","floor":39.0},{"not_picked":["DeepEcoloBomb+1"],"picked":"SKIP","floor":41.0},{"not_picked":["DragonMeteor+1"],"picked":"SKIP","floor":44.0},{"not_picked":["GalacticHalo+1"],"picked":"SKIP","floor":45.0},{"not_picked":[],"picked":"GravityBeat+1","floor":47.0},{"not_picked":["OortCloud+1"],"picked":"SKIP","floor":48.0},{"not_picked":[],"picked":"ShootingEcho+1","floor":54.0}],"player_experience":21308,"relics_obtained":[{"floor":7.0,"key":"Toy Ornithopter"},{"floor":9.0,"key":"Mercury Hourglass"},{"floor":24.0,"key":"Happy Flower"},{"floor":26.0,"key":"Shuriken"},{"floor":27.0,"key":"ShroomBag"},{"floor":41.0,"key":"Ancient Tea Set"},{"floor":45.0,"key":"Oddly Smooth Stone"},{"floor":48.0,"key":"Whetstone"},{"floor":54.0,"key":"Unceasing Top"}],"event_choices":[{"cards_removed":["Strike_MRS"],"damage_healed":0.0,"max_hp_gain":0.0,"max_hp_loss":0.0,"gold_gain":0.0,"event_name":"Golden Wing","player_choice":"Card Removal","floor":2.0,"gold_loss":0.0,"damage_taken":7.0},{"damage_healed":0.0,"max_hp_gain":0.0,"max_hp_loss":0.0,"gold_gain":0.0,"event_name":"Scrap Ooze","player_choice":"Success","floor":10.0,"gold_loss":0.0,"damage_taken":7.0,"relics_obtained":["Molten Egg 2"]},{"damage_healed":0.0,"max_hp_gain":0.0,"max_hp_loss":0.0,"gold_gain":0.0,"event_name":"The Library","player_choice":"Read","floor":19.0,"gold_loss":0.0,"damage_taken":0.0,"cards_obtained":["MysteriousBeam"]},{"damage_healed":0.0,"max_hp_gain":0.0,"max_hp_loss":0.0,"gold_gain":0.0,"event_name":"FaceTrader","player_choice":"Trade","floor":20.0,"gold_loss":0.0,"damage_taken":0.0,"relics_obtained":["CultistMask"]},{"damage_healed":0.0,"max_hp_gain":0.0,"max_hp_loss":0.0,"gold_gain":0.0,"event_name":"SecretPortal","player_choice":"Ignored","floor":36.0,"gold_loss":0.0,"damage_taken":0.0}],"is_beta":false,"boss_relics":[{"not_picked":["Astrolabe","RampagingMagicTools"],"picked":"ExperimentalFamiliar"},{"not_picked":["Runic Dome","SacredBark"],"picked":"Busted Crown"}],"items_purged_floors":[3,22,28,38,46],"is_endless":false,"potions_floor_spawned":[5,13,16,24,31,41,44,45,47],"ascension_level":1}}