{"host":"9kesdg97wkrx2bva","time":1610688814,"event":{"mods":["AchievementEnabler","BaseMod","Colored Map","Downfall","GifTheSpireLib","Infinite Spire","Minty Spire (QoL Compilation)","Replay The Spire","StSLib"],"gold_per_floor":[118,43,55,55,74,74,101,118,118,118,74,74,105,120,120,194,194,205,205,219,219,219],"floor_reached":21,"language":"ENG","playtime":445,"items_purged":[],"score":340,"play_id":"ebed476c-486b-4915-be32-ab95a0a7b406","local_time":"20210115003334","is_ascension_mode":true,"campfire_choices":[{"data":"Zap","floor":6,"key":"SMITH"},{"data":"Dualcast","floor":10,"key":"SMITH"},{"floor":15,"key":"REST"}],"circlet_count":0,"master_deck":["AscendersBane","Strike_B","Strike_B","Strike_B+1","Defend_B","Defend_B+1","Defend_B","Defend_B","Zap+1","Dualcast+1","Ball Lightning","Loop","Streamline","Force Field","White Noise","Self Repair","Rebound","Echo Form","Beam Cell","Gash","Storm"],"relics":["Cracked Core","NeowsBlessing","Onion Ring","Eternal Feather","Letter Opener","Simple Rune","Replay:Bronze Core"],"acts_visited":["Exordium","TheCity"],"potions_floor_usage":[13,16,18],"damage_taken":[{"damage":0,"enemies":"Small Slimes","floor":1,"turns":1},{"damage":0,"enemies":"Jaw Worm","floor":3,"turns":1},{"damage":0,"enemies":"infinitespire:Voidling","floor":5,"turns":1},{"damage":15,"enemies":"Replay:BlueRogue","floor":7,"turns":5},{"damage":14,"enemies":"Red Slaver","floor":8,"turns":3},{"damage":30,"enemies":"Lagavulin","floor":13,"turns":5},{"damage":8,"enemies":"Blue Slaver","floor":14,"turns":2},{"damage":35,"enemies":"Hexaghost","floor":16,"turns":9},{"damage":7,"enemies":"Chosen","floor":18,"turns":4},{"damage":36,"enemies":"Spheric Guardian","floor":20,"turns":6}],"seed_played":"-1453718020868062984","potions_obtained":[{"floor":1,"key":"ColorlessPotion"},{"floor":7,"key":"PotionOfCapacity"},{"floor":8,"key":"PowerPotion"},{"floor":14,"key":"AttackPotion"},{"floor":16,"key":"GamblersBrew"},{"floor":18,"key":"Languid Potion"}],"is_trial":false,"path_per_floor":["M","?","M","?","M","R","E","M","T","R","$","T","E","M","R","B",null,"M","?","M","?"],"character_chosen":"DEFECT","items_purchased":["Self Repair"],"campfire_rested":1,"item_purchase_floors":[11],"current_hp_per_floor":[64,64,64,64,64,64,49,35,35,44,44,44,21,13,43,15,57,57,57,28,0,0],"gold":219,"neow_bonus":"THREE_ENEMY_KILL","is_daily":false,"chose_seed":false,"campfire_upgraded":2,"win_rate":0.0,"timestamp":1610688814,"path_taken":["M","?","M","?","?","R","E","M","T","R","$","?","E","M","R","BOSS","M","?","M","?"],"items_purchased_type":["Card"],"build_version":"2020-12-22","purchased_purges":0,"victory":false,"max_hp_per_floor":[71,71,71,71,71,71,71,71,71,71,71,71,71,71,71,71,71,71,71,71,71,71],"card_choices":[{"not_picked":["Turbo","Barrage"],"picked":"Ball Lightning","floor":1},{"not_picked":["Steam","Go for the Eyes"],"picked":"Loop","floor":3},{"not_picked":["Compile Driver","Hologram"],"picked":"Streamline","floor":5},{"not_picked":["Coolheaded","ReplayRNGCard"],"picked":"Force Field","floor":7},{"not_picked":["Redo","Leap"],"picked":"White Noise","floor":8},{"not_picked":["ReplayTheSpireMod:GoodbyeWorld","Steam"],"picked":"Rebound","floor":13},{"not_picked":["Steam","BasicCrystalCard","Panic Button"],"picked":"SKIP","floor":14},{"not_picked":["Biased Cognition","ReplayRNGCard"],"picked":"Echo Form","floor":16},{"not_picked":["ReplayTheSpireMod:System Scan","ReplaySort"],"picked":"Beam Cell","floor":18},{"not_picked":["Conserve Battery","Barrage+1"],"picked":"Storm","floor":20}],"player_experience":934684,"relics_obtained":[{"floor":7,"key":"Onion Ring"},{"floor":9,"key":"Eternal Feather"},{"floor":12,"key":"Letter Opener"},{"floor":13,"key":"Simple Rune"}],"event_choices":[{"cards_removed":["Strike_B"],"damage_healed":0,"gold_gain":0,"player_choice":"Card Removal","damage_taken":0,"max_hp_gain":0,"max_hp_loss":0,"event_name":"The Cleric","floor":2,"gold_loss":75},{"damage_healed":0,"gold_gain":0,"player_choice":"0 cards matched","damage_taken":0,"max_hp_gain":0,"max_hp_loss":0,"event_name":"Match and Keep!","floor":4,"gold_loss":0,"cards_obtained":[]},{"damage_healed":0,"gold_gain":0,"player_choice":"Read","damage_taken":0,"max_hp_gain":0,"max_hp_loss":0,"event_name":"The Library","floor":19,"gold_loss":0,"cards_obtained":["Gash"]}],"is_beta":false,"boss_relics":[{"not_picked":["Fusion Hammer","Painkiller Herb"],"picked":"Replay:Bronze Core"}],"items_purged_floors":[],"is_endless":false,"potions_floor_spawned":[1,7,8,14,16,18],"ascension_level":16}}