{"host":"9l1knhxfturzliqa","time":1610698186,"event":{"mods":["BaseMod","Colored Map","Colored Powertips","DeckTracker","Highlight Path","Keyboard Shortcuts","Minty Spire (QoL Compilation)","Random Character Button"],"gold_per_floor":[19,38,38,50,68,68,133,145,157,169,191,203,235,247,259,345,357,388,400,412,440,469,481,481],"floor_reached":23,"language":"KOR","playtime":1266,"items_purged":[],"score":344,"play_id":"db46aa34-498c-458e-947a-edf64d7ce172","local_time":"20210115170946","is_ascension_mode":true,"campfire_choices":[{"data":"Flechettes","floor":6.0,"key":"SMITH"},{"data":"Blade Dance","floor":10.0,"key":"SMITH"},{"data":"Backflip","floor":12.0,"key":"SMITH"},{"floor":15.0,"key":"REST"}],"circlet_count":0,"master_deck":["AscendersBane","Survivor","Neutralize","Master of Strategy","Dagger Throw","Blur","Flechettes+1","Blade Dance+1","Backflip+1","Poisoned Stab","Crippling Poison+1","Night Terror","Heel Hook","Dagger Throw","Concentrate","Concentrate","Bullet Time","Adrenaline","Bouncing Flask","Infinite Blades","Choke","Tools of the Trade","Writhe","Tactician","Prepared+1"],"relics":["Ring of the Snake","The Specimen","MawBank","Thread and Needle","Odd Mushroom","Pandora\u0027s Box","Nilry\u0027s Codex","Matryoshka"],"acts_visited":["Exordium","TheCity"],"potions_floor_usage":[23],"damage_taken":[{"damage":5.0,"enemies":"Jaw Worm","floor":1.0,"turns":6.0},{"damage":4.0,"enemies":"Small Slimes","floor":2.0,"turns":3.0},{"damage":0.0,"enemies":"2 Louse","floor":4.0,"turns":2.0},{"damage":1.0,"enemies":"Blue Slaver","floor":5.0,"turns":4.0},{"damage":0.0,"enemies":"Gremlin Nob","floor":7.0,"turns":3.0},{"damage":0.0,"enemies":"3 Louse","floor":11.0,"turns":3.0},{"damage":0.0,"enemies":"The Mushroom Lair","floor":13.0,"turns":3.0},{"damage":35.0,"enemies":"Slime Boss","floor":16.0,"turns":13.0},{"damage":3.0,"enemies":"3 Byrds","floor":18.0,"turns":3.0},{"damage":2.0,"enemies":"Spheric Guardian","floor":21.0,"turns":3.0},{"damage":24,"enemies":"Snake Plant","floor":22,"turns":4},{"damage":5,"enemies":"Slavers","floor":23,"turns":1}],"seed_played":"7584843257231069427","potions_obtained":[{"floor":1.0,"key":"CunningPotion"},{"floor":2.0,"key":"Block Potion"},{"floor":5.0,"key":"BlessingOfTheForge"},{"floor":22,"key":"BlessingOfTheForge"}],"is_trial":false,"path_per_floor":["M","M","?","M","M","R","?","$","T","R","M","R","?","?","R","B",null,"M","?","?","M","M","E"],"character_chosen":"THE_SILENT","items_purchased":[],"campfire_rested":1,"item_purchase_floors":[],"current_hp_per_floor":[54,50,24,24,23,23,23,23,23,23,23,23,23,23,42,7,51,48,27,27,25,1,0,0],"gold":481,"neow_bonus":"RANDOM_COLORLESS_2","is_daily":false,"chose_seed":false,"campfire_upgraded":3,"win_rate":0.0,"timestamp":1610698186,"path_taken":["M","M","?","M","M","R","?","$","T","R","M","R","?","?","R","BOSS","M","?","?","M","M","E"],"items_purchased_type":[],"build_version":"2020-12-22","purchased_purges":0,"victory":false,"max_hp_per_floor":[66,66,66,66,66,66,66,66,66,66,66,66,66,66,66,66,66,66,66,66,66,66,66,66],"card_choices":[{"not_picked":["Transmutation","Secret Weapon"],"picked":"Master of Strategy","floor":0.0},{"not_picked":["Terror","Dodge and Roll"],"picked":"Dagger Throw","floor":1.0},{"not_picked":["Deflect","Acrobatics"],"picked":"Blur","floor":2.0},{"not_picked":["Endless Agony","Bane"],"picked":"Flechettes","floor":4.0},{"not_picked":["Prepared","Cloak And Dagger"],"picked":"Blade Dance","floor":5.0},{"not_picked":["Cloak And Dagger","Quick Slash"],"picked":"Backflip","floor":7.0},{"not_picked":["Outmaneuver","Prepared"],"picked":"Poisoned Stab","floor":11.0},{"not_picked":["Acrobatics","Sucker Punch"],"picked":"Crippling Poison","floor":13.0},{"not_picked":["Glass Knife","Bullet Time"],"picked":"Night Terror","floor":16.0},{"not_picked":["Choke","Bane","Dodge and Roll"],"picked":"SKIP","floor":18.0},{"not_picked":["Dagger Throw","Prepared"],"picked":"Tactician","floor":21.0},{"not_picked":["Backflip","Blade Dance"],"picked":"Prepared+1","floor":22}],"player_experience":460429,"relics_obtained":[{"floor":9.0,"key":"Thread and Needle"},{"floor":13.0,"key":"Odd Mushroom"},{"floor":19.0,"key":"Nilry\u0027s Codex"}],"event_choices":[{"damage_healed":0.0,"max_hp_gain":0.0,"max_hp_loss":0.0,"gold_gain":0.0,"event_name":"Scrap Ooze","player_choice":"Success","floor":3.0,"gold_loss":0.0,"damage_taken":26.0,"relics_obtained":["The Specimen"]},{"damage_healed":0.0,"max_hp_gain":0.0,"max_hp_loss":0.0,"gold_gain":0.0,"event_name":"Dead Adventurer","player_choice":"Searched \u00273\u0027 times","floor":7.0,"gold_loss":0.0,"damage_taken":0.0,"relics_obtained":["MawBank"]},{"damage_healed":0.0,"max_hp_gain":0.0,"max_hp_loss":0.0,"gold_gain":0.0,"event_name":"Mushrooms","player_choice":"Fought Mushrooms","floor":13.0,"gold_loss":0.0,"damage_taken":0.0},{"damage_healed":0.0,"max_hp_gain":0.0,"max_hp_loss":0.0,"gold_gain":0.0,"event_name":"Living Wall","player_choice":"Grow","floor":14.0,"gold_loss":0.0,"damage_taken":0.0,"cards_upgraded":["Crippling Poison"]},{"damage_healed":0.0,"max_hp_gain":0.0,"max_hp_loss":0.0,"gold_gain":0.0,"event_name":"Cursed Tome","player_choice":"Obtained Book","floor":19.0,"gold_loss":0.0,"damage_taken":21.0},{"damage_healed":0.0,"max_hp_gain":0.0,"max_hp_loss":0.0,"gold_gain":0.0,"event_name":"The Mausoleum","player_choice":"Opened","floor":20.0,"gold_loss":0.0,"damage_taken":0.0,"relics_obtained":["Matryoshka"],"cards_obtained":["Writhe"]}],"is_beta":false,"boss_relics":[{"not_picked":["Cursed Key","Ectoplasm"],"picked":"Pandora\u0027s Box"}],"items_purged_floors":[],"is_endless":false,"potions_floor_spawned":[1,2,5,22],"killed_by":"Slavers","ascension_level":18}}