{"host":"qfrmffs8rw9cf08l","time":1610723448,"event":{"mods":["AchievementEnabler","Act Like it!","AlwaysNeverKeys","Arknights The Spire","BaseMod","Bestiary","Better Match","Better Note","Better Sensory Stone","Better Skull","Better Third Choice","Better Vampires","BetterRewards","Curses Come First","Custom Start","Energized Spire","Gensokyo","Gold Saver","MarisaÅiñ∂âJÅ@ñÇóùçπÅj","Minty Spire (QoL Compilation)","Permanent Neow","Poor People Problems","Quick Restart","Relic Filter","Relic Sorter","Relic Stats","Shop Mod","StSLib"],"gold_per_floor":[111,130,147,165,165,193,204,231,231,564,564,122,122,122,122,225,175,195,195,215,226,226,261,261,281,332,362,362,395,133,147,147,256,268,293,324,349,361,202,230,240,240,240,252,252,286,336,353,353,353,353,353,137,164,164],"floor_reached":56,"language":"ENG","playtime":5714,"items_purged":["Defend_MRS","PropBag+1","Strike_MRS"],"score":1712,"play_id":"ababcbe1-8d10-480a-8eaf-ffcd5ccdb688","local_time":"20210115231048","is_ascension_mode":false,"campfire_choices":[{"data":"MasterSpark","floor":11.0,"key":"SMITH"},{"data":"UpSweep","floor":13.0,"key":"SMITH"},{"floor":15.0,"key":"DIG"},{"data":"Strike_MRS","floor":24.0,"key":"PURGE"},{"floor":28.0,"key":"DIG"},{"floor":32.0,"key":"DIG"},{"floor":42.0,"key":"DIG"},{"floor":49.0,"key":"DIG"},{"floor":52.0,"key":"DIG"}],"circlet_count":0,"master_deck":["Strike_MRS","Defend_MRS+1","Defend_MRS+1","MasterSpark+1","UpSweep+1","MagicChant+1","NonDirectionalLaser+1","SprinkleStarSeal+1","DarkMatter+1","MillisecondPulsars+1","Strike_MRS+1","DarkMatter+1","UltimateShortwave+1","AsteroidBelt+1","Parasite","Parasite","AsteroidBelt+1","AsteroidBelt+1","AsteroidBelt+1","OortCloud+1","MagicAbsorber+1","UltimateShortwave+1","OrrerysSun+1","EventHorizon+1","OrrerysSun+1","AbsoluteMagnitude+1","GravityBeat+1","GalacticHalo+1","BinaryStars+1","MagicChant+1","MilkyWay+1","OneTimeOff+1","GalacticHalo+1"],"relics":["MiniHakkero","SimpleLauncher","Black Star","Potion Belt","The Courier","Membership Card","Shovel","Peace Pipe","Frozen Egg 2","Molten Egg 2","Toxic Egg 2","Bag of Marbles","Juzu Bracelet","Smiling Mask","PreservedInsect","Vajra","Bronze Scales","Old Coin","StrikeDummy","MealTicket","TungstenRod","Happy Flower","HornCleat","HandmadeGrimoire","Regal Pillow","energizedSpire:HugeHouse","Singing Bowl","ShroomBag","Nunchaku","Bag of Preparation","Mercury Hourglass","Anchor","Pen Nib","ClockworkSouvenir","Tiny Chest","Omamori","MawBank","Cursed Key","Empty Cage","Lantern","Bird Faced Urn","Bottled Tornado","Boot","AmplifyWand","Ice Cream","Art of War","Letter Opener","TheAbacus","War Paint","Toy Ornithopter","Pear"],"acts_visited":["Exordium","TheCity","TheBeyond","TheEnding"],"potions_floor_usage":[55,55,55,55,55,55,55,55,55],"damage_taken":[{"damage":0.0,"enemies":"Small Slimes","floor":1.0,"turns":3.0},{"damage":1.0,"enemies":"Cultist","floor":2.0,"turns":3.0},{"damage":0.0,"enemies":"2 Louse","floor":3.0,"turns":2.0},{"damage":10.0,"enemies":"Exordium Thugs","floor":4.0,"turns":3.0},{"damage":14.0,"enemies":"Gremlin Nob","floor":6.0,"turns":3.0},{"damage":0.0,"enemies":"Blue Slaver","floor":7.0,"turns":2.0},{"damage":7.0,"enemies":"3 Sentries","floor":8.0,"turns":3.0},{"damage":0.0,"enemies":"Gremlin Nob","floor":10.0,"turns":2.0},{"damage":0.0,"enemies":"Hexaghost","floor":16.0,"turns":6.0},{"damage":0.0,"enemies":"Chosen","floor":18.0,"turns":2.0},{"damage":0.0,"enemies":"3 Byrds","floor":20.0,"turns":3.0},{"damage":8.0,"enemies":"Cultist and Chosen","floor":21.0,"turns":3.0},{"damage":0.0,"enemies":"Gremlin Leader","floor":23.0,"turns":4.0},{"damage":0.0,"enemies":"Snecko","floor":25.0,"turns":4.0},{"damage":0.0,"enemies":"Slavers","floor":27.0,"turns":2.0},{"damage":0.0,"enemies":"Gremlin Leader","floor":29.0,"turns":2.0},{"damage":0.0,"enemies":"Snake Plant","floor":31.0,"turns":1.0},{"damage":4.0,"enemies":"Champ","floor":33.0,"turns":11.0},{"damage":0.0,"enemies":"3 Darklings","floor":35.0,"turns":3.0},{"damage":0.0,"enemies":"3 Shapes","floor":36.0,"turns":4.0},{"damage":0.0,"enemies":"Maw","floor":37.0,"turns":4.0},{"damage":0.0,"enemies":"Reptomancer","floor":40.0,"turns":5.0},{"damage":0.0,"enemies":"Sphere and 2 Shapes","floor":41.0,"turns":2.0},{"damage":0.0,"enemies":"Writhing Mass","floor":44.0,"turns":3.0},{"damage":0.0,"enemies":"Nemesis","floor":46.0,"turns":3.0},{"damage":0.0,"enemies":"Mind Bloom Boss Battle","floor":47.0,"turns":3.0},{"damage":0.0,"enemies":"Jaw Worm Horde","floor":48.0,"turns":2.0},{"damage":0.0,"enemies":"Awakened One","floor":50.0,"turns":8.0},{"damage":0,"enemies":"Shield and Spear","floor":54,"turns":3},{"damage":0,"enemies":"The Heart","floor":55,"turns":7}],"seed_played":"715059144844703545","potions_obtained":[{"floor":1.0,"key":"BottledSpark"},{"floor":4.0,"key":"SkillPotion"},{"floor":6.0,"key":"BlessingOfTheForge"},{"floor":10.0,"key":"PowerPotion"},{"floor":16.0,"key":"FearPotion"},{"floor":20.0,"key":"FearPotion"},{"floor":21.0,"key":"Explosive Potion"},{"floor":23.0,"key":"Strength Potion"},{"floor":27.0,"key":"Strength Potion"},{"floor":35.0,"key":"Ancient Potion"},{"floor":36.0,"key":"SkillPotion"},{"floor":44.0,"key":"EntropicBrew"},{"floor":54,"key":"PowerPotion"}],"is_trial":true,"path_per_floor":["M","M","M","M","?","E","M","E","T","E","R","$","R","?","R","B",null,"M","?","M","M","?","E","R","M","T","E","R","E","$","M","R","B",null,"M","M","M","?","$","E","M","R","T","M","T","E","?","M","R","B",null,"R","$","E","B",null],"character_chosen":"MARISA","items_purchased":["MealTicket","TungstenRod","Happy Flower","HornCleat","HandmadeGrimoire","ClockworkSouvenir","Tiny Chest","Omamori","OortCloud+1","Empty Cage","GravityBeat+1","OneTimeOff+1","GalacticHalo+1","TheAbacus","War Paint"],"campfire_rested":0,"item_purchase_floors":[12,12,12,12,12,30,30,30,30,39,39,53,53,53,53],"current_hp_per_floor":[75,74,75,71,45,37,43,42,42,42,42,42,42,42,42,48,70,70,70,70,62,62,62,62,66,66,68,68,70,72,72,72,68,72,72,72,72,72,72,74,74,74,74,76,76,76,76,76,76,76,76,76,76,88,88],"gold":164,"neow_bonus":"","is_daily":false,"chose_seed":false,"campfire_upgraded":2,"win_rate":0.0,"timestamp":1610723448,"path_taken":["M","M","M","M","?","E","M","E","T","E","R","$","R","?","R","BOSS","M","?","M","M","?","E","R","M","T","E","R","E","$","M","R","BOSS","M","M","M","?","$","E","M","R","T","M","?","E","?","M","R","BOSS","R","$","E","BOSS"],"items_purchased_type":["Relic","Relic","Relic","Relic","Relic","Relic","Relic","Relic","Card","Relic","Card","Card","Card","Relic","Relic"],"build_version":"2020-12-22","purchased_purges":3,"victory":true,"max_hp_per_floor":[75,75,75,75,75,75,75,75,75,75,75,75,75,75,75,75,70,70,70,70,70,70,70,70,72,72,72,72,72,72,72,72,72,72,72,72,72,72,72,74,74,74,74,76,76,76,76,76,76,76,76,76,76,88,88],"relic_stats":{"Regal Pillow":0,"Singing Bowl":8,"Juzu Bracelet":2,"Bag of Preparation":[30],"Smiling Mask":-30,"Cursed Key":0,"Boot":[0],"Nunchaku":[10],"Shovel":6,"TheAbacus":[6],"MealTicket":2,"Tiny Chest":0,"Happy Flower":[28],"counters":[30,105],"PreservedInsect":326,"Pen Nib":[9],"Letter Opener":[40],"War Paint":[],"MawBank":84,"Mercury Hourglass":[234],"Peace Pipe":1,"Bronze Scales":[307],"Bird Faced Urn":[0],"Black Star":9,"Art of War":[6],"obtain_stats":[{"Ice Cream":47,"Gremlin Horn":35,"Vajra":8,"Bottled Tornado":42,"Boot":46,"Old Coin":10,"HornCleat":12,"MealTicket":12,"Kunai":10,"Toxic Egg 2":0,"Pear":54,"Happy Flower":12,"Blue Candle":20,"Pen Nib":29,"Letter Opener":29,"War Paint":53,"Shuriken":18,"Bronze Scales":9,"Bird Faced Urn":40,"Molten Egg 2":0,"Black Star":0,"MiniHakkero":0,"StrikeDummy":10,"Meat on the Bone":16,"AmplifyWand":46,"Regal Pillow":15,"Lantern":40,"Singing Bowl":23,"Juzu Bracelet":6,"Bag of Preparation":27,"Smiling Mask":6,"Cursed Key":34,"Empty Cage":39,"ClockworkSouvenir":30,"Nunchaku":26,"Shovel":0,"TheAbacus":53,"Mummified Hand":25,"Tiny Chest":30,"HandmadeGrimoire":12,"energizedSpire:HugeHouse":17,"SimpleLauncher":0,"Potion Belt":0,"The Courier":0,"PreservedInsect":8,"Omamori":30,"Frozen Egg 2":0,"MawBank":32,"Mercury Hourglass":23,"Peace Pipe":0,"ShroomBag":23,"Anchor":29,"Ornamental Fan":37,"Bag of Marbles":5,"Art of War":49,"Membership Card":0,"TungstenRod":12,"Toy Ornithopter":54},{"Ice Cream":26,"Gremlin Horn":19,"Vajra":7,"Bottled Tornado":23,"Boot":25,"Old Coin":8,"HornCleat":8,"MealTicket":8,"Kunai":8,"Toxic Egg 2":0,"Pear":29,"Happy Flower":8,"Blue Candle":11,"Pen Nib":16,"Letter Opener":16,"War Paint":28,"Shuriken":10,"Bronze Scales":7,"Bird Faced Urn":22,"Molten Egg 2":0,"Black Star":0,"MiniHakkero":0,"StrikeDummy":8,"Meat on the Bone":9,"AmplifyWand":25,"Regal Pillow":8,"Lantern":22,"Singing Bowl":13,"Juzu Bracelet":5,"Bag of Preparation":15,"Smiling Mask":5,"Cursed Key":18,"Empty Cage":21,"ClockworkSouvenir":16,"Nunchaku":14,"Shovel":0,"TheAbacus":28,"Mummified Hand":14,"Tiny Chest":16,"HandmadeGrimoire":8,"energizedSpire:HugeHouse":9,"SimpleLauncher":0,"Potion Belt":0,"The Courier":0,"PreservedInsect":7,"Omamori":16,"Frozen Egg 2":0,"MawBank":17,"Mercury Hourglass":13,"Peace Pipe":0,"ShroomBag":13,"Anchor":16,"Ornamental Fan":21,"Bag of Marbles":4,"Art of War":27,"Membership Card":0,"TungstenRod":8,"Toy Ornithopter":29},{"Ice Cream":85,"Gremlin Horn":60,"Vajra":19,"Bottled Tornado":76,"Boot":82,"Old Coin":21,"HornCleat":21,"MealTicket":21,"Kunai":20,"Toxic Egg 2":0,"Pear":98,"Happy Flower":21,"Blue Candle":30,"Pen Nib":47,"Letter Opener":46,"War Paint":95,"Shuriken":28,"Bronze Scales":19,"Bird Faced Urn":75,"Molten Egg 2":0,"Black Star":0,"MiniHakkero":0,"StrikeDummy":21,"Meat on the Bone":22,"AmplifyWand":82,"Regal Pillow":21,"Lantern":75,"Singing Bowl":39,"Juzu Bracelet":14,"Bag of Preparation":45,"Smiling Mask":14,"Cursed Key":59,"Empty Cage":70,"ClockworkSouvenir":47,"Nunchaku":43,"Shovel":0,"TheAbacus":95,"Mummified Hand":40,"Tiny Chest":47,"HandmadeGrimoire":21,"energizedSpire:HugeHouse":27,"SimpleLauncher":0,"Potion Belt":0,"The Courier":0,"PreservedInsect":19,"Omamori":47,"Frozen Egg 2":0,"MawBank":48,"Mercury Hourglass":36,"Peace Pipe":0,"ShroomBag":39,"Anchor":47,"Ornamental Fan":67,"Bag of Marbles":11,"Art of War":87,"Membership Card":0,"TungstenRod":21,"Toy Ornithopter":98}],"TungstenRod":9,"Toy Ornithopter":0},"card_choices":[{"not_picked":["SuperPerseids+1","SporeBomb+1"],"picked":"MagicChant+1","floor":1.0},{"not_picked":["AsteroidBelt+1","SporeBomb+1"],"picked":"EarthLightRay+1","floor":2.0},{"not_picked":["ManaConvection+1","SporeBomb+1","WitchLeyline+1"],"picked":"SKIP","floor":3.0},{"not_picked":["AsteroidBelt+1","IllusionStar+1"],"picked":"NonDirectionalLaser+1","floor":4.0},{"not_picked":["DeepEcoloBomb+1","NonDirectionalLaser+1"],"picked":"SprinkleStarSeal+1","floor":6.0},{"not_picked":["IllusionStar+1","ManaConvection+1","JA+1"],"picked":"SKIP","floor":7.0},{"not_picked":["OpenUniverse+1","AlicesGift+1"],"picked":"PropBag+1","floor":8.0},{"not_picked":["DC+1","AlicesGift+1"],"picked":"DarkMatter+1","floor":10.0},{"not_picked":["BinaryStars+1","CasketOfStar+1"],"picked":"MillisecondPulsars+1","floor":16.0},{"not_picked":["WitchLeyline+1","GrandCross+1","WitchOfGreed+1"],"picked":"SKIP","floor":18.0},{"not_picked":["DragonMeteor+1","DC+1","IllusionStar+1"],"picked":"SKIP","floor":20.0},{"not_picked":["NonDirectionalLaser+1","OrrerysSun+1"],"picked":"AsteroidBelt+1","floor":21.0},{"not_picked":["SporeBomb+1","6A+1"],"picked":"AsteroidBelt+1","floor":23.0},{"not_picked":["UnstableBomb+1","DarkSpark+1","ChargeUpSpray+1"],"picked":"Singing Bowl","floor":25.0},{"not_picked":["Robbery+1","StarBarrage+1"],"picked":"AsteroidBelt+1","floor":27.0},{"not_picked":["MachineGunSpark+1","SuperNova+1"],"picked":"AsteroidBelt+1","floor":29.0},{"not_picked":["PowerUp+1","WitchOfGreed+1"],"picked":"MagicAbsorber+1","floor":31.0},{"not_picked":["SatelliteIllusion+1","CasketOfStar+1"],"picked":"UltimateShortwave+1","floor":33.0},{"not_picked":["UnstableBomb+1","DC+1"],"picked":"OrrerysSun+1","floor":35.0},{"not_picked":["GasGiant+1","LuminesStrike+1"],"picked":"EventHorizon+1","floor":36.0},{"not_picked":["SporeBomb+1","WitchLeyline+1"],"picked":"OrrerysSun+1","floor":37.0},{"not_picked":["LuminesStrike+1","6A+1","MysteriousBeam+1"],"picked":"Singing Bowl","floor":40.0},{"not_picked":["CasketOfStar+1","IllusionStar+1"],"picked":"GalacticHalo+1","floor":41.0},{"not_picked":["GrandCross+1","NonDirectionalLaser+1","Occultation+1"],"picked":"Singing Bowl","floor":44.0},{"not_picked":["SprinkleStarSeal+1","RefractionSpark+1"],"picked":"BinaryStars+1","floor":46.0},{"not_picked":["EventHorizon+1","AsteroidBelt+1"],"picked":"MagicChant+1","floor":47.0},{"not_picked":["NonDirectionalLaser+1","GasGiant+1"],"picked":"MilkyWay+1","floor":48.0},{"not_picked":["UltimateShortwave+1","UnstableBomb+1","DragonMeteor+1"],"picked":"Singing Bowl","floor":54}],"player_experience":268188,"relics_obtained":[{"floor":6.0,"key":"Juzu Bracelet"},{"floor":6.0,"key":"Smiling Mask"},{"floor":8.0,"key":"PreservedInsect"},{"floor":8.0,"key":"Vajra"},{"floor":9.0,"key":"Bronze Scales"},{"floor":10.0,"key":"Old Coin"},{"floor":10.0,"key":"StrikeDummy"},{"floor":15.0,"key":"Regal Pillow"},{"floor":23.0,"key":"Singing Bowl"},{"floor":23.0,"key":"ShroomBag"},{"floor":26.0,"key":"Nunchaku"},{"floor":27.0,"key":"Bag of Preparation"},{"floor":27.0,"key":"Mercury Hourglass"},{"floor":29.0,"key":"Anchor"},{"floor":29.0,"key":"Pen Nib"},{"floor":32.0,"key":"MawBank"},{"floor":40.0,"key":"Lantern"},{"floor":40.0,"key":"Bird Faced Urn"},{"floor":42.0,"key":"Bottled Tornado"},{"floor":46.0,"key":"Boot"},{"floor":46.0,"key":"AmplifyWand"},{"floor":47.0,"key":"Ice Cream"},{"floor":49.0,"key":"Art of War"},{"floor":52.0,"key":"Letter Opener"},{"floor":54,"key":"Toy Ornithopter"},{"floor":54,"key":"Pear"}],"event_choices":[{"damage_healed":0.0,"max_hp_gain":0.0,"max_hp_loss":0.0,"gold_gain":0.0,"event_name":"betterSkull:BetterSkull","player_choice":"UP RE ","floor":5.0,"gold_loss":0.0,"damage_taken":30.0,"cards_upgraded":["Defend_MRS"],"relics_obtained":["Bag of Marbles"]},{"damage_healed":42.0,"max_hp_gain":0.0,"max_hp_loss":75.0,"gold_gain":0.0,"event_name":"betterThird:BetterShining","player_choice":"Leave","floor":14.0,"gold_loss":0.0,"damage_taken":0.0},{"cards_removed":["MillisecondPulsars"],"damage_healed":0.0,"max_hp_gain":0.0,"max_hp_loss":0.0,"gold_gain":0.0,"event_name":"betterNote:BetterNote","player_choice":"Take \u0026 Give","floor":19.0,"gold_loss":0.0,"damage_taken":0.0,"cards_obtained":["UltimateShortwave"]},{"damage_healed":0.0,"max_hp_gain":0.0,"max_hp_loss":0.0,"gold_gain":0.0,"event_name":"Accursed Blacksmith","player_choice":"Forge","floor":22.0,"gold_loss":0.0,"damage_taken":0.0,"cards_upgraded":["Defend_MRS"]},{"damage_healed":0.0,"max_hp_gain":0.0,"max_hp_loss":0.0,"gold_gain":3.0,"event_name":"betterStone:BetterStone","player_choice":"3","floor":38.0,"gold_loss":0.0,"damage_taken":0.0,"cards_obtained":["AbsoluteMagnitude"]},{"damage_healed":0.0,"max_hp_gain":0.0,"max_hp_loss":0.0,"gold_gain":0.0,"event_name":"MindBloom","player_choice":"Fight","floor":47.0,"gold_loss":0.0,"damage_taken":0.0}],"is_beta":false,"boss_relics":[{"not_picked":["Sozu","energizedSpire:StickyHand"],"picked":"energizedSpire:HugeHouse"},{"not_picked":["energizedSpire:OgreHead","Velvet Choker"],"picked":"Cursed Key"}],"items_purged_floors":[30,39,53],"is_endless":false,"potions_floor_spawned":[1,4,6,10,16,20,21,23,27,35,36,44,54],"ascension_level":0}}