{"host":"boha5gfllk8aong2","time":1610672830,"event":{"mods":["BaseMod","Better Match","Block Reminder","Curses Come First","DeckTracker","Minty Spire (QoL Compilation)","StSLib"],"gold_per_floor":[367,378,8,108,120,145,145,174,174,194,194,205,11,30,30,128,128,140,158,86,100,100,100,100],"floor_reached":23,"language":"ENG","playtime":1439,"items_purged":["Strike_R","Strike_R"],"score":213,"play_id":"cdb9e0c0-18d4-43d9-9ef3-9bc21fc7c15e","local_time":"20210114180710","is_ascension_mode":true,"campfire_choices":[{"data":"Flex","floor":7,"key":"SMITH"},{"data":"Spot Weakness","floor":11,"key":"SMITH"},{"data":"Heavy Blade","floor":15,"key":"SMITH"}],"circlet_count":0,"master_deck":["Defend_R","Defend_R","Defend_R","Defend_R","Bash","Dropkick","Spot Weakness+1","Flex+1","Twin Strike","Headbutt","Cleave","Heavy Blade+1","Good Instincts","Iron Wave","Barricade","Dropkick+1","Thunderclap+1","Double Tap+1","Flex","Evolve+1","Inflame","Inflame"],"relics":["Burning Blood","Gremlin Horn","Strawberry","Kunai","Ancient Tea Set","Astrolabe"],"acts_visited":["Exordium","TheCity"],"potions_floor_usage":[16,23],"damage_taken":[{"damage":7,"enemies":"Small Slimes","floor":1,"turns":4},{"damage":5,"enemies":"Cultist","floor":2,"turns":4},{"damage":8,"enemies":"Jaw Worm","floor":5,"turns":3},{"damage":26,"enemies":"Lagavulin","floor":6,"turns":5},{"damage":16,"enemies":"Gremlin Nob","floor":8,"turns":3},{"damage":6,"enemies":"Exordium Wildlife","floor":10,"turns":2},{"damage":0,"enemies":"3 Louse","floor":12,"turns":1},{"damage":10,"enemies":"Lots of Slimes","floor":14,"turns":3},{"damage":30,"enemies":"The Guardian","floor":16,"turns":7},{"damage":21,"enemies":"3 Byrds","floor":18,"turns":3},{"damage":16,"enemies":"Shell Parasite","floor":19,"turns":4},{"damage":27,"enemies":"Cultist and Chosen","floor":21,"turns":5},{"damage":46,"enemies":"Snecko","floor":23,"turns":6}],"seed_played":"-8968223882363311191","potions_obtained":[{"floor":1,"key":"Fire Potion"},{"floor":2,"key":"DuplicationPotion"},{"floor":8,"key":"Dexterity Potion"},{"floor":16,"key":"Ancient Potion"},{"floor":18,"key":"EssenceOfSteel"}],"is_trial":false,"path_per_floor":["M","M","$","?","M","E","R","E","T","M","R","M","$","M","R","B",null,"M","M","$","M","$","M"],"character_chosen":"IRONCLAD","items_purchased":["Gremlin Horn","Flex","Good Instincts","Inflame"],"campfire_rested":0,"item_purchase_floors":[3,3,13,20],"current_hp_per_floor":[71,72,72,72,70,57,57,47,47,47,47,53,53,49,49,25,79,64,54,54,33,33,0,0],"gold":100,"neow_bonus":"TWO_FIFTY_GOLD","is_daily":false,"chose_seed":false,"campfire_upgraded":3,"win_rate":0.0,"timestamp":1610672830,"path_taken":["M","M","$","?","M","E","R","E","T","?","R","M","$","M","R","BOSS","M","?","$","M","$","M"],"items_purchased_type":["Relic","Card","Card","Card"],"build_version":"2020-12-22","purchased_purges":2,"victory":false,"max_hp_per_floor":[72,72,72,72,72,79,79,79,79,79,79,79,79,79,79,79,79,79,79,79,79,79,79,79],"card_choices":[{"not_picked":["True Grit","Uppercut"],"picked":"Dropkick","floor":1},{"not_picked":["True Grit","Headbutt"],"picked":"Spot Weakness","floor":2},{"not_picked":["Feel No Pain","Pummel"],"picked":"Twin Strike","floor":5},{"not_picked":["Uppercut","Disarm"],"picked":"Headbutt","floor":6},{"not_picked":["Immolate","Entrench"],"picked":"Cleave","floor":8},{"not_picked":["Clash","Warcry","Body Slam"],"picked":"SKIP","floor":10},{"not_picked":["Combust","Anger"],"picked":"Heavy Blade","floor":12},{"not_picked":["Heavy Blade","Clash"],"picked":"Iron Wave","floor":14},{"not_picked":["Berserk","Impervious"],"picked":"Barricade","floor":16},{"not_picked":["True Grit","Anger+1"],"picked":"Flex","floor":18},{"not_picked":["Twin Strike","Perfected Strike"],"picked":"Evolve+1","floor":19},{"not_picked":["Pommel Strike+1","Heavy Blade+1"],"picked":"Inflame","floor":21}],"player_experience":129583,"relics_obtained":[{"floor":6,"key":"Strawberry"},{"floor":8,"key":"Kunai"},{"floor":9,"key":"Ancient Tea Set"}],"event_choices":[{"damage_healed":0,"gold_gain":100,"player_choice":"Gold","damage_taken":0,"max_hp_gain":0,"max_hp_loss":0,"event_name":"Wheel of Change","floor":4,"gold_loss":0}],"is_beta":false,"boss_relics":[{"not_picked":["Ectoplasm","Black Star"],"picked":"Astrolabe"}],"items_purged_floors":[3,13],"is_endless":false,"potions_floor_spawned":[1,2,8,16,18,21],"killed_by":"Snecko","ascension_level":1}}