{"host":"jl3raagrljzztomj","time":1610738947,"event":{"mods":["Aspiration","BaseMod","BetterRewards","Colored Map","Colored Powertips","Custom Start","Hermit","Highlight Path","Minty Spire (QoL Compilation)","Permanent Neow","StSLib","SuperFastMode","The Runesmith"],"gold_per_floor":[111,111,124,138,151,151,179,354,354,429,227,243,264,275,275,275,275],"floor_reached":16,"language":"ENG","playtime":835,"items_purged":["Doubt"],"score":102,"play_id":"cb7001f8-3ed0-4d30-9e0a-d783fe88199b","local_time":"20210115132907","is_ascension_mode":false,"campfire_choices":[{"data":"Eruption","floor":6,"key":"SMITH"},{"floor":15,"key":"REST"}],"circlet_count":0,"master_deck":["Strike_P","Strike_P","Strike_P","Strike_P","Defend_P","Defend_P","Defend_P","Defend_P","Eruption+1","Vigilance","Omniscience","Study","InnerPeace","EmptyFist","BattleHymn","FlurryOfBlows","Study","FlurryOfBlows","EmptyFist","ClearTheMind+1"],"relics":["PureWater","FaceOfCleric","Nunchaku","Toxic Egg 2","Odd Mushroom"],"acts_visited":["Exordium"],"potions_floor_usage":[5,13,13],"damage_taken":[{"damage":0,"enemies":"2 Louse","floor":1,"turns":2},{"damage":1,"enemies":"Cultist","floor":3,"turns":4},{"damage":1,"enemies":"Jaw Worm","floor":4,"turns":5},{"damage":0,"enemies":"2 Fungi Beasts","floor":5,"turns":2},{"damage":40,"enemies":"Lagavulin","floor":7,"turns":9},{"damage":5,"enemies":"3 Louse","floor":12,"turns":4},{"damage":10,"enemies":"The Mushroom Lair","floor":13,"turns":4},{"damage":2,"enemies":"Blue Slaver","floor":14,"turns":4},{"damage":33,"enemies":"Hexaghost","floor":16,"turns":9}],"seed_played":"-6994353929172048352","potions_obtained":[{"floor":3,"key":"PowerPotion"},{"floor":4,"key":"Strength Potion"},{"floor":7,"key":"Energy Potion"}],"is_trial":false,"path_per_floor":["M","?","M","M","M","R","E","?","T","?","$","M","?","M","R","B"],"character_chosen":"WATCHER","items_purchased":["FlurryOfBlows","Study"],"campfire_rested":1,"item_purchase_floors":[11,11],"current_hp_per_floor":[72,72,72,72,73,73,34,34,34,23,23,19,10,9,32,0,0],"gold":275,"neow_bonus":"ONE_RANDOM_RARE_CARD","is_daily":false,"chose_seed":false,"campfire_upgraded":1,"win_rate":0.0,"timestamp":1610738947,"path_taken":["M","?","M","?","?","R","E","?","T","?","$","M","?","M","R","BOSS"],"items_purchased_type":["Card","Card"],"build_version":"2020-12-22","purchased_purges":1,"victory":false,"max_hp_per_floor":[72,72,73,74,75,75,76,76,76,76,76,77,78,79,79,79,79],"card_choices":[{"not_picked":["JustLucky","EmptyFist","FollowUp"],"picked":"SKIP","floor":1},{"not_picked":["Wireheading","Prostrate"],"picked":"Study","floor":3},{"not_picked":["Prostrate","Consecrate"],"picked":"InnerPeace","floor":4},{"not_picked":["ThirdEye","BowlingBash"],"picked":"EmptyFist","floor":5},{"not_picked":["Brilliance","Worship"],"picked":"BattleHymn","floor":7},{"not_picked":["BowlingBash","SashWhip"],"picked":"FlurryOfBlows","floor":12},{"not_picked":["SashWhip","JustLucky"],"picked":"EmptyFist","floor":13},{"not_picked":["LikeWater","Halt+1"],"picked":"ClearTheMind+1","floor":14}],"player_experience":955884,"relics_obtained":[{"floor":7,"key":"Nunchaku"},{"floor":9,"key":"Toxic Egg 2"},{"floor":13,"key":"Odd Mushroom"}],"event_choices":[{"damage_healed":0,"gold_gain":0,"player_choice":"Trade","damage_taken":0,"relics_obtained":["FaceOfCleric"],"max_hp_gain":0,"max_hp_loss":0,"event_name":"FaceTrader","floor":2,"gold_loss":0},{"damage_healed":0,"gold_gain":175,"player_choice":"AGREE","damage_taken":0,"max_hp_gain":0,"max_hp_loss":0,"event_name":"Liars Game","floor":8,"gold_loss":0,"cards_obtained":["Doubt"]},{"damage_healed":0,"gold_gain":75,"player_choice":"Gather Gold","damage_taken":11,"max_hp_gain":0,"max_hp_loss":0,"event_name":"World of Goop","floor":10,"gold_loss":0},{"damage_healed":0,"gold_gain":0,"player_choice":"Fought Mushrooms","damage_taken":0,"max_hp_gain":0,"max_hp_loss":0,"event_name":"Mushrooms","floor":13,"gold_loss":0}],"is_beta":false,"boss_relics":[],"items_purged_floors":[11],"is_endless":false,"potions_floor_spawned":[3,4,7],"killed_by":"Hexaghost","ascension_level":0}}