{"host":"37dk0reb6x0du8wx","time":1610692824,"event":{"mods":["BaseMod","Colored Map","DeckTracker","Minty Spire (QoL Compilation)","Quick Restart","StSLib"],"gold_per_floor":[80,131,143,230,417,454,466,493,48,48,58,8,28,28,45,45,149,149,135,1,17,17,28,53,53,66,147,147,147,147,167,186,186,285,285,304,304,179,199,199,199,199,199],"floor_reached":41,"language":"KOR","playtime":1219,"items_purged":["Strike_B","Strike_B","Doubt"],"score":481,"play_id":"e76868b4-872a-4786-87d1-3f11dac47b3e","local_time":"20210115154024","is_ascension_mode":true,"campfire_choices":[{"floor":6,"key":"REST"},{"data":"Defragment","floor":13,"key":"SMITH"},{"data":"Zap","floor":15,"key":"SMITH"},{"floor":24,"key":"REST"},{"floor":27,"key":"REST"},{"data":"Multi-Cast","floor":29,"key":"SMITH"},{"data":"Multi-Cast","floor":32,"key":"SMITH"},{"data":"Lockon","floor":40,"key":"SMITH"}],"circlet_count":0,"master_deck":["Defend_B+1","Defend_B","Defend_B","Defend_B+1","Zap+1","Dualcast","BootSequence","Defragment+1","Self Repair+1","Loop+1","Multi-Cast+1","Genetic Algorithm","Defragment+1","Reinforced Body","Multi-Cast+1","Ball Lightning","Ball Lightning+1","Darkness","Electrodynamics+1","Lockon+1"],"relics":["Cracked Core","MawBank","Toy Ornithopter","Omamori","ClockworkSouvenir","Frozen Egg 2","Cursed Key","Pear","Juzu Bracelet","Mummified Hand","SacredBark"],"acts_visited":["Exordium","TheCity","TheBeyond"],"potions_floor_usage":[16,16,23,23,23,33],"damage_taken":[{"damage":9,"enemies":"2 Louse","floor":1,"turns":3},{"damage":0,"enemies":"Jaw Worm","floor":7,"turns":3},{"damage":0,"enemies":"Small Slimes","floor":10,"turns":3},{"damage":0,"enemies":"2 Fungi Beasts","floor":12,"turns":4},{"damage":2,"enemies":"Looter","floor":14,"turns":4},{"damage":45,"enemies":"The Guardian","floor":16,"turns":13},{"damage":21,"enemies":"2 Thieves","floor":18,"turns":4},{"damage":22,"enemies":"Spheric Guardian","floor":20,"turns":4},{"damage":12,"enemies":"Centurion and Healer","floor":22,"turns":8},{"damage":50,"enemies":"Slavers","floor":23,"turns":7},{"damage":20,"enemies":"Snake Plant","floor":25,"turns":4},{"damage":16,"enemies":"Snecko","floor":30,"turns":5},{"damage":5,"enemies":"Chosen and Byrds","floor":31,"turns":5},{"damage":23,"enemies":"Champ","floor":33,"turns":7},{"damage":42,"enemies":"Orb Walker","floor":35,"turns":5},{"damage":6,"enemies":"3 Shapes","floor":38,"turns":4},{"damage":59,"enemies":"Reptomancer","floor":41,"turns":3}],"seed_played":"-2328129248297968256","potions_obtained":[{"floor":1,"key":"FearPotion"},{"floor":10,"key":"AttackPotion"},{"floor":12,"key":"LiquidMemories"},{"floor":14,"key":"Ancient Potion"},{"floor":18,"key":"FearPotion"},{"floor":22,"key":"Energy Potion"},{"floor":25,"key":"Block Potion"},{"floor":30,"key":"SteroidPotion"}],"is_trial":false,"path_per_floor":["M","?","?","?","T","R","M","$","T","M","?","M","R","M","R","B",null,"M","$","M","?","M","E","R","M","T","R","?","R","M","M","R","B",null,"M","?","$","M","?","R","E"],"character_chosen":"DEFECT","items_purchased":["Defragment","Omamori","ClockworkSouvenir","Defragment+1"],"campfire_rested":3,"item_purchase_floors":[8,8,8,19],"current_hp_per_floor":[4,66,51,40,40,40,62,62,62,62,62,62,62,62,70,70,35,75,54,54,42,52,50,25,50,40,40,65,65,65,59,64,64,56,85,53,53,53,57,57,57,0,0],"gold":199,"neow_bonus":"RANDOM_COMMON_RELIC","is_daily":false,"chose_seed":false,"campfire_upgraded":5,"win_rate":0.0,"timestamp":1610692824,"path_taken":["M","?","?","?","?","R","M","$","T","M","?","M","R","M","R","BOSS","M","$","M","?","M","E","R","M","T","R","?","R","M","M","R","BOSS","M","?","?","M","?","R","E"],"items_purchased_type":["Card","Relic","Relic","Card"],"build_version":"2020-12-22","purchased_purges":3,"victory":false,"max_hp_per_floor":[77,75,75,75,75,75,75,75,75,75,75,75,75,75,75,75,75,75,75,75,75,85,85,85,85,85,85,85,85,85,85,85,85,85,85,85,85,85,85,85,85,85,85],"card_choices":[{"not_picked":["Aggregate","Sunder","Skim"],"picked":"SKIP","floor":1},{"not_picked":["Steam","Chaos"],"picked":"BootSequence","floor":7},{"not_picked":["Redo","Coolheaded","Streamline"],"picked":"SKIP","floor":10},{"not_picked":["Go for the Eyes","Fission"],"picked":"Self Repair+1","floor":12},{"not_picked":["Conserve Battery","Rip and Tear"],"picked":"Loop+1","floor":14},{"not_picked":["Rainbow","Core Surge"],"picked":"Multi-Cast","floor":16},{"not_picked":["Sweeping Beam","Cold Snap+1"],"picked":"Genetic Algorithm","floor":18},{"not_picked":["Coolheaded","Melter"],"picked":"Reinforced Body","floor":20},{"not_picked":["Gash+1","Barrage+1","Rebound"],"picked":"SKIP","floor":22},{"not_picked":["Beam Cell","Static Discharge+1"],"picked":"Multi-Cast","floor":23},{"not_picked":["Cold Snap","Coolheaded"],"picked":"Ball Lightning","floor":25},{"not_picked":["Cold Snap","Turbo"],"picked":"Ball Lightning+1","floor":30},{"not_picked":["Heatsinks+1","Buffer+1"],"picked":"Darkness","floor":31},{"not_picked":["Buffer+1","Core Surge"],"picked":"Electrodynamics+1","floor":33},{"not_picked":["Static Discharge+1","Aggregate+1","Steam Power"],"picked":"SKIP","floor":35},{"not_picked":["Sunder+1","Streamline"],"picked":"Lockon","floor":38}],"player_experience":164871,"relics_obtained":[{"floor":5,"key":"Toy Ornithopter"},{"floor":9,"key":"Frozen Egg 2"},{"floor":23,"key":"Juzu Bracelet"},{"floor":26,"key":"Mummified Hand"}],"event_choices":[{"damage_healed":0,"gold_gain":0,"player_choice":"Entered Light","damage_taken":15,"max_hp_gain":0,"max_hp_loss":0,"event_name":"Shining Light","floor":2,"gold_loss":0,"cards_upgraded":["Defend_B","Defend_B"]},{"damage_healed":0,"gold_gain":75,"player_choice":"Gather Gold","damage_taken":11,"max_hp_gain":0,"max_hp_loss":0,"event_name":"World of Goop","floor":3,"gold_loss":0},{"damage_healed":0,"gold_gain":175,"player_choice":"AGREE","damage_taken":0,"max_hp_gain":0,"max_hp_loss":0,"event_name":"Liars Game","floor":4,"gold_loss":0,"cards_obtained":["Doubt"]},{"cards_removed":["Strike_B"],"damage_healed":0,"gold_gain":0,"player_choice":"Card Removal","damage_taken":0,"max_hp_gain":0,"max_hp_loss":0,"event_name":"The Cleric","floor":11,"gold_loss":50},{"damage_healed":0,"gold_gain":0,"player_choice":"Stole Relic","damage_taken":0,"relics_obtained":["Pear"],"max_hp_gain":0,"max_hp_loss":0,"event_name":"Addict","floor":21,"gold_loss":0,"cards_obtained":["Shame"]},{"damage_healed":0,"gold_gain":0,"player_choice":"Ignored","damage_taken":0,"max_hp_gain":0,"max_hp_loss":0,"event_name":"Vampires","floor":28,"gold_loss":0},{"cards_removed":["Strike_B"],"damage_healed":0,"gold_gain":0,"player_choice":"Offered Basic","damage_taken":0,"max_hp_gain":0,"max_hp_loss":0,"event_name":"Bonfire Elementals","floor":36,"gold_loss":0},{"damage_healed":0,"gold_gain":0,"player_choice":"Memory 1","damage_taken":0,"max_hp_gain":0,"max_hp_loss":0,"event_name":"SensoryStone","floor":39,"gold_loss":0}],"is_beta":false,"boss_relics":[{"not_picked":["Runic Dome","Busted Crown"],"picked":"Cursed Key"},{"not_picked":["Coffee Dripper","Astrolabe"],"picked":"SacredBark"}],"items_purged_floors":[8,19,37],"is_endless":false,"potions_floor_spawned":[1,10,12,14,18,22,25,30],"killed_by":"Reptomancer","ascension_level":4}}