{"host":"m1rjttoroz33xrz1","time":1610672373,"event":{"mods":["BaseMod","Colored Map","Downfall","Hermit","Mad Scientist","Marisa????????","Minty Spire (QoL Compilation)","StSLib","The Construct","The Cursed","The Druid","The Jungle","The Servant 0.9.4"],"gold_per_floor":[199,214,389,389,402,420,420,450,118,268,268,285,270,270,282,384,384,384,395,395,408,424,440,440,468,468,468,468,468],"floor_reached":27,"language":"ENG","playtime":4095,"items_purged":[],"score":245,"play_id":"328e6c70-585a-46de-bf33-a30b6c486dfa","local_time":"20210114195933","is_ascension_mode":true,"campfire_choices":[{"data":"hexamod:Sear","floor":1,"key":"SMITH"},{"data":"hexamod:NightmareStrike","floor":11,"key":"SMITH"},{"data":"hexamod:SwordOfDarkness","floor":18,"key":"SMITH"}],"circlet_count":0,"master_deck":["hexamod:Strike","hexamod:Strike","hexamod:Strike+1","hexamod:Strike+1","hexamod:Defend","hexamod:Defend","hexamod:Defend","hexamod:Defend","hexamod:Sear+1","hexamod:Float","hexamod:FastForward","hexamod:RainOfEmbers","hexamod:NightmareStrike+1","hexamod:SkipABeat","hexamod:TimeOfNeed","hexamod:SwordOfDarkness+1","Slimebound:Icky","hexamod:RecurringNightmare","hexamod:SkipABeat","hexamod:PhantomFireball","hexamod:VolcanoVisage","hexamod:SpectersWail","hexamod:Firestarter+1","hexamod:Firestarter+1","hexamod:GhostflameInferno","Normality","hexamod:EtherealExpedition"],"relics":["hexamod:SpiritBrand","Lizard Tail","Whetstone","Unceasing Top","Cursed Key","Centennial Puzzle","Pear","Peace Pipe"],"acts_visited":["Exordium","TheCity"],"potions_floor_usage":[8,8,16,19,22,25],"damage_taken":[{"damage":0,"enemies":"Jaw Worm","floor":2,"turns":4},{"damage":0,"enemies":"2 Louse","floor":5,"turns":3},{"damage":0,"enemies":"Cultist","floor":6,"turns":3},{"damage":4,"enemies":"Gremlin Nob","floor":8,"turns":3},{"damage":0,"enemies":"downfall:FleeingMerchant","floor":9,"turns":4},{"damage":0,"enemies":"Large Slime","floor":12,"turns":4},{"damage":4,"enemies":"downfall:FleeingMerchant","floor":13,"turns":4},{"damage":3,"enemies":"3 Louse","floor":15,"turns":3},{"damage":58,"enemies":"downfall:Ironclad","floor":16,"turns":10},{"damage":9,"enemies":"Spheric Guardian","floor":19,"turns":4},{"damage":9,"enemies":"3 Byrds","floor":21,"turns":5},{"damage":15,"enemies":"3 Cultists","floor":22,"turns":5},{"damage":21,"enemies":"Snake Plant","floor":23,"turns":3},{"damage":49,"enemies":"Slavers","floor":25,"turns":6},{"damage":24,"enemies":"Shelled Parasite and Fungi","floor":27,"turns":2}],"seed_played":"4758086149949845329","potions_obtained":[{"floor":2,"key":"Dexterity Potion"},{"floor":4,"key":"downfall:CursedFountainPotion"},{"floor":6,"key":"champ:CounterPotion"},{"floor":16,"key":"Energy Potion"},{"floor":19,"key":"Dexterity Potion"},{"floor":21,"key":"Explosive Potion"}],"is_trial":false,"path_per_floor":["R","M","?","?","M","M","T","E","$","?","R","M","$","?","M","B",null,"R","M","?","M","M","M","T","E","?","M"],"character_chosen":"THE_SPIRIT","items_purchased":["Unceasing Top","hexamod:SwordOfDarkness"],"campfire_rested":0,"item_purchase_floors":[9,9],"current_hp_per_floor":[70,70,70,70,70,70,70,66,66,66,66,66,62,62,59,1,70,70,61,61,52,37,16,26,18,18,0,0,0],"gold":468,"neow_bonus":"HUNDRED_GOLD","is_daily":false,"chose_seed":false,"campfire_upgraded":3,"win_rate":0.0,"timestamp":1610672373,"path_taken":["R","M","?","?","?","M","T","E","$","?","R","M","$","?","M","BOSS","R","M","?","M","M","M","T","E","?","M"],"items_purchased_type":["Relic","Card"],"build_version":"2020-12-22","purchased_purges":0,"victory":false,"max_hp_per_floor":[70,70,70,70,70,70,70,70,70,70,70,70,70,70,70,70,70,70,70,70,70,70,70,80,80,80,80,80,80],"card_choices":[{"not_picked":["hexamod:NightmareGuise","hexamod:RainOfEmbers"],"picked":"hexamod:FastForward","floor":2},{"not_picked":["hexamod:Haunt","hexamod:BurningTouch"],"picked":"hexamod:RainOfEmbers","floor":5},{"not_picked":["hexamod:GhostShield","hexamod:BacktrackSmack"],"picked":"hexamod:NightmareStrike","floor":6},{"not_picked":["hexamod:RetreatToShadows","hexamod:BacktrackSmack"],"picked":"hexamod:SkipABeat","floor":8},{"not_picked":["hexamod:SecondSeal","hexamod:Rewind"],"picked":"hexamod:TimeOfNeed","floor":9},{"not_picked":["hexamod:Firestarter","hexamod:GhostShield"],"picked":"hexamod:RecurringNightmare","floor":12},{"not_picked":["hexamod:SecondSeal","hexamod:Firestarter"],"picked":"hexamod:SkipABeat","floor":13},{"not_picked":["hexamod:Haunt","hexamod:SpectralAdrenaline"],"picked":"hexamod:PhantomFireball","floor":15},{"not_picked":["hexamod:FifthSeal","hexamod:GiftsFromTheDead"],"picked":"hexamod:VolcanoVisage","floor":16},{"not_picked":["hexamod:ThermalTransfer","hexamod:AdvancingGuard"],"picked":"hexamod:SpectersWail","floor":19},{"not_picked":["hexamod:NightmareStrike","hexamod:GhostLash"],"picked":"hexamod:Firestarter+1","floor":21},{"not_picked":["hexamod:NightmareGuise","hexamod:GhostOfSpirePast"],"picked":"hexamod:Firestarter+1","floor":22},{"not_picked":["hexamod:ThirdSeal","hexamod:Again"],"picked":"hexamod:GhostflameInferno","floor":23},{"not_picked":["hexamod:SkipABeat+1","hexamod:AdvancingGuard"],"picked":"hexamod:EtherealExpedition","floor":25}],"player_experience":1534960,"relics_obtained":[{"floor":7,"key":"Lizard Tail"},{"floor":8,"key":"Whetstone"},{"floor":24,"key":"Pear"},{"floor":25,"key":"Peace Pipe"}],"event_choices":[{"cards_removed":["Doubt"],"damage_healed":0,"gold_gain":0,"player_choice":"Card Removal","damage_taken":0,"max_hp_gain":0,"max_hp_loss":0,"event_name":"The Cleric","floor":14,"gold_loss":0}],"is_beta":false,"boss_relics":[{"not_picked":["Runic Pyramid","Coffee Dripper"],"picked":"Cursed Key"}],"items_purged_floors":[],"is_endless":false,"potions_floor_spawned":[2,6,16,19,21],"killed_by":"Shelled Parasite and Fungi","ascension_level":1}}