{"host":"9tdk3zzhmpo6o3dg","time":1610697251,"event":{"mods":["BaseMod","Downfall","Marisa£®ÏF”Í°°ƒß¿Ì…≥£©","Minty Spire (QoL Compilation)","Shop Mod","StSLib","The Cursed","The Marked","The Servant 0.9.4"],"gold_per_floor":[110,129,129,147,12,43,55,55,55,78,78,78,92,111,111,214,214,225,237,162,177,190,217,217,246,296,115,115,134,163,14,14,109,109,120,137,149,149,149,149,177,177,203,235,287,137,137,148,148,148],"floor_reached":51,"language":"ZHS","playtime":2558,"items_purged":["Strike_B","Strike_B","Strike_B","Loop"],"score":1109,"play_id":"5ae3324b-5ff6-49e2-bd90-804853eff3a8","local_time":"20210115155411","is_ascension_mode":true,"campfire_choices":[{"floor":8.0,"key":"REST"},{"floor":15,"key":"REST"},{"data":"Dualcast","floor":24,"key":"SMITH"},{"data":"Zap","floor":28,"key":"SMITH"},{"data":"Beam Cell","floor":32,"key":"SMITH"},{"data":"Madness","floor":40,"key":"SMITH"},{"data":"Madness","floor":42,"key":"SMITH"},{"data":"Go for the Eyes","floor":49,"key":"SMITH"}],"circlet_count":0,"master_deck":["Strike_B","Defend_B+1","Defend_B","Defend_B","Zap+1","Dualcast+1","Gash","Beam Cell","Leap","Swift Strike","Gash","Go for the Eyes+1","Beam Cell","Go for the Eyes","Steam+1","Gash","Go for the Eyes","Gash","Beam Cell","Reprogram+1","Good Instincts","Beam Cell+1","BootSequence+1","Beam Cell+1","Beam Cell","Madness+1","Madness+1","Recycle+1"],"relics":["SacredBark","Bird Faced Urn","Unceasing Top","Calipers","Odd Mushroom","Thread and Needle","Spirit Poop","Black Star","Gambling Chip","Mango","White Beast Statue","Singing Bowl","Vajra","War Paint","Juzu Bracelet","Coffee Dripper","Anchor","Toy Ornithopter","Lantern","Gremlin Horn","Meat on the Bone","TungstenRod","HornCleat"],"acts_visited":["Exordium","TheCity","TheBeyond"],"potions_floor_usage":[10,16,16,21,50,50],"damage_taken":[{"damage":9.0,"enemies":"Jaw Worm","floor":1.0,"turns":4.0},{"damage":7.0,"enemies":"2 Louse","floor":2.0,"turns":2.0},{"damage":3.0,"enemies":"Cultist","floor":4.0,"turns":3.0},{"damage":30.0,"enemies":"Gremlin Nob","floor":6.0,"turns":5.0},{"damage":8.0,"enemies":"Red Slaver","floor":7.0,"turns":3.0},{"damage":2,"enemies":"The Mushroom Lair","floor":10,"turns":3},{"damage":6,"enemies":"Lots of Slimes","floor":13,"turns":4},{"damage":7,"enemies":"Gremlin Gang","floor":14,"turns":6},{"damage":9,"enemies":"Hexaghost","floor":16,"turns":5},{"damage":5,"enemies":"Shell Parasite","floor":18,"turns":5},{"damage":0,"enemies":"Chosen","floor":19,"turns":5},{"damage":3,"enemies":"3 Cultists","floor":21,"turns":6},{"damage":5,"enemies":"Chosen and Byrds","floor":22,"turns":5},{"damage":14,"enemies":"Book of Stabbing","floor":23,"turns":6},{"damage":17,"enemies":"Slavers","floor":25,"turns":4},{"damage":0,"enemies":"Snake Plant","floor":29,"turns":2},{"damage":0,"enemies":"Book of Stabbing","floor":30,"turns":3},{"damage":0,"enemies":"Collector","floor":33,"turns":3},{"damage":0,"enemies":"3 Shapes","floor":35,"turns":3},{"damage":0,"enemies":"Orb Walker","floor":36,"turns":2},{"damage":0,"enemies":"4 Shapes","floor":37,"turns":4},{"damage":22,"enemies":"Nemesis","floor":41,"turns":5},{"damage":0,"enemies":"Giant Head","floor":44,"turns":2},{"damage":21,"enemies":"2 Orb Walkers","floor":45,"turns":5},{"damage":0,"enemies":"Transient","floor":48,"turns":4},{"damage":0,"enemies":"Awakened One","floor":50,"turns":4}],"seed_played":"6824831062844866104","potions_obtained":[{"floor":1.0,"key":"ColorlessPotion"},{"floor":2.0,"key":"EssenceOfDarkness"},{"floor":7.0,"key":"LiquidBronze"},{"floor":16,"key":"PowerPotion"},{"floor":18,"key":"DuplicationPotion"},{"floor":19,"key":"Dexterity Potion"},{"floor":22,"key":"champ:CounterPotion"},{"floor":33,"key":"SteroidPotion"},{"floor":35,"key":"Explosive Potion"},{"floor":44,"key":"AttackPotion"},{"floor":48,"key":"FairyPotion"}],"is_trial":false,"path_per_floor":["M","M","?","M","$","E","M","R","T","?","T","?","M","M","R","B",null,"M","M","$","M","M","E","R","E","T","$","R","M","E","$","R","B",null,"M","M","M","?","?","R","E","R","T","E","?","$","T","M","R","B",null],"character_chosen":"DEFECT","items_purchased":["Swift Strike","Gash","Good Instincts","Beam Cell"],"campfire_rested":2,"item_purchase_floors":[5,5,27,31],"current_hp_per_floor":[66,59,59,56,56,26,18,40,40,38,38,38,32,25,47,38,75,70,70,70,71,66,66,66,49,49,49,49,51,53,53,53,53,93,93,93,93,93,81,81,61,61,61,65,60,60,60,62,62,72],"gold":148,"neow_bonus":"BOSS_RELIC","is_daily":false,"chose_seed":false,"campfire_upgraded":6,"win_rate":0.0,"timestamp":1610697251,"path_taken":["M","M","?","M","$","E","M","R","T","?","?","?","M","M","R","BOSS","M","M","$","?","M","E","R","E","T","?","R","M","E","$","R","BOSS","M","M","M","?","?","R","E","R","T","E","?","$","?","M","R","BOSS"],"items_purchased_type":["Card","Card","Card","Card"],"build_version":"2020-12-22","purchased_purges":4,"victory":true,"max_hp_per_floor":[75,75,75,75,75,75,75,75,75,75,75,75,75,75,75,75,75,75,75,75,75,75,89,89,89,89,89,89,91,93,93,93,93,93,93,93,93,93,93,93,93,93,93,95,97,97,97,99,99,99],"card_choices":[{"not_picked":["Static Discharge","Chaos"],"picked":"Gash","floor":1.0},{"not_picked":["Ball Lightning","Lockon"],"picked":"Beam Cell","floor":2.0},{"not_picked":["Cold Snap","Hello World"],"picked":"Leap","floor":4.0},{"not_picked":["Creative AI","Barrage"],"picked":"Go for the Eyes","floor":6.0},{"not_picked":["Coolheaded","Double Energy"],"picked":"Beam Cell","floor":7.0},{"not_picked":["Hologram","Fusion"],"picked":"Go for the Eyes","floor":10},{"not_picked":["Blizzard","Aggregate","Loop"],"picked":"SKIP","floor":13},{"not_picked":["Cold Snap","Barrage"],"picked":"Steam","floor":14},{"not_picked":["Reinforced Body","Sunder","Barrage"],"picked":"SKIP","floor":18},{"not_picked":["Beam Cell+1","Skim"],"picked":"Gash","floor":19},{"not_picked":["Electrodynamics","Rebound"],"picked":"Go for the Eyes","floor":21},{"not_picked":["Defragment","Hologram"],"picked":"Gash","floor":22},{"not_picked":["Consume","Sunder+1"],"picked":"Beam Cell","floor":23},{"not_picked":["White Noise","Heatsinks"],"picked":"Reprogram+1","floor":25},{"not_picked":["Self Repair","Barrage","Blizzard+1"],"picked":"Singing Bowl","floor":29},{"not_picked":["Compile Driver","Stack+1","Coolheaded"],"picked":"Singing Bowl","floor":30},{"not_picked":["Storm+1","Hologram"],"picked":"BootSequence+1","floor":35},{"not_picked":["Darkness+1","Hologram+1"],"picked":"Beam Cell+1","floor":36},{"not_picked":["Ball Lightning+1","Rebound"],"picked":"Beam Cell","floor":37},{"not_picked":["Rebound+1","Sweeping Beam"],"picked":"Recycle+1","floor":41},{"not_picked":["Compile Driver+1","Melter+1","Amplify"],"picked":"Singing Bowl","floor":44},{"not_picked":["Leap","Capacitor","Rip and Tear+1"],"picked":"Singing Bowl","floor":45},{"not_picked":["Streamline","Conserve Battery+1","Chaos"],"picked":"Singing Bowl","floor":48}],"player_experience":115502,"relics_obtained":[{"floor":6.0,"key":"Unceasing Top"},{"floor":9.0,"key":"Calipers"},{"floor":10,"key":"Odd Mushroom"},{"floor":11,"key":"Thread and Needle"},{"floor":23,"key":"Gambling Chip"},{"floor":23,"key":"Mango"},{"floor":25,"key":"White Beast Statue"},{"floor":25,"key":"Singing Bowl"},{"floor":26,"key":"Vajra"},{"floor":30,"key":"War Paint"},{"floor":30,"key":"Juzu Bracelet"},{"floor":41,"key":"Anchor"},{"floor":41,"key":"Toy Ornithopter"},{"floor":43,"key":"Lantern"},{"floor":44,"key":"Gremlin Horn"},{"floor":44,"key":"Meat on the Bone"},{"floor":45,"key":"TungstenRod"},{"floor":47,"key":"HornCleat"}],"event_choices":[{"damage_healed":0.0,"max_hp_gain":0.0,"max_hp_loss":0.0,"gold_gain":0.0,"event_name":"Big Fish","player_choice":"Box","floor":3.0,"gold_loss":0.0,"damage_taken":0.0,"relics_obtained":["Bird Faced Urn"],"cards_obtained":["Regret"]},{"damage_healed":0,"gold_gain":0,"player_choice":"Fought Mushrooms","damage_taken":0,"max_hp_gain":0,"max_hp_loss":0,"event_name":"Mushrooms","floor":10,"gold_loss":0},{"cards_removed":["Regret"],"damage_healed":0,"gold_gain":0,"player_choice":"Offered Curse","damage_taken":0,"relics_obtained":["Spirit Poop"],"max_hp_gain":0,"max_hp_loss":0,"event_name":"Bonfire Elementals","floor":12,"gold_loss":0},{"damage_healed":0,"gold_gain":0,"cards_transformed":["Defend_B"],"player_choice":"Transformed","damage_taken":0,"max_hp_gain":0,"max_hp_loss":0,"event_name":"Transmorgrifier","floor":38,"gold_loss":0,"cards_obtained":["Loop"]},{"damage_healed":0,"gold_gain":0,"player_choice":"Embrace Madness","damage_taken":12,"max_hp_gain":0,"max_hp_loss":0,"event_name":"Winding Halls","floor":39,"gold_loss":0,"cards_obtained":["Madness","Madness"]},{"damage_healed":0,"gold_gain":0,"player_choice":"Fight","damage_taken":0,"max_hp_gain":0,"max_hp_loss":0,"event_name":"Mysterious Sphere","floor":45,"gold_loss":0}],"is_beta":false,"boss_relics":[{"not_picked":["Calling Bell","Cursed Key"],"picked":"Black Star"},{"not_picked":["Sozu","Snecko Eye"],"picked":"Coffee Dripper"}],"items_purged_floors":[20,27,31,46],"is_endless":false,"potions_floor_spawned":[1,2,7,16,18,19,22,29,30,33,35,36,37,41,44,45,48],"ascension_level":1}}