{"host":"JIN","time":1610716332,"event":{"mods":["BaseMod","Custom Start","DeckTracker","Minty Spire (QoL Compilation)","Shop Mod","StSLib","SuperFastMode"],"gold_per_floor":[123,173,223,246,259,259,59,59,84,117,192,233,233,283,283,373,373,394,86,136,210,234,234,275,293,293,293,309,348,419,434,434,527,527,547,567,617,190,206,250,300,333,333,406,47,70,105,180,180,180,180,180,180,5,45,45],"floor_reached":57,"language":"KOR","playtime":2631,"items_purged":["Defend_P","Strike_P"],"score":3055,"play_id":"f9497340-92cb-4b78-ac1e-bcbd014ab952","local_time":"20210115221212","is_ascension_mode":true,"campfire_choices":[{"data":"Eruption","floor":6.0,"key":"SMITH"},{"data":"Study","floor":8.0,"key":"SMITH"},{"data":"Adaptation","floor":13.0,"key":"SMITH"},{"data":"MentalFortress","floor":15.0,"key":"SMITH"},{"data":"ClearTheMind","floor":23.0,"key":"SMITH"},{"data":"Vault","floor":27,"key":"SMITH"},{"data":"Prostrate","floor":32,"key":"SMITH"},{"floor":49,"key":"RECALL"},{"data":"Devotion","floor":53,"key":"SMITH"}],"circlet_count":0,"master_deck":["Strike_P+1","Defend_P+1","Defend_P","Vigilance+1","EmptyBody","Prostrate+1","Prostrate","Sanctity+1","Study+1","Protect+1","MentalFortress+1","CrushJoints+1","BattleHymn+1","Adaptation+1","LessonLearned+1","Brilliance+1","FearNoEvil+1","FlurryOfBlows","ClearTheMind+1","Vault+1","Prostrate","MentalFortress+1","MasterReality+1","Tantrum+1","MentalFortress+1","EmptyMind+1","EmptyBody","Worship+1","Establishment","Devotion+1","Alpha"],"relics":["PureWater","Golden Idol","Question Card","Prayer Wheel","SsserpentHead","The Courier","Smiling Mask","Membership Card","Omamori","MealTicket","WarpedTongs","Medical Kit","Oddly Smooth Stone","Tiny Chest","Centennial Puzzle","Mercury Hourglass","Coffee Dripper","Bag of Preparation","Bag of Marbles","Meat on the Bone","Pocketwatch","Happy Flower","Damaru","Thread and Needle","Nunchaku","Empty Cage","TeardropLocket","Lantern","Singing Bowl","Vajra","Letter Opener","Ancient Tea Set","War Paint","CeramicFish","Ginger","InkBottle","OrangePellets","Omamori","Pantograph","Bronze Scales","Mummified Hand"],"acts_visited":["Exordium","TheCity","TheBeyond","TheEnding"],"potions_floor_usage":[33,56],"damage_taken":[{"damage":0.0,"enemies":"Cultist","floor":1.0,"turns":3.0},{"damage":0.0,"enemies":"Small Slimes","floor":4.0,"turns":4.0},{"damage":4.0,"enemies":"Jaw Worm","floor":5.0,"turns":6.0},{"damage":8.0,"enemies":"Gremlin Nob","floor":10.0,"turns":3.0},{"damage":20.0,"enemies":"Gremlin Gang","floor":11.0,"turns":5.0},{"damage":9.0,"enemies":"3 Sentries","floor":12.0,"turns":7.0},{"damage":7.0,"enemies":"Slime Boss","floor":16.0,"turns":6.0},{"damage":19.0,"enemies":"Chosen","floor":18.0,"turns":5.0},{"damage":3.0,"enemies":"Shell Parasite","floor":22.0,"turns":4.0},{"damage":13.0,"enemies":"Gremlin Leader","floor":24.0,"turns":5.0},{"damage":1,"enemies":"Chosen and Byrds","floor":25,"turns":4},{"damage":0,"enemies":"3 Cultists","floor":28,"turns":4},{"damage":17,"enemies":"Book of Stabbing","floor":29,"turns":3},{"damage":4,"enemies":"Snake Plant","floor":30,"turns":4},{"damage":0,"enemies":"Sentry and Sphere","floor":31,"turns":4},{"damage":11,"enemies":"Collector","floor":33,"turns":4},{"damage":0,"enemies":"Orb Walker","floor":35,"turns":6},{"damage":0,"enemies":"3 Darklings","floor":36,"turns":5},{"damage":0,"enemies":"Writhing Mass","floor":39,"turns":4},{"damage":0,"enemies":"Nemesis","floor":40,"turns":5},{"damage":0,"enemies":"Giant Head","floor":42,"turns":6},{"damage":7,"enemies":"Sphere and 2 Shapes","floor":46,"turns":4},{"damage":0,"enemies":"Nemesis","floor":47,"turns":3},{"damage":8,"enemies":"Spire Growth","floor":48,"turns":3},{"damage":5,"enemies":"Time Eater","floor":50,"turns":5},{"damage":15,"enemies":"Donu and Deca","floor":51,"turns":6},{"damage":11,"enemies":"Shield and Spear","floor":55,"turns":4},{"damage":27,"enemies":"The Heart","floor":56,"turns":6}],"seed_played":"-2547457912575632524","potions_obtained":[{"floor":5.0,"key":"Dexterity Potion"},{"floor":10.0,"key":"EssenceOfSteel"},{"floor":16.0,"key":"Block Potion"},{"floor":18.0,"key":"Weak Potion"},{"floor":24.0,"key":"BlessingOfTheForge"},{"floor":25,"key":"DistilledChaos"},{"floor":35,"key":"LiquidBronze"},{"floor":36,"key":"Weak Potion"},{"floor":42,"key":"Ancient Potion"}],"is_trial":false,"path_per_floor":["M","?","?","M","M","R","$","R","T","E","M","E","R","?","R","B",null,"M","$","?","T","M","R","E","M","T","R","M","E","M","M","R","B",null,"M","M","?","$","M","E","?","E","T","T","$","M","E","M","R","B","B",null,"R","$","E","B",null],"character_chosen":"WATCHER","items_purchased":["Medical Kit","Oddly Smooth Stone","MentalFortress","Bag of Preparation","Bag of Marbles","Meat on the Bone","FlurryOfBlows","TeardropLocket","Lantern","Singing Bowl","Vajra","Letter Opener","Ginger","Devotion","InkBottle","OrangePellets","Pantograph","Bronze Scales"],"campfire_rested":0,"item_purchase_floors":[7,7,7,19,19,19,19,38,38,38,38,38,45,45,45,45,54,54],"current_hp_per_floor":[61,54,54,54,50,50,65,65,65,57,37,28,28,28,28,21,56,37,52,52,52,49,49,36,35,35,35,35,30,38,38,38,39,61,61,61,61,68,70,70,70,72,72,72,72,69,71,67,67,62,47,73,73,82,71,55],"gold":45,"neow_bonus":"RANDOM_COMMON_RELIC","is_daily":false,"chose_seed":false,"campfire_upgraded":8,"win_rate":0.0,"timestamp":1610716332,"path_taken":["M","?","?","M","M","R","$","R","T","E","?","E","R","?","R","BOSS","M","$","?","?","M","R","E","M","T","R","M","E","?","M","R","BOSS","M","M","?","$","M","E","?","E","T","?","$","M","E","?","R","BOSS","BOSS","R","$","E","BOSS"],"items_purchased_type":["Relic","Relic","Card","Relic","Relic","Relic","Card","Relic","Relic","Relic","Relic","Relic","Relic","Card","Relic","Relic","Relic","Relic"],"build_version":"2020-12-18","purchased_purges":2,"victory":true,"max_hp_per_floor":[68,68,68,68,68,68,68,68,68,68,68,68,68,68,68,68,68,68,68,68,68,68,68,68,68,68,68,68,68,68,68,68,68,68,68,68,68,68,70,70,70,72,72,72,72,76,78,82,82,82,82,82,82,82,82,82],"card_choices":[{"not_picked":["Wallop","Fasting2","Swivel"],"picked":"EmptyBody","floor":1.0},{"not_picked":["Evaluate","Vengeance","SashWhip"],"picked":"Prostrate","floor":1.0},{"not_picked":["CutThroughFate","LikeWater","EmptyMind"],"picked":"Prostrate","floor":4.0},{"not_picked":["FlyingSleeves","PathToVictory","Crescendo"],"picked":"Sanctity","floor":4.0},{"not_picked":["TalkToTheHand","MasterReality","ReachHeaven"],"picked":"Study","floor":5.0},{"not_picked":["Indignation","ThirdEye","FollowUp"],"picked":"Protect","floor":5.0},{"not_picked":["Crescendo","ThirdEye","Blasphemy"],"picked":"CrushJoints","floor":10.0},{"not_picked":["Halt","Study","EmptyBody"],"picked":"BattleHymn","floor":11.0},{"not_picked":["Perseverance","Prostrate","Conclude"],"picked":"Adaptation","floor":11.0},{"not_picked":["CrushJoints","JustLucky","BattleHymn"],"picked":"LessonLearned","floor":12.0},{"not_picked":["Ragnarok","Alpha","Scrawl"],"picked":"Brilliance","floor":16.0},{"not_picked":["Study","FollowUp+1","EmptyFist"],"picked":"FearNoEvil","floor":18.0},{"not_picked":["ClearTheMind","ReachHeaven","EmptyBody","EmptyFist"],"picked":"SKIP","floor":18.0},{"not_picked":["Evaluate","Consecrate","FollowUp+1"],"picked":"ClearTheMind","floor":22.0},{"not_picked":["WheelKick","ClearTheMind","PathToVictory","Halt"],"picked":"SKIP","floor":22.0},{"not_picked":["Ragnarok","Sanctity","Consecrate+1"],"picked":"Vault","floor":24.0},{"not_picked":["CarveReality+1","BattleHymn","Evaluate+1","FollowUp"],"picked":"SKIP","floor":25},{"not_picked":["BowlingBash","ClearTheMind","Halt","EmptyFist"],"picked":"SKIP","floor":25},{"not_picked":["CutThroughFate","ThirdEye","PathToVictory"],"picked":"Prostrate","floor":28},{"not_picked":["LikeWater","Halt","Evaluate","Crescendo+1"],"picked":"SKIP","floor":28},{"not_picked":["FollowUp","Evaluate","Conclude"],"picked":"MentalFortress","floor":29},{"not_picked":["DeceiveReality","EmptyFist","Wallop"],"picked":"MasterReality","floor":30},{"not_picked":["EmptyBody+1","BowlingBash","Fasting2"],"picked":"Tantrum+1","floor":30},{"not_picked":["SashWhip","BowlingBash","PathToVictory"],"picked":"MentalFortress","floor":31},{"not_picked":["Pray","CrushJoints","ThirdEye","Sanctity"],"picked":"SKIP","floor":31},{"not_picked":["ClearTheMind+1","Weave","Prostrate"],"picked":"EmptyMind","floor":35},{"not_picked":["BowlingBash","FlyingSleeves","SashWhip","Halt"],"picked":"SKIP","floor":35},{"not_picked":["Indignation","JustLucky","Sanctity+1"],"picked":"EmptyBody","floor":36},{"not_picked":["Consecrate","Study+1","Prostrate","ClearTheMind"],"picked":"SKIP","floor":36},{"not_picked":["BowlingBash","Prostrate","EmptyFist"],"picked":"Worship","floor":39},{"not_picked":["Vault","Consecrate","BowlingBash","FollowUp"],"picked":"Singing Bowl","floor":39},{"not_picked":["ThirdEye","SashWhip","Evaluate+1"],"picked":"Establishment","floor":40},{"not_picked":["FlyingSleeves","BowlingBash+1","SashWhip","PathToVictory"],"picked":"Singing Bowl","floor":42},{"not_picked":["Sanctity+1","SpiritShield","EmptyFist","FollowUp"],"picked":"Singing Bowl","floor":46},{"not_picked":["SandsOfTime","InnerPeace","ForeignInfluence","LikeWater"],"picked":"Singing Bowl","floor":46},{"not_picked":["Worship","WindmillStrike","Crescendo","InnerPeace"],"picked":"Singing Bowl","floor":47},{"not_picked":["Prostrate","Consecrate","ThirdEye","ReachHeaven+1"],"picked":"Singing Bowl","floor":48},{"not_picked":["EmptyBody+1","Vengeance","BowlingBash+1","Halt"],"picked":"Singing Bowl","floor":48},{"not_picked":["SandsOfTime","WheelKick+1","FlyingSleeves"],"picked":"Alpha","floor":55}],"player_experience":1209890,"relics_obtained":[{"floor":9.0,"key":"Tiny Chest"},{"floor":10.0,"key":"Centennial Puzzle"},{"floor":12.0,"key":"Mercury Hourglass"},{"floor":21.0,"key":"Happy Flower"},{"floor":24.0,"key":"Damaru"},{"floor":26,"key":"Thread and Needle"},{"floor":29,"key":"Nunchaku"},{"floor":40,"key":"Ancient Tea Set"},{"floor":42,"key":"War Paint"},{"floor":44,"key":"CeramicFish"},{"floor":47,"key":"Omamori"},{"floor":55,"key":"Mummified Hand"}],"event_choices":[{"cards_removed":["Strike_P"],"damage_healed":0.0,"max_hp_gain":0.0,"max_hp_loss":0.0,"gold_gain":0.0,"event_name":"Golden Wing","player_choice":"Card Removal","floor":2.0,"gold_loss":0.0,"damage_taken":7.0},{"damage_healed":0.0,"max_hp_gain":0.0,"max_hp_loss":0.0,"gold_gain":0.0,"event_name":"Accursed Blacksmith","player_choice":"Rummage","floor":3.0,"gold_loss":0.0,"damage_taken":0.0,"relics_obtained":["WarpedTongs"],"cards_obtained":["Pain"]},{"damage_healed":0.0,"max_hp_gain":0.0,"max_hp_loss":0.0,"gold_gain":0.0,"event_name":"Living Wall","player_choice":"Grow","floor":14.0,"gold_loss":0.0,"damage_taken":0.0,"cards_upgraded":["CrushJoints"]},{"damage_healed":0.0,"max_hp_gain":0.0,"max_hp_loss":0.0,"gold_gain":0.0,"event_name":"The Mausoleum","player_choice":"Opened","floor":20.0,"gold_loss":0.0,"damage_taken":0.0,"relics_obtained":["Pocketwatch"],"cards_obtained":["Writhe"]},{"damage_healed":0,"gold_gain":0,"player_choice":"Ignored","damage_taken":0,"max_hp_gain":0,"max_hp_loss":0,"event_name":"Tomb of Lord Red Mask","floor":37,"gold_loss":0},{"cards_removed":["Eruption"],"damage_healed":0,"gold_gain":0,"player_choice":"Removed Attack","damage_taken":0,"max_hp_gain":0,"max_hp_loss":0,"event_name":"Falling","floor":41,"gold_loss":0}],"is_beta":true,"boss_relics":[{"not_picked":["Ectoplasm","Cursed Key"],"picked":"Coffee Dripper"},{"not_picked":["Runic Dome","Astrolabe"],"picked":"Empty Cage"}],"items_purged_floors":[7,19],"is_endless":false,"potions_floor_spawned":[5,10,16,18,24,25,28,35,36,39,42,48],"ascension_level":20}}