{"host":"22tt21bn45sbv98g","time":1610714344,"event":{"mods":["Act Like it!","BaseMod","Downfall","Gensokyo","Minty Spire (QoL Compilation)","StSLib","The Blackbeard","The Servant 0.9.4","Youmu（魂魄妖梦）","【功能Mod】聪明的最终Boss"],"gold_per_floor":[111,123,141,151,151,183,183,212,266,283,13,46,46,65,65,166,166,177,177,177,187,200,200,231,61,61,91,91,91,122,133,133,234,234,247,261,261,311,311,338,338,367,367,367,383,383,414,432,432,432,432,432,65,99,99],"floor_reached":56,"language":"ZHS","playtime":6047,"items_purged":[],"score":1581,"play_id":"f6f93050-09b5-4861-b1f7-d453219440be","local_time":"20210115203904","is_ascension_mode":true,"campfire_choices":[{"floor":7.0,"key":"REST"},{"data":"TransmigrationSlash","floor":13.0,"key":"SMITH"},{"data":"HeartExcerptSlash","floor":15.0,"key":"SMITH"},{"floor":23.0,"key":"RECALL"},{"data":"HiganSword","floor":28.0,"key":"SMITH"},{"data":"TurningAngelCut","floor":32.0,"key":"SMITH"},{"data":"SlashOfSaigyouSpringWind","floor":41.0,"key":"SMITH"},{"data":"SpiderLilyBurial","floor":44.0,"key":"SMITH"},{"data":"MatsuyoiReflectingSatelliteSlash","floor":46.0,"key":"SMITH"},{"data":"ObsessionSword","floor":49.0,"key":"SMITH"},{"data":"TransmigrationSlash","floor":52.0,"key":"SMITH"}],"circlet_count":0,"master_deck":["Strike_YM","Strike_YM","Strike_YM","Strike_YM","Defend_YM+1","Defend_YM+1","Defend_YM","Defend_YM","SlashOfPresentWorld+1","WheelOfPainOfLivingAndDead","LightFlashOfTheNetherworld+1","HumanKnowledgeSword","SpiderLilyBurial+1","SwordExtraction","SlashOfDepartureFromHesitation","TurningAngelCut+1","SpiritCuttingSword","DispleasureOfTheSevenHakus","TransmigrationSlash+1","HeartExcerptSlash+1","SlashOfSaigyouSpringWind+1","HiganSword+1","SuddenPhantomFormationSlashOfKarmicWind+1","TransmigrationSlash+1","MatsuyoiReflectingSatelliteSlash+1","SwordOfBindingDesires","HesitationCuttingSword","ObsessionSword+1","LowerRealmReflectionSlash+1","SlashOfTheEternalFuture+1","LifeCuttingSword+1","LightFlashOfTheNetherworld+1","HellGodSword+1","Pain","SlashOfDelusionalInnerEye+1","CherryBlossomFlashing+1","LowerRealmReflectionSlash+1","EchoesOfTheInclemencyOfAllBeings","CrescentMoonSlash+1","RapidSlash+1","FantasyOfEnteringEnlightenment+1"],"relics":["HalfPhantom","FossilizedHelix","Spirit Poop","Whetstone","ChestCloth","Blood Vial","Shuriken","War Paint","Coffee Dripper","Nilry\u0027s Codex","Wakizashi","Bronze Scales","Mummified Hand","Molten Egg 2","Sozu","Pantograph","Peace Pipe","WarpedTongs","Bottled Flame","Roukanken","Kunai","Dream Catcher","Bird Faced Urn","Gambling Chip"],"acts_visited":["Exordium","TheCity","TheBeyond","TheEnding"],"potions_floor_usage":[],"damage_taken":[{"damage":0.0,"enemies":"Cultist","floor":1.0,"turns":4.0},{"damage":0.0,"enemies":"2 Louse","floor":2.0,"turns":2.0},{"damage":0.0,"enemies":"Jaw Worm","floor":3.0,"turns":2.0},{"damage":0.0,"enemies":"Red Slaver","floor":4.0,"turns":3.0},{"damage":27.0,"enemies":"Gremlin Nob","floor":6.0,"turns":5.0},{"damage":11.0,"enemies":"3 Sentries","floor":8.0,"turns":6.0},{"damage":0.0,"enemies":"Blue Slaver","floor":10.0,"turns":4.0},{"damage":4.0,"enemies":"Lagavulin","floor":12.0,"turns":6.0},{"damage":0.0,"enemies":"Looter","floor":14.0,"turns":2.0},{"damage":9.0,"enemies":"Slime Boss","floor":16.0,"turns":8.0},{"damage":0.0,"enemies":"Spheric Guardian","floor":18.0,"turns":3.0},{"damage":0.0,"enemies":"Shell Parasite","floor":21.0,"turns":2.0},{"damage":25.0,"enemies":"Shelled Parasite and Fungi","floor":22.0,"turns":4.0},{"damage":9.0,"enemies":"Gremlin Leader","floor":24.0,"turns":6.0},{"damage":6.0,"enemies":"Book of Stabbing","floor":27.0,"turns":4.0},{"damage":0.0,"enemies":"Gremlin Leader","floor":30.0,"turns":5.0},{"damage":0.0,"enemies":"Snecko","floor":31.0,"turns":3.0},{"damage":0.0,"enemies":"Champ","floor":33.0,"turns":10.0},{"damage":0.0,"enemies":"3 Darklings","floor":35.0,"turns":3.0},{"damage":0.0,"enemies":"Orb Walker","floor":36.0,"turns":3.0},{"damage":18.0,"enemies":"Mind Bloom Boss Battle","floor":38.0,"turns":4.0},{"damage":0.0,"enemies":"Giant Head","floor":40.0,"turns":7.0},{"damage":0.0,"enemies":"Reptomancer","floor":42.0,"turns":3.0},{"damage":4.0,"enemies":"Sphere and 2 Shapes","floor":45.0,"turns":3.0},{"damage":0.0,"enemies":"Giant Head","floor":47.0,"turns":4.0},{"damage":0.0,"enemies":"Maw","floor":48.0,"turns":3.0},{"damage":67.0,"enemies":"Donu and Deca","floor":50.0,"turns":13.0},{"damage":0.0,"enemies":"Shield and Spear","floor":54.0,"turns":2.0},{"damage":39,"enemies":"The Heart","floor":55,"turns":4}],"seed_played":"2610505672114511520","potions_obtained":[{"floor":2.0,"key":"ColorlessPotion"},{"floor":4.0,"key":"GamblersBrew"},{"floor":8.0,"key":"PowerPotion"},{"floor":12.0,"key":"CausticAgent"},{"floor":14.0,"key":"BlessingOfTheForge"},{"floor":16.0,"key":"CausticAgent"},{"floor":22.0,"key":"AttackPotion"},{"floor":27.0,"key":"Block Potion"},{"floor":30.0,"key":"Swift Potion"},{"floor":33.0,"key":"AttackPotion"}],"is_trial":false,"path_per_floor":["M","M","M","M","?","E","R","E","T","M","$","E","R","M","R","B",null,"M","?","$","M","M","R","E","$","T","E","R","$","E","M","R","B",null,"M","M","T","?","?","E","R","E","T","R","M","R","E","M","R","B",null,"R","$","E","B",null],"character_chosen":"YOUMU","items_purchased":["Shuriken","DispleasureOfTheSevenHakus","SwordOfBindingDesires","Bronze Scales","Bird Faced Urn","RapidSlash+1"],"campfire_rested":1,"item_purchase_floors":[11,11,25,25,53,53],"current_hp_per_floor":[75,75,75,75,75,48,70,59,59,61,61,59,59,75,75,66,75,75,59,59,61,75,75,66,66,66,75,75,75,75,75,75,75,75,75,75,75,72,72,74,74,75,75,75,71,71,73,75,75,75,75,75,75,75,40],"gold":99,"neow_bonus":"ONE_RARE_RELIC","is_daily":false,"chose_seed":false,"campfire_upgraded":9,"win_rate":0.0,"timestamp":1610714344,"path_taken":["M","M","M","?","?","E","R","E","T","M","$","E","R","M","R","BOSS","M","?","$","M","M","R","E","?","T","E","R","$","E","M","R","BOSS","M","M","?","?","?","E","R","E","T","R","M","R","E","?","R","BOSS","R","$","E","BOSS"],"items_purchased_type":["Relic","Card","Card","Relic","Relic","Card"],"build_version":"2020-12-22","purchased_purges":0,"victory":true,"max_hp_per_floor":[75,75,75,75,75,75,75,75,75,75,75,75,75,75,75,75,75,75,75,75,75,75,75,75,75,75,75,75,75,75,75,75,75,75,75,75,75,75,75,75,75,75,75,75,75,75,75,75,75,75,75,75,75,75,75],"card_choices":[{"not_picked":["HesitationCuttingSword","SwordOfBindingDesires"],"picked":"LightFlashOfTheNetherworld","floor":1.0},{"not_picked":["TwoHundredYojanaInOneSlash","SanzenSekai"],"picked":"HumanKnowledgeSword","floor":2.0},{"not_picked":["CrescentMoonSlash","PhosphoricSlash"],"picked":"SpiderLilyBurial","floor":3.0},{"not_picked":["HellFireSword","TenKingsRetributionOnThePreta"],"picked":"SwordExtraction","floor":4.0},{"not_picked":["TwoHundredYojanaInOneSlash","ObsessionWithThePresentWorld"],"picked":"SlashOfDepartureFromHesitation","floor":6.0},{"not_picked":["ConstancyOfTheConventionalTruth","TwoHundredYojanaInOneSlash"],"picked":"TurningAngelCut","floor":8.0},{"not_picked":["HumanKnowledgeSword","TwoHundredYojanaInOneSlash"],"picked":"SpiritCuttingSword","floor":10.0},{"not_picked":["ASingleThoughtAndInfiniteKalpas","LowerRealmReflectionSlash"],"picked":"TransmigrationSlash","floor":12.0},{"not_picked":["ThreeKonsSevenHakus","SanzenSekai"],"picked":"HeartExcerptSlash","floor":14.0},{"not_picked":["FastingOfTheYoungPreta","HeavenGodSword"],"picked":"SlashOfSaigyouSpringWind","floor":16.0},{"not_picked":["ThreeKonsSevenHakus+1","LifeCuttingSword"],"picked":"HiganSword","floor":18.0},{"not_picked":["SanzenSekai+1","TwoHundredYojanaInOneSlash"],"picked":"SuddenPhantomFormationSlashOfKarmicWind+1","floor":21.0},{"not_picked":["LifeCuttingSword","PhosphoricSlash"],"picked":"TransmigrationSlash","floor":22.0},{"not_picked":["SanzenSekai","SlashOfAscensionToBuddhahood"],"picked":"MatsuyoiReflectingSatelliteSlash","floor":24.0},{"not_picked":["FlashingScatteredFlowers","LightFlashOfTheNetherworld+1"],"picked":"HesitationCuttingSword","floor":27.0},{"not_picked":["TwoHundredYojanaInOneSlash+1","LotusPostureSlash+1"],"picked":"ObsessionSword","floor":30.0},{"not_picked":["TwoHundredYojanaInOneSlash+1","FlashingScatteredFlowers+1"],"picked":"LowerRealmReflectionSlash+1","floor":31.0},{"not_picked":["CelestialStarSword","GreatEnlightenmentAppearingAndDisappearing"],"picked":"SlashOfTheEternalFuture+1","floor":33.0},{"not_picked":["PhosphoricSlash+1","CrescentMoonSlash+1"],"picked":"LifeCuttingSword+1","floor":35.0},{"not_picked":["SwordOfBindingDesires+1","LowerRealmReflectionSlash+1"],"picked":"LightFlashOfTheNetherworld+1","floor":36.0},{"not_picked":["AsTheSilentNirvana","BloodOfAsura"],"picked":"HellGodSword+1","floor":38.0},{"not_picked":["StrangeHalfBody","BloodOfAsura"],"picked":"SlashOfDelusionalInnerEye+1","floor":40.0},{"not_picked":["SanzenSekai+1","DispleasureOfTheSevenHakus+1"],"picked":"CherryBlossomFlashing+1","floor":42.0},{"not_picked":["BizarrenessOfSixRealms+1","ConstancyOfTheConventionalTruth"],"picked":"LowerRealmReflectionSlash+1","floor":45.0},{"not_picked":["SanzenSekai+1","HeartExcerptSlash+1"],"picked":"EchoesOfTheInclemencyOfAllBeings","floor":47.0},{"not_picked":["PhosphoricSlash+1","TransmigrationSlash+1"],"picked":"CrescentMoonSlash+1","floor":48.0},{"not_picked":["LowerRealmReflectionSlash+1","FlashingScatteredFlowers+1"],"picked":"FantasyOfEnteringEnlightenment+1","floor":54.0}],"player_experience":275752,"relics_obtained":[{"floor":6.0,"key":"Whetstone"},{"floor":8.0,"key":"ChestCloth"},{"floor":9.0,"key":"Blood Vial"},{"floor":12.0,"key":"War Paint"},{"floor":19.0,"key":"Nilry\u0027s Codex"},{"floor":24.0,"key":"Wakizashi"},{"floor":27.0,"key":"Mummified Hand"},{"floor":30.0,"key":"Molten Egg 2"},{"floor":37.0,"key":"Pantograph"},{"floor":38.0,"key":"Peace Pipe"},{"floor":40.0,"key":"Bottled Flame"},{"floor":42.0,"key":"Roukanken"},{"floor":43.0,"key":"Kunai"},{"floor":47.0,"key":"Dream Catcher"},{"floor":54.0,"key":"Gambling Chip"}],"event_choices":[{"cards_removed":["Gensokyo:AllTheWorldsEvil"],"damage_healed":0.0,"max_hp_gain":0.0,"max_hp_loss":0.0,"gold_gain":0.0,"event_name":"Bonfire Elementals","player_choice":"Offered Curse","floor":5.0,"gold_loss":0.0,"damage_taken":0.0,"relics_obtained":["Spirit Poop"]},{"damage_healed":0.0,"max_hp_gain":0.0,"max_hp_loss":0.0,"gold_gain":0.0,"event_name":"Cursed Tome","player_choice":"Obtained Book","floor":19.0,"gold_loss":0.0,"damage_taken":16.0},{"damage_healed":0.0,"max_hp_gain":0.0,"max_hp_loss":0.0,"gold_gain":0.0,"event_name":"MindBloom","player_choice":"Fight","floor":38.0,"gold_loss":0.0,"damage_taken":0.0},{"damage_healed":0.0,"max_hp_gain":0.0,"max_hp_loss":0.0,"gold_gain":0.0,"event_name":"Accursed Blacksmith","player_choice":"Rummage","floor":39.0,"gold_loss":0.0,"damage_taken":0.0,"relics_obtained":["WarpedTongs"],"cards_obtained":["Pain"]}],"is_beta":false,"boss_relics":[{"not_picked":["Velvet Choker","Ectoplasm"],"picked":"Coffee Dripper"},{"not_picked":["Astrolabe","Busted Crown"],"picked":"Sozu"}],"items_purged_floors":[],"is_endless":false,"potions_floor_spawned":[2,4,8,12,14,16,22,27,30,33,36,38,40,48],"ascension_level":2}}