{"host":"1fgbilnqahig8ycc","time":1610670609,"event":{"mods":["AchievementEnabler","BaseMod","Bestiary","Better Match","Better Vampires","BetterRewards","Colored Map","Colored Powertips","Dark Map","Downfall","Energized Spire","Friendly Minions","Hermit","Hubris","Jorbs\u0027s Wanderer Trilogy","Minty Spire (QoL Compilation)","Quick Restart","Rare Cards Sparkle","Relic Stats","Replay The Spire","Spicy Shops","StSLib","The Administrix","The Bug Knight","The Cursed","The Gatherer","The Hierophant","The Marked","The Servant 0.9.4","TheBandit"],"gold_per_floor":[15,15,68,78,3,3,3,3,3,35,35,35,35,58,58,164,114,130,130,130,130,144,177,177,177,203,203,229,270,11,34,34,139,139,163,189,216,216,216],"floor_reached":38,"language":"ENG","playtime":2110,"items_purged":["hierophant:Strike_Hierophant"],"score":485,"play_id":"223f6ceb-29e1-461f-83ab-a6e83f66985e","local_time":"20210114163009","is_ascension_mode":false,"campfire_choices":[{"data":"hierophant:ChurchCoffers","floor":6.0,"key":"SMITH"},{"data":"expansioncontent:QuickStudy","floor":8.0,"key":"SMITH"},{"data":"hierophant:Repentance","floor":11.0,"key":"SMITH"},{"data":"hierophant:OrnateBuckler","floor":15.0,"key":"SMITH"},{"data":"hierophant:Doubloon","floor":25.0,"key":"SMITH"},{"floor":27.0,"key":"RECALL"},{"data":"hierophant:Alms","floor":32.0,"key":"SMITH"}],"circlet_count":0,"master_deck":["hierophant:Strike_Hierophant+1","hierophant:Strike_Hierophant+1","hierophant:Strike_Hierophant+1","hierophant:Punish+1","hierophant:Defend_Hierophant+1","hierophant:Defend_Hierophant+1","hierophant:Defend_Hierophant+1","hierophant:ChurchCoffers+1","expansioncontent:QuickStudy+1","hierophant:PassingBell","hierophant:OrnateBuckler+1","hierophant:Repentance+1","hierophant:OrnateBuckler","hierophant:Doubloon+1","hierophant:Strike_Hierophant+1","hierophant:HolyVerse","hierophant:TollTheBells","hierophant:Doomsaying+1","hierophant:Alms+1","hierophant:DivineIntervention"],"relics":["hierophant:PropheticMaskRelic","Nunchaku","hubris:ToyBattleship","Matryoshka","hubris:Icosahedron","energizedSpire:HugeHouse","hubris:Metronome","Gremlin Food","ReplayTheSpireMod:TigerMarble","Anchor","Frozen Egg 2","energizedSpire:SpiderWeb"],"acts_visited":["Exordium","TheCity","TheBeyond"],"potions_floor_usage":[37,38],"damage_taken":[{"damage":0.0,"enemies":"2 Louse","floor":1.0,"turns":1.0},{"damage":0.0,"enemies":"Jaw Worm","floor":4.0,"turns":2.0},{"damage":0.0,"enemies":"Gremlin Nob","floor":10.0,"turns":3.0},{"damage":0.0,"enemies":"Small Slimes","floor":14.0,"turns":1.0},{"damage":43.0,"enemies":"Slime Boss","floor":16.0,"turns":9.0},{"damage":2.0,"enemies":"Shell Parasite","floor":18.0,"turns":8.0},{"damage":0.0,"enemies":"Spheric Guardian","floor":22.0,"turns":2.0},{"damage":0.0,"enemies":"Gremlin Leader","floor":23.0,"turns":5.0},{"damage":4.0,"enemies":"Centurion and Healer","floor":28.0,"turns":4.0},{"damage":0.0,"enemies":"Replay:Snechameleon","floor":29.0,"turns":6.0},{"damage":0.0,"enemies":"Shelled Parasite and Fungi","floor":31.0,"turns":4.0},{"damage":3.0,"enemies":"Collector","floor":33.0,"turns":6.0},{"damage":21.0,"enemies":"3 Shapes","floor":35.0,"turns":4.0},{"damage":29.0,"enemies":"Orb Walker","floor":36.0,"turns":6.0},{"damage":10,"enemies":"Transient","floor":37,"turns":5}],"seed_played":"1531638937978623735","potions_obtained":[{"floor":1.0,"key":"champ:CounterPotion"},{"floor":4.0,"key":"Swift Potion"},{"floor":14.0,"key":"Strength Potion"},{"floor":16.0,"key":"champ:CounterPotion"},{"floor":23.0,"key":"champ:CounterPotion"},{"floor":28.0,"key":"ColorlessPotion"},{"floor":35.0,"key":"Ancient Potion"}],"is_trial":false,"path_per_floor":["M","?","T","M","$","R","$","R","T","E","R","?","?","M","R","B",null,"M","?","?","?","M","E","?","R","T","R","M","E","$","M","R","B",null,"M","M","M","M"],"character_chosen":"HIEROPHANT","items_purchased":["Frozen Egg 2"],"campfire_rested":0,"item_purchase_floors":[30],"current_hp_per_floor":[75,68,68,68,68,68,68,68,68,68,68,68,53,53,53,10,70,68,55,55,55,63,63,63,63,63,63,67,75,75,75,75,72,75,54,25,15,0,0],"gold":216,"neow_bonus":"RANDOM_COLORLESS_2","is_daily":false,"chose_seed":false,"campfire_upgraded":6,"win_rate":0.0,"timestamp":1610670609,"path_taken":["M","?","?","M","$","R","?","R","T","E","R","?","?","M","R","BOSS","M","?","?","?","M","E","?","R","T","R","M","E","$","M","R","BOSS","M","?","M","M"],"items_purchased_type":["Relic"],"build_version":"2020-12-22","purchased_purges":1,"victory":false,"max_hp_per_floor":[75,75,75,75,75,75,75,75,75,75,75,75,75,75,75,75,70,70,75,75,75,75,75,75,75,75,75,75,75,75,75,75,75,75,75,75,75,75,75],"relic_stats":{"Nunchaku":[10],"counters":[16,71],"obtain_stats":[{"Gremlin Food":26,"Nunchaku":2,"hubris:Metronome":23,"Anchor":29,"Matryoshka":10,"hubris:Icosahedron":12,"hierophant:PropheticMaskRelic":0,"hubris:ToyBattleship":9,"energizedSpire:HugeHouse":17,"ReplayTheSpireMod:TigerMarble":26,"Frozen Egg 2":30,"energizedSpire:SpiderWeb":34},{"Gremlin Food":8,"Nunchaku":1,"hubris:Metronome":8,"Anchor":10,"Matryoshka":3,"hubris:Icosahedron":3,"hierophant:PropheticMaskRelic":0,"hubris:ToyBattleship":2,"energizedSpire:HugeHouse":5,"ReplayTheSpireMod:TigerMarble":8,"Frozen Egg 2":10,"energizedSpire:SpiderWeb":12},{"Gremlin Food":31,"Nunchaku":1,"hubris:Metronome":31,"Anchor":41,"Matryoshka":6,"hubris:Icosahedron":6,"hierophant:PropheticMaskRelic":0,"hubris:ToyBattleship":3,"energizedSpire:HugeHouse":16,"ReplayTheSpireMod:TigerMarble":31,"Frozen Egg 2":41,"energizedSpire:SpiderWeb":51}]},"card_choices":[{"not_picked":["expansioncontent:Corrupt","Master of Strategy"],"picked":"expansioncontent:QuickStudy","floor":0.0},{"not_picked":["hierophant:ArchangelShield","hierophant:Flagellation"],"picked":"hierophant:PassingBell","floor":1.0},{"not_picked":["hierophant:Martyrdom","hierophant:Bribe"],"picked":"hierophant:OrnateBuckler","floor":4.0},{"not_picked":["hierophant:Exaltation","hierophant:DisplayOfPower"],"picked":"hierophant:Repentance","floor":10.0},{"not_picked":["hierophant:EyeForCoin","hierophant:RustyCrate"],"picked":"hierophant:OrnateBuckler","floor":14.0},{"not_picked":["hierophant:AuricForm","hierophant:LocustPlague"],"picked":"hierophant:Generosity","floor":16.0},{"not_picked":["hierophant:Remorse+1","hierophant:AuricBeam","hierophant:Patience"],"picked":"SKIP","floor":18.0},{"not_picked":["hierophant:Doubloon","hierophant:SealAway"],"picked":"hierophant:TollTheBells","floor":22.0},{"not_picked":["hierophant:Mercenaries+1","hierophant:HolyVerse"],"picked":"hierophant:Doomsaying+1","floor":23.0},{"not_picked":["hierophant:Purify+1","hierophant:ConvertCurrency"],"picked":"hierophant:Alms","floor":28.0},{"not_picked":["hierophant:Batter","hierophant:Anathema","hierophant:Encroach"],"picked":"SKIP","floor":29.0},{"not_picked":["hierophant:FlamingChariot","hierophant:Encroach","hierophant:Mercenaries"],"picked":"SKIP","floor":31.0},{"not_picked":["hierophant:Batter","hierophant:Anathema"],"picked":"hierophant:DivineIntervention","floor":33.0},{"not_picked":["hierophant:Doubloon","hierophant:FieryStrike+1","hierophant:OrnateJavelin"],"picked":"SKIP","floor":35.0},{"not_picked":["hierophant:SealAway","hierophant:HammerAndAnvil","hierophant:Upheaval"],"picked":"SKIP","floor":36.0},{"not_picked":["hierophant:Remorse","hierophant:Levitation","hierophant:RepressedViolence+1"],"picked":"SKIP","floor":37}],"player_experience":384117,"relics_obtained":[{"floor":9.0,"key":"hubris:ToyBattleship"},{"floor":10.0,"key":"Matryoshka"},{"floor":23.0,"key":"hubris:Metronome"},{"floor":26.0,"key":"Gremlin Food"},{"floor":26.0,"key":"ReplayTheSpireMod:TigerMarble"},{"floor":29.0,"key":"Anchor"}],"event_choices":[{"damage_healed":0.0,"max_hp_gain":0.0,"max_hp_loss":0.0,"gold_gain":0.0,"event_name":"Scrap Ooze","player_choice":"Success","floor":2.0,"gold_loss":0.0,"damage_taken":7.0,"relics_obtained":["Nunchaku"]},{"damage_healed":0.0,"max_hp_gain":0.0,"max_hp_loss":0.0,"gold_gain":0.0,"event_name":"Shining Light","player_choice":"Entered Light","floor":13.0,"gold_loss":0.0,"damage_taken":15.0,"cards_upgraded":["hierophant:Punish","hierophant:Strike_Hierophant"]},{"damage_healed":0.0,"max_hp_gain":5.0,"max_hp_loss":0.0,"gold_gain":0.0,"event_name":"Forgotten Altar","player_choice":"Shed Blood","floor":19.0,"gold_loss":0.0,"damage_taken":18.0},{"damage_healed":0.0,"max_hp_gain":0.0,"max_hp_loss":0.0,"gold_gain":0.0,"event_name":"Back to Basics","player_choice":"Simplicity","floor":21.0,"gold_loss":0.0,"damage_taken":0.0,"cards_upgraded":["hierophant:Strike_Hierophant","hierophant:Strike_Hierophant","hierophant:Defend_Hierophant","hierophant:Defend_Hierophant","hierophant:Defend_Hierophant","hierophant:Defend_Hierophant","hierophant:Strike_Hierophant"]},{"cards_removed":["hierophant:Defend_Hierophant"],"damage_healed":0.0,"max_hp_gain":0.0,"max_hp_loss":0.0,"gold_gain":0.0,"event_name":"Purifier","player_choice":"Purged","floor":24.0,"gold_loss":0.0,"damage_taken":0.0}],"is_beta":false,"boss_relics":[{"not_picked":["Empty Cage","Replay:Wanted Poster"],"picked":"energizedSpire:HugeHouse"},{"not_picked":["hubris:ScarierMask","Replay:Grab Bag"],"picked":"energizedSpire:SpiderWeb"}],"items_purged_floors":[5],"is_endless":false,"potions_floor_spawned":[1,4,14,16,23,28,35],"killed_by":"Spire Growth","ascension_level":0}}