{"host":"ga4s3hj9m6nkn6gp","time":1610716536,"event":{"mods":["AchievementEnabler","BaseMod","Bestiary","Colored Powertips","Highlight Path","Minty Spire (QoL Compilation)","Relic Stats","everything is the same but u backflip on backflip"],"gold_per_floor":[115,115,115,190,9,37,37,64,89,103,278,304,304,318,318,419,419,434,359,373,121,134,134,134,134,134],"floor_reached":25,"language":"ENG","playtime":882,"items_purged":["Force Field","Strike_B"],"score":387,"play_id":"88469ec2-d410-4e69-9340-e0f452ac9a6e","local_time":"20210115141536","is_ascension_mode":true,"campfire_choices":[{"data":"Zap","floor":7,"key":"SMITH"},{"data":"Cold Snap","floor":13,"key":"SMITH"},{"data":"Capacitor","floor":15,"key":"SMITH"},{"floor":23,"key":"REST"}],"circlet_count":0,"master_deck":["Strike_B+1","Defend_B","Defend_B","Defend_B","Defend_B","Zap+1","Dualcast+1","Compile Driver","Capacitor+1","Cold Snap+1","Cold Snap","FTL","Rebound","All For One","Skim","Steam+1","Swift Strike","Go for the Eyes+1"],"relics":["Cracked Core","NeowsBlessing","Membership Card","Ancient Tea Set","Kunai","Pen Nib","Oddly Smooth Stone","Philosopher\u0027s Stone","FossilizedHelix"],"acts_visited":["Exordium","TheCity"],"potions_floor_usage":[12,18],"damage_taken":[{"damage":0,"enemies":"Small Slimes","floor":1,"turns":1},{"damage":0,"enemies":"Gremlin Nob","floor":6,"turns":1},{"damage":0,"enemies":"Lagavulin","floor":8,"turns":1},{"damage":0,"enemies":"2 Louse","floor":10,"turns":2},{"damage":12,"enemies":"Gremlin Nob","floor":12,"turns":3},{"damage":0,"enemies":"Jaw Worm","floor":14,"turns":1},{"damage":29,"enemies":"Hexaghost","floor":16,"turns":10},{"damage":10,"enemies":"3 Byrds","floor":18,"turns":4},{"damage":17,"enemies":"2 Thieves","floor":20,"turns":3},{"damage":28,"enemies":"Snecko","floor":22,"turns":6},{"damage":0,"enemies":"Slavers","floor":25,"turns":1}],"seed_played":"-8559264684976814293","potions_obtained":[{"floor":8,"key":"Explosive Potion"},{"floor":16,"key":"SpeedPotion"},{"floor":18,"key":"Ancient Potion"}],"is_trial":false,"path_per_floor":["M","?","?","?","$","E","R","E","T","M","?","E","R","M","R","B",null,"M","?","M","$","M","R","?","E"],"character_chosen":"DEFECT","items_purchased":["Membership Card","FossilizedHelix","Swift Strike"],"campfire_rested":1,"item_purchase_floors":[5,21,21],"current_hp_per_floor":[68,53,53,42,42,42,42,42,42,42,42,30,30,30,30,1,57,47,47,30,30,2,24,24,24,24],"gold":134,"neow_bonus":"THREE_ENEMY_KILL","is_daily":false,"chose_seed":false,"campfire_upgraded":3,"win_rate":0.0,"timestamp":1610716536,"path_taken":["M","?","?","?","$","E","R","E","T","M","?","E","R","M","R","BOSS","M","?","M","$","M","R","?","E"],"items_purchased_type":["Relic","Relic","Card"],"build_version":"2020-12-22","purchased_purges":2,"victory":false,"max_hp_per_floor":[75,75,75,75,75,75,75,75,75,75,75,75,75,75,75,75,75,75,75,75,75,75,75,75,75,75],"relic_stats":{"counters":[11,33],"Pen Nib":[7],"Kunai":[13],"obtain_stats":[{"NeowsBlessing":0,"Oddly Smooth Stone":12,"Philosopher\u0027s Stone":17,"Pen Nib":9,"Membership Card":5,"Kunai":8,"Cracked Core":0,"Ancient Tea Set":6,"FossilizedHelix":21},{"NeowsBlessing":0,"Oddly Smooth Stone":5,"Philosopher\u0027s Stone":7,"Pen Nib":3,"Membership Card":1,"Kunai":3,"Cracked Core":0,"Ancient Tea Set":2,"FossilizedHelix":9},{"NeowsBlessing":0,"Oddly Smooth Stone":8,"Philosopher\u0027s Stone":19,"Pen Nib":3,"Membership Card":1,"Kunai":3,"Cracked Core":0,"Ancient Tea Set":2,"FossilizedHelix":26}]},"card_choices":[{"not_picked":["Go for the Eyes","Reinforced Body"],"picked":"Compile Driver","floor":1},{"not_picked":["Coolheaded","Heatsinks"],"picked":"Capacitor","floor":6},{"not_picked":["Heatsinks","Hologram"],"picked":"Cold Snap","floor":8},{"not_picked":["Tempest","Scrape"],"picked":"Cold Snap","floor":10},{"not_picked":["Leap","Stack"],"picked":"FTL","floor":12},{"not_picked":["Lockon","Steam"],"picked":"Rebound","floor":14},{"not_picked":["Electrodynamics","Machine Learning"],"picked":"All For One","floor":16},{"not_picked":["Stack","Chill"],"picked":"Skim","floor":18},{"not_picked":["Beam Cell","White Noise"],"picked":"Steam+1","floor":20},{"not_picked":["Steam","Skim"],"picked":"Go for the Eyes+1","floor":22}],"player_experience":630597,"relics_obtained":[{"floor":6,"key":"Ancient Tea Set"},{"floor":8,"key":"Kunai"},{"floor":9,"key":"Pen Nib"},{"floor":12,"key":"Oddly Smooth Stone"}],"event_choices":[{"damage_healed":0,"gold_gain":0,"player_choice":"Entered Light","damage_taken":15,"max_hp_gain":0,"max_hp_loss":0,"event_name":"Shining Light","floor":2,"gold_loss":0,"cards_upgraded":["Dualcast","Strike_B"]},{"damage_healed":0,"gold_gain":0,"cards_transformed":["Strike_B"],"player_choice":"Change","damage_taken":0,"max_hp_gain":0,"max_hp_loss":0,"event_name":"Living Wall","floor":3,"gold_loss":0,"cards_obtained":["Force Field"]},{"damage_healed":0,"gold_gain":75,"player_choice":"Gather Gold","damage_taken":11,"max_hp_gain":0,"max_hp_loss":0,"event_name":"World of Goop","floor":4,"gold_loss":0},{"damage_healed":0,"gold_gain":175,"player_choice":"AGREE","damage_taken":0,"max_hp_gain":0,"max_hp_loss":0,"event_name":"Liars Game","floor":11,"gold_loss":0,"cards_obtained":["Doubt"]},{"cards_removed":["Doubt"],"damage_healed":0,"gold_gain":0,"player_choice":"Gave Gold","damage_taken":0,"max_hp_gain":0,"max_hp_loss":0,"event_name":"Beggar","floor":19,"gold_loss":75},{"cards_removed":["Strike_B"],"damage_healed":0,"gold_gain":0,"player_choice":"Elegance","damage_taken":0,"max_hp_gain":0,"max_hp_loss":0,"event_name":"Back to Basics","floor":24,"gold_loss":0}],"is_beta":false,"boss_relics":[{"not_picked":["Busted Crown","FrozenCore"],"picked":"Philosopher\u0027s Stone"}],"items_purged_floors":[5,21],"is_endless":false,"potions_floor_spawned":[8,16,18],"killed_by":"Slavers","ascension_level":9}}