{"host":"51fyd6gkml7xavq8","time":1610692409,"event":{"mods":["BaseMod","BetterRewards","Colored Map","Energized Spire","Infinite Spire","Minty Spire (QoL Compilation)","Replay The Spire","Shop Mod","Spicy Shops","StSLib","The Blue Laboratory","[IsaacMod]????"],"gold_per_floor":[116,116,130,130,140,167,167,167,193,206,217,11,46,46,46,46,46],"floor_reached":16,"language":"ENG","playtime":834,"items_purged":["Defend_B"],"score":143,"play_id":"c96803cf-1413-416f-9ac1-00fdb329b281","local_time":"20210115033329","is_ascension_mode":true,"campfire_choices":[{"data":"Zap","floor":7.0,"key":"SMITH"},{"data":"Loop","floor":15,"key":"SMITH"}],"circlet_count":0,"master_deck":["Strike_B","Strike_B","Strike_B","Strike_B","Defend_B","Defend_B","Defend_B","Defragment","Lockon","Loop+1","Leap+1","Regret"],"relics":["Cracked Core","HushsDoor","Void","BelialBook","SteamSale","MerchantsRug","PreservedInsect","Lantern","Symbiotic Virus","MealTicket"],"acts_visited":["Exordium"],"potions_floor_usage":[],"damage_taken":[{"damage":7.0,"enemies":"Jaw Worm","floor":1.0,"turns":3.0},{"damage":1.0,"enemies":"Cultist","floor":3.0,"turns":4.0},{"damage":0.0,"enemies":"Small Slimes","floor":5.0,"turns":4.0},{"damage":8.0,"enemies":"Gremlin Nob","floor":6.0,"turns":3.0},{"damage":6.0,"enemies":"Blue Slaver","floor":10.0,"turns":4.0},{"damage":10.0,"enemies":"3 Louse","floor":11.0,"turns":4.0},{"damage":3,"enemies":"Lagavulin","floor":13,"turns":5},{"damage":33,"enemies":"Hexaghost","floor":16,"turns":9}],"seed_played":"-7970282862679032343","potions_obtained":[{"floor":5.0,"key":"Toxic Potion"},{"floor":6.0,"key":"Dexterity Potion"},{"floor":11.0,"key":"blueLaboratory:RelayPotion"}],"is_trial":false,"path_per_floor":["M","?","M","$","M","E","R","?","T","M","M","$","E","?","R","B"],"character_chosen":"DEFECT","items_purchased":["MerchantsRug","PreservedInsect","Lantern"],"campfire_rested":0,"item_purchase_floors":[12,12,12],"current_hp_per_floor":[61,61,60,60,60,52,52,52,52,46,36,36,33,33,33,0,0],"gold":46,"neow_bonus":"","is_daily":false,"chose_seed":false,"campfire_upgraded":2,"win_rate":0.0,"timestamp":1610692409,"path_taken":["M","?","M","$","M","E","R","?","T","M","M","$","E","?","R","BOSS"],"items_purchased_type":["Relic","Relic","Relic"],"build_version":"2020-12-22","purchased_purges":1,"victory":false,"max_hp_per_floor":[75,75,75,75,75,75,75,75,75,75,75,75,75,75,75,75,75],"card_choices":[{"not_picked":["Ball Lightning","Turbo"],"picked":"Defragment","floor":1.0},{"not_picked":["Conserve Battery","Creative AI","Coolheaded"],"picked":"SKIP","floor":3.0},{"not_picked":["Double Energy","ReplayGash"],"picked":"Lockon","floor":5.0},{"not_picked":["ReplaySolidLightProjector","Ball Lightning"],"picked":"Loop","floor":6.0},{"not_picked":["Leap","Cold Snap","Reinforced Body"],"picked":"SKIP","floor":10.0},{"not_picked":["Fusion","Barrage","Beam Cell"],"picked":"SKIP","floor":11.0},{"not_picked":["Gash","BasicCrystalCard","Storm"],"picked":"SKIP","floor":13}],"player_experience":529878,"relics_obtained":[{"floor":6.0,"key":"BelialBook"},{"floor":9.0,"key":"SteamSale"},{"floor":13,"key":"Symbiotic Virus"}],"event_choices":[{"damage_healed":0.0,"max_hp_gain":0.0,"max_hp_loss":0.0,"gold_gain":0.0,"cards_transformed":["Dualcast"],"event_name":"Transmorgrifier","player_choice":"Transformed","floor":2.0,"gold_loss":0.0,"damage_taken":0.0,"cards_obtained":["Bomb"]},{"damage_healed":0,"gold_gain":0,"player_choice":"Box","damage_taken":0,"relics_obtained":["MealTicket"],"max_hp_gain":0,"max_hp_loss":0,"event_name":"Big Fish","floor":14,"gold_loss":0,"cards_obtained":["Regret"]}],"is_beta":false,"boss_relics":[],"items_purged_floors":[12],"is_endless":false,"potions_floor_spawned":[5,6,11],"killed_by":"Hexaghost","ascension_level":6}}