{"host":"kdt6w7ix8lwe69i9","time":1610727070,"event":{"mods":["100% Spire Juice","Bartender","BaseMod","ChefMod","Downfall","Evolution","Fiend Mod","Jorbs\u0027s Wanderer Trilogy","Minty Spire (QoL Compilation)","Reimu（博丽灵梦）","Robot Space Explorer","Shade Mod","StSLib","The Caster","The Cursed","The Disciple","The Dragon Tamer","The Druid","The Fake Hero","The Forsaken","The Gatherer","The Marked","TheBandit","TheSwordswoman"],"gold_per_floor":[511,511,525,543,6,6,6],"floor_reached":6,"language":"ENG","playtime":480,"items_purged":["luka_mod:Surrender"],"score":61,"play_id":"842fcc3a-dccd-467a-9ba3-90d53ef2e2a4","local_time":"20210115111110","is_ascension_mode":false,"campfire_choices":[],"circlet_count":0,"master_deck":["luka_mod:GuardedStrike","luka_mod:GuardedStrike","luka_mod:GuardedStrike","luka_mod:GuardedStrike","luka_mod:StrikeLukaFive","luka_mod:StrikeLukaSix","luka_mod:Salt","luka_mod:Guard","luka_mod:Wait","luka_mod:Edging","luka_mod:FlailWildly","luka_mod:Meditation","luka_mod:Salamander","luka_mod:Calm","luka_mod:RestrictedStrike","luka_mod:Salamander","luka_mod:Ilias"],"relics":["luka_mod:KeepsakeRing","EVO:Axolotl","MealTicket","Membership Card","Tea:ReiMu","Matryoshka"],"acts_visited":["Exordium"],"potions_floor_usage":[6,6],"damage_taken":[{"damage":23,"enemies":"Jaw Worm","floor":1,"turns":7},{"damage":4,"enemies":"Small Slimes","floor":3,"turns":7},{"damage":12,"enemies":"2 Louse","floor":4,"turns":6},{"damage":23,"enemies":"3 Sentries","floor":6,"turns":5}],"seed_played":"-5280656570966430144","potions_obtained":[{"floor":1,"key":"LiquidBronze"},{"floor":4,"key":"Block Potion"}],"is_trial":false,"path_per_floor":["M","?","M","M","$","E"],"character_chosen":"LUKA_CLASS","items_purchased":["Membership Card","Tea:ReiMu","Matryoshka","luka_mod:Salamander","luka_mod:Ilias"],"campfire_rested":0,"item_purchase_floors":[5,5,5,5,5],"current_hp_per_floor":[17,17,13,1,16,0,0],"gold":6,"neow_bonus":"RANDOM_COMMON_RELIC","is_daily":false,"chose_seed":false,"campfire_upgraded":0,"win_rate":0.0,"timestamp":1610727070,"path_taken":["M","?","M","M","$","E"],"items_purchased_type":["Relic","Relic","Relic","Card","Card"],"build_version":"2020-12-22","purchased_purges":1,"victory":false,"max_hp_per_floor":[40,40,40,40,40,40,40],"card_choices":[{"not_picked":["luka_mod:AngryLuka","luka_mod:Feel"],"picked":"luka_mod:Salamander","floor":1},{"not_picked":["luka_mod:GuardedStrike","luka_mod:WaterSlash"],"picked":"luka_mod:Calm","floor":3},{"not_picked":["luka_mod:WaterSlash","luka_mod:Request"],"picked":"luka_mod:RestrictedStrike","floor":4}],"player_experience":1828018,"relics_obtained":[],"event_choices":[],"is_beta":false,"boss_relics":[],"items_purged_floors":[5],"is_endless":false,"potions_floor_spawned":[1,4],"killed_by":"3 Sentries","ascension_level":0}}