{"host":"4coy96o7l3fioe37","time":1610740375,"event":{"mods":["AchievementEnabler","Act Like it!","AlwaysNeverKeys","BaseMod","Better Altar","Better Match","Better Note","Better Sensory Stone","Better Skull","Better Third Choice","Better Vampires","BetterRewards","ChefMod","Colored Map","Disable Question Mark Monsters","Minty Spire (QoL Compilation)","Rare Cards Sparkle","Replay The Spire","StSLib","The Marked"],"gold_per_floor":[109,109,109,68,81,115,115,149,203,222,232,252,252,278,278,383,383,408,408,348,376,432,432,467,214,214,251,267,279,67,67,67],"floor_reached":31,"language":"ENG","playtime":3203,"items_purged":[],"score":285,"play_id":"9b7ef1ed-97b2-4782-afca-20c05848b207","local_time":"20210115195255","is_ascension_mode":false,"campfire_choices":[{"data":"Prepared","floor":7.0,"key":"SMITH"},{"floor":15.0,"key":"REST"},{"floor":23.0,"key":"REST"}],"circlet_count":0,"master_deck":["Strike_G","Strike_G","Strike_G","Strike_G","Strike_G","Defend_G","Defend_G","Defend_G","Defend_G","Defend_G","Survivor","Neutralize","Prepared+1","Dagger Throw","Terror","Distraction","Dagger Spray","Toxin Wave","Phantasmal Killer","Distraction+1","Underhanded Strike+1","Deadly Poison+1","Deflect+1","Backflip+1","Concentrate+1","Leg Sweep+1","Noxious Fumes+1"],"relics":["Ring of the Snake","Tough Bandages","CeramicFish","Toy Ornithopter","ReplayTheSpireMod:TigerMarble","Replay:Mystery Machine","Bag of Preparation","Black Star","Toxic Egg 2","Golden Egg","Bronze Scales","Membership Card","Potion Belt","Pen Nib","Replay:Bottled Steam","Oddly Smooth Stone","Snake Skull","Eternal Feather","Bloody Idol"],"acts_visited":["Exordium","TheCity"],"potions_floor_usage":[],"damage_taken":[{"damage":0.0,"enemies":"Jaw Worm","floor":1.0,"turns":4.0},{"damage":0.0,"enemies":"2 Louse","floor":5.0,"turns":3.0},{"damage":38.0,"enemies":"Gremlin Nob","floor":6.0,"turns":6.0},{"damage":15.0,"enemies":"Lagavulin","floor":8.0,"turns":8.0},{"damage":0.0,"enemies":"Cultist","floor":10.0,"turns":3.0},{"damage":0.0,"enemies":"2 Fungi Beasts","floor":11.0,"turns":2.0},{"damage":1.0,"enemies":"Looter","floor":12.0,"turns":2.0},{"damage":0.0,"enemies":"Gremlin Gang","floor":14.0,"turns":4.0},{"damage":30.0,"enemies":"Slime Boss","floor":16.0,"turns":9.0},{"damage":3.0,"enemies":"Shell Parasite","floor":18.0,"turns":6.0},{"damage":6.0,"enemies":"Spheric Guardian","floor":21.0,"turns":5.0},{"damage":11.0,"enemies":"Slavers","floor":24.0,"turns":6.0},{"damage":13.0,"enemies":"Book of Stabbing","floor":27.0,"turns":6.0},{"damage":8,"enemies":"Shelled Parasite and Fungi","floor":28,"turns":4},{"damage":0,"enemies":"3 Cultists","floor":29,"turns":4}],"seed_played":"2001898022566779783","potions_obtained":[{"floor":1.0,"key":"Dexterity Potion"},{"floor":6.0,"key":"GhostInAJar"},{"floor":10.0,"key":"ColorlessPotion"},{"floor":12.0,"key":"Explosive Potion"},{"floor":18.0,"key":"Poison Potion"},{"floor":21.0,"key":"GamblersBrew"},{"floor":27.0,"key":"GhostInAJar"}],"is_trial":false,"path_per_floor":["M","?","?","$","M","E","R","E","T","M","M","M","?","M","R","B",null,"M","?","?","M","?","R","E","$","T","E","M","M","$","?"],"character_chosen":"THE_SILENT","items_purchased":["Dagger Throw","Membership Card","Potion Belt","Backflip+1","Concentrate+1","Noxious Fumes","Snake Skull","Eternal Feather"],"campfire_rested":2,"item_purchase_floors":[4,25,25,25,25,30,30,30],"current_hp_per_floor":[63,68,68,68,68,30,30,20,20,20,20,19,16,16,36,16,68,65,65,65,64,37,57,51,51,51,38,30,30,30,0,0],"gold":67,"neow_bonus":"ONE_RARE_RELIC","is_daily":false,"chose_seed":false,"campfire_upgraded":1,"win_rate":0.0,"timestamp":1610740375,"path_taken":["M","?","?","$","M","E","R","E","T","?","M","M","?","M","R","BOSS","M","?","?","M","?","R","E","$","T","E","M","M","$","?"],"items_purchased_type":["Card","Relic","Relic","Card","Card","Card","Relic","Relic"],"build_version":"2020-12-22","purchased_purges":0,"victory":false,"max_hp_per_floor":[63,68,68,68,68,68,68,68,68,68,68,68,68,68,68,68,68,68,68,68,68,68,68,68,68,68,68,68,68,68,68,68],"card_choices":[{"not_picked":["Masterful Stab","Poisoned Stab"],"picked":"Prepared","floor":1.0},{"not_picked":["Deadly Poison","Blur","Cloak And Dagger"],"picked":"SKIP","floor":5.0},{"not_picked":["Hidden Blade","Backflip"],"picked":"Terror","floor":6.0},{"not_picked":["After Image","Blur"],"picked":"Distraction","floor":8.0},{"not_picked":["Prepared","Dagger Throw"],"picked":"Dagger Spray","floor":10.0},{"not_picked":["Infinite Blades","Hidden Blade","Escape Plan"],"picked":"SKIP","floor":11.0},{"not_picked":["Dodge and Roll","Sucker Punch","Bouncing Flask"],"picked":"SKIP","floor":12.0},{"not_picked":["Outmaneuver","Sucker Punch"],"picked":"Toxin Wave","floor":14.0},{"not_picked":["Grand Finale","Night Terror"],"picked":"Phantasmal Killer","floor":16.0},{"not_picked":["Cloak And Dagger+1","Flying Knee"],"picked":"Distraction+1","floor":18.0},{"not_picked":["Acrobatics","Flechettes"],"picked":"Underhanded Strike+1","floor":21.0},{"not_picked":["Dagger Throw","Poisoned Stab"],"picked":"Deadly Poison+1","floor":22.0},{"not_picked":["Glass Knife","Flying Knee"],"picked":"Deflect+1","floor":24.0},{"not_picked":["Slice+1","Replay:Poison Smokescreen+1"],"picked":"Leg Sweep+1","floor":27.0},{"not_picked":["Hidden Blade+1","Dagger Spray","Dodge and Roll+1"],"picked":"SKIP","floor":28},{"not_picked":["Infinite Blades","Slice","Accuracy"],"picked":"SKIP","floor":29}],"player_experience":238956,"relics_obtained":[{"floor":6.0,"key":"Toy Ornithopter"},{"floor":8.0,"key":"ReplayTheSpireMod:TigerMarble"},{"floor":9.0,"key":"Replay:Mystery Machine"},{"floor":22.0,"key":"Toxic Egg 2"},{"floor":24.0,"key":"Golden Egg"},{"floor":24.0,"key":"Bronze Scales"},{"floor":26.0,"key":"Pen Nib"},{"floor":27.0,"key":"Replay:Bottled Steam"},{"floor":27.0,"key":"Oddly Smooth Stone"}],"event_choices":[{"damage_healed":0.0,"max_hp_gain":5.0,"max_hp_loss":0.0,"gold_gain":0.0,"event_name":"Big Fish","player_choice":"Donut","floor":2.0,"gold_loss":0.0,"damage_taken":0.0},{"damage_healed":0.0,"max_hp_gain":0.0,"max_hp_loss":0.0,"gold_gain":0.0,"event_name":"WeMeetAgain","player_choice":"Gave Potion","floor":3.0,"gold_loss":0.0,"damage_taken":0.0,"relics_obtained":["CeramicFish"]},{"damage_healed":0.0,"max_hp_gain":0.0,"max_hp_loss":0.0,"gold_gain":0.0,"event_name":"betterThird:BetterScrap","player_choice":"Relic ","floor":13.0,"gold_loss":0.0,"damage_taken":3.0,"cards_obtained":["Blasphemy"]},{"damage_healed":0.0,"max_hp_gain":0.0,"max_hp_loss":0.0,"gold_gain":0.0,"event_name":"betterNote:BetterNote","player_choice":"Ignored","floor":19.0,"gold_loss":0.0,"damage_taken":0.0,"cards_obtained":["Glass Knife"]}],"is_beta":false,"boss_relics":[{"not_picked":["SlaversCollar","Replay:Wanted Poster"],"picked":"Black Star"}],"items_purged_floors":[],"is_endless":false,"potions_floor_spawned":[1,6,10,12,18,21,27],"ascension_level":0}}