{"host":"g2yp6paluzgljz05","time":1610671691,"event":{"mods":["BaseMod","Bestiary","Colored Powertips","DeckTracker","Highlight Path","Minty Spire (QoL Compilation)","Quick Restart"],"gold_per_floor":[130,130,218,143,193,193,248,282,282,156,156,270,304,336,336,336,336],"floor_reached":16,"language":"ENG","playtime":675,"items_purged":["Strike_R","Strike_R"],"score":120,"play_id":"5cde7d3c-af4f-4a5e-919d-b3faac84314b","local_time":"20210115114811","is_ascension_mode":true,"campfire_choices":[{"data":"Bash","floor":6,"key":"SMITH"},{"data":"Pommel Strike","floor":11,"key":"SMITH"},{"data":"Fire Breathing","floor":15,"key":"SMITH"}],"circlet_count":0,"master_deck":["Strike_R","Strike_R","Strike_R","Defend_R","Defend_R","Defend_R","Defend_R","Bash+1","HandOfGreed","Pommel Strike+1","Evolve","Pommel Strike","Fire Breathing+1","Wild Strike","Offering"],"relics":["Burning Blood","SsserpentHead","Question Card","Mummified Hand","White Beast Statue","Odd Mushroom"],"acts_visited":["Exordium"],"potions_floor_usage":[13,16,16],"damage_taken":[{"damage":12,"enemies":"Jaw Worm","floor":1,"turns":2},{"damage":0,"enemies":"Cultist","floor":3,"turns":2},{"damage":8,"enemies":"Gremlin Nob","floor":7,"turns":3},{"damage":6,"enemies":"Small Slimes","floor":8,"turns":4},{"damage":32,"enemies":"The Mushroom Lair","floor":12,"turns":4},{"damage":6,"enemies":"Exordium Thugs","floor":13,"turns":3},{"damage":0,"enemies":"2 Fungi Beasts","floor":14,"turns":2},{"damage":51,"enemies":"The Guardian","floor":16,"turns":9}],"seed_played":"7219021144649812062","potions_obtained":[{"floor":7,"key":"AttackPotion"},{"floor":12,"key":"Block Potion"},{"floor":13,"key":"SkillPotion"},{"floor":14,"key":"LiquidMemories"}],"is_trial":false,"path_per_floor":["M","?","M","$","?","R","E","M","T","$","R","?","M","M","R","B"],"character_chosen":"IRONCLAD","items_purchased":["Pommel Strike"],"campfire_rested":0,"item_purchase_floors":[10],"current_hp_per_floor":[66,66,72,72,69,69,67,67,67,67,67,41,41,47,47,0,0],"gold":336,"neow_bonus":"RANDOM_COLORLESS_2","is_daily":false,"chose_seed":false,"campfire_upgraded":3,"win_rate":0.0,"timestamp":1610671691,"path_taken":["M","?","?","$","?","R","E","M","T","$","R","?","M","M","R","BOSS"],"items_purchased_type":["Card"],"build_version":"2020-12-22","purchased_purges":2,"victory":false,"max_hp_per_floor":[72,72,72,72,72,72,72,72,72,72,72,72,72,72,72,72,72],"card_choices":[{"not_picked":["Master of Strategy","Thinking Ahead"],"picked":"HandOfGreed","floor":0},{"not_picked":["Heavy Blade","Anger"],"picked":"Pommel Strike","floor":1},{"not_picked":["Sever Soul","Clash","Armaments"],"picked":"SKIP","floor":3},{"not_picked":["Reckless Charge","Fire Breathing","Whirlwind"],"picked":"Evolve","floor":7},{"not_picked":["Clothesline","Warcry","Perfected Strike","Ghostly Armor"],"picked":"SKIP","floor":8},{"not_picked":["Clothesline","Whirlwind","Twin Strike"],"picked":"Fire Breathing","floor":12},{"not_picked":["Carnage","Armaments","Bloodletting"],"picked":"Wild Strike","floor":13},{"not_picked":["Perfected Strike","Clothesline","Armaments"],"picked":"Offering","floor":14}],"player_experience":190687,"relics_obtained":[{"floor":7,"key":"Mummified Hand"},{"floor":9,"key":"White Beast Statue"},{"floor":12,"key":"Odd Mushroom"}],"event_choices":[{"damage_healed":0,"gold_gain":0,"player_choice":"Trade","damage_taken":0,"relics_obtained":["SsserpentHead"],"max_hp_gain":0,"max_hp_loss":0,"event_name":"FaceTrader","floor":2,"gold_loss":0},{"damage_healed":0,"gold_gain":0,"player_choice":"Success","damage_taken":3,"relics_obtained":["Question Card"],"max_hp_gain":0,"max_hp_loss":0,"event_name":"Scrap Ooze","floor":5,"gold_loss":0},{"damage_healed":0,"gold_gain":0,"player_choice":"Fought Mushrooms","damage_taken":0,"max_hp_gain":0,"max_hp_loss":0,"event_name":"Mushrooms","floor":12,"gold_loss":0}],"is_beta":false,"boss_relics":[],"items_purged_floors":[4,10],"is_endless":false,"potions_floor_spawned":[7,12,13,14],"killed_by":"The Guardian","ascension_level":4}}