{"host":"6jtzbi9kl8x9w6dt","time":1610670053,"event":{"mods":["Act Like it!","Aspiration","BaseMod","BetterRewards","Colored Powertips","Defuse TimeMaze Blight","Downfall","Friendly Minions","Halation","Hallownest","Hermit","Hubris","Marisa????????","Mimic Mod","Minty Spire (QoL Compilation)","Prisma Mod","READ ME - Guardian Mod","StSLib","SuperFastMode","Td1madao Mod","The Animator","The Bladedancer","The Construct","The Cursed","The Disciple","The Hierophant","The Mystic","The Necromancer","The Senshi","The Servant 0.9.4"],"gold_per_floor":[99,116,127,227,241,0,73,73,73,73,83,8,67,52,67,170,220,220,237,237,237,237,272,272,307,318,331,350,365,215,250,260,359,359,359,377,389,408,293,293,316,328,36,55,2,14,31,64,84,84],"floor_reached":51,"language":"ENG","playtime":3258,"items_purged":["Guardian:Strike_Guardian","Guardian:Repulse"],"score":831,"play_id":"e2684888-422c-4943-a929-606a0ac0ec49","local_time":"20210114162053","is_ascension_mode":false,"campfire_choices":[{"floor":1,"key":"RECALL"},{"data":"Guardian:CurlUp","floor":10,"key":"SMITH"},{"floor":12,"key":"REST"},{"data":"Guardian:Harden","floor":18,"key":"SMITH"},{"floor":30,"key":"REST"},{"data":"Guardian:SphericShield","floor":35,"key":"SMITH"}],"circlet_count":0,"master_deck":["Guardian:Defend_Guardian","Guardian:Defend_Guardian","Guardian:CurlUp+1","Guardian:TwinSlam","Guardian:RollAttack","Guardian:PrismaticBarrier","Guardian:DecasProtection","Guardian:ShieldCharger","Guardian:RollAttack","Guardian:Harden+1","Guardian:PiercingHide","Guardian:HyperBeam_Guardian","Guardian:Planning","Guardian:SpikerProtocol","Slimebound:Tackle+1","Slimebound:Tackle+1","Slimebound:Tackle+1","Guardian:BronzeOrb","Guardian:Recover","Guardian:FierceBash","Guardian:ShieldCharger","Guardian:PiercingHide","Guardian:SphericShield+1","Guardian:SpikerProtocol+1","Guardian:Gem_Cyan","Guardian:ShieldSpikes","Guardian:Harden","Guardian:SphericShield+1","Guardian:BronzeOrb+1","Guardian:TemporalShield","Guardian:GatlingBeam","Guardian:Gem_Crimson","Guardian:PiercingHide","Parasite","Guardian:Emergency","Guardian:SphericShield","Guardian:BronzeOrb+1"],"relics":["Guardian:ModeShifter","Guardian:PickAxe","Sundial","downfall:HeartBlessingRed","halation:TwoAmDonut","Tiny House","HornCleat","hubris:Zylophone","aspiration:HummingbirdHeart","downfall:HeartBlessingBlue","downfall:HeartBlessingGreen","CaptainsWheel","hubris:ScarierMask","MawBank","FossilizedHelix","Lizard Tail"],"acts_visited":["Exordium","TheCity","TheBeyond"],"potions_floor_usage":[5,16,28,29,33,33,33,44,48,50],"damage_taken":[{"damage":0,"enemies":"2 Louse","floor":2,"turns":3},{"damage":4,"enemies":"Small Slimes","floor":3,"turns":5},{"damage":10,"enemies":"Jaw Worm","floor":5,"turns":6},{"damage":5,"enemies":"downfall:FleeingMerchant","floor":6,"turns":4},{"damage":2,"enemies":"Blue Slaver","floor":11,"turns":5},{"damage":8,"enemies":"3 Sentries","floor":13,"turns":8},{"damage":1,"enemies":"downfall:FleeingMerchant","floor":14,"turns":4},{"damage":8,"enemies":"Gremlin Gang","floor":15,"turns":3},{"damage":34,"enemies":"downfall:Defect","floor":16,"turns":12},{"damage":3,"enemies":"Spheric Guardian","floor":19,"turns":5},{"damage":7,"enemies":"Book of Stabbing","floor":23,"turns":6},{"damage":47,"enemies":"Gremlin Leader","floor":25,"turns":7},{"damage":8,"enemies":"Cultist and Chosen","floor":26,"turns":6},{"damage":0,"enemies":"Shelled Parasite and Fungi","floor":27,"turns":6},{"damage":13,"enemies":"Centurion and Healer","floor":28,"turns":5},{"damage":0,"enemies":"3 Cultists","floor":29,"turns":4},{"damage":0,"enemies":"Book of Stabbing","floor":31,"turns":5},{"damage":6,"enemies":"Snecko","floor":32,"turns":6},{"damage":16,"enemies":"downfall:Watcher","floor":33,"turns":11},{"damage":0,"enemies":"3 Darklings","floor":36,"turns":5},{"damage":0,"enemies":"Orb Walker","floor":37,"turns":4},{"damage":0,"enemies":"4 Shapes","floor":38,"turns":5},{"damage":0,"enemies":"downfall:FleeingMerchant","floor":39,"turns":4},{"damage":0,"enemies":"downfall:FleeingMerchant","floor":43,"turns":4},{"damage":0,"enemies":"3 Darklings","floor":44,"turns":7},{"damage":0,"enemies":"downfall:FleeingMerchant","floor":45,"turns":4},{"damage":0,"enemies":"Sphere and 2 Shapes","floor":46,"turns":3},{"damage":0,"enemies":"Writhing Mass","floor":47,"turns":7},{"damage":0,"enemies":"Nemesis","floor":48,"turns":9},{"damage":0,"enemies":"3 Darklings","floor":49,"turns":6},{"damage":54,"enemies":"downfall:Ironclad","floor":50,"turns":21}],"seed_played":"-6791247818276253217","potions_obtained":[{"floor":5,"key":"Fruit Juice"},{"floor":15,"key":"Guardian:StasisDiscoveryPotion"},{"floor":16,"key":"LiquidMemories"},{"floor":17,"key":"Weak Potion"},{"floor":19,"key":"DuplicationPotion"},{"floor":25,"key":"Guardian:BlockOnCardUsePotion"},{"floor":29,"key":"ColorlessPotion"},{"floor":31,"key":"PowerPotion"},{"floor":38,"key":"Fruit Juice"},{"floor":44,"key":"ColorlessPotion"},{"floor":47,"key":"Guardian:BlockOnCardUsePotion"},{"floor":48,"key":"Fire Potion"},{"floor":49,"key":"EssenceOfSteel"}],"is_trial":false,"path_per_floor":["R","M","M","?","M","$","T","?","?","R","M","R","?","$","M","B",null,"R","M","?","?","T","E","T","E","M","M","M","M","R","E","M","B",null,"R","M","M","M","$","?","T","?","$","M","$","M","M","E","M","B",null],"character_chosen":"GUARDIAN","items_purchased":["Guardian:PickAxe","FossilizedHelix","Guardian:Gem_Crimson"],"campfire_rested":2,"item_purchase_floors":[6,43,45],"current_hp_per_floor":[88,88,84,84,79,74,74,74,56,56,54,81,73,72,64,30,98,98,95,95,95,95,88,88,41,33,33,20,20,62,62,56,40,108,108,108,108,108,108,108,108,108,108,113,113,113,113,113,113,59],"gold":84,"neow_bonus":"TEN_PERCENT_HP_BONUS","is_daily":false,"chose_seed":false,"campfire_upgraded":3,"win_rate":0.0,"timestamp":1610670053,"path_taken":["R","M","M","?","M","$","T","?","?","R","M","R","?","$","M","BOSS","R","M","?","?","?","E","T","E","M","?","M","M","R","E","M","BOSS","R","M","M","M","$","?","T","?","$","M","$","M","M","E","M","BOSS"],"items_purchased_type":["Relic","Relic","Card"],"build_version":"2020-12-22","purchased_purges":2,"victory":true,"max_hp_per_floor":[88,88,88,88,93,93,93,93,93,93,93,93,93,93,93,93,98,98,98,98,98,98,98,98,98,98,98,98,98,108,108,108,108,108,108,108,108,108,108,108,108,108,108,113,113,113,113,113,113,113],"card_choices":[{"not_picked":["Guardian:Gem_Cyan","Guardian:RefractedBeam"],"picked":"Guardian:Gem_Lightblue","floor":2},{"not_picked":["Guardian:Planning","Guardian:Reroute"],"picked":"Guardian:RollAttack","floor":3},{"not_picked":["Guardian:Repulse","Guardian:PrimingBeam"],"picked":"Guardian:PrismaticBarrier","floor":5},{"not_picked":["Guardian:TemporalShield","Guardian:CrystalBeam"],"picked":"Guardian:DecasProtection","floor":6},{"not_picked":["Guardian:ChargeUp","Guardian:TemporalStrike"],"picked":"Guardian:ShieldCharger","floor":11},{"not_picked":["Guardian:Gem_White","Guardian:Recover"],"picked":"Guardian:RollAttack","floor":13},{"not_picked":["Guardian:Clone","Guardian:Planning"],"picked":"Guardian:Harden","floor":14},{"not_picked":["Guardian:PrimingBeam","Guardian:Gem_Purple"],"picked":"Guardian:PiercingHide","floor":15},{"not_picked":["Guardian:FastForward","Guardian:ConstructionForm"],"picked":"Guardian:HyperBeam_Guardian","floor":16},{"not_picked":["Guardian:CrystalBeam","Guardian:PrimingBeam"],"picked":"Guardian:Planning","floor":17},{"not_picked":["Guardian:PrismaticBeam","Guardian:MultiBeam"],"picked":"Guardian:SpikerProtocol","floor":19},{"not_picked":["Guardian:VentSteam","Guardian:PolyBeam"],"picked":"Guardian:Gem_Cyan","floor":23},{"not_picked":["Guardian:ChargeCore","Guardian:CrystalBeam+1"],"picked":"Guardian:Recover","floor":25},{"not_picked":["Guardian:Gem_Green","Guardian:DecasProtection"],"picked":"Guardian:FierceBash","floor":26},{"not_picked":["Guardian:TemporalStrike","Guardian:TemporalShield","Guardian:Recover"],"picked":"SKIP","floor":27},{"not_picked":["Guardian:Gem_White","Guardian:Reroute"],"picked":"Guardian:ShieldCharger","floor":28},{"not_picked":["Guardian:Recover","Guardian:VentSteam"],"picked":"Guardian:PiercingHide","floor":29},{"not_picked":["Guardian:RefractedBeam","Guardian:StasisField"],"picked":"Guardian:Gem_Lightblue","floor":31},{"not_picked":["Guardian:ChargeCore+1","Guardian:Planning"],"picked":"Guardian:Gem_Red","floor":32},{"not_picked":["Guardian:ConstructionForm","Guardian:TimeSifter"],"picked":"Guardian:SphericShield","floor":33},{"not_picked":["Guardian:Suspension+1","Guardian:Preprogram"],"picked":"Guardian:SpikerProtocol+1","floor":36},{"not_picked":["Guardian:MultiBeam","Guardian:Emergency+1"],"picked":"Guardian:Gem_Cyan","floor":37},{"not_picked":["Guardian:DonusPower","Guardian:WalkerClaw"],"picked":"Guardian:ShieldSpikes","floor":38},{"not_picked":["Guardian:Reroute","Guardian:RollAttack+1"],"picked":"Guardian:Harden","floor":39},{"not_picked":["Guardian:TimeCapacitor","Guardian:GuardianWhirl"],"picked":"Guardian:BronzeOrb+1","floor":43},{"not_picked":["Guardian:CrystalBeam+1","Guardian:Gem_Green"],"picked":"Guardian:TemporalShield","floor":44},{"not_picked":["Guardian:ChargeCore+1","Guardian:RevengeProtocol"],"picked":"Guardian:GatlingBeam","floor":45},{"not_picked":["Guardian:Incinerate","Guardian:TemporalStrike+1"],"picked":"Guardian:PiercingHide","floor":46},{"not_picked":["Guardian:Gem_Lightblue","Guardian:Gem_Green"],"picked":"Guardian:Emergency","floor":47},{"not_picked":["Guardian:RollAttack+1","Guardian:ChargeUp"],"picked":"Guardian:SphericShield","floor":48},{"not_picked":["Guardian:ShieldCharger","Guardian:TemporalStrike"],"picked":"Guardian:BronzeOrb+1","floor":49}],"player_experience":76721,"relics_obtained":[{"floor":7,"key":"Sundial"},{"floor":13,"key":"halation:TwoAmDonut"},{"floor":22,"key":"HornCleat"},{"floor":23,"key":"hubris:Zylophone"},{"floor":25,"key":"aspiration:HummingbirdHeart"},{"floor":31,"key":"CaptainsWheel"},{"floor":41,"key":"MawBank"},{"floor":48,"key":"Lizard Tail"}],"event_choices":[{"damage_healed":0,"gold_gain":0,"cards_transformed":["Guardian:Defend_Guardian","Guardian:Defend_Guardian"],"player_choice":"Became Test Subject","damage_taken":0,"max_hp_gain":0,"max_hp_loss":0,"event_name":"Drug Dealer","floor":21,"gold_loss":0,"cards_obtained":["Guardian:Repulse","Guardian:BronzeOrb"]},{"damage_healed":0,"gold_gain":0,"player_choice":"Copied","damage_taken":0,"max_hp_gain":0,"max_hp_loss":0,"event_name":"Duplicator","floor":42,"gold_loss":0,"cards_obtained":["Guardian:SphericShield"]}],"is_beta":false,"boss_relics":[{"not_picked":["halation:Yufonium","halation:PlatinumPhoenix"],"picked":"Tiny House"},{"not_picked":["aspiration:SilentSkillbook","halation:LoveArrow"],"picked":"hubris:ScarierMask"}],"items_purged_floors":[6,39],"is_endless":false,"potions_floor_spawned":[5,15,16,19,25,27,29,31,38,44,47,48,49],"ascension_level":0}}