{"host":"y3h3n3f7seyagppx","time":1610733414,"event":{"mods":["AlwaysNeverKeys","BaseMod","Better Vampires","Colored Powertips","DeckTracker","Emptier Cage","Minty Spire (QoL Compilation)","Permanent Neow","Quick Restart","Rare Cards Sparkle","Relic Sorter","Relic Stats","StSLib","Transform Curses"],"gold_per_floor":[13,30,30,44,63,63,96,96,96,109,142,155,168,93,93,165,165,178,178,178,198,35,65,65,92,118,143,162,24,24,52,52,126,126,139,139,159,33,52,52,77,77,77,108,127,139,158,490,490,490,490,490,490,23,57,57],"floor_reached":57,"language":"ENG","playtime":6016,"items_purged":["Strike_R","Decay"],"score":2964,"play_id":"8dad78fd-3724-4b4d-b4cf-42f8493c04dd","local_time":"20210115125654","is_ascension_mode":true,"campfire_choices":[{"data":"Bash","floor":6.0,"key":"SMITH"},{"data":"Inflame","floor":8.0,"key":"SMITH"},{"data":"Armaments","floor":15.0,"key":"SMITH"},{"data":"Fiend Fire","floor":24.0,"key":"SMITH"},{"data":"Disarm","floor":32.0,"key":"SMITH"},{"data":"Sword Boomerang","floor":40.0,"key":"SMITH"},{"data":"Shockwave","floor":49.0,"key":"SMITH"},{"floor":53.0,"key":"REST"}],"circlet_count":0,"master_deck":["AscendersBane","Strike_R","Strike_R+1","Defend_R","Defend_R","Defend_R","Defend_R+1","Bash+1","Rampage","Pummel+1","Iron Wave","Carnage+1","Inflame+1","Ghostly Armor","Disarm+1","Feel No Pain","Whirlwind+1","Fiend Fire+1","Armaments+1","Exhume","Shrug It Off+1","Battle Trance","Offering","Power Through","Corruption","Corruption","Entrench+1","Sword Boomerang+1","Dual Wield+1","Shockwave+1","Evolve","Sword Boomerang+1","Flame Barrier","True Grit+1","Heavy Blade+1"],"relics":["Burning Blood","HornCleat","Pantograph","Blue Candle","Velvet Choker","Bag of Marbles","CaptainsWheel","The Courier","Whetstone","Art of War","Brimstone","TungstenRod","Dream Catcher","Sozu","Du-Vu Doll","Ginger","Smiling Mask","Old Coin","Membership Card","Mercury Hourglass","Torii","Ornamental Fan","War Paint"],"acts_visited":["Exordium","TheCity","TheBeyond","TheEnding"],"potions_floor_usage":[55],"damage_taken":[{"damage":2.0,"enemies":"Cultist","floor":1.0,"turns":4.0},{"damage":14.0,"enemies":"Jaw Worm","floor":2.0,"turns":4.0},{"damage":0.0,"enemies":"2 Louse","floor":4.0,"turns":2.0},{"damage":11.0,"enemies":"Lots of Slimes","floor":5.0,"turns":5.0},{"damage":8.0,"enemies":"Gremlin Nob","floor":7.0,"turns":3.0},{"damage":3.0,"enemies":"Blue Slaver","floor":10.0,"turns":3.0},{"damage":7.0,"enemies":"3 Sentries","floor":11.0,"turns":7.0},{"damage":6.0,"enemies":"Exordium Thugs","floor":12.0,"turns":4.0},{"damage":0.0,"enemies":"Exordium Wildlife","floor":13.0,"turns":2.0},{"damage":38.0,"enemies":"Hexaghost","floor":16.0,"turns":8.0},{"damage":6.0,"enemies":"Shell Parasite","floor":18.0,"turns":2.0},{"damage":4.0,"enemies":"Chosen","floor":21.0,"turns":5.0},{"damage":10.0,"enemies":"Gremlin Leader","floor":23.0,"turns":5.0},{"damage":20.0,"enemies":"Book of Stabbing","floor":25.0,"turns":4.0},{"damage":7.0,"enemies":"Gremlin Leader","floor":27.0,"turns":7.0},{"damage":14.0,"enemies":"Snake Plant","floor":28.0,"turns":3.0},{"damage":10.0,"enemies":"Slavers","floor":31.0,"turns":4.0},{"damage":26.0,"enemies":"Champ","floor":33.0,"turns":7.0},{"damage":0.0,"enemies":"3 Darklings","floor":35.0,"turns":4.0},{"damage":5.0,"enemies":"Orb Walker","floor":37.0,"turns":2.0},{"damage":8.0,"enemies":"4 Shapes","floor":39.0,"turns":12.0},{"damage":16.0,"enemies":"Nemesis","floor":41.0,"turns":5.0},{"damage":45.0,"enemies":"Reptomancer","floor":44.0,"turns":5.0},{"damage":0.0,"enemies":"Spire Growth","floor":45.0,"turns":3.0},{"damage":0.0,"enemies":"Maw","floor":46.0,"turns":6.0},{"damage":0.0,"enemies":"4 Shapes","floor":47.0,"turns":4.0},{"damage":5.0,"enemies":"Giant Head","floor":48.0,"turns":5.0},{"damage":33.0,"enemies":"Time Eater","floor":50.0,"turns":7.0},{"damage":63.0,"enemies":"Awakened One","floor":51.0,"turns":10.0},{"damage":56,"enemies":"Shield and Spear","floor":55,"turns":8},{"damage":45,"enemies":"The Heart","floor":56,"turns":8}],"seed_played":"-2017475666002896062","potions_obtained":[{"floor":1.0,"key":"ColorlessPotion"},{"floor":2.0,"key":"Energy Potion"},{"floor":10.0,"key":"DistilledChaos"},{"floor":12.0,"key":"FairyPotion"},{"floor":23.0,"key":"Energy Potion"},{"floor":25.0,"key":"BloodPotion"},{"floor":27.0,"key":"AttackPotion"},{"floor":33.0,"key":"ColorlessPotion"}],"is_trial":false,"path_per_floor":["M","M","?","M","M","R","E","R","T","M","E","M","M","$","R","B",null,"M","?","?","M","$","E","R","E","T","E","M","$","?","E","R","B",null,"M","?","M","$","M","R","E","$","T","E","M","M","M","E","R","B","B",null,"R","$","E","B",null],"character_chosen":"IRONCLAD","items_purchased":["Bag of Marbles","Brimstone","Sword Boomerang","Membership Card","Mercury Hourglass","Torii","Ornamental Fan"],"campfire_rested":1,"item_purchase_floors":[22,29,38,54,54,54,54],"current_hp_per_floor":[72,64,64,70,65,65,63,63,63,66,65,65,71,71,71,43,67,67,67,67,69,69,65,65,51,51,65,57,57,57,53,53,55,70,75,75,75,75,73,73,63,63,63,24,30,36,42,43,43,41,9,59,75,75,25,11],"gold":57,"neow_bonus":"TRANSFORM_TWO_CARDS","is_daily":false,"chose_seed":false,"campfire_upgraded":7,"win_rate":0.0,"timestamp":1610733414,"path_taken":["M","M","?","M","?","R","E","R","T","M","E","M","M","$","R","BOSS","M","?","?","?","$","E","R","E","T","E","M","$","?","E","R","BOSS","M","?","M","?","M","R","E","?","T","E","M","?","M","E","R","BOSS","BOSS","R","$","E","BOSS"],"items_purchased_type":["Relic","Relic","Card","Relic","Relic","Relic","Relic"],"build_version":"2020-12-22","purchased_purges":2,"victory":true,"max_hp_per_floor":[75,75,75,75,75,75,75,75,75,75,75,75,75,75,75,75,75,75,75,75,75,75,75,75,75,75,75,75,75,75,75,75,75,75,75,75,75,75,75,75,75,75,75,75,75,75,75,75,75,75,75,75,75,75,75,75],"relic_stats":{"Torii":53,"counters":[31,158],"Blue Candle":[5],"Whetstone":["Strike_R","Pummel"],"Ginger":[10],"War Paint":["Shrug It Off","Defend_R"],"Smiling Mask":0,"Burning Blood":184,"Mercury Hourglass":[45],"Sozu":2,"Dream Catcher":1,"Ornamental Fan":[12],"Pantograph":101,"Art of War":[19],"obtain_stats":[{"Torii":54,"Blue Candle":11,"Velvet Choker":17,"The Courier":25,"Whetstone":26,"Ginger":43,"War Paint":55,"Smiling Mask":44,"Burning Blood":0,"Old Coin":48,"Mercury Hourglass":54,"Sozu":34,"Du-Vu Doll":41,"CaptainsWheel":23,"Dream Catcher":31,"HornCleat":7,"Brimstone":29,"Ornamental Fan":54,"Pantograph":9,"Bag of Marbles":22,"Art of War":27,"Membership Card":54,"TungstenRod":30},{"Torii":29,"Blue Candle":7,"Velvet Choker":10,"The Courier":14,"Whetstone":14,"Ginger":22,"War Paint":30,"Smiling Mask":23,"Burning Blood":0,"Old Coin":27,"Mercury Hourglass":29,"Sozu":18,"Du-Vu Doll":22,"CaptainsWheel":13,"Dream Catcher":17,"HornCleat":5,"Brimstone":16,"Ornamental Fan":29,"Pantograph":5,"Bag of Marbles":12,"Art of War":15,"Membership Card":29,"TungstenRod":16},{"Torii":142,"Blue Candle":28,"Velvet Choker":42,"The Courier":58,"Whetstone":58,"Ginger":102,"War Paint":150,"Smiling Mask":107,"Burning Blood":0,"Old Coin":125,"Mercury Hourglass":142,"Sozu":79,"Du-Vu Doll":102,"CaptainsWheel":54,"Dream Catcher":72,"HornCleat":18,"Brimstone":68,"Ornamental Fan":142,"Pantograph":18,"Bag of Marbles":49,"Art of War":65,"Membership Card":142,"TungstenRod":68}],"TungstenRod":60},"card_choices":[{"not_picked":["Sentinel","Cleave"],"picked":"Iron Wave","floor":1.0},{"not_picked":["True Grit","Ghostly Armor"],"picked":"Carnage","floor":2.0},{"not_picked":["Body Slam","Second Wind"],"picked":"Inflame","floor":4.0},{"not_picked":["Dual Wield","Warcry"],"picked":"Ghostly Armor","floor":5.0},{"not_picked":["Havoc","Flex"],"picked":"Disarm","floor":7.0},{"not_picked":["Rupture","True Grit"],"picked":"Feel No Pain","floor":10.0},{"not_picked":["Clash","Entrench"],"picked":"Whirlwind","floor":11.0},{"not_picked":["Ghostly Armor","Iron Wave"],"picked":"Fiend Fire","floor":12.0},{"not_picked":["Combust","Rupture"],"picked":"Armaments","floor":13.0},{"not_picked":["Juggernaut","Immolate"],"picked":"Exhume","floor":16.0},{"not_picked":["Heavy Blade+1","Warcry"],"picked":"Shrug It Off","floor":18.0},{"not_picked":["Cleave+1","Clothesline"],"picked":"Battle Trance","floor":21.0},{"not_picked":["Iron Wave","True Grit"],"picked":"Offering","floor":23.0},{"not_picked":["Flex","Carnage","Havoc"],"picked":"SKIP","floor":25.0},{"not_picked":["Pommel Strike","Bloodletting","Clash"],"picked":"SKIP","floor":27.0},{"not_picked":["Flex","Headbutt","Carnage+1"],"picked":"SKIP","floor":28.0},{"not_picked":["Flex","Anger"],"picked":"Power Through","floor":31.0},{"not_picked":["Offering","Immolate"],"picked":"Corruption","floor":33.0},{"not_picked":["Wild Strike","Blood for Blood+1","Headbutt"],"picked":"SKIP","floor":35.0},{"not_picked":["Wild Strike","Blood for Blood+1","Headbutt"],"picked":"SKIP","floor":35.0},{"not_picked":["Clash+1","Burning Pact"],"picked":"Entrench+1","floor":37.0},{"not_picked":["Power Through","Body Slam"],"picked":"Dual Wield+1","floor":39.0},{"not_picked":["Perfected Strike+1","Pommel Strike","Infernal Blade"],"picked":"SKIP","floor":41.0},{"not_picked":["Combust+1","Armaments"],"picked":"Shockwave","floor":44.0},{"not_picked":["Spot Weakness","Armaments"],"picked":"Evolve","floor":45.0},{"not_picked":["Pommel Strike+1","Feel No Pain"],"picked":"Sword Boomerang+1","floor":46.0},{"not_picked":["Rampage+1","True Grit"],"picked":"Flame Barrier","floor":47.0},{"not_picked":["Bloodletting+1","Havoc"],"picked":"True Grit+1","floor":48.0},{"not_picked":["Immolate","Flame Barrier"],"picked":"Heavy Blade+1","floor":55}],"player_experience":20979684,"relics_obtained":[{"floor":7.0,"key":"HornCleat"},{"floor":9.0,"key":"Pantograph"},{"floor":11.0,"key":"Blue Candle"},{"floor":23.0,"key":"CaptainsWheel"},{"floor":25.0,"key":"The Courier"},{"floor":26.0,"key":"Whetstone"},{"floor":27.0,"key":"Art of War"},{"floor":31.0,"key":"Dream Catcher"},{"floor":41.0,"key":"Du-Vu Doll"},{"floor":43.0,"key":"Ginger"},{"floor":44.0,"key":"Smiling Mask"},{"floor":48.0,"key":"Old Coin"},{"floor":55,"key":"War Paint"}],"event_choices":[{"damage_healed":0.0,"max_hp_gain":0.0,"max_hp_loss":0.0,"gold_gain":0.0,"event_name":"Upgrade Shrine","player_choice":"Upgraded","floor":3.0,"gold_loss":0.0,"damage_taken":0.0,"cards_upgraded":["Carnage"]},{"damage_healed":0.0,"max_hp_gain":0.0,"max_hp_loss":0.0,"gold_gain":0.0,"event_name":"Forgotten Altar","player_choice":"Smashed Altar","floor":19.0,"gold_loss":0.0,"damage_taken":0.0,"cards_obtained":["Decay"]},{"damage_healed":0.0,"max_hp_gain":0.0,"max_hp_loss":0.0,"gold_gain":0.0,"event_name":"Upgrade Shrine","player_choice":"Upgraded","floor":20.0,"gold_loss":0.0,"damage_taken":0.0,"cards_upgraded":["Whirlwind"]},{"damage_healed":0.0,"max_hp_gain":0.0,"max_hp_loss":0.0,"gold_gain":0.0,"event_name":"WeMeetAgain","player_choice":"Gave Potion","floor":30.0,"gold_loss":0.0,"damage_taken":0.0,"relics_obtained":["TungstenRod"]},{"damage_healed":0.0,"max_hp_gain":0.0,"max_hp_loss":0.0,"gold_gain":0.0,"event_name":"Match and Keep!","player_choice":"1 cards matched","floor":36.0,"gold_loss":0.0,"damage_taken":0.0,"cards_obtained":["Corruption"]}],"is_beta":false,"boss_relics":[{"not_picked":["Ectoplasm","SacredBark"],"picked":"Velvet Choker"},{"not_picked":["Calling Bell","Empty Cage"],"picked":"Sozu"}],"items_purged_floors":[14,38],"is_endless":false,"potions_floor_spawned":[1,2,10,12,23,25,27,28,33,37,41,48],"ascension_level":20}}