{"host":"lt6ak5uviv8nhkrb","time":1610721483,"event":{"mods":["Act Like it!","BaseMod","Gensokyo","Minty Spire (QoL Compilation)","Reimu£®≤©¿ˆ¡È√Œ£©","Spicy Shops","StSLib","TestMod","The Servant 0.9.4","Waifu the Spire","Yakumo Yukari mod","simple","°æ“≈ŒÔø®≈∆°øREMEMod"],"gold_per_floor":[15,15,35,47,64,64,91,41,68,101,23,23,48,63,63,166,166,185,199,213,213,18,47,357,584,611,637,656,669,687,727,727,830,830,845,865,915,928,940,940,953,75,75,75,100,118,134,160,160,160,160,160,84,117,117],"floor_reached":56,"language":"ZHS","playtime":3604,"items_purged":["Strike_P"],"score":1606,"play_id":"2322729f-51c6-484d-b518-e915570268f5","local_time":"20210115223803","is_ascension_mode":true,"campfire_choices":[{"data":"testmod-PerfectCombo","floor":6.0,"key":"SMITH"},{"data":"REME_CRH","floor":15.0,"key":"SMITH"},{"floor":32.0,"key":"REST"},{"data":"Omniscience","floor":40.0,"key":"SMITH"},{"data":"testmod-Dream","floor":44.0,"key":"SMITH"},{"floor":49.0,"key":"RECALL"},{"floor":52.0,"key":"DIG"}],"circlet_count":0,"master_deck":["Strike_P","Strike_P","Strike_P","Defend_P","Defend_P","Defend_P","Eruption","Vigilance","REME_CRH+1","Bloodletting","testmod-PerfectCombo+1","ClearTheMind","DeusExMachina","CutThroughFate+1","Ragnarok","Swivel","Omniscience+1","ReachHeaven+1","EmptyMind","REME_CRH","Crescendo+1","CutThroughFate+1","CrushJoints+1","testmod-Dream+1","Decay","Clumsy","Gensokyo:ImpossibleRequest","Fasting2+1","TalkToTheHand+1","Crescendo+1","Consecrate+1","FollowUp+1"],"relics":["HolyWater","REME_ComplimentaryCards","testmod-TestBox","Bronze Scales","PreservedInsect","Toy Ornithopter","Orichalcum","Mummified Hand","Strange Spoon","Happy Flower","testmod-AssaultLearning","Shovel","testmod-CardMagician","PureWhite:ReiMu","Bag of Marbles","testmod-Charity","Gremlin Horn","testmod-Laevatain","testmod-BalancedPeriapt","Frozen Egg 2","CrazyTorch:ReiMu","Eternal Feather","Orrery","FossilizedHelix"],"acts_visited":["Exordium","Gensokyo:Gensokyoer","TheBeyond","TheEnding"],"potions_floor_usage":[],"damage_taken":[{"damage":1.0,"enemies":"2 Louse","floor":1.0,"turns":2.0},{"damage":1.0,"enemies":"Cultist","floor":3.0,"turns":3.0},{"damage":6.0,"enemies":"Jaw Worm","floor":4.0,"turns":2.0},{"damage":6.0,"enemies":"3 Louse","floor":5.0,"turns":2.0},{"damage":3.0,"enemies":"3 Sentries","floor":7.0,"turns":1.0},{"damage":0.0,"enemies":"Lagavulin","floor":10.0,"turns":2.0},{"damage":0.0,"enemies":"Gremlin Nob","floor":13.0,"turns":2.0},{"damage":0.0,"enemies":"Lots of Slimes","floor":14.0,"turns":2.0},{"damage":47.0,"enemies":"Hexaghost","floor":16.0,"turns":5.0},{"damage":0.0,"enemies":"Gensokyo:Chomper","floor":18.0,"turns":1.0},{"damage":0.0,"enemies":"Gensokyo:2_Gloops","floor":19.0,"turns":2.0},{"damage":3.0,"enemies":"Gensokyo:Slime_Group","floor":20.0,"turns":1.0},{"damage":28.0,"enemies":"Gensokyo:Tenshi","floor":23.0,"turns":3.0},{"damage":8.0,"enemies":"Gensokyo:Chomper_and_Gloop","floor":24.0,"turns":3.0},{"damage":3.0,"enemies":"Gensokyo:Reisen","floor":25.0,"turns":1.0},{"damage":12.0,"enemies":"Gensokyo:Koishi","floor":27.0,"turns":2.0},{"damage":21.0,"enemies":"Gensokyo:Wraith","floor":28.0,"turns":4.0},{"damage":5.0,"enemies":"Gensokyo:Mirror_and_Dog","floor":29.0,"turns":1.0},{"damage":3.0,"enemies":"Gensokyo:Slime_Group","floor":30.0,"turns":1.0},{"damage":4.0,"enemies":"Gensokyo:Wraith","floor":31.0,"turns":5.0},{"damage":9.0,"enemies":"Gensokyo:Eternal_Rivals","floor":33.0,"turns":4.0},{"damage":17.0,"enemies":"3 Shapes","floor":35.0,"turns":2.0},{"damage":5.0,"enemies":"3 Darklings","floor":36.0,"turns":3.0},{"damage":3.0,"enemies":"Mind Bloom Boss Battle","floor":37.0,"turns":2.0},{"damage":0.0,"enemies":"Transient","floor":38.0,"turns":5.0},{"damage":11.0,"enemies":"Spire Growth","floor":39.0,"turns":2.0},{"damage":5.0,"enemies":"3 Darklings","floor":41.0,"turns":2.0},{"damage":0.0,"enemies":"Nemesis","floor":45.0,"turns":1.0},{"damage":3.0,"enemies":"Transient","floor":46.0,"turns":4.0},{"damage":6.0,"enemies":"Writhing Mass","floor":47.0,"turns":2.0},{"damage":0.0,"enemies":"Reptomancer","floor":48.0,"turns":2.0},{"damage":0.0,"enemies":"Awakened One","floor":50.0,"turns":3.0},{"damage":0.0,"enemies":"Shield and Spear","floor":54.0,"turns":2.0},{"damage":81,"enemies":"The Heart","floor":55,"turns":5}],"seed_played":"8502858363390687187","potions_obtained":[{"floor":3.0,"key":"DistilledChaos"},{"floor":4.0,"key":"Swift Potion"},{"floor":13.0,"key":"Ambrosia"},{"floor":14.0,"key":"BlessingOfTheForge"},{"floor":19.0,"key":"testmod-TimePotion"},{"floor":25.0,"key":"BottledMiracle"},{"floor":28.0,"key":"Weak Potion"},{"floor":29.0,"key":"GrandPatriotsElixir:ReiMu"},{"floor":30.0,"key":"REME_GoldPotion"},{"floor":31.0,"key":"BottledMiracle"},{"floor":33.0,"key":"ColorlessPotion"},{"floor":38.0,"key":"SpeedPotion"},{"floor":39.0,"key":"Explosive Potion"},{"floor":45.0,"key":"Fire Potion"}],"is_trial":false,"path_per_floor":["M","?","M","M","M","R","E","?","T","E","$","?","E","M","R","B",null,"M","M","M","$","COS","E","M","E","T","E","M","M","M","M","R","B",null,"M","M","?","M","M","R","M","$","T","R","E","M","M","E","R","B",null,"R","$","E","B",null],"character_chosen":"WATCHER","items_purchased":["Orichalcum","Bag of Marbles","testmod-Charity","Gremlin Horn","testmod-Dream","testmod-Laevatain","Orrery"],"campfire_rested":1,"item_purchase_floors":[11,42,42,42,42,42,53],"current_hp_per_floor":[71,71,70,64,58,58,55,55,55,55,55,82,82,82,82,35,82,82,82,79,79,79,54,46,43,43,31,15,15,17,23,47,38,82,67,72,69,69,58,58,58,58,58,58,61,61,63,66,66,66,82,82,82,82,1],"gold":117,"neow_bonus":"THREE_RARE_CARDS","is_daily":false,"chose_seed":false,"campfire_upgraded":4,"win_rate":0.0,"timestamp":1610721483,"path_taken":["M","?","?","M","M","R","E","?","T","E","$","?","E","M","R","BOSS","M","M","M","?","COS","E","M","E","T","E","M","?","M","M","R","BOSS","M","M","?","M","M","R","M","$","T","R","E","M","M","E","R","BOSS","R","$","E","BOSS"],"items_purchased_type":["Relic","Relic","Relic","Relic","Card","Relic","Relic"],"build_version":"2020-12-22","purchased_purges":1,"victory":true,"max_hp_per_floor":[72,72,72,72,72,72,72,72,72,72,72,82,82,82,82,82,82,82,82,82,82,82,82,82,82,82,82,82,82,82,82,82,82,82,82,82,82,82,82,82,82,82,82,82,82,82,82,82,82,82,82,82,82,82,82],"card_choices":[{"not_picked":["DeusExMachina","Wish"],"picked":"REME_CRH","floor":0.0},{"not_picked":["Consecrate","Halt","Evaluate"],"picked":"SKIP","floor":1.0},{"not_picked":["WindmillStrike","JustLucky","ThirdEye"],"picked":"SKIP","floor":3.0},{"not_picked":["CarveReality","SashWhip"],"picked":"Blasphemy","floor":4.0},{"not_picked":["FlurryOfBlows","Wireheading","Meditate"],"picked":"SKIP","floor":5.0},{"not_picked":["Study","SashWhip","Pray"],"picked":"SKIP","floor":7.0},{"not_picked":["CrushJoints","WreathOfFlame","MentalFortress"],"picked":"SKIP","floor":10.0},{"not_picked":["Protect","ThirdEye"],"picked":"ClearTheMind","floor":13.0},{"not_picked":["FlyingSleeves","Indignation","Sanctity"],"picked":"SKIP","floor":14.0},{"not_picked":["Blasphemy","Alpha"],"picked":"DeusExMachina","floor":16.0},{"not_picked":["Evaluate+1","BattleHymn"],"picked":"CutThroughFate+1","floor":18.0},{"not_picked":["PathToVictory","Collect","Pray+1"],"picked":"SKIP","floor":19.0},{"not_picked":["Evaluate","FlurryOfBlows","Protect"],"picked":"SKIP","floor":20.0},{"not_picked":["Alpha","FollowUp"],"picked":"Ragnarok","floor":23.0},{"not_picked":["FlurryOfBlows","CutThroughFate"],"picked":"Swivel","floor":24.0},{"not_picked":["Crescendo","Pray"],"picked":"Omniscience","floor":25.0},{"not_picked":["FlyingSleeves+1","FearNoEvil","Collect"],"picked":"SKIP","floor":27.0},{"not_picked":["REME_MusicOfDeath","Consecrate","PathToVictory"],"picked":"SKIP","floor":28.0},{"not_picked":["InnerPeace","FlurryOfBlows"],"picked":"ReachHeaven+1","floor":29.0},{"not_picked":["ThirdEye","Halt"],"picked":"EmptyMind","floor":30.0},{"not_picked":["REME_Repentance","Evaluate","WaveOfTheHand+1"],"picked":"SKIP","floor":31.0},{"not_picked":["Establishment","Blasphemy"],"picked":"REME_CRH","floor":33.0},{"not_picked":["FlyingSleeves","EmptyBody","Consecrate+1"],"picked":"SKIP","floor":35.0},{"not_picked":["Halt+1","REME_Repentance"],"picked":"Crescendo+1","floor":36.0},{"not_picked":["FlurryOfBlows+1","EmptyFist"],"picked":"CutThroughFate+1","floor":37.0},{"not_picked":["Consecrate+1","Swivel","ReachHeaven+1"],"picked":"SKIP","floor":38.0},{"not_picked":["EmptyFist","ClearTheMind","Evaluate"],"picked":"SKIP","floor":39.0},{"not_picked":["LikeWater","Establishment"],"picked":"CrushJoints+1","floor":41.0},{"not_picked":["SignatureMove+1","Crescendo","Perseverance"],"picked":"SKIP","floor":45.0},{"not_picked":["CrushJoints+1","CutThroughFate+1","Perseverance"],"picked":"SKIP","floor":46.0},{"not_picked":["WindmillStrike","MentalFortress+1"],"picked":"Fasting2+1","floor":47.0},{"not_picked":["JustLucky+1","FlyingSleeves","CarveReality+1"],"picked":"SKIP","floor":48.0},{"not_picked":["REME_Repentance","Brilliance"],"picked":"TalkToTheHand+1","floor":53.0},{"not_picked":["BowlingBash","Consecrate"],"picked":"Crescendo+1","floor":53.0},{"not_picked":["CrushJoints","Protect"],"picked":"Consecrate+1","floor":53.0},{"not_picked":["REME_Repentance","Alpha"],"picked":"FollowUp+1","floor":54.0}],"player_experience":100617,"relics_obtained":[{"floor":7.0,"key":"Bronze Scales"},{"floor":9.0,"key":"PreservedInsect"},{"floor":10.0,"key":"Toy Ornithopter"},{"floor":13.0,"key":"Mummified Hand"},{"floor":23.0,"key":"Happy Flower"},{"floor":25.0,"key":"testmod-AssaultLearning"},{"floor":27.0,"key":"Shovel"},{"floor":37.0,"key":"PureWhite:ReiMu"},{"floor":43.0,"key":"testmod-BalancedPeriapt"},{"floor":45.0,"key":"Frozen Egg 2"},{"floor":48.0,"key":"CrazyTorch:ReiMu"},{"floor":52.0,"key":"Eternal Feather"},{"floor":54.0,"key":"FossilizedHelix"}],"event_choices":[{"damage_healed":0.0,"max_hp_gain":0.0,"max_hp_loss":0.0,"gold_gain":0.0,"cards_transformed":["testmod-Bloodthirsty"],"event_name":"Transmorgrifier","player_choice":"Transformed","floor":2.0,"gold_loss":0.0,"damage_taken":0.0,"cards_obtained":["testmod-PerfectCombo"]},{"cards_removed":["Defend_P"],"damage_healed":0.0,"max_hp_gain":0.0,"max_hp_loss":0.0,"gold_gain":0.0,"event_name":"The Cleric","player_choice":"Card Removal","floor":8.0,"gold_loss":50.0,"damage_taken":0.0},{"cards_removed":["Blasphemy"],"damage_healed":17.0,"max_hp_gain":10.0,"max_hp_loss":0.0,"gold_gain":0.0,"event_name":"Bonfire Elementals","player_choice":"Offered Rare","floor":12.0,"gold_loss":0.0,"damage_taken":0.0},{"damage_healed":0.0,"max_hp_gain":0.0,"max_hp_loss":0.0,"gold_gain":0.0,"event_name":"MindBloom","player_choice":"Fight","floor":37.0,"gold_loss":0.0,"damage_taken":0.0}],"is_beta":false,"boss_relics":[{"not_picked":["REME_DuelDisc","Coffee Dripper"],"picked":"HolyWater"},{"not_picked":["REME_ChargedStone","RedLine:ReiMu"],"picked":"testmod-CardMagician"}],"items_purged_floors":[42],"is_endless":false,"potions_floor_spawned":[3,4,13,14,19,25,28,29,30,31,33,38,39,45,46],"ascension_level":1}}