{"host":"07e1k1rk6c4zn0bu","time":1610750460,"event":{"mods":["AchievementEnabler","BaseMod","Bestiary","Colored Map","Colored Powertips","DeckTracker","Minty Spire (QoL Compilation)","StSLib"],"gold_per_floor":[117,144,162,175,175,175,213,213,213,227,242,242,263,304,304,424,424,438,438,459,472,177,177,200,6,77,77,77,77,89,89,89,193,243,259,278,293,310,65,65,77,91,91,91,91],"floor_reached":44,"language":"ENG","playtime":3177,"items_purged":["Injury","Strike_B+1"],"score":424,"play_id":"461f1ce1-5bed-462d-8cee-ccc4407d3b9b","local_time":"20210115174100","is_ascension_mode":false,"campfire_choices":[{"data":"Defragment","floor":6,"key":"SMITH"},{"floor":8,"key":"REST"},{"floor":12,"key":"REST"},{"data":"Machine Learning","floor":15,"key":"SMITH"},{"data":"Capacitor","floor":23,"key":"SMITH"},{"floor":32,"key":"REST"},{"floor":40,"key":"REST"}],"circlet_count":0,"master_deck":["Strike_B+1","Strike_B+1","Defend_B+1","Defend_B+1","Defend_B+1","Defend_B+1","Zap","Dualcast","Conserve Battery","Defragment+1","Creative AI","Hologram","Chaos","Steam Power","White Noise","Machine Learning+1","Electrodynamics","Consume+1","Ball Lightning","Redo","Capacitor+1","Coolheaded+1","Thunder Strike","Defragment+1","Electrodynamics+1","Steam+1","Loop+1","Echo Form+1"],"relics":["Cracked Core","Happy Flower","Centennial Puzzle","Bloody Idol","Sundial","HornCleat","Pantograph","Snecko Eye","Membership Card","MealTicket","Lizard Tail","Frozen Egg 2","Bronze Scales","Tiny House","Thread and Needle","Gremlin Horn"],"acts_visited":["Exordium","TheCity","TheBeyond"],"potions_floor_usage":[7,16,24,24,30,37],"damage_taken":[{"damage":1,"enemies":"Cultist","floor":1,"turns":3},{"damage":2,"enemies":"2 Louse","floor":3,"turns":3},{"damage":0,"enemies":"Small Slimes","floor":4,"turns":3},{"damage":36,"enemies":"Lagavulin","floor":7,"turns":6},{"damage":0,"enemies":"2 Fungi Beasts","floor":10,"turns":4},{"damage":0,"enemies":"Large Slime","floor":11,"turns":6},{"damage":9,"enemies":"Lots of Slimes","floor":13,"turns":5},{"damage":21,"enemies":"Gremlin Nob","floor":14,"turns":5},{"damage":27,"enemies":"Slime Boss","floor":16,"turns":9},{"damage":1,"enemies":"3 Byrds","floor":18,"turns":3},{"damage":13,"enemies":"2 Thieves","floor":20,"turns":3},{"damage":18,"enemies":"Centurion and Healer","floor":21,"turns":5},{"damage":20,"enemies":"Snecko","floor":24,"turns":5},{"damage":20,"enemies":"Cultist and Chosen","floor":30,"turns":4},{"damage":23,"enemies":"Champ","floor":33,"turns":9},{"damage":33,"enemies":"3 Darklings","floor":35,"turns":4},{"damage":33,"enemies":"Orb Walker","floor":36,"turns":3},{"damage":1,"enemies":"Sphere and 2 Shapes","floor":37,"turns":3},{"damage":60,"enemies":"Jaw Worm Horde","floor":38,"turns":4},{"damage":28,"enemies":"Transient","floor":41,"turns":5},{"damage":5,"enemies":"3 Darklings","floor":42,"turns":3},{"damage":33,"enemies":"4 Shapes","floor":44,"turns":3}],"seed_played":"4823745202617965305","potions_obtained":[{"floor":3,"key":"Energy Potion"},{"floor":4,"key":"PotionOfCapacity"},{"floor":14,"key":"SkillPotion"},{"floor":18,"key":"EntropicBrew"},{"floor":33,"key":"Ancient Potion"},{"floor":37,"key":"CultistPotion"},{"floor":42,"key":"EssenceOfSteel"}],"is_trial":false,"path_per_floor":["M","T","M","M","?","R","E","R","T","M","M","R","M","E","R","B",null,"M","?","M","M","$","R","M","$","T","?","?","?","M","?","R","B",null,"M","M","M","M","$","R","M","M","T","M"],"character_chosen":"DEFECT","items_purchased":["Membership Card","Capacitor","MealTicket","Lizard Tail","Thunder Strike","Loop+1","Thread and Needle"],"campfire_rested":4,"item_purchase_floors":[22,22,22,25,25,39,39],"current_hp_per_floor":[74,74,72,72,72,72,36,58,58,58,58,75,66,45,45,43,75,74,74,61,43,43,43,23,38,38,38,38,38,23,23,45,52,80,52,24,28,14,29,53,30,30,30,0,0],"gold":91,"neow_bonus":"RANDOM_COMMON_RELIC","is_daily":false,"chose_seed":false,"campfire_upgraded":3,"win_rate":0.0,"timestamp":1610750460,"path_taken":["M","?","M","M","?","R","E","R","T","M","M","R","M","E","R","BOSS","M","?","M","M","$","R","M","$","T","?","?","?","?","?","R","BOSS","M","M","?","M","$","R","M","M","T","M"],"items_purchased_type":["Relic","Card","Relic","Relic","Card","Card","Relic"],"build_version":"2020-12-22","purchased_purges":2,"victory":false,"max_hp_per_floor":[75,75,75,75,75,75,75,75,75,75,75,75,75,75,75,75,75,75,75,75,75,75,75,75,75,75,75,75,75,75,75,75,75,80,80,80,80,80,80,80,80,80,80,80,80],"card_choices":[{"not_picked":["Sweeping Beam","Leap"],"picked":"Conserve Battery","floor":1},{"not_picked":["Compile Driver","Reinforced Body"],"picked":"Defragment","floor":3},{"not_picked":["Fusion","Doom and Gloom"],"picked":"Creative AI","floor":4},{"not_picked":["BootSequence","Cold Snap"],"picked":"Hologram","floor":7},{"not_picked":["Chill","Go for the Eyes"],"picked":"Chaos","floor":10},{"not_picked":["Self Repair","Leap"],"picked":"Steam Power","floor":11},{"not_picked":["Rebound","Streamline"],"picked":"White Noise","floor":13},{"not_picked":["Static Discharge","Hologram"],"picked":"Machine Learning","floor":14},{"not_picked":["Amplify","Biased Cognition"],"picked":"Electrodynamics","floor":16},{"not_picked":["Hello World","Coolheaded"],"picked":"Consume","floor":18},{"not_picked":["Glacier","Cold Snap+1"],"picked":"Ball Lightning","floor":20},{"not_picked":["BootSequence","Glacier+1"],"picked":"Redo","floor":21},{"not_picked":["Heatsinks","Cold Snap"],"picked":"Coolheaded+1","floor":24},{"not_picked":["Barrage","Force Field","Fusion"],"picked":"SKIP","floor":30},{"not_picked":["Multi-Cast","Creative AI+1"],"picked":"Electrodynamics+1","floor":33},{"not_picked":["Lockon","Cold Snap+1"],"picked":"Steam+1","floor":34},{"not_picked":["Skim+1","Streamline","Cold Snap"],"picked":"SKIP","floor":35},{"not_picked":["Skim","Fusion","Leap"],"picked":"SKIP","floor":36},{"not_picked":["Compile Driver","Stack+1","Go for the Eyes+1"],"picked":"SKIP","floor":37},{"not_picked":["Go for the Eyes","Darkness","Beam Cell+1"],"picked":"SKIP","floor":38},{"not_picked":["Rebound","FTL+1"],"picked":"Echo Form+1","floor":41},{"not_picked":["Leap","Go for the Eyes","Streamline"],"picked":"SKIP","floor":42}],"player_experience":51162,"relics_obtained":[{"floor":2,"key":"Centennial Puzzle"},{"floor":7,"key":"Sundial"},{"floor":9,"key":"HornCleat"},{"floor":14,"key":"Pantograph"},{"floor":26,"key":"Frozen Egg 2"},{"floor":43,"key":"Gremlin Horn"}],"event_choices":[{"damage_healed":0,"gold_gain":0,"player_choice":"Take Wound","damage_taken":0,"relics_obtained":["Golden Idol"],"max_hp_gain":0,"max_hp_loss":0,"event_name":"Golden Idol","floor":5,"gold_loss":0,"cards_obtained":["Injury"]},{"damage_healed":0,"gold_gain":0,"player_choice":"Simplicity","damage_taken":0,"max_hp_gain":0,"max_hp_loss":0,"event_name":"Back to Basics","floor":19,"gold_loss":0,"cards_upgraded":["Strike_B","Strike_B","Strike_B","Strike_B","Defend_B","Defend_B","Defend_B","Defend_B"]},{"damage_healed":0,"gold_gain":0,"player_choice":"Opened","damage_taken":0,"relics_obtained":["Bronze Scales"],"max_hp_gain":0,"max_hp_loss":0,"event_name":"The Mausoleum","floor":27,"gold_loss":0},{"damage_healed":0,"gold_gain":0,"player_choice":"Gave Idol","damage_taken":0,"relics_obtained":["Bloody Idol"],"max_hp_gain":0,"max_hp_loss":0,"event_name":"Forgotten Altar","floor":28,"relics_lost":["Golden Idol"],"gold_loss":0},{"cards_removed":["Strike_B"],"damage_healed":0,"gold_gain":0,"player_choice":"Purged","damage_taken":0,"max_hp_gain":0,"max_hp_loss":0,"event_name":"Purifier","floor":29,"gold_loss":0},{"damage_healed":0,"gold_gain":0,"player_choice":"Copied","damage_taken":0,"max_hp_gain":0,"max_hp_loss":0,"event_name":"Duplicator","floor":31,"gold_loss":0,"cards_obtained":["Defragment"]}],"is_beta":false,"boss_relics":[{"not_picked":["Runic Dome","Velvet Choker"],"picked":"Snecko Eye"},{"not_picked":["Busted Crown","Pandora\u0027s Box"],"picked":"Tiny House"}],"items_purged_floors":[22,39],"is_endless":false,"potions_floor_spawned":[3,4,14,18,33,37,38,42],"killed_by":"4 Shapes","ascension_level":0}}