{"host":"blqtz7f1wyqlnbm9","time":1610680492,"event":{"mods":["BaseMod","Minty Spire (QoL Compilation)","Replay The Spire","StSLib"],"gold_per_floor":[112,42,42,4,21,53,53,65,65,65,78,78,96,112,112,232,232,255,170,26,26,44,62,62,62,62],"floor_reached":25,"language":"ZHS","playtime":744,"items_purged":[],"score":233,"play_id":"c92040b5-182d-48bd-9550-921427c32022","local_time":"20210115111452","is_ascension_mode":true,"campfire_choices":[{"data":"Bouncing Flask","floor":10,"key":"SMITH"},{"data":"Poison Darts","floor":15,"key":"SMITH"},{"floor":24,"key":"REST"}],"circlet_count":0,"master_deck":["Strike_G+1","Strike_G+1","Strike_G+1","Strike_G+1","Defend_G","Defend_G","Defend_G","Survivor","Neutralize","Calculated Gamble","Flying Knee","Dash","Bouncing Flask+1","Catalyst","Bane","Noxious Fumes","Poison Darts+1","ReplayTheSpireMod:From All Sides","Venomology","Bouncing Flask","Catalyst"],"relics":["Ring of the Snake","Ancient Tea Set","Replay:Bottled Eggs","Bloody Idol","Empty Cage","Singing Bowl","Orrery"],"acts_visited":["Exordium","TheCity"],"potions_floor_usage":[6,13,13,18,22,23,25,25],"damage_taken":[{"damage":0,"enemies":"Small Slimes","floor":1,"turns":3},{"damage":6,"enemies":"Cultist","floor":5,"turns":3},{"damage":15,"enemies":"Lagavulin","floor":6,"turns":5},{"damage":2,"enemies":"Jaw Worm","floor":8,"turns":3},{"damage":1,"enemies":"Looter","floor":11,"turns":2},{"damage":0,"enemies":"2 Fungi Beasts","floor":13,"turns":3},{"damage":14,"enemies":"Red Slaver","floor":14,"turns":2},{"damage":9,"enemies":"Hexaghost","floor":16,"turns":7},{"damage":40,"enemies":"2 Thieves","floor":18,"turns":4},{"damage":16,"enemies":"Shell Parasite","floor":22,"turns":6},{"damage":20,"enemies":"Snake Plant","floor":23,"turns":4},{"damage":43,"enemies":"Gremlin Leader","floor":25,"turns":4}],"seed_played":"-8253798110813960420","potions_obtained":[{"floor":5,"key":"SneckoOil"},{"floor":6,"key":"CunningPotion"},{"floor":11,"key":"Energy Potion"},{"floor":23,"key":"SpeedPotion"}],"is_trial":false,"path_per_floor":["M","$","?","$","M","E","$","M","T","R","M","?","M","M","R","B",null,"M","?","$","?","M","M","R","E"],"character_chosen":"THE_SILENT","items_purchased":["Dash","Bouncing Flask","Orrery"],"campfire_rested":1,"item_purchase_floors":[2,4,20],"current_hp_per_floor":[70,70,70,70,64,49,49,47,47,47,46,29,29,15,15,6,70,30,30,38,38,29,16,40,0,0],"gold":62,"neow_bonus":"THREE_CARDS","is_daily":false,"chose_seed":false,"campfire_upgraded":2,"win_rate":0.0,"timestamp":1610680492,"path_taken":["M","$","?","$","M","E","?","?","T","R","M","?","M","M","R","BOSS","M","?","$","?","?","M","R","E"],"items_purchased_type":["Card","Card","Relic"],"build_version":"2020-12-22","purchased_purges":0,"victory":false,"max_hp_per_floor":[70,70,70,70,70,70,70,70,70,70,70,70,70,70,70,70,70,70,70,78,78,80,82,82,82,82],"card_choices":[{"not_picked":["Deadly Poison","Hidden Blade"],"picked":"Calculated Gamble","floor":0},{"not_picked":["ReplayTheSpireMod:Tripwire","Prepared"],"picked":"Flying Knee","floor":1},{"not_picked":["Riddle With Holes","ReplayTheSpireMod:Shiv Toss"],"picked":"Catalyst","floor":5},{"not_picked":["Sucker Punch","Heel Hook","PiercingWail"],"picked":"SKIP","floor":6},{"not_picked":["Prepared","Catalyst"],"picked":"Bane","floor":8},{"not_picked":["Setup","Dagger Throw"],"picked":"Noxious Fumes","floor":11},{"not_picked":["PiercingWail","Skewer"],"picked":"Poison Darts","floor":13},{"not_picked":["Dodge and Roll","Bane"],"picked":"ReplayTheSpireMod:From All Sides","floor":14},{"not_picked":["Wraith Form v2","Corpse Explosion"],"picked":"Venomology","floor":16},{"not_picked":["Slice","Poisoned Stab"],"picked":"Bouncing Flask","floor":18},{"not_picked":["Bane+1","Dodge and Roll","Corpse Explosion"],"picked":"Singing Bowl","floor":20},{"not_picked":["Slice","Flechettes","Expertise"],"picked":"Singing Bowl","floor":20},{"not_picked":["Malaise","Hidden Blade","PiercingWail"],"picked":"Singing Bowl","floor":20},{"not_picked":["Bane+1","Hidden Blade"],"picked":"Catalyst","floor":20},{"not_picked":["Acrobatics","Slice+1","Quick Slash"],"picked":"Singing Bowl","floor":20},{"not_picked":["Blade Dance","Dodge and Roll","Concentrate"],"picked":"Singing Bowl","floor":22},{"not_picked":["Poisoned Stab","Underhanded Strike","Dagger Spray"],"picked":"Singing Bowl","floor":23}],"player_experience":208869,"relics_obtained":[{"floor":6,"key":"Ancient Tea Set"},{"floor":9,"key":"Replay:Bottled Eggs"}],"event_choices":[{"cards_removed":["Defend_G"],"damage_healed":0,"gold_gain":0,"player_choice":"Offered Basic","damage_taken":0,"max_hp_gain":0,"max_hp_loss":0,"event_name":"Bonfire Elementals","floor":3,"gold_loss":0},{"damage_healed":0,"gold_gain":0,"player_choice":"Take Damage","damage_taken":17,"relics_obtained":["Golden Idol"],"max_hp_gain":0,"max_hp_loss":0,"event_name":"Golden Idol","floor":12,"gold_loss":0},{"damage_healed":0,"gold_gain":0,"player_choice":"Obtained Relic","damage_taken":0,"relics_obtained":["Singing Bowl"],"max_hp_gain":0,"max_hp_loss":0,"event_name":"Addict","floor":19,"gold_loss":85},{"damage_healed":0,"gold_gain":0,"player_choice":"Gave Idol","damage_taken":0,"relics_obtained":["Bloody Idol"],"max_hp_gain":0,"max_hp_loss":0,"event_name":"Forgotten Altar","floor":21,"relics_lost":["Golden Idol"],"gold_loss":0}],"is_beta":false,"boss_relics":[{"not_picked":["Black Star","Runic Pyramid"],"picked":"Empty Cage"}],"items_purged_floors":[],"is_endless":false,"potions_floor_spawned":[5,6,11,23],"killed_by":"Gremlin Leader","ascension_level":3}}