{"host":"g7trc0x2teqyd8ye","time":1610739401,"event":{"mods":["BaseMod","Key Reminder","Minty Spire (QoL Compilation)","Relic Stats"],"gold_per_floor":[113,63,238,238,9,44,44,64,89,105,446,40,53,78,78,169,169,194,21,21,21,45,89,4,4,4],"floor_reached":25,"language":"ENG","playtime":880,"items_purged":["Doubt","Strike_B"],"score":419,"play_id":"643fde14-d84e-48d0-be74-73222e5c9f55","local_time":"20210115203641","is_ascension_mode":true,"campfire_choices":[{"data":"Redo","floor":7,"key":"SMITH"},{"data":"Blizzard","floor":15,"key":"SMITH"}],"circlet_count":0,"master_deck":["AscendersBane","Strike_B","Strike_B","Defend_B","Defend_B","Defend_B","Defend_B","Zap","Dualcast","Glacier","Redo+1","Seek","Defragment","Cold Snap","FTL","Darkness","Ball Lightning","FTL","Lockon","Melter","Go for the Eyes","Blizzard+1","Coolheaded","Echo Form","Sweeping Beam","Coolheaded","Redo","Cold Snap","Self Repair","Cold Snap"],"relics":["FrozenCore","NeowsBlessing","Golden Idol","Omamori","StrikeDummy","Akabeko","Old Coin","Orrery","Ancient Tea Set","WingedGreaves","Calipers"],"acts_visited":["Exordium","TheCity"],"potions_floor_usage":[16,16,18,23,25],"damage_taken":[{"damage":0,"enemies":"Cultist","floor":1,"turns":1},{"damage":0,"enemies":"Lagavulin","floor":6,"turns":1},{"damage":0,"enemies":"2 Louse","floor":8,"turns":1},{"damage":0,"enemies":"Small Slimes","floor":10,"turns":4},{"damage":14,"enemies":"Gremlin Nob","floor":11,"turns":4},{"damage":2,"enemies":"Blue Slaver","floor":13,"turns":3},{"damage":1,"enemies":"Exordium Thugs","floor":14,"turns":3},{"damage":34,"enemies":"Slime Boss","floor":16,"turns":7},{"damage":5,"enemies":"Shell Parasite","floor":18,"turns":5},{"damage":7,"enemies":"Spheric Guardian","floor":22,"turns":4},{"damage":60,"enemies":"Slavers","floor":23,"turns":7},{"damage":32,"enemies":"Book of Stabbing","floor":25,"turns":8}],"seed_played":"-3483921024487252723","potions_obtained":[{"floor":1,"key":"LiquidBronze"},{"floor":11,"key":"EntropicBrew"},{"floor":13,"key":"Regen Potion"},{"floor":16,"key":"Energy Potion"},{"floor":22,"key":"Regen Potion"},{"floor":23,"key":"LiquidMemories"}],"is_trial":false,"path_per_floor":["M","?","?","?","$","E","R","M","T","M","E","$","M","M","R","B",null,"M","$","?","$","M","E","?","E"],"character_chosen":"DEFECT","items_purchased":["Omamori","FTL","Darkness","Orrery","Ancient Tea Set","Coolheaded","Redo"],"campfire_rested":0,"item_purchase_floors":[5,12,12,12,12,19,19],"current_hp_per_floor":[68,68,68,50,50,50,50,50,50,50,36,36,34,33,33,14,60,55,55,55,55,48,32,32,0,0],"gold":4,"neow_bonus":"THREE_ENEMY_KILL","is_daily":false,"chose_seed":false,"campfire_upgraded":2,"win_rate":0.0,"timestamp":1610739401,"path_taken":["M","?","?","?","?","E","R","M","T","?","E","$","M","M","R","BOSS","M","$","?","$","M","E","?","E"],"items_purchased_type":["Relic","Card","Card","Relic","Relic","Card","Card"],"build_version":"2020-12-22","purchased_purges":2,"victory":false,"max_hp_per_floor":[75,75,75,75,75,75,75,75,75,75,75,75,75,75,75,75,75,75,75,75,75,75,75,75,75,75],"relic_stats":{"counters":[12,48],"Golden Idol":67,"obtain_stats":[{"Calipers":24,"NeowsBlessing":0,"Golden Idol":4,"Orrery":12,"WingedGreaves":23,"Omamori":5,"Cracked Core":0,"StrikeDummy":6,"Ancient Tea Set":12,"Akabeko":9,"Old Coin":11,"FrozenCore":17},{"Calipers":11,"NeowsBlessing":0,"Golden Idol":1,"Orrery":5,"WingedGreaves":11,"Omamori":1,"Cracked Core":0,"StrikeDummy":2,"Ancient Tea Set":5,"Akabeko":3,"Old Coin":5,"FrozenCore":8},{"Calipers":40,"NeowsBlessing":0,"Golden Idol":1,"Orrery":11,"WingedGreaves":40,"Omamori":1,"Cracked Core":0,"StrikeDummy":2,"Ancient Tea Set":11,"Akabeko":3,"Old Coin":11,"FrozenCore":24}],"FrozenCore":[7]},"card_choices":[{"not_picked":["Capacitor","Self Repair"],"picked":"Glacier","floor":1},{"not_picked":["Steam","Hologram"],"picked":"Redo","floor":6},{"not_picked":["Streamline","Double Energy"],"picked":"Seek","floor":8},{"not_picked":["Turbo","Streamline"],"picked":"Defragment","floor":10},{"not_picked":["Compile Driver","Capacitor"],"picked":"Cold Snap","floor":11},{"not_picked":["Storm","Compile Driver"],"picked":"Ball Lightning","floor":12},{"not_picked":["Leap","Scrape"],"picked":"FTL","floor":12},{"not_picked":["Compile Driver","Beam Cell"],"picked":"Lockon","floor":12},{"not_picked":["Go for the Eyes","Skim"],"picked":"Melter","floor":12},{"not_picked":["Recycle","Turbo"],"picked":"Go for the Eyes","floor":12},{"not_picked":["Turbo","Redo"],"picked":"Blizzard","floor":13},{"not_picked":["Skim","Leap"],"picked":"Coolheaded","floor":14},{"not_picked":["Buffer","Biased Cognition"],"picked":"Echo Form","floor":16},{"not_picked":["Go for the Eyes","Storm"],"picked":"Sweeping Beam","floor":18},{"not_picked":["Rebound","Sunder"],"picked":"Self Repair","floor":22},{"not_picked":["Double Energy","Static Discharge"],"picked":"Cold Snap","floor":23}],"player_experience":914859,"relics_obtained":[{"floor":6,"key":"StrikeDummy"},{"floor":9,"key":"Akabeko"},{"floor":11,"key":"Old Coin"},{"floor":23,"key":"WingedGreaves"}],"event_choices":[{"cards_removed":["Strike_B"],"damage_healed":0,"gold_gain":0,"player_choice":"Card Removal","damage_taken":0,"max_hp_gain":0,"max_hp_loss":0,"event_name":"The Cleric","floor":2,"gold_loss":50},{"damage_healed":0,"gold_gain":175,"player_choice":"AGREE","damage_taken":0,"max_hp_gain":0,"max_hp_loss":0,"event_name":"Liars Game","floor":3,"gold_loss":0,"cards_obtained":["Doubt"]},{"damage_healed":0,"gold_gain":0,"player_choice":"Take Damage","damage_taken":18,"relics_obtained":["Golden Idol"],"max_hp_gain":0,"max_hp_loss":0,"event_name":"Golden Idol","floor":4,"gold_loss":0},{"damage_healed":0,"gold_gain":0,"player_choice":"Read","damage_taken":0,"max_hp_gain":0,"max_hp_loss":0,"event_name":"The Library","floor":20,"gold_loss":0,"cards_obtained":["Cold Snap"]},{"damage_healed":0,"gold_gain":0,"player_choice":"Obtained Relic","damage_taken":0,"relics_obtained":["Calipers"],"max_hp_gain":0,"max_hp_loss":0,"event_name":"Addict","floor":24,"gold_loss":85}],"is_beta":false,"boss_relics":[{"not_picked":["Inserter","Philosopher\u0027s Stone"],"picked":"FrozenCore"}],"items_purged_floors":[5,19],"is_endless":false,"potions_floor_spawned":[1,11,13,16,22,23],"killed_by":"Book of Stabbing","ascension_level":13}}