{"host":"te8omjvbbfkbztoi","time":1610669760,"event":{"mods":["BaseMod","Highlight Path","Minty Spire (QoL Compilation)","Permanent Neow","Slay the Relics Exporter","UnlockEverythingMod"],"gold_per_floor":[119,119,194,213,178,178,210,223,223,223,239,276,295,30,30,112,112,130,55,79,98,126,169,169,213,295,319,328,369,395,11,11,96,96,118,146,159,178,197,197,241,253,265,315,327,358,381,407,419,431,443,455,467,40,77,77,77],"floor_reached":56,"language":"ENG","playtime":9908,"items_purged":["Strike_R","Strike_R","Strike_R"],"score":2016,"play_id":"fb9fd9b0-fd80-4dcd-877b-c519171ae3d2","local_time":"20210114181600","is_ascension_mode":true,"campfire_choices":[{"data":"Spot Weakness","floor":6,"key":"SMITH"},{"data":"Metallicize","floor":10,"key":"SMITH"},{"floor":15,"key":"REST"},{"data":"Feed","floor":24,"key":"SMITH"},{"floor":32,"key":"REST"},{"data":"Demon Form","floor":40,"key":"SMITH"},{"data":"Demon Form","floor":42,"key":"SMITH"},{"floor":49,"key":"RECALL"},{"data":"Feel No Pain","floor":53,"key":"SMITH"}],"circlet_count":0,"master_deck":["AscendersBane","Strike_R","Strike_R","Defend_R","Defend_R","Defend_R","Defend_R","Bash+1","Spot Weakness+1","Metallicize+1","Seeing Red","Ghostly Armor","Perfected Strike","Twin Strike","Corruption","Reaper","Shrug It Off","Feed+1","Feel No Pain+1","Inflame","Armaments+1","Spot Weakness","Demon Form+1","Havoc+1","Flame Barrier+1","Demon Form+1","Bloodletting+1","Double Tap+1","Flame Barrier+1","Shockwave+1","Metallicize+1","Exhume+1","Disarm+1","Master of Strategy+1","Enlightenment+1","Dual Wield+1"],"relics":["Runic Pyramid","Magic Flower","Turnip","CeramicFish","Runic Dome","Bottled Lightning","Regal Pillow","Toxic Egg 2","Question Card","Gremlin Horn","SlaversCollar","MawBank","StrikeDummy","Kunai"],"acts_visited":["Exordium","TheCity","TheBeyond","TheEnding"],"potions_floor_usage":[7,7,21,22,23,25,44,50],"damage_taken":[{"damage":1.0,"enemies":"Small Slimes","floor":1.0,"turns":4.0},{"damage":3,"enemies":"2 Louse","floor":4,"turns":4},{"damage":16,"enemies":"3 Sentries","floor":7,"turns":6},{"damage":4,"enemies":"Jaw Worm","floor":8,"turns":3},{"damage":16,"enemies":"Lots of Slimes","floor":11,"turns":6},{"damage":24,"enemies":"Gremlin Nob","floor":12,"turns":4},{"damage":0,"enemies":"Exordium Wildlife","floor":13,"turns":2},{"damage":18,"enemies":"Hexaghost","floor":16,"turns":9},{"damage":20,"enemies":"Shell Parasite","floor":18,"turns":4},{"damage":16,"enemies":"3 Byrds","floor":20,"turns":6},{"damage":14,"enemies":"Snake Plant","floor":21,"turns":5},{"damage":42,"enemies":"3 Cultists","floor":22,"turns":6},{"damage":28,"enemies":"Book of Stabbing","floor":23,"turns":5},{"damage":36,"enemies":"Gremlin Leader","floor":25,"turns":6},{"damage":27,"enemies":"Centurion and Healer","floor":27,"turns":7},{"damage":52,"enemies":"Book of Stabbing","floor":29,"turns":6},{"damage":26,"enemies":"Snake Plant","floor":30,"turns":5},{"damage":39,"enemies":"Collector","floor":33,"turns":8},{"damage":36,"enemies":"Orb Walker","floor":35,"turns":5},{"damage":42,"enemies":"3 Shapes","floor":36,"turns":7},{"damage":55,"enemies":"Writhing Mass","floor":37,"turns":7},{"damage":29,"enemies":"Spire Growth","floor":38,"turns":5},{"damage":9,"enemies":"Maw","floor":39,"turns":8},{"damage":52,"enemies":"Giant Head","floor":41,"turns":9},{"damage":58,"enemies":"Reptomancer","floor":44,"turns":6},{"damage":30,"enemies":"Sphere and 2 Shapes","floor":46,"turns":9},{"damage":15,"enemies":"4 Shapes","floor":47,"turns":8},{"damage":40,"enemies":"Transient","floor":48,"turns":6},{"damage":15,"enemies":"Time Eater","floor":50,"turns":9},{"damage":74,"enemies":"Donu and Deca","floor":51,"turns":9},{"damage":161,"enemies":"Shield and Spear","floor":55,"turns":8},{"damage":69,"enemies":"The Heart","floor":56,"turns":2}],"seed_played":"-7632678442094649757","potions_obtained":[{"floor":1.0,"key":"BlessingOfTheForge"},{"floor":4,"key":"Explosive Potion"},{"floor":12,"key":"Ancient Potion"},{"floor":13,"key":"Weak Potion"},{"floor":21,"key":"FearPotion"},{"floor":22,"key":"Explosive Potion"},{"floor":29,"key":"GamblersBrew"},{"floor":33,"key":"HeartOfIron"},{"floor":44,"key":"Explosive Potion"},{"floor":46,"key":"EssenceOfSteel"},{"floor":48,"key":"Energy Potion"}],"is_trial":false,"path_per_floor":["M","?","?","M","?","R","E","M","T","R","M","E","M","$","R","B",null,"M","$","M","M","M","E","R","E","T","M","?","E","M","$","R","B",null,"M","M","M","M","M","R","E","R","T","E","?","M","M","M","R","B","B",null,"R","$","E","B"],"character_chosen":"IRONCLAD","items_purchased":["Reaper","Shrug It Off","Energy Potion","Gremlin Horn","Master of Strategy+1","Enlightenment+1","BlessingOfTheForge"],"campfire_rested":2,"item_purchase_floors":[14,14,14,31,54,54,54],"current_hp_per_floor":[67,67,56,53,71,71,55,51,51,51,35,11,11,11,33,51,69,72,72,79,79,71,82,82,95,95,99,99,77,57,57,104,111,111,115,119,123,127,131,131,131,131,131,131,131,135,143,143,143,143,150,151,151,151,46,0,0],"gold":77,"neow_bonus":"BOSS_RELIC","is_daily":false,"chose_seed":false,"campfire_upgraded":6,"win_rate":0.0,"timestamp":1610669760,"path_taken":["M","?","?","M","?","R","E","M","T","R","M","E","M","$","R","BOSS","M","$","M","M","M","E","R","E","T","M","?","E","M","$","R","BOSS","M","M","M","M","M","R","E","R","T","E","?","M","M","M","R","BOSS","BOSS","R","$","E","BOSS"],"items_purchased_type":["Card","Card","Potion","Relic","Card","Card","Potion"],"build_version":"2020-12-22","purchased_purges":3,"victory":false,"max_hp_per_floor":[75,75,75,75,75,75,75,75,75,75,75,75,75,75,75,75,75,78,78,81,84,87,91,91,95,95,99,99,103,107,107,107,111,111,115,119,123,127,131,131,131,131,131,131,131,135,143,143,143,143,151,151,151,151,151,151,151],"card_choices":[{"not_picked":["Evolve","True Grit"],"picked":"Spot Weakness","floor":1.0},{"not_picked":["Body Slam","Cleave"],"picked":"Metallicize","floor":4},{"not_picked":["Double Tap","Havoc"],"picked":"Seeing Red","floor":7},{"not_picked":["Clash","Thunderclap"],"picked":"Ghostly Armor","floor":8},{"not_picked":["Metallicize","Iron Wave"],"picked":"Perfected Strike","floor":11},{"not_picked":["Reckless Charge","Spot Weakness"],"picked":"Twin Strike","floor":12},{"not_picked":["Clash","Searing Blow"],"picked":"Corruption","floor":13},{"not_picked":["Immolate","Demon Form"],"picked":"Feed","floor":16},{"not_picked":["Second Wind","Sword Boomerang","Evolve"],"picked":"SKIP","floor":18},{"not_picked":["Perfected Strike","Clash"],"picked":"Feel No Pain","floor":20},{"not_picked":["Fire Breathing","Body Slam"],"picked":"Inflame","floor":21},{"not_picked":["True Grit","Shrug It Off"],"picked":"Armaments+1","floor":22},{"not_picked":["Second Wind","Armaments"],"picked":"Spot Weakness","floor":23},{"not_picked":["Fiend Fire","Wild Strike"],"picked":"Demon Form","floor":25},{"not_picked":["Thunderclap","Perfected Strike"],"picked":"Havoc+1","floor":27},{"not_picked":["Flame Barrier+1","Twin Strike+1"],"picked":"Demon Form","floor":29},{"not_picked":["Searing Blow","Cleave","Thunderclap"],"picked":"Bloodletting+1","floor":30},{"not_picked":["Brutality","Offering+1","Fiend Fire"],"picked":"Double Tap+1","floor":33},{"not_picked":["Uppercut","Heavy Blade+1","Cleave"],"picked":"Flame Barrier+1","floor":35},{"not_picked":["Body Slam","Clash","Headbutt+1"],"picked":"Shockwave+1","floor":36},{"not_picked":["Havoc+1","Fire Breathing+1","Twin Strike","Sword Boomerang+1"],"picked":"SKIP","floor":37},{"not_picked":["Thunderclap","Rampage","Inflame","Wild Strike"],"picked":"SKIP","floor":38},{"not_picked":["Armaments+1","Havoc+1","Pommel Strike"],"picked":"Metallicize+1","floor":39},{"not_picked":["Hemokinesis","Twin Strike","Flex+1"],"picked":"Exhume+1","floor":41},{"not_picked":["Dropkick+1","Metallicize","Twin Strike+1"],"picked":"Disarm+1","floor":44},{"not_picked":["Entrench+1","Blood for Blood","Wild Strike+1","Clash"],"picked":"SKIP","floor":46},{"not_picked":["Uppercut","Burning Pact+1","Offering+1","Anger+1"],"picked":"SKIP","floor":47},{"not_picked":["Clash","Iron Wave","Havoc+1","Bloodletting+1"],"picked":"SKIP","floor":48},{"not_picked":["Anger","Seeing Red+1","Combust"],"picked":"Dual Wield+1","floor":55}],"player_experience":63444,"relics_obtained":[{"floor":7,"key":"Magic Flower"},{"floor":9,"key":"Turnip"},{"floor":12,"key":"CeramicFish"},{"floor":23,"key":"Bottled Lightning"},{"floor":25,"key":"Regal Pillow"},{"floor":26,"key":"Toxic Egg 2"},{"floor":29,"key":"Question Card"},{"floor":41,"key":"MawBank"},{"floor":44,"key":"StrikeDummy"},{"floor":55,"key":"Kunai"}],"event_choices":[{"damage_healed":0,"gold_gain":0,"player_choice":"Grow","damage_taken":0,"max_hp_gain":0,"max_hp_loss":0,"event_name":"Living Wall","floor":2,"gold_loss":0,"cards_upgraded":["Bash"]},{"damage_healed":0,"gold_gain":75,"player_choice":"Gather Gold","damage_taken":11,"max_hp_gain":0,"max_hp_loss":0,"event_name":"World of Goop","floor":3,"gold_loss":0},{"damage_healed":18,"gold_gain":0,"player_choice":"Healed","damage_taken":0,"max_hp_gain":0,"max_hp_loss":0,"event_name":"The Cleric","floor":5,"gold_loss":35},{"damage_healed":0,"gold_gain":0,"player_choice":"Read","damage_taken":0,"max_hp_gain":0,"max_hp_loss":0,"event_name":"The Library","floor":28,"gold_loss":0,"cards_obtained":["Flame Barrier"]},{"damage_healed":0,"gold_gain":0,"player_choice":"Ignored","damage_taken":0,"max_hp_gain":0,"max_hp_loss":0,"event_name":"SecretPortal","floor":45,"gold_loss":0}],"is_beta":false,"boss_relics":[{"not_picked":["Empty Cage","Snecko Eye"],"picked":"Runic Dome"},{"not_picked":["Tiny House","SacredBark"],"picked":"SlaversCollar"}],"items_purged_floors":[19,31,54],"is_endless":false,"potions_floor_spawned":[1,4,12,13,21,22,29,33,36,44,46,48],"killed_by":"The Heart","ascension_level":20}}