{"host":"i4040rewq2i2q0jx","time":1610744405,"event":{"mods":["BaseMod","Marisa£®ÏF”Í°°ƒß¿Ì…≥£©","Minty Spire (QoL Compilation)"],"gold_per_floor":[119,131,131,41,61,86,86,102,102,15,15,35,54,74,74,172,172,188,205,304,33,46,46,46,66,66,66,66],"floor_reached":27,"language":"ZHS","playtime":1110,"items_purged":["Defend_B","Strike_B"],"score":217,"play_id":"316754d9-4a77-4263-b8db-fab7dac15b64","local_time":"20210115210005","is_ascension_mode":false,"campfire_choices":[{"data":"Capacitor","floor":7,"key":"SMITH"},{"floor":15,"key":"REST"},{"floor":24,"key":"REST"}],"circlet_count":0,"master_deck":["Strike_B","Strike_B","Defend_B","Defend_B","Defend_B","Zap","Dualcast","Ball Lightning","Rebound","Capacitor+1","Cold Snap","Go for the Eyes","Compile Driver","Melter","Storm","White Noise+1","Biased Cognition","Steam+1","Redo+1","Hello World","Self Repair+1","Conserve Battery"],"relics":["Cracked Core","Smiling Mask","Happy Flower","SlaversCollar","Toolbox","StoneCalendar"],"acts_visited":["Exordium","TheCity"],"potions_floor_usage":[14,16,16,25],"damage_taken":[{"damage":6,"enemies":"Jaw Worm","floor":1,"turns":3},{"damage":9,"enemies":"Small Slimes","floor":2,"turns":3},{"damage":4,"enemies":"Cultist","floor":5,"turns":3},{"damage":19,"enemies":"Lagavulin","floor":6,"turns":5},{"damage":9,"enemies":"Blue Slaver","floor":8,"turns":4},{"damage":5,"enemies":"Looter","floor":12,"turns":2},{"damage":2,"enemies":"Exordium Thugs","floor":13,"turns":4},{"damage":22,"enemies":"Gremlin Gang","floor":14,"turns":4},{"damage":9,"enemies":"The Guardian","floor":16,"turns":10},{"damage":37,"enemies":"2 Thieves","floor":18,"turns":4},{"damage":7,"enemies":"3 Byrds","floor":19,"turns":4},{"damage":14,"enemies":"Snake Plant","floor":22,"turns":3},{"damage":28,"enemies":"Centurion and Healer","floor":25,"turns":5},{"damage":32,"enemies":"Slavers","floor":27,"turns":2}],"seed_played":"-3696405683733936798","potions_obtained":[{"floor":2,"key":"Ancient Potion"},{"floor":8,"key":"SkillPotion"},{"floor":13,"key":"SkillPotion"},{"floor":16,"key":"Fire Potion"},{"floor":22,"key":"Strength Potion"},{"floor":25,"key":"Fire Potion"}],"is_trial":false,"path_per_floor":["M","M","?","$","M","E","R","M","T","$","?","M","M","M","R","B",null,"M","M","?","$","M","?","R","M","T","E"],"character_chosen":"DEFECT","items_purchased":["Capacitor","Cold Snap","Storm","Hello World","Toolbox"],"campfire_rested":2,"item_purchase_floors":[4,4,10,21,21],"current_hp_per_floor":[76,67,72,72,68,49,49,40,40,40,40,35,33,11,37,28,87,50,43,43,43,29,29,55,27,27,0,0],"gold":66,"neow_bonus":"TEN_PERCENT_HP_BONUS","is_daily":false,"chose_seed":false,"campfire_upgraded":1,"win_rate":0.0,"timestamp":1610744405,"path_taken":["M","M","?","$","M","E","R","M","T","$","?","?","M","M","R","BOSS","M","M","?","$","M","?","R","M","T","E"],"items_purchased_type":["Card","Card","Card","Card","Relic"],"build_version":"2020-12-22","purchased_purges":2,"victory":false,"max_hp_per_floor":[82,82,87,87,87,87,87,87,87,87,87,87,87,87,87,87,87,87,87,87,87,87,87,87,87,87,87,87],"card_choices":[{"not_picked":["Steam","Blizzard"],"picked":"Ball Lightning","floor":1},{"not_picked":["Barrage","Consume"],"picked":"Rebound","floor":2},{"not_picked":["Rebound","Sweeping Beam"],"picked":"Go for the Eyes","floor":5},{"not_picked":["Lockon","Undo"],"picked":"Compile Driver","floor":6},{"not_picked":["Chill","FTL"],"picked":"Melter","floor":8},{"not_picked":["Double Energy","Chaos"],"picked":"White Noise","floor":12},{"not_picked":["Tempest","Gash","Go for the Eyes"],"picked":"SKIP","floor":13},{"not_picked":["Streamline","Thunder Strike","Double Energy"],"picked":"SKIP","floor":14},{"not_picked":["Seek","Reboot"],"picked":"Biased Cognition","floor":16},{"not_picked":["Go for the Eyes","Double Energy"],"picked":"Steam+1","floor":18},{"not_picked":["Leap+1","Barrage+1"],"picked":"Redo+1","floor":19},{"not_picked":["Aggregate","Double Energy"],"picked":"Self Repair+1","floor":22},{"not_picked":["Go for the Eyes","Streamline+1"],"picked":"Conserve Battery","floor":25}],"player_experience":59449,"relics_obtained":[{"floor":6,"key":"Smiling Mask"},{"floor":9,"key":"Happy Flower"},{"floor":26,"key":"StoneCalendar"}],"event_choices":[{"damage_healed":0,"gold_gain":0,"player_choice":"Donut","damage_taken":0,"max_hp_gain":5,"max_hp_loss":0,"event_name":"Big Fish","floor":3,"gold_loss":0},{"cards_removed":["Strike_B"],"damage_healed":0,"gold_gain":0,"player_choice":"Purged","damage_taken":0,"max_hp_gain":0,"max_hp_loss":0,"event_name":"Purifier","floor":11,"gold_loss":0},{"damage_healed":0,"gold_gain":99,"player_choice":"Stole From Cult","damage_taken":0,"max_hp_gain":0,"max_hp_loss":0,"event_name":"Nest","floor":20,"gold_loss":0},{"damage_healed":0,"gold_gain":0,"player_choice":"Upgraded","damage_taken":0,"max_hp_gain":0,"max_hp_loss":0,"event_name":"Upgrade Shrine","floor":23,"gold_loss":0,"cards_upgraded":["White Noise"]}],"is_beta":false,"boss_relics":[{"not_picked":["Tiny House","Inserter"],"picked":"SlaversCollar"}],"items_purged_floors":[10,21],"is_endless":false,"potions_floor_spawned":[2,8,13,16,22,25],"killed_by":"Slavers","ascension_level":0}}