{"host":"1a3cjta80tad0aqj","time":1610705725,"event":{"mods":["2.2 Compatiblity","AchievementEnabler","BaseMod","Colored Map","DeckTracker","KOR Keyword Fix","Keyboard Shortcuts","Minty Spire (QoL Compilation)","Permanent Neow","Quick Restart","Random Character Button","StSLib","SuperFastMode","everything is the same but u backflip on backflip"],"gold_per_floor":[109,129,148,68,78,78,92,102,102,131,146,146,162,172,172,274,274,199,199],"floor_reached":18,"language":"KOR","playtime":750,"items_purged":[],"score":193,"play_id":"e6ca9ba5-bd55-4f00-a33f-6f5b39d5379c","local_time":"20210115191525","is_ascension_mode":false,"campfire_choices":[{"data":"Rampage","floor":6.0,"key":"SMITH"},{"floor":15.0,"key":"RECALL"}],"circlet_count":0,"master_deck":["Strike_R","Strike_R","Strike_R","Strike_R","Strike_R","Defend_R","Defend_R","Defend_R","Defend_R","Bash","Shrug It Off","Sever Soul","Armaments","Rampage+1","Battle Trance+1","Feed","Shockwave+1","Double Tap+1"],"relics":["Burning Blood","Tiny Chest","Toxic Egg 2","Mummified Hand","FaceOfCleric","Runic Pyramid"],"acts_visited":["Exordium","TheCity"],"potions_floor_usage":[18],"damage_taken":[{"damage":0.0,"enemies":"Small Slimes","floor":1.0,"turns":3.0},{"damage":2.0,"enemies":"Cultist","floor":2.0,"turns":4.0},{"damage":0.0,"enemies":"2 Louse","floor":3.0,"turns":2.0},{"damage":4.0,"enemies":"Blue Slaver","floor":5.0,"turns":5.0},{"damage":11.0,"enemies":"Exordium Wildlife","floor":7.0,"turns":6.0},{"damage":11.0,"enemies":"Large Slime","floor":8.0,"turns":8.0},{"damage":22.0,"enemies":"Gremlin Nob","floor":10.0,"turns":4.0},{"damage":8.0,"enemies":"2 Fungi Beasts","floor":11.0,"turns":3.0},{"damage":0.0,"enemies":"3 Louse","floor":13.0,"turns":1.0},{"damage":10.0,"enemies":"Blue Slaver","floor":14.0,"turns":5.0},{"damage":51.0,"enemies":"The Guardian","floor":16.0,"turns":13.0},{"damage":38,"enemies":"2 Thieves","floor":18,"turns":5}],"seed_played":"-8008169252929902415","potions_obtained":[{"floor":2.0,"key":"FearPotion"},{"floor":5.0,"key":"Swift Potion"},{"floor":7.0,"key":"Energy Potion"},{"floor":11.0,"key":"Explosive Potion"},{"floor":13.0,"key":"SteroidPotion"}],"is_trial":false,"path_per_floor":["M","M","M","$","M","R","M","M","T","E","M","?","M","M","R","B",null,"M"],"character_chosen":"IRONCLAD","items_purchased":["Rampage"],"campfire_rested":0,"item_purchase_floors":[4],"current_hp_per_floor":[80,80,80,80,80,80,75,70,70,54,52,52,62,63,63,22,93,58,58],"gold":199,"neow_bonus":"RANDOM_COMMON_RELIC","is_daily":false,"chose_seed":false,"campfire_upgraded":1,"win_rate":0.0,"timestamp":1610705725,"path_taken":["M","M","M","$","M","R","M","M","T","E","M","?","?","M","R","BOSS","M"],"items_purchased_type":["Card"],"build_version":"2020-12-22","purchased_purges":0,"victory":false,"max_hp_per_floor":[80,80,80,80,80,80,80,80,80,80,80,80,84,89,89,93,93,96,96],"card_choices":[{"not_picked":["True Grit","Twin Strike"],"picked":"Shrug It Off","floor":1.0},{"not_picked":["Pummel","Inflame"],"picked":"Sever Soul","floor":2.0},{"not_picked":["Exhume","Dual Wield"],"picked":"Armaments","floor":3.0},{"not_picked":["Infernal Blade","Blood for Blood","Clothesline"],"picked":"SKIP","floor":5.0},{"not_picked":["Clothesline","Blood for Blood","Entrench"],"picked":"SKIP","floor":7.0},{"not_picked":["Sword Boomerang","Pommel Strike","Heavy Blade"],"picked":"SKIP","floor":8.0},{"not_picked":["Hemokinesis","Clothesline"],"picked":"Battle Trance+1","floor":10.0},{"not_picked":["Iron Wave","Thunderclap"],"picked":"Feed","floor":11.0},{"not_picked":["Carnage","Sword Boomerang"],"picked":"Shockwave+1","floor":13.0},{"not_picked":["Thunderclap","Twin Strike","Clothesline"],"picked":"SKIP","floor":14.0},{"not_picked":["Offering+1","Bludgeon"],"picked":"Double Tap+1","floor":16.0}],"player_experience":648419,"relics_obtained":[{"floor":9.0,"key":"Toxic Egg 2"},{"floor":10.0,"key":"Mummified Hand"}],"event_choices":[{"damage_healed":0.0,"max_hp_gain":0.0,"max_hp_loss":0.0,"gold_gain":0.0,"event_name":"FaceTrader","player_choice":"Trade","floor":12.0,"gold_loss":0.0,"damage_taken":0.0,"relics_obtained":["FaceOfCleric"]}],"is_beta":false,"boss_relics":[{"not_picked":["Tiny House","Ectoplasm"],"picked":"Runic Pyramid"}],"items_purged_floors":[],"is_endless":false,"potions_floor_spawned":[2,5,7,11,13],"killed_by":"2 Thieves","ascension_level":0}}