{"host":"81vb4cbob60wa1na","time":1610719853,"event":{"mods":["BaseMod","Downfall","GifTheSpireLib","Hermit","Highlight Path","Minty Spire (QoL Compilation)","StSLib","The Cursed","The Disciple"],"gold_per_floor":[99,112,132,151,151,151,151,171,5,5,5,5,180,206,216,311,361,361,371,386,386,20,20,43,54,54,69,81,92,92,203,203,203,203],"floor_reached":32,"language":"ENG","playtime":991,"items_purged":[],"score":257,"play_id":"deac9fc7-0853-49c7-a870-e507b20e2663","local_time":"20210115091053","is_ascension_mode":false,"campfire_choices":[{"data":"hexamod:Sear","floor":1,"key":"SMITH"},{"data":"hexamod:Incineration","floor":6,"key":"SMITH"},{"floor":11,"key":"REST"},{"data":"hexamod:HeatCrush","floor":18,"key":"SMITH"},{"data":"hexamod:SoulSteal","floor":23,"key":"SMITH"}],"circlet_count":0,"master_deck":["hexamod:Strike","hexamod:Strike+1","hexamod:Strike","hexamod:Strike","hexamod:Defend","hexamod:Defend","hexamod:Defend+1","hexamod:Defend","hexamod:Sear+1","hexamod:Float+1","hexamod:HeatCrush+1","hexamod:Incineration+1","hexamod:Firestarter+1","Regret","hexamod:HeatShield","Doubt","hexamod:HeatCrush+1","hexamod:TurnItUp","hexamod:ThermalTransfer","hexamod:SoulSteal+1","hexamod:RainOfEmbers","hexamod:Incineration+1","hexamod:Firestarter","Shame","hexamod:SuperheatedStrike","hexamod:FirstSeal","expansioncontent:DecasProtection"],"relics":["hexamod:SpiritBrand","Orichalcum","Akabeko","Oddly Smooth Stone","Tiny House","Membership Card","White Beast Statue","Strawberry","hexamod:InflammatoryLetter","Bronze Scales","OrangePellets"],"acts_visited":["Exordium","TheCity"],"potions_floor_usage":[4,9,16,20,22,25,25,27,29,29,32,32,32],"damage_taken":[{"damage":0,"enemies":"2 Louse","floor":2,"turns":2},{"damage":5,"enemies":"Jaw Worm","floor":3,"turns":2},{"damage":0,"enemies":"Cultist","floor":4,"turns":3},{"damage":13,"enemies":"Large Slime","floor":8,"turns":3},{"damage":8,"enemies":"downfall:FleeingMerchant","floor":9,"turns":4},{"damage":3,"enemies":"Exordium Wildlife","floor":15,"turns":4},{"damage":16,"enemies":"downfall:Silent","floor":16,"turns":5},{"damage":2,"enemies":"Spheric Guardian","floor":19,"turns":3},{"damage":3,"enemies":"Cultist and Chosen","floor":20,"turns":3},{"damage":12,"enemies":"downfall:FleeingMerchant","floor":22,"turns":4},{"damage":17,"enemies":"3 Cultists","floor":25,"turns":4},{"damage":2,"enemies":"Snecko","floor":27,"turns":3},{"damage":15,"enemies":"Sentry and Sphere","floor":28,"turns":3},{"damage":25,"enemies":"Chosen and Byrds","floor":29,"turns":6},{"damage":12,"enemies":"downfall:FleeingMerchant","floor":31,"turns":3},{"damage":39,"enemies":"Cultist and Chosen","floor":32,"turns":5}],"seed_played":"-8928552799991417197","potions_obtained":[{"floor":0,"key":"hexamod:InfernoChargePotion"},{"floor":0,"key":"Swift Potion"},{"floor":0,"key":"SkillPotion"},{"floor":15,"key":"Fire Potion"},{"floor":16,"key":"Dexterity Potion"},{"floor":17,"key":"Strength Potion"},{"floor":25,"key":"Swift Potion"},{"floor":27,"key":"Fruit Juice"},{"floor":28,"key":"Block Potion"},{"floor":29,"key":"Dexterity Potion"},{"floor":31,"key":"hexamod:EctoCoolerPotion"}],"is_trial":false,"path_per_floor":["R","M","M","M","?","R","T","M","$","?","R","?","?","T","M","B",null,"R","M","M","?","$","R","T","M","?","M","M","M","?","$","M"],"character_chosen":"THE_SPIRIT","items_purchased":["Akabeko","Membership Card","Regen Potion","Regen Potion","White Beast Statue","Bronze Scales","hexamod:FirstSeal","OrangePellets","expansioncontent:DecasProtection"],"campfire_rested":1,"item_purchase_floors":[9,22,22,22,22,31,31,31,31],"current_hp_per_floor":[70,70,65,65,65,65,65,52,44,44,65,65,65,65,62,46,75,75,73,70,70,58,58,65,80,80,83,68,43,43,31,0,0,0],"gold":203,"neow_bonus":"THREE_SMALL_POTIONS","is_daily":false,"chose_seed":false,"campfire_upgraded":4,"win_rate":0.0,"timestamp":1610719853,"path_taken":["R","M","M","M","?","R","T","M","$","?","R","?","?","?","M","BOSS","R","M","M","?","$","R","T","M","?","M","M","?","?","?","M"],"items_purchased_type":["Relic","Relic","Potion","Potion","Relic","Relic","Card","Relic","Card"],"build_version":"2020-12-22","purchased_purges":0,"victory":false,"max_hp_per_floor":[70,70,70,70,70,70,70,70,70,70,70,70,70,70,70,70,75,75,75,75,75,75,75,82,82,82,87,87,87,87,87,87,87,87],"card_choices":[{"not_picked":["hexamod:SpectralSpark","hexamod:BacktrackSmack"],"picked":"hexamod:HeatCrush","floor":2},{"not_picked":["hexamod:RainOfEmbers","hexamod:HeatShield"],"picked":"hexamod:Incineration","floor":3},{"not_picked":["hexamod:FastForward","hexamod:RainOfEmbers"],"picked":"hexamod:Firestarter","floor":4},{"not_picked":["hexamod:GhostOfSpirePast","hexamod:RainOfEmbers"],"picked":"hexamod:HeatShield","floor":8},{"not_picked":["hexamod:ShieldOfDarkness","hexamod:GiftsFromTheDead","hexamod:ParanormalForm"],"picked":"SKIP","floor":9},{"not_picked":["hexamod:RecurringNightmare","hexamod:Hexaguard"],"picked":"hexamod:HeatCrush","floor":15},{"not_picked":["hexamod:ApocalypseNow","hexamod:TimeWarp"],"picked":"hexamod:TurnItUp","floor":16},{"not_picked":["hexamod:FastForward","hexamod:BacktrackSmack"],"picked":"hexamod:ThermalTransfer","floor":17},{"not_picked":["hexamod:InspiringFlames","hexamod:Firestarter"],"picked":"hexamod:SoulSteal","floor":19},{"not_picked":["hexamod:GhostLash","hexamod:BacktrackSmack"],"picked":"hexamod:RainOfEmbers","floor":20},{"not_picked":["hexamod:RecurringNightmare+1","hexamod:BacktrackSmack","hexamod:NightmareGuise"],"picked":"SKIP","floor":22},{"not_picked":["hexamod:GhostOfSpireFuture","hexamod:Hexaguard+1","hexamod:AdvancingGuard"],"picked":"SKIP","floor":25},{"not_picked":["hexamod:GhostflameInferno","hexamod:ThermalTransfer"],"picked":"hexamod:Firestarter","floor":27},{"not_picked":["hexamod:Hexaguard","hexamod:NightmareGuise","hexamod:SpectersWail"],"picked":"SKIP","floor":28},{"not_picked":["hexamod:GhostLash+1","hexamod:BacktrackSmack","hexamod:SpectersWail"],"picked":"SKIP","floor":29},{"not_picked":["hexamod:Firestarter","hexamod:SpectralAdrenaline"],"picked":"hexamod:SuperheatedStrike","floor":31}],"player_experience":243522,"relics_obtained":[{"floor":7,"key":"Orichalcum"},{"floor":14,"key":"Oddly Smooth Stone"},{"floor":24,"key":"Strawberry"}],"event_choices":[{"damage_healed":0,"gold_gain":0,"player_choice":"Grow","damage_taken":0,"max_hp_gain":0,"max_hp_loss":0,"event_name":"Living Wall","floor":10,"gold_loss":0,"cards_upgraded":["hexamod:HeatCrush"]},{"damage_healed":0,"gold_gain":0,"player_choice":"Copied","damage_taken":0,"max_hp_gain":0,"max_hp_loss":0,"event_name":"Duplicator","floor":26,"gold_loss":0,"cards_obtained":["hexamod:Incineration"]},{"damage_healed":0,"gold_gain":0,"player_choice":"Stole Relic","damage_taken":0,"relics_obtained":["hexamod:InflammatoryLetter"],"max_hp_gain":0,"max_hp_loss":0,"event_name":"Addict","floor":30,"gold_loss":0,"cards_obtained":["Shame"]}],"is_beta":false,"boss_relics":[{"not_picked":["Velvet Choker","hexamod:IceCube"],"picked":"Tiny House"}],"items_purged_floors":[],"is_endless":false,"potions_floor_spawned":[2,3,15,16,19,25,27,28,29,31],"killed_by":"Cultist and Chosen","ascension_level":0}}