{"host":"nwd160me4iqdtr8u","time":1610682571,"event":{"mods":["AchievementEnabler","Act Like it!","BaseMod","Colored Map","DeckTracker","Minty Spire (QoL Compilation)","Rare Cards Sparkle","StSLib","SuperFastMode","everything is the same but u backflip on backflip"],"gold_per_floor":[112,125,135,11,24,49,49,65,65,90,90,101,118,118,118,218,218,233,252,252,9,27,27,62,62,62,62,62,62,79,98,98,201,201,216,229,129,141,21,21,21],"floor_reached":40,"language":"KOR","playtime":4430,"items_purged":["Normality","Regret","Defend_R"],"score":441,"play_id":"7dbfbebf-d641-4529-b410-86d14cab0886","local_time":"20210115124931","is_ascension_mode":true,"campfire_choices":[{"data":"Armaments","floor":7,"key":"SMITH"},{"floor":11,"key":"DIG"},{"floor":15,"key":"DIG"},{"data":"Offering","floor":23,"key":"SMITH"},{"floor":25,"key":"DIG"},{"floor":27,"key":"DIG"},{"floor":29,"key":"DIG"},{"floor":32,"key":"DIG"}],"circlet_count":0,"master_deck":["Strike_R","Strike_R","Strike_R","Strike_R","Defend_R","Defend_R","Bash","Perfected Strike","Rampage","Shrug It Off","Cleave","Armaments+1","Anger+1","Pommel Strike","Burning Pact","Sentinel","Offering+1","Hemokinesis+1","Metallicize+1","Sword Boomerang+1","Armaments+1","Exhume","Anger+1","Ghostly Armor","Carnage+1"],"relics":["Burning Blood","Ornamental Fan","Ice Cream","Shovel","Pantograph","MealTicket","Potion Belt","Bronze Scales","Toolbox","Ancient Tea Set","Anchor","Bottled Lightning","Question Card","The Courier","Bottled Tornado","Runic Cube","HandDrill"],"acts_visited":["Exordium","TheCity","TheBeyond"],"potions_floor_usage":[6,16,31,31,33,33,38],"damage_taken":[{"damage":3,"enemies":"Small Slimes","floor":1,"turns":3},{"damage":3,"enemies":"Jaw Worm","floor":2,"turns":3},{"damage":2,"enemies":"Cultist","floor":3,"turns":4},{"damage":9,"enemies":"2 Fungi Beasts","floor":5,"turns":3},{"damage":21,"enemies":"Gremlin Nob","floor":6,"turns":4},{"damage":2,"enemies":"3 Louse","floor":8,"turns":2},{"damage":26,"enemies":"Lagavulin","floor":10,"turns":5},{"damage":1,"enemies":"Exordium Wildlife","floor":12,"turns":3},{"damage":1,"enemies":"Lots of Slimes","floor":13,"turns":3},{"damage":66,"enemies":"The Guardian","floor":16,"turns":9},{"damage":14,"enemies":"Chosen","floor":18,"turns":5},{"damage":19,"enemies":"2 Thieves","floor":19,"turns":4},{"damage":8,"enemies":"Snake Plant","floor":22,"turns":3},{"damage":36,"enemies":"Gremlin Leader","floor":24,"turns":5},{"damage":16,"enemies":"Centurion and Healer","floor":30,"turns":4},{"damage":10,"enemies":"Shelled Parasite and Fungi","floor":31,"turns":5},{"damage":57,"enemies":"Collector","floor":33,"turns":9},{"damage":12,"enemies":"Orb Walker","floor":35,"turns":2},{"damage":13,"enemies":"3 Shapes","floor":36,"turns":7},{"damage":60,"enemies":"Maw","floor":38,"turns":8},{"damage":45,"enemies":"Reptomancer","floor":40,"turns":5}],"seed_played":"-6814133498495570071","potions_obtained":[{"floor":1,"key":"BloodPotion"},{"floor":8,"key":"Swift Potion"},{"floor":12,"key":"LiquidBronze"},{"floor":16,"key":"Explosive Potion"},{"floor":19,"key":"SneckoOil"},{"floor":30,"key":"SneckoOil"},{"floor":33,"key":"SpeedPotion"},{"floor":36,"key":"Explosive Potion"}],"is_trial":false,"path_per_floor":["M","M","M","$","M","E","R","M","T","E","R","M","M","?","R","B",null,"M","M","?","$","M","R","E","R","T","R","?","R","M","M","R","B",null,"M","M","$","M","$","E"],"character_chosen":"IRONCLAD","items_purchased":["Fire Potion","Toolbox","HandDrill"],"campfire_rested":0,"item_purchase_floors":[4,21,39],"current_hp_per_floor":[80,80,80,80,77,62,62,66,66,46,46,51,56,56,56,20,80,72,59,59,74,72,72,42,42,42,42,42,42,32,44,44,18,80,74,67,80,26,41,0,0],"gold":21,"neow_bonus":"TRANSFORM_TWO_CARDS","is_daily":false,"chose_seed":false,"campfire_upgraded":2,"win_rate":0.0,"timestamp":1610682571,"path_taken":["M","M","M","$","M","E","R","M","T","E","R","M","M","?","R","BOSS","M","M","?","$","M","R","E","R","T","R","?","R","M","M","R","BOSS","M","M","$","M","$","E"],"items_purchased_type":["Potion","Relic","Relic"],"build_version":"2020-12-22","purchased_purges":3,"victory":false,"max_hp_per_floor":[80,80,80,80,80,80,80,80,80,80,80,80,80,80,80,80,80,80,80,80,80,80,80,80,80,80,80,80,80,80,80,80,80,80,80,80,80,80,80,80,80],"card_choices":[{"not_picked":["True Grit","Heavy Blade","Thunderclap"],"picked":"SKIP","floor":1},{"not_picked":["Power Through","Twin Strike"],"picked":"Shrug It Off","floor":2},{"not_picked":["Anger","Flex"],"picked":"Cleave","floor":3},{"not_picked":["Pommel Strike","Combust"],"picked":"Armaments","floor":5},{"not_picked":["Reckless Charge","Heavy Blade"],"picked":"Anger","floor":6},{"not_picked":["Shockwave","True Grit"],"picked":"Pommel Strike","floor":8},{"not_picked":["Whirlwind","Sword Boomerang"],"picked":"Burning Pact","floor":10},{"not_picked":["Shrug It Off","Heavy Blade","Havoc"],"picked":"SKIP","floor":12},{"not_picked":["Blood for Blood","Iron Wave"],"picked":"Sentinel","floor":13},{"not_picked":["Double Tap","Fiend Fire"],"picked":"Offering","floor":16},{"not_picked":["Dual Wield","Headbutt+1"],"picked":"Hemokinesis+1","floor":18},{"not_picked":["Cleave","Pommel Strike","Warcry"],"picked":"SKIP","floor":19},{"not_picked":["Inflame","Clothesline","True Grit"],"picked":"SKIP","floor":22},{"not_picked":["Armaments","Demon Form"],"picked":"Metallicize+1","floor":24},{"not_picked":["Inflame","Feel No Pain","Searing Blow"],"picked":"Sword Boomerang+1","floor":30},{"not_picked":["Perfected Strike","Thunderclap","Corruption"],"picked":"Armaments+1","floor":31},{"not_picked":["Demon Form","Immolate","Offering"],"picked":"Exhume","floor":33},{"not_picked":["Searing Blow+1","Thunderclap","Wild Strike"],"picked":"Anger+1","floor":35},{"not_picked":["Wild Strike+1","Hemokinesis","Feel No Pain"],"picked":"Ghostly Armor","floor":36},{"not_picked":["Heavy Blade+1","Havoc","Body Slam"],"picked":"Carnage+1","floor":38}],"player_experience":199367,"relics_obtained":[{"floor":6,"key":"Ornamental Fan"},{"floor":9,"key":"Ice Cream"},{"floor":10,"key":"Shovel"},{"floor":11,"key":"Pantograph"},{"floor":15,"key":"Potion Belt"},{"floor":24,"key":"Ancient Tea Set"},{"floor":25,"key":"Anchor"},{"floor":26,"key":"Bottled Lightning"},{"floor":27,"key":"Question Card"},{"floor":29,"key":"The Courier"},{"floor":32,"key":"Bottled Tornado"}],"event_choices":[{"damage_healed":0,"gold_gain":0,"player_choice":"Box","damage_taken":0,"relics_obtained":["MealTicket"],"max_hp_gain":0,"max_hp_loss":0,"event_name":"Big Fish","floor":14,"gold_loss":0,"cards_obtained":["Regret"]},{"damage_healed":0,"gold_gain":0,"player_choice":"Opened","damage_taken":0,"relics_obtained":["Bronze Scales"],"max_hp_gain":0,"max_hp_loss":0,"event_name":"The Mausoleum","floor":20,"gold_loss":0},{"damage_healed":0,"gold_gain":0,"player_choice":"Upgraded","damage_taken":0,"max_hp_gain":0,"max_hp_loss":0,"event_name":"Upgrade Shrine","floor":28,"gold_loss":0,"cards_upgraded":["Anger"]}],"is_beta":false,"boss_relics":[{"not_picked":["Calling Bell","Busted Crown","Philosopher\u0027s Stone"]},{"not_picked":["Empty Cage","Fusion Hammer"],"picked":"Runic Cube"}],"items_purged_floors":[4,21,37],"is_endless":false,"potions_floor_spawned":[1,8,12,16,19,30,33,36],"killed_by":"Reptomancer","ascension_level":1}}