{"host":"0vd2boh2oi7jm085","time":1610698556,"event":{"mods":["BaseMod","Colored Map","Colored Powertips","Highlight Path","Minty Spire (QoL Compilation)","Quick Restart","StSLib","The IronCluck"],"gold_per_floor":[112,112,22,22,40,40,66,82,82,99,116,191,191,63,63,161,161,184,197,211,211,211],"floor_reached":21,"language":"ENG","playtime":380,"items_purged":["Regret"],"score":427,"play_id":"c57082e7-96cc-4ee1-afc5-ef4aec2e4dd5","local_time":"20210115001556","is_ascension_mode":true,"campfire_choices":[{"data":"Inflame","floor":6.0,"key":"SMITH"},{"data":"Perfected Strike","floor":15.0,"key":"SMITH"}],"circlet_count":0,"master_deck":["AscendersBane","Strike_R","Strike_R","Strike_R","Strike_R","Strike_R","Defend_R","Defend_R","Defend_R","Defend_R","Bash","Thunderclap","Inflame+1","Bloodletting","Perfected Strike","Perfected Strike+1","Injury","Wild Strike","Perfected Strike","Perfected Strike"],"relics":["Burning Blood","NeowsBlessing","Question Card","Vajra","Eternal Feather","Golden Idol","Philosopher\u0027s Stone"],"acts_visited":["Exordium","TheCity"],"potions_floor_usage":[21],"damage_taken":[{"damage":0.0,"enemies":"2 Louse","floor":1.0,"turns":1.0},{"damage":0.0,"enemies":"Small Slimes","floor":5.0,"turns":1.0},{"damage":2.0,"enemies":"3 Sentries","floor":7.0,"turns":2.0},{"damage":14.0,"enemies":"Jaw Worm","floor":8.0,"turns":2.0},{"damage":0.0,"enemies":"Exordium Wildlife","floor":10.0,"turns":2.0},{"damage":8.0,"enemies":"2 Fungi Beasts","floor":11.0,"turns":4.0},{"damage":55.0,"enemies":"Hexaghost","floor":16.0,"turns":7.0},{"damage":12.0,"enemies":"Spheric Guardian","floor":18.0,"turns":3.0},{"damage":25.0,"enemies":"Shell Parasite","floor":19.0,"turns":2.0},{"damage":30.0,"enemies":"Centurion and Healer","floor":20.0,"turns":3.0},{"damage":12,"enemies":"Cultist and Chosen","floor":21,"turns":3}],"seed_played":"5620736606613543785","potions_obtained":[{"floor":5.0,"key":"Ancient Potion"},{"floor":10.0,"key":"PowerPotion"},{"floor":16.0,"key":"SneckoOil"}],"is_trial":false,"path_per_floor":["M","?","$","?","M","R","E","M","T","M","M","?","?","$","R","B",null,"M","M","M","M"],"character_chosen":"IRONCLAD","items_purchased":["Inflame","Wild Strike"],"campfire_rested":0,"item_purchase_floors":[3,14],"current_hp_per_floor":[74,74,74,74,75,75,75,67,67,73,71,60,60,60,69,20,61,55,36,12,0,0],"gold":211,"neow_bonus":"THREE_ENEMY_KILL","is_daily":false,"chose_seed":false,"campfire_upgraded":2,"win_rate":0.0,"timestamp":1610698556,"path_taken":["M","?","$","?","M","R","E","M","T","?","M","?","?","$","R","BOSS","M","M","M","M"],"items_purchased_type":["Card","Card"],"build_version":"2020-12-22","purchased_purges":1,"victory":false,"max_hp_per_floor":[75,75,75,75,75,75,75,75,75,75,75,75,75,75,75,75,75,75,75,75,75,75],"card_choices":[{"not_picked":["Clash","Pommel Strike"],"picked":"Thunderclap","floor":1.0},{"not_picked":["Armaments","Headbutt","Fire Breathing"],"picked":"Bloodletting","floor":5.0},{"not_picked":["Body Slam","Dark Embrace","Hemokinesis"],"picked":"Perfected Strike","floor":7.0},{"not_picked":["Armaments","Flex","True Grit"],"picked":"Perfected Strike","floor":8.0},{"not_picked":["Rupture","Intimidate","Anger","Blood for Blood"],"picked":"SKIP","floor":10.0},{"not_picked":["True Grit","Bludgeon","Dual Wield","Metallicize"],"picked":"SKIP","floor":11.0},{"not_picked":["Intimidate","Flame Barrier","Hemokinesis"],"picked":"Perfected Strike","floor":18.0},{"not_picked":["Cleave","Body Slam","Anger","Power Through+1"],"picked":"SKIP","floor":19.0},{"not_picked":["Sword Boomerang","Dual Wield","Pommel Strike"],"picked":"Perfected Strike","floor":20.0}],"player_experience":106955,"relics_obtained":[{"floor":7.0,"key":"Vajra"},{"floor":9.0,"key":"Eternal Feather"}],"event_choices":[{"damage_healed":0.0,"max_hp_gain":0.0,"max_hp_loss":0.0,"gold_gain":0.0,"event_name":"Big Fish","player_choice":"Box","floor":2.0,"gold_loss":0.0,"damage_taken":0.0,"relics_obtained":["Question Card"],"cards_obtained":["Regret"]},{"damage_healed":0.0,"max_hp_gain":0.0,"max_hp_loss":0.0,"gold_gain":0.0,"event_name":"Golden Wing","player_choice":"Ignored","floor":4.0,"gold_loss":0.0,"damage_taken":0.0},{"damage_healed":0.0,"max_hp_gain":0.0,"max_hp_loss":0.0,"gold_gain":75.0,"event_name":"World of Goop","player_choice":"Gather Gold","floor":12.0,"gold_loss":0.0,"damage_taken":11.0},{"damage_healed":0.0,"max_hp_gain":0.0,"max_hp_loss":0.0,"gold_gain":0.0,"event_name":"Golden Idol","player_choice":"Take Wound","floor":13.0,"gold_loss":0.0,"damage_taken":0.0,"relics_obtained":["Golden Idol"],"cards_obtained":["Injury"]}],"is_beta":false,"boss_relics":[{"not_picked":["SacredBark","Mark of Pain"],"picked":"Philosopher\u0027s Stone"}],"items_purged_floors":[14],"is_endless":false,"potions_floor_spawned":[5,10,16],"killed_by":"Cultist and Chosen","ascension_level":19}}