{"host":"fiyb7gvx7tok3jeh","time":1610734833,"event":{"mods":["BaseMod","Colored Map","Colored Powertips","DeckTracker","Googly Eyes","Highlight Path","Minty Spire (QoL Compilation)"],"gold_per_floor":[119,69,22,22,41,41,73,73,97,97,110,124,136,171,171,270,270,280,280,15,34,51,76,76,76,76,87,110,110,139,139,139],"floor_reached":31,"language":"ENG","playtime":3876,"items_purged":[],"score":411,"play_id":"97887d0b-69f7-42c8-a5fb-01c5dae72d4b","local_time":"20210115202033","is_ascension_mode":true,"campfire_choices":[{"data":"Eruption","floor":6,"key":"SMITH"},{"data":"Prostrate","floor":8,"key":"SMITH"},{"data":"FlurryOfBlows","floor":15,"key":"SMITH"},{"data":"FlurryOfBlows","floor":24,"key":"SMITH"}],"circlet_count":0,"master_deck":["Strike_P","Strike_P","Strike_P","Defend_P","Defend_P","Defend_P","Eruption+1","Vigilance","FlurryOfBlows+1","Prostrate+1","LikeWater","FlurryOfBlows+1","FearNoEvil","Evaluate","MasterReality","SashWhip+1","Panache","Finesse","Evaluate","EmptyFist","J.A.X.","Doubt","LikeWater"],"relics":["PureWater","NeowsBlessing","Question Card","Gremlin Horn","Oddly Smooth Stone","Bottled Tornado","Cursed Key","Blue Candle","Toxic Egg 2","Juzu Bracelet","Spirit Poop","Boot"],"acts_visited":["Exordium","TheCity"],"potions_floor_usage":[16,22,23,27],"damage_taken":[{"damage":0,"enemies":"2 Louse","floor":1,"turns":1},{"damage":0,"enemies":"Jaw Worm","floor":5,"turns":1},{"damage":0,"enemies":"Lagavulin","floor":7,"turns":2},{"damage":0,"enemies":"Cultist","floor":11,"turns":3},{"damage":0,"enemies":"Lots of Slimes","floor":12,"turns":3},{"damage":0,"enemies":"Looter","floor":13,"turns":3},{"damage":3,"enemies":"3 Sentries","floor":14,"turns":5},{"damage":0,"enemies":"Slime Boss","floor":16,"turns":5},{"damage":0,"enemies":"2 Thieves","floor":18,"turns":4},{"damage":6,"enemies":"Spheric Guardian","floor":21,"turns":4},{"damage":12,"enemies":"Chosen and Byrds","floor":22,"turns":3},{"damage":21,"enemies":"Slavers","floor":23,"turns":5},{"damage":11,"enemies":"Centurion and Healer","floor":27,"turns":5},{"damage":27,"enemies":"Gremlin Leader","floor":30,"turns":6},{"damage":21,"enemies":"Snecko","floor":31,"turns":3}],"seed_played":"-5566351429223081452","potions_obtained":[{"floor":12,"key":"ColorlessPotion"},{"floor":13,"key":"AttackPotion"},{"floor":18,"key":"Explosive Potion"},{"floor":21,"key":"Regen Potion"}],"is_trial":false,"path_per_floor":["M","?","$","?","M","R","E","R","T","?","M","M","M","E","R","B",null,"M","?","$","M","M","E","R","?","T","M","T","?","E","M"],"character_chosen":"WATCHER","items_purchased":["FlurryOfBlows","Panache","Finesse"],"campfire_rested":0,"item_purchase_floors":[3,20,20],"current_hp_per_floor":[72,72,72,60,60,60,60,60,60,60,60,60,60,57,57,57,72,72,72,72,66,54,47,47,47,47,36,36,36,9,0,0],"gold":139,"neow_bonus":"THREE_ENEMY_KILL","is_daily":false,"chose_seed":false,"campfire_upgraded":4,"win_rate":0.0,"timestamp":1610734833,"path_taken":["M","?","$","?","M","R","E","R","T","?","?","M","M","E","R","BOSS","M","?","$","M","M","E","R","?","T","M","?","?","E","M"],"items_purchased_type":["Card","Card","Card"],"build_version":"2020-12-22","purchased_purges":0,"victory":false,"max_hp_per_floor":[72,72,72,72,72,72,72,72,72,72,72,72,72,72,72,72,72,72,72,72,72,72,72,72,72,72,72,72,69,69,69,69],"card_choices":[{"not_picked":["CutThroughFate","ForeignInfluence","Collect"],"picked":"SKIP","floor":1},{"not_picked":["Consecrate","WheelKick","SashWhip","BowlingBash"],"picked":"SKIP","floor":5},{"not_picked":["Protect","PathToVictory","JustLucky"],"picked":"Prostrate","floor":7},{"not_picked":["Wallop","EmptyFist","CarveReality"],"picked":"LikeWater","floor":11},{"not_picked":["ClearTheMind","Omniscience","ThirdEye"],"picked":"FlurryOfBlows","floor":12},{"not_picked":["SashWhip","Evaluate","ReachHeaven"],"picked":"FearNoEvil","floor":13},{"not_picked":["EmptyBody","SignatureMove","EmptyFist"],"picked":"Evaluate","floor":14},{"not_picked":["ConjureBlade","Alpha","Ragnarok"],"picked":"MasterReality","floor":16},{"not_picked":["PathToVictory+1","Consecrate+1","ThirdEye+1"],"picked":"SashWhip+1","floor":18},{"not_picked":["Prostrate","Consecrate","EmptyFist"],"picked":"Evaluate","floor":21},{"not_picked":["BowlingBash","PathToVictory","EmptyBody"],"picked":"EmptyFist","floor":22},{"not_picked":["BowlingBash","Wallop","Protect","FollowUp"],"picked":"SKIP","floor":23},{"not_picked":["BowlingBash","Consecrate","Adaptation","FlyingSleeves"],"picked":"SKIP","floor":27},{"not_picked":["Halt+1","ThirdEye+1","Nirvana"],"picked":"LikeWater","floor":30}],"player_experience":250852,"relics_obtained":[{"floor":7,"key":"Gremlin Horn"},{"floor":9,"key":"Oddly Smooth Stone"},{"floor":14,"key":"Bottled Tornado"},{"floor":23,"key":"Blue Candle"},{"floor":26,"key":"Toxic Egg 2"},{"floor":28,"key":"Juzu Bracelet"},{"floor":30,"key":"Boot"}],"event_choices":[{"cards_removed":["Defend_P"],"damage_healed":0,"gold_gain":0,"player_choice":"Card Removal","damage_taken":0,"max_hp_gain":0,"max_hp_loss":0,"event_name":"The Cleric","floor":2,"gold_loss":50},{"damage_healed":0,"gold_gain":0,"player_choice":"Success","damage_taken":12,"relics_obtained":["Question Card"],"max_hp_gain":0,"max_hp_loss":0,"event_name":"Scrap Ooze","floor":4,"gold_loss":0},{"cards_removed":["Strike_P"],"damage_healed":0,"gold_gain":0,"player_choice":"Forget","damage_taken":0,"max_hp_gain":0,"max_hp_loss":0,"event_name":"Living Wall","floor":10,"gold_loss":0},{"damage_healed":0,"gold_gain":0,"player_choice":"Ignored","damage_taken":0,"max_hp_gain":0,"max_hp_loss":0,"event_name":"Vampires","floor":19,"gold_loss":0},{"damage_healed":0,"gold_gain":0,"player_choice":"Obtain J.A.X.","damage_taken":0,"max_hp_gain":0,"max_hp_loss":0,"event_name":"Drug Dealer","floor":25,"gold_loss":0,"cards_obtained":["J.A.X."]},{"cards_removed":["Parasite"],"damage_healed":0,"gold_gain":0,"player_choice":"Offered Curse","damage_taken":0,"relics_obtained":["Spirit Poop"],"max_hp_gain":0,"max_hp_loss":0,"event_name":"Bonfire Elementals","floor":29,"gold_loss":0}],"is_beta":false,"boss_relics":[{"not_picked":["VioletLotus","Pandora\u0027s Box"],"picked":"Cursed Key"}],"items_purged_floors":[],"is_endless":false,"potions_floor_spawned":[12,13,18,21],"killed_by":"Snecko","ascension_level":3}}