{"host":"51fyd6gkml7xavq8","time":1610749348,"event":{"mods":["BaseMod","BetterRewards","Colored Map","Energized Spire","Infinite Spire","Minty Spire (QoL Compilation)","Replay The Spire","Shop Mod","Spicy Shops","StSLib","The Blue Laboratory","[IsaacMod]????"],"gold_per_floor":[115,5,5,22,9,9,9,9],"floor_reached":7,"language":"ENG","playtime":380,"items_purged":["Defend_G","Defend_G","Strike_G","Normality"],"score":53,"play_id":"0b122880-f5b9-45dd-ba58-47590a311d98","local_time":"20210115192228","is_ascension_mode":true,"campfire_choices":[{"data":"Neutralize","floor":6,"key":"SMITH"}],"circlet_count":0,"master_deck":["Strike_G","Strike_G","Strike_G","Strike_G","Defend_G+1","Defend_G","Defend_G+1","Survivor","Neutralize+1","Caltrops","CommonCold"],"relics":["Ring of the Snake","HushsDoor","infinitespire:BottledMercury","Regal Pillow","MerchantsRug","Membership Card","Byrd Skull","ReplayTheSpireMod:Ring of Addiction","Ring of Panic","Toy Ornithopter","White Beast Statue","Replay:Rubber Ducky"],"acts_visited":["Exordium"],"potions_floor_usage":[],"damage_taken":[{"damage":0,"enemies":"Small Slimes","floor":1,"turns":3},{"damage":0,"enemies":"Cultist","floor":4,"turns":3},{"damage":24,"enemies":"3 Sentries","floor":7,"turns":5}],"seed_played":"2471950465155213278","potions_obtained":[{"floor":1,"key":"blueLaboratory:EnvenomedCoating"},{"floor":3,"key":"Milkshake"},{"floor":3,"key":"blueLaboratory:ArtificerPotion"},{"floor":3,"key":"blueLaboratory:RecallPotion"}],"is_trial":false,"path_per_floor":["M","$","?","M","$","R","E"],"character_chosen":"THE_SILENT","items_purchased":["infinitespire:BottledMercury","Regal Pillow","MerchantsRug","Membership Card","War Paint","Byrd Skull","Replay:Rubber Ducky"],"campfire_rested":0,"item_purchase_floors":[0,0,0,0,0,2,5],"current_hp_per_floor":[24,24,24,24,24,24,0,0],"gold":9,"neow_bonus":"","is_daily":false,"chose_seed":false,"campfire_upgraded":1,"win_rate":0.0,"timestamp":1610749348,"path_taken":["M","$","?","M","$","R","E"],"items_purchased_type":["Relic","Relic","Relic","Relic","Relic","Relic","Relic"],"build_version":"2020-12-22","purchased_purges":4,"victory":false,"max_hp_per_floor":[70,67,67,67,67,67,65,65],"card_choices":[{"not_picked":["Cloak And Dagger","All Out Attack"],"picked":"Caltrops","floor":1},{"not_picked":["Setup","Hidden Blade","Phantasmal Killer"],"picked":"SKIP","floor":4}],"player_experience":548337,"relics_obtained":[{"floor":3,"key":"ReplayTheSpireMod:Ring of Addiction"},{"floor":3,"key":"Ring of Panic"},{"floor":3,"key":"Toy Ornithopter"},{"floor":3,"key":"White Beast Statue"}],"event_choices":[],"is_beta":false,"boss_relics":[],"items_purged_floors":[0,0,2,5],"is_endless":false,"potions_floor_spawned":[1,4],"killed_by":"3 Sentries","ascension_level":7}}