{"host":"s7f8yj5urueb7fy1","time":1610704388,"event":{"mods":["Act Like it!","Bard","BaseMod","Better Third Choice","Conspire","Downfall","Hallownest","Minty Spire (QoL Compilation)","Replay The Spire","Shop Mod","Somnambulant","StSLib","The Bug Knight","The Cursed","The Factory","The Hierophant","The Jungle","TheFirefly","Wandering Minibosses"],"gold_per_floor":[99,99,99,1,1,1,26,88,88,88],"floor_reached":9,"language":"ENG","playtime":648,"items_purged":[],"score":45,"play_id":"9e728067-a9e1-4bda-b749-9279a69e69ba","local_time":"20210115015308","is_ascension_mode":false,"campfire_choices":[{"floor":1,"key":"RECALL"}],"circlet_count":0,"master_deck":["sneckomod:Strike","sneckomod:Strike","sneckomod:Strike+1","sneckomod:Defend","sneckomod:Defend+1","sneckomod:Defend","sneckomod:TailWhip","sneckomod:SnekBite","sneckomod:Unknown","sneckomod:Unknown+1","sneckomod:UnknownUncommonSkill","sneckomod:UnknownClassGREEN","sneckomod:Unknown1Cost","sneckomod:UnknownUncommonPower+1","sneckomod:RainOfDice","Regret","Pot Of Greed","Pot Of Greed","sneckomod:SoulDraw"],"relics":["sneckomod:SneckoSoul","downfall:HeartsMalice","Grinning Jar","Orichalcum"],"acts_visited":["Exordium"],"potions_floor_usage":[],"damage_taken":[{"damage":0,"enemies":"Jaw Worm","floor":2,"turns":1},{"damage":0,"enemies":"2 Louse","floor":3,"turns":1},{"damage":0,"enemies":"downfall:FleeingMerchant","floor":4,"turns":1},{"damage":72,"enemies":"Lagavulin Event","floor":8,"turns":7},{"damage":25,"enemies":"HollowMod:MossKnight","floor":9,"turns":3}],"seed_played":"3127669104013029316","potions_obtained":[],"is_trial":false,"path_per_floor":["R","M","M","$","?","?","T","?","E"],"character_chosen":"THE_SNECKO","items_purchased":["sneckomod:UnknownUncommonPower+1","sneckomod:RainOfDice"],"campfire_rested":0,"item_purchase_floors":[4,4],"current_hp_per_floor":[90,91,92,94,94,94,94,22,0,0],"gold":88,"neow_bonus":"THREE_ENEMY_KILL","is_daily":false,"chose_seed":false,"campfire_upgraded":0,"win_rate":0.0,"timestamp":1610704388,"path_taken":["R","M","M","$","?","?","T","?","E"],"items_purchased_type":["Card","Card"],"build_version":"2020-12-22","purchased_purges":0,"victory":false,"max_hp_per_floor":[90,91,92,94,94,94,94,94,94,94],"card_choices":[{"not_picked":["sneckomod:CheapStock","sneckomod:DiceBoulder"],"picked":"sneckomod:UnknownUncommonSkill","floor":2},{"not_picked":["sneckomod:DiceBlock","sneckomod:UnknownBlock"],"picked":"sneckomod:UnknownClassGREEN","floor":3},{"not_picked":["sneckomod:SoulRoll","sneckomod:SlitherStrike"],"picked":"sneckomod:Unknown1Cost","floor":4},{"not_picked":["sneckomod:UnknownCommonSkill","sneckomod:Nope"],"picked":"sneckomod:SoulDraw","floor":8}],"player_experience":413087,"relics_obtained":[{"floor":7,"key":"Grinning Jar"},{"floor":8,"key":"Orichalcum"}],"event_choices":[],"is_beta":false,"boss_relics":[],"items_purged_floors":[],"is_endless":false,"potions_floor_spawned":[],"killed_by":"HollowMod:MossKnight","ascension_level":0}}