{"host":"kgfs5ebhusfk1t4t","time":1610732567,"event":{"mods":["BaseMod","Colored Map","DeckTracker","Highlight Path","KOR Keyword Fix","Keyboard Shortcuts","Minty Spire (QoL Compilation)","Permanent Neow","Quick Restart","StSLib","SuperFastMode","everything is the same but u backflip on backflip"],"gold_per_floor":[117,136,86,101,101,101,126,126,126,141,21,34,49,83,83,188,188,199,298,171,160,160,192,192,218,518,8,8,8],"floor_reached":28,"language":"KOR","playtime":1285,"items_purged":["Strike_R","Strike_R","Strike_R","Strike_R"],"score":426,"play_id":"da4e12da-48c6-4318-ba86-a1999c2258a7","local_time":"20210116024247","is_ascension_mode":true,"campfire_choices":[{"data":"Armaments","floor":6.0,"key":"SMITH"},{"floor":8,"key":"REST"},{"data":"Berserk","floor":15,"key":"SMITH"},{"data":"Entrench","floor":24,"key":"SMITH"}],"circlet_count":0,"master_deck":["AscendersBane","Defend_R","Defend_R","Defend_R","Defend_R","Bash","Battle Trance","Cleave","Armaments+1","Dropkick","Flex","Uppercut","Berserk+1","Spot Weakness","Double Tap","Juggernaut","Metallicize","Flame Barrier","Entrench+1","Burning Pact","Chrysalis","Iron Wave","Entrench","Bludgeon"],"relics":["Burning Blood","Smiling Mask","Regal Pillow","Pantograph","Blood Vial","Sozu","Mercury Hourglass","Bag of Marbles","Old Coin"],"acts_visited":["Exordium","TheCity"],"potions_floor_usage":[7,14,14,16,18,23],"damage_taken":[{"damage":0.0,"enemies":"Small Slimes","floor":1.0,"turns":3.0},{"damage":6.0,"enemies":"Cultist","floor":2.0,"turns":3.0},{"damage":9.0,"enemies":"2 Louse","floor":4.0,"turns":2.0},{"damage":51,"enemies":"Gremlin Nob","floor":7,"turns":5},{"damage":16,"enemies":"Exordium Wildlife","floor":10,"turns":3},{"damage":5,"enemies":"Large Slime","floor":12,"turns":6},{"damage":10,"enemies":"3 Louse","floor":13,"turns":3},{"damage":21,"enemies":"Lagavulin","floor":14,"turns":4},{"damage":41,"enemies":"The Guardian","floor":16,"turns":10},{"damage":4,"enemies":"Shell Parasite","floor":18,"turns":4},{"damage":17,"enemies":"2 Thieves","floor":21,"turns":4},{"damage":34,"enemies":"Gremlin Leader","floor":23,"turns":7},{"damage":34,"enemies":"Slavers","floor":25,"turns":5},{"damage":0,"enemies":"3 Cultists","floor":28,"turns":3}],"seed_played":"-5451244830382278759","potions_obtained":[{"floor":4.0,"key":"EssenceOfSteel"},{"floor":13,"key":"BlessingOfTheForge"},{"floor":14,"key":"BloodPotion"},{"floor":16,"key":"EntropicBrew"}],"is_trial":false,"path_per_floor":["M","M","$","M","?","R","E","R","T","M","$","M","M","E","R","B",null,"M","?","$","M","T","E","R","E","T","$","M"],"character_chosen":"IRONCLAD","items_purchased":["Uppercut","Flame Barrier","Chrysalis","Iron Wave","Entrench","Bludgeon"],"campfire_rested":1,"item_purchase_floors":[11,20,27,27,27,27],"current_hp_per_floor":[78,78,78,75,75,75,30,69,69,59,59,60,56,57,57,45,71,75,75,75,66,66,40,40,14,14,14,16,16],"gold":8,"neow_bonus":"RANDOM_COMMON_RELIC","is_daily":false,"chose_seed":false,"campfire_upgraded":3,"win_rate":0.0,"timestamp":1610732567,"path_taken":["M","M","$","M","?","R","E","R","T","M","$","?","M","E","R","BOSS","M","?","$","M","?","E","R","E","T","$","M"],"items_purchased_type":["Card","Card","Card","Card","Card","Card"],"build_version":"2020-12-22","purchased_purges":4,"victory":false,"max_hp_per_floor":[80,80,80,80,80,80,80,80,80,80,80,80,80,80,80,80,80,80,80,80,80,80,80,80,80,80,80,80,80],"card_choices":[{"not_picked":["True Grit","Thunderclap"],"picked":"Battle Trance","floor":1.0},{"not_picked":["Thunderclap","Headbutt"],"picked":"Cleave","floor":2.0},{"not_picked":["True Grit","Rampage"],"picked":"Armaments","floor":4.0},{"not_picked":["Twin Strike","Shrug It Off"],"picked":"Dropkick","floor":7},{"not_picked":["Havoc","Headbutt"],"picked":"Flex","floor":10},{"not_picked":["Cleave","Flex"],"picked":"Berserk","floor":12},{"not_picked":["Uppercut","Entrench"],"picked":"Spot Weakness","floor":13},{"not_picked":["Iron Wave","Disarm"],"picked":"Double Tap","floor":14},{"not_picked":["Feed","Fiend Fire"],"picked":"Juggernaut","floor":16},{"not_picked":["Iron Wave","Uppercut"],"picked":"Metallicize","floor":18},{"not_picked":["Iron Wave","Clothesline"],"picked":"Entrench","floor":21},{"not_picked":["Clash","Flex"],"picked":"Burning Pact","floor":23},{"not_picked":["Cleave","Anger","Clothesline"],"picked":"SKIP","floor":25}],"player_experience":492072,"relics_obtained":[{"floor":7,"key":"Regal Pillow"},{"floor":9,"key":"Pantograph"},{"floor":14,"key":"Blood Vial"},{"floor":23,"key":"Mercury Hourglass"},{"floor":25,"key":"Bag of Marbles"},{"floor":26,"key":"Old Coin"}],"event_choices":[{"cards_removed":["Strike_R"],"damage_healed":0.0,"max_hp_gain":0.0,"max_hp_loss":0.0,"gold_gain":0.0,"event_name":"Bonfire Elementals","player_choice":"Offered Basic","floor":5.0,"gold_loss":0.0,"damage_taken":0.0},{"damage_healed":0,"gold_gain":99,"player_choice":"Stole From Cult","damage_taken":0,"max_hp_gain":0,"max_hp_loss":0,"event_name":"Nest","floor":19,"gold_loss":0}],"is_beta":false,"boss_relics":[{"not_picked":["Runic Pyramid","Philosopher\u0027s Stone"],"picked":"Sozu"}],"items_purged_floors":[3,11,20,27],"is_endless":false,"potions_floor_spawned":[4,13,14,16,18,25],"killed_by":"3 Cultists","ascension_level":12}}