{"host":"khkox7sggahain0a","time":1610670625,"event":{"mods":["Act Like it!","Arknights The Spire","BaseMod","Downfall","Gensokyo","Lobotomy","LobotomyExtend","Marisa£®ÏF”Í°°ƒß¿Ì…≥£©","Minty Spire (QoL Compilation)","Quick Restart","StSLib","The Animator","Waifu the Spire"],"gold_per_floor":[111,122,139,64,64,64,93,112,135,135,135],"floor_reached":10,"language":"ZHS","playtime":330,"items_purged":["ats:Defend"],"score":71,"play_id":"778777b7-ef06-46a9-a968-6439ed5a026d","local_time":"20210115083025","is_ascension_mode":true,"campfire_choices":[{"data":"ats:Sunburst","floor":6,"key":"SMITH"}],"circlet_count":0,"master_deck":["ats:Strike C","ats:Strike G","ats:Strike S","ats:Strike V","ats:Armor Crushing Shot","ats:Defend","ats:Defend","ats:Defend","ats:Emotion Absorption","CrumblingArmor","ats:Hammer On","PunishingBird","ats:Sunburst+1","ats:Ignite","MeatLantern","ats:Powerful Strike"],"relics":["ats:Sanity","CogitoBucket","LetterFromLob","ats:Originium","ats:Spiritual Recovery","Smiling Mask"],"acts_visited":["Exordium"],"potions_floor_usage":[],"damage_taken":[{"damage":15,"enemies":"Cultist","floor":1,"turns":4},{"damage":7,"enemies":"2 Louse","floor":2,"turns":3},{"damage":2,"enemies":"Small Slimes","floor":3,"turns":3},{"damage":31,"enemies":"3 Sentries","floor":7,"turns":5},{"damage":8,"enemies":"Blue Slaver","floor":8,"turns":2},{"damage":4,"enemies":"Gremlin Nob","floor":10,"turns":4}],"seed_played":"-937123565729478979","potions_obtained":[{"floor":7,"key":"Strength Potion"}],"is_trial":false,"path_per_floor":["M","M","M","$","?","R","E","M","T","E"],"character_chosen":"DOCTOR_CLASS","items_purchased":[],"campfire_rested":0,"item_purchase_floors":[],"current_hp_per_floor":[57,50,48,48,52,52,21,15,15,13,13],"gold":135,"neow_bonus":"","is_daily":false,"chose_seed":false,"campfire_upgraded":1,"win_rate":0.0,"timestamp":1610670625,"path_taken":["M","M","?","?","?","R","E","M","T","E"],"items_purchased_type":[],"build_version":"2020-12-22","purchased_purges":1,"victory":false,"max_hp_per_floor":[72,72,72,72,72,72,72,72,72,72,72],"card_choices":[{"not_picked":["CherryBlossoms","QueenOfHatred"],"picked":"CrumblingArmor","floor":1},{"not_picked":["ats:Song Of Battle","ats:Apocalypse"],"picked":"ats:Hammer On","floor":1},{"not_picked":["MHz","Scorched","BeautyBeast"],"picked":"Singing Bowl","floor":2},{"not_picked":["ats:Flexible Camouflage","ats:Apocalypse","ats:Healing Strengthening"],"picked":"SKIP","floor":2},{"not_picked":["FairyFestival","Scorched","DreamingCurrent"],"picked":"Singing Bowl","floor":3},{"not_picked":["OSAHOGD","UniverseFragment"],"picked":"PunishingBird","floor":3},{"not_picked":["ats:Leaping Hammer","ats:Explosion Area Strengthen"],"picked":"ats:Sunburst","floor":3},{"not_picked":["ShyLook","LittleHelper","SpiderBud"],"picked":"Singing Bowl","floor":7},{"not_picked":["ats:Poison Spread","ats:Childhood Dance"],"picked":"ats:Ignite","floor":7},{"not_picked":["Murderer","WallGazer","MHz"],"picked":"Singing Bowl","floor":8},{"not_picked":["VoidDream","Wellcheers"],"picked":"MeatLantern","floor":8},{"not_picked":["ats:Revitalization","ats:Leaping Hammer"],"picked":"ats:Powerful Strike","floor":8}],"player_experience":308227,"relics_obtained":[{"floor":1,"key":"LetterFromLob"},{"floor":7,"key":"ats:Originium"},{"floor":7,"key":"ats:Spiritual Recovery"},{"floor":9,"key":"Smiling Mask"}],"event_choices":[],"is_beta":false,"boss_relics":[],"items_purged_floors":[4],"is_endless":false,"potions_floor_spawned":[7],"killed_by":"Gremlin Nob","ascension_level":1}}