{"host":"q9szs7qndgdlcq24","time":1610677259,"event":{"mods":["2.2 Compatiblity","AchievementEnabler","BaseMod","Bestiary","Colored Map","Colored Powertips","Dark Map","DeckTracker","Displayed Cursed Tome","Highlight Path","Minty Spire (QoL Compilation)","Random Character Button","StSLib","Unknown Chances"],"gold_per_floor":[112,7,7,7,27,66,66,66,145,158,182,217,238,262,262,390,390,408,8,23,48,48,79,379,397,422,422,446,460,460,474,474,600,600,620,17,17,35,59,59,74,0,0,0,0],"floor_reached":44,"language":"ENG","playtime":2468,"items_purged":["Strike_G"],"score":519,"play_id":"2a1f9dd2-e7d0-47b4-912b-bdb7f2822498","local_time":"20210115052059","is_ascension_mode":false,"campfire_choices":[{"floor":8.0,"key":"REST"},{"floor":15.0,"key":"REST"},{"data":"Finisher","floor":27.0,"key":"SMITH"},{"floor":32.0,"key":"REST"},{"floor":40,"key":"REST"}],"circlet_count":0,"master_deck":["Strike_G","Strike_G","Strike_G","Strike_G","Defend_G","Defend_G","Defend_G","Defend_G","Survivor","Neutralize","Riddle With Holes","Footwork","Dagger Spray","Injury","Blade Dance","Deadly Poison","Backflip","Mind Blast","Finisher+1","Slice","Sucker Punch","Deadly Poison","Footwork","After Image","CurseOfTheBell","Flying Knee","Bouncing Flask","Noxious Fumes+1","Slice+1","Blade Dance+1","Blade Dance","PiercingWail","Caltrops","Glass Knife","Deflect","Deflect","Noxious Fumes","Poisoned Stab","Flechettes+1","PiercingWail","Deadly Poison"],"relics":["Ring of the Snake","NeowsBlessing","Golden Idol","Gremlin Horn","Ancient Tea Set","Sundial","Pear","Calling Bell","Snake Skull","Shuriken","FossilizedHelix","Ninja Scroll","Pocketwatch","Old Coin","Vajra","Bag of Marbles","HornCleat","Red Mask","Calipers"],"acts_visited":[],"potions_floor_usage":[41],"damage_taken":[{"damage":0.0,"enemies":"Small Slimes","floor":1.0,"turns":1.0},{"damage":0.0,"enemies":"Cultist","floor":5.0,"turns":1.0},{"damage":0.0,"enemies":"Gremlin Nob","floor":6.0,"turns":1.0},{"damage":0.0,"enemies":"2 Louse","floor":10.0,"turns":1.0},{"damage":5.0,"enemies":"2 Fungi Beasts","floor":11.0,"turns":5.0},{"damage":24.0,"enemies":"Lagavulin","floor":12.0,"turns":6.0},{"damage":1.0,"enemies":"3 Louse","floor":13.0,"turns":2.0},{"damage":10.0,"enemies":"Looter","floor":14.0,"turns":2.0},{"damage":34.0,"enemies":"The Guardian","floor":16.0,"turns":12.0},{"damage":0.0,"enemies":"Chosen","floor":18.0,"turns":4.0},{"damage":0.0,"enemies":"Shell Parasite","floor":20.0,"turns":3.0},{"damage":0.0,"enemies":"Centurion and Healer","floor":21.0,"turns":4.0},{"damage":13.0,"enemies":"Slavers","floor":23.0,"turns":4.0},{"damage":25.0,"enemies":"Snake Plant","floor":25.0,"turns":4.0},{"damage":12.0,"enemies":"Shelled Parasite and Fungi","floor":28.0,"turns":3.0},{"damage":0.0,"enemies":"3 Cultists","floor":29.0,"turns":2.0},{"damage":0.0,"enemies":"Snecko","floor":31.0,"turns":3.0},{"damage":18.0,"enemies":"Collector","floor":33.0,"turns":5.0},{"damage":51.0,"enemies":"3 Darklings","floor":35.0,"turns":4.0},{"damage":0.0,"enemies":"Orb Walker","floor":38.0,"turns":1.0},{"damage":0,"enemies":"Sphere and 2 Shapes","floor":39,"turns":3},{"damage":0,"enemies":"Maw","floor":41,"turns":5},{"damage":68,"enemies":"Transient","floor":44,"turns":5}],"seed_played":"-5952742103521005960","potions_obtained":[{"floor":10.0,"key":"Ancient Potion"},{"floor":14.0,"key":"AttackPotion"},{"floor":16.0,"key":"SkillPotion"},{"floor":25.0,"key":"FearPotion"},{"floor":28.0,"key":"Fire Potion"},{"floor":33.0,"key":"SpeedPotion"},{"floor":38.0,"key":"BlessingOfTheForge"},{"floor":41,"key":"FearPotion"}],"is_trial":false,"path_per_floor":["M","$","?","?","M","E","?","R","T","M","M","E","M","M","R","B",null,"M","$","M","M","?","E","?","M","T","R","M","M","?","M","R","B",null,"M","$","?","M","M","R","M","?","T","M"],"character_chosen":"THE_SILENT","items_purchased":["Footwork","Dagger Spray","Ninja Scroll","Bouncing Flask","Bag of Marbles","Deflect","HornCleat","Regen Potion","Noxious Fumes","Poisoned Stab"],"campfire_rested":4,"item_purchase_floors":[2,2,19,19,36,36,36,36,36,36],"current_hp_per_floor":[70,70,70,58,58,58,58,70,70,70,65,51,50,40,64,30,80,80,80,80,80,80,67,67,42,42,42,30,30,30,30,54,36,80,29,29,29,29,29,53,67,67,67,0,0],"gold":0,"neow_bonus":"THREE_ENEMY_KILL","is_daily":false,"chose_seed":false,"campfire_upgraded":1,"win_rate":0.0,"timestamp":1610677259,"path_taken":["M","$","?","?","M","E","?","R","T","M","M","E","M","?","R","BOSS","M","$","M","M","?","E","?","M","T","R","M","M","?","M","R","BOSS","M","$","?","M","M","R","M","?","T","M"],"items_purchased_type":["Card","Card","Relic","Card","Relic","Card","Relic","Potion","Card","Card"],"build_version":"2020-12-22","purchased_purges":1,"victory":false,"max_hp_per_floor":[70,70,70,70,70,70,70,70,70,70,70,80,80,80,80,80,80,80,80,80,80,80,80,80,80,80,80,80,80,80,80,80,80,80,80,80,80,80,80,80,80,80,80,80,80],"card_choices":[{"not_picked":["Deadly Poison","Underhanded Strike"],"picked":"Riddle With Holes","floor":1.0},{"not_picked":["Calculated Gamble","Underhanded Strike"],"picked":"Blade Dance","floor":5.0},{"not_picked":["Heel Hook","Backstab"],"picked":"Deadly Poison","floor":6.0},{"not_picked":["Bane","Predator"],"picked":"Finisher","floor":10.0},{"not_picked":["Burst","Reflex"],"picked":"Slice","floor":11.0},{"not_picked":["Flying Knee","Crippling Poison"],"picked":"Sucker Punch","floor":12.0},{"not_picked":["Quick Slash","Catalyst"],"picked":"Deadly Poison","floor":13.0},{"not_picked":["Outmaneuver","Sucker Punch"],"picked":"Footwork","floor":14.0},{"not_picked":["Bullet Time","Wraith Form v2"],"picked":"After Image","floor":16.0},{"not_picked":["Deflect","Heel Hook"],"picked":"Flying Knee","floor":18.0},{"not_picked":["Poisoned Stab","Flying Knee"],"picked":"Noxious Fumes+1","floor":20.0},{"not_picked":["Footwork","PiercingWail"],"picked":"Slice+1","floor":21.0},{"not_picked":["Deadly Poison+1","Skewer"],"picked":"Blade Dance+1","floor":23.0},{"not_picked":["Bane","Dagger Spray"],"picked":"Blade Dance","floor":25.0},{"not_picked":["All Out Attack","Dagger Throw"],"picked":"PiercingWail","floor":28.0},{"not_picked":["Blade Dance+1","Deflect"],"picked":"Caltrops","floor":29.0},{"not_picked":["Unload","Acrobatics","Eviscerate"],"picked":"SKIP","floor":31.0},{"not_picked":["Night Terror","After Image"],"picked":"Glass Knife","floor":33.0},{"not_picked":["Riddle With Holes","Dodge and Roll+1"],"picked":"Deflect","floor":35.0},{"not_picked":["Outmaneuver","Tactician+1"],"picked":"Flechettes+1","floor":38.0},{"not_picked":["Underhanded Strike","Skewer+1"],"picked":"PiercingWail","floor":39},{"not_picked":["Deflect","Outmaneuver"],"picked":"Deadly Poison","floor":41}],"player_experience":54677,"relics_obtained":[{"floor":6.0,"key":"Ancient Tea Set"},{"floor":9.0,"key":"Sundial"},{"floor":12.0,"key":"Pear"},{"floor":17.0,"key":"Snake Skull"},{"floor":17.0,"key":"Shuriken"},{"floor":17.0,"key":"FossilizedHelix"},{"floor":23.0,"key":"Pocketwatch"},{"floor":26.0,"key":"Vajra"},{"floor":43,"key":"Calipers"}],"event_choices":[{"damage_healed":0.0,"max_hp_gain":0.0,"max_hp_loss":0.0,"gold_gain":0.0,"event_name":"Golden Idol","player_choice":"Take Wound","floor":3.0,"gold_loss":0.0,"damage_taken":0.0,"relics_obtained":["Golden Idol"],"cards_obtained":["Injury"]},{"damage_healed":0.0,"max_hp_gain":0.0,"max_hp_loss":0.0,"gold_gain":0.0,"event_name":"Scrap Ooze","player_choice":"Success","floor":4.0,"gold_loss":0.0,"damage_taken":12.0,"relics_obtained":["Gremlin Horn"]},{"damage_healed":0.0,"max_hp_gain":0.0,"max_hp_loss":0.0,"gold_gain":0.0,"event_name":"Match and Keep!","player_choice":"2 cards matched","floor":7.0,"gold_loss":0.0,"damage_taken":0.0,"cards_obtained":["Backflip","Mind Blast"]},{"damage_healed":0.0,"max_hp_gain":0.0,"max_hp_loss":0.0,"gold_gain":0.0,"event_name":"The Mausoleum","player_choice":"Opened","floor":24.0,"gold_loss":0.0,"damage_taken":0.0,"relics_obtained":["Old Coin"]},{"damage_healed":0.0,"max_hp_gain":0.0,"max_hp_loss":0.0,"gold_gain":0.0,"event_name":"Cursed Tome","player_choice":"Ignored","floor":30.0,"gold_loss":0.0,"damage_taken":0.0},{"cards_removed":["Defend_G"],"damage_healed":0.0,"max_hp_gain":0.0,"max_hp_loss":0.0,"gold_gain":0.0,"event_name":"Falling","player_choice":"Removed Skill","floor":37.0,"gold_loss":0.0,"damage_taken":0.0},{"damage_healed":0,"gold_gain":0,"player_choice":"Paid","damage_taken":0,"relics_obtained":["Red Mask"],"max_hp_gain":0,"max_hp_loss":0,"event_name":"Tomb of Lord Red Mask","floor":42,"gold_loss":74}],"is_beta":false,"boss_relics":[{"not_picked":["Philosopher\u0027s Stone","Ectoplasm"],"picked":"Calling Bell"},{"not_picked":["HoveringKite","Runic Pyramid","Cursed Key"]}],"items_purged_floors":[19],"is_endless":false,"potions_floor_spawned":[10,14,16,25,28,31,33,38,41],"killed_by":"Transient","ascension_level":0}}