{"host":"0009l0kk6tb2u2kt","time":1610738136,"event":{"mods":["BaseMod","Downfall","Hubris","Minty Spire (QoL Compilation)","Replay The Spire","StSLib"],"gold_per_floor":[364,539,550,106,106,137,151,176,176,176,176,192,192,44,44,140,140,150,150,150,150,263,263,282,282,282,297,327,340,365,122,122,225,325,336,336,347,347,347,347,363,363,363,381,450,450,467,467,500,500,500,500,500],"floor_reached":52,"language":"ENG","playtime":4584,"items_purged":["Doubt","Defend_R"],"score":626,"play_id":"e9880d2e-9165-43a5-9159-91679e7300ea","local_time":"20210115201536","is_ascension_mode":false,"campfire_choices":[{"data":"Twin Strike","floor":10,"key":"SMITH"},{"floor":15,"key":"REST"},{"data":"Pommel Strike","floor":23,"key":"SMITH"},{"data":"Wild Strike","floor":25,"key":"SMITH"},{"data":"Perfected Strike","floor":32,"key":"SMITH"},{"data":"Armaments","floor":42,"key":"SMITH"},{"floor":46,"key":"RECALL"},{"data":"Demonic Infusion","floor":48,"key":"SMITH"},{"data":"Seeing Red","floor":51,"key":"SMITH"}],"circlet_count":0,"master_deck":["Strike_R+1","Strike_R","Strike_R","Strike_R","Strike_R","Defend_R","Defend_R+2","Defend_R+1","Bash","Pommel Strike+1","Metallicize+1","Warcry","Twin Strike+1","Shrug It Off","Demonic Infusion+1","Seeing Red+1","Wild Strike+1","Warcry+1","Perfected Strike+1","Pot Of Greed","hubris:StunningStrike","Twin Strike","expansioncontent:DecasProtection","Armaments+1","Pot Of Greed","Seeing Red+1"],"relics":["Burning Blood","Thread and Needle","Regal Pillow","Pet Ghost","Sundial","Strawberry","Pen Nib","hubris:VirtuousBlindfold","hubris:Towel","ReplayFunnel","Simple Rune","Boot","Grinning Jar","Replay:Wanted Poster","Blue Doll","Du-Vu Doll"],"acts_visited":["Exordium","TheCity","TheBeyond"],"potions_floor_usage":[6,16,24,24,27,41,41,44],"damage_taken":[{"damage":1,"enemies":"Cultist","floor":1,"turns":4},{"damage":6,"enemies":"Jaw Worm","floor":3,"turns":3},{"damage":53,"enemies":"3 Sentries","floor":6,"turns":12},{"damage":0,"enemies":"2 Louse","floor":7,"turns":2},{"damage":24,"enemies":"Lagavulin","floor":8,"turns":10},{"damage":0,"enemies":"2 Fungi Beasts","floor":12,"turns":4},{"damage":41,"enemies":"Hexaghost","floor":16,"turns":12},{"damage":0,"enemies":"3 Byrds","floor":18,"turns":6},{"damage":4,"enemies":"Shell Parasite","floor":24,"turns":4},{"damage":19,"enemies":"Shelled Parasite and Fungi","floor":27,"turns":4},{"damage":9,"enemies":"Slavers","floor":28,"turns":9},{"damage":0,"enemies":"Snake Plant","floor":29,"turns":4},{"damage":19,"enemies":"Replay:Snechameleon","floor":30,"turns":4},{"damage":26,"enemies":"hubris:MusketHawk","floor":33,"turns":6},{"damage":11,"enemies":"Orb Walker","floor":35,"turns":3},{"damage":1,"enemies":"3 Shapes","floor":37,"turns":3},{"damage":6,"enemies":"Jaw Worm Horde","floor":41,"turns":5},{"damage":13,"enemies":"Maw","floor":44,"turns":6},{"damage":14,"enemies":"3 Darklings","floor":47,"turns":5},{"damage":2,"enemies":"Giant Head","floor":49,"turns":8},{"damage":74,"enemies":"Awakened One","floor":52,"turns":14}],"seed_played":"9055113856724702484","potions_obtained":[{"floor":1,"key":"BloodPotion"},{"floor":6,"key":"Slimebound:ThreeZeroPotion"},{"floor":12,"key":"FearPotion"},{"floor":18,"key":"EssenceOfSteel"},{"floor":24,"key":"Fruit Juice"},{"floor":28,"key":"Strength Potion"},{"floor":35,"key":"Block Potion"},{"floor":37,"key":"SkillPotion"},{"floor":41,"key":"EssenceOfSteel"}],"is_trial":false,"path_per_floor":["M","?","M","$","?","E","M","E","T","R","?","M","?","$","R","B",null,"M","?","?","?","?","R","M","R","T","M","E","M","E","$","R","B",null,"M","?","M","?","PTL","PTL","M","R","?","M","T","R","M","R","E","?","R","B"],"character_chosen":"IRONCLAD","items_purchased":["Thread and Needle","Metallicize","Pen Nib","Grinning Jar"],"campfire_rested":1,"item_purchase_floors":[4,4,14,31],"current_hp_per_floor":[72,72,72,72,72,39,45,27,27,27,31,37,21,21,59,24,79,79,79,79,79,79,79,84,84,84,71,68,74,61,61,61,41,84,79,79,84,84,84,84,84,84,84,77,77,77,69,69,73,73,73,0,0],"gold":500,"neow_bonus":"TWO_FIFTY_GOLD","is_daily":false,"chose_seed":false,"campfire_upgraded":7,"win_rate":0.0,"timestamp":1610738136,"path_taken":["M","?","M","$","?","E","M","E","T","R","?","M","?","$","R","BOSS","M","?","?","?","?","R","M","R","T","M","E","?","E","$","R","BOSS","M","?","M","?","PTL","PTL","M","R","?","?","T","R","M","R","E","?","R","BOSS"],"items_purchased_type":["Relic","Card","Relic","Relic"],"build_version":"2020-12-22","purchased_purges":2,"victory":false,"max_hp_per_floor":[72,72,72,72,72,72,72,72,72,72,79,79,79,79,79,79,79,79,79,79,79,79,79,84,84,84,84,84,84,84,84,84,84,84,84,84,84,84,84,84,84,84,84,84,84,84,84,84,84,84,84,84,84],"card_choices":[{"not_picked":["Shockwave","Armaments"],"picked":"Pommel Strike","floor":1},{"not_picked":["Body Slam","Iron Wave","Bloodletting"],"picked":"SKIP","floor":3},{"not_picked":["Havoc","Carnage"],"picked":"Warcry","floor":6},{"not_picked":["hubris:SharpeningStone","Metallicize"],"picked":"Twin Strike","floor":7},{"not_picked":["Demonic Infusion","Blood for Blood"],"picked":"Shrug It Off","floor":8},{"not_picked":["ReplayTheSpireMod:Strike From Hell","Armaments","Heavy Blade"],"picked":"SKIP","floor":12},{"not_picked":["Exhume","Immolate"],"picked":"Demonic Infusion","floor":16},{"not_picked":["Burning Pact","Clash+1","Massacre"],"picked":"SKIP","floor":18},{"not_picked":["Anger","Sword Boomerang"],"picked":"Seeing Red+1","floor":22},{"not_picked":["Clash","ReplayReversal"],"picked":"Wild Strike","floor":24},{"not_picked":["Iron Wave+1","Armaments","Defy Death"],"picked":"SKIP","floor":27},{"not_picked":["Replay:Undeath\u0027s Touch","Shrug It Off","Warcry"],"picked":"SKIP","floor":28},{"not_picked":["Iron Wave","Wild Strike"],"picked":"Warcry+1","floor":29},{"not_picked":["Cleave","Run Through"],"picked":"Perfected Strike","floor":30},{"not_picked":["Feed","Bludgeon"],"picked":"hubris:StunningStrike","floor":33},{"not_picked":["Body Slam","Feel No Pain"],"picked":"Twin Strike","floor":35},{"not_picked":["Thunderclap","Whirlwind+1","Sever Soul"],"picked":"SKIP","floor":37},{"not_picked":["expansioncontent:FaceSlap","expansioncontent:DefensiveStance"],"picked":"expansioncontent:DecasProtection","floor":38},{"not_picked":["Anger+1","Flame Barrier"],"picked":"Armaments","floor":41},{"not_picked":["Wild Strike","Heavy Blade"],"picked":"Seeing Red","floor":44},{"not_picked":["Iron Wave","Armaments","Reaper"],"picked":"SKIP","floor":47},{"not_picked":["Bloodletting+1","Defy Death","Infernal Blade"],"picked":"SKIP","floor":49}],"player_experience":228474,"relics_obtained":[{"floor":6,"key":"Regal Pillow"},{"floor":8,"key":"Pet Ghost"},{"floor":9,"key":"Sundial"},{"floor":26,"key":"ReplayFunnel"},{"floor":28,"key":"Simple Rune"},{"floor":30,"key":"Boot"},{"floor":49,"key":"Du-Vu Doll"}],"event_choices":[{"damage_healed":0,"gold_gain":175,"player_choice":"AGREE","damage_taken":0,"max_hp_gain":0,"max_hp_loss":0,"event_name":"Liars Game","floor":2,"gold_loss":0,"cards_obtained":["Doubt"]},{"damage_healed":0,"gold_gain":0,"player_choice":"Success","damage_taken":3,"relics_obtained":["Strawberry"],"max_hp_gain":0,"max_hp_loss":0,"event_name":"Scrap Ooze","floor":11,"gold_loss":0},{"damage_healed":0,"gold_gain":0,"player_choice":"Entered Light","damage_taken":16,"max_hp_gain":0,"max_hp_loss":0,"event_name":"Shining Light","floor":13,"gold_loss":0,"cards_upgraded":["Defend_R","Defend_R"]},{"damage_healed":0,"gold_gain":0,"player_choice":"Memory 1","damage_taken":0,"max_hp_gain":0,"max_hp_loss":0,"event_name":"SensoryStone","floor":38,"gold_loss":0},{"damage_healed":0,"gold_gain":0,"player_choice":"Gave Potion","damage_taken":0,"relics_obtained":["Blue Doll"],"max_hp_gain":0,"max_hp_loss":0,"event_name":"WeMeetAgain","floor":43,"gold_loss":0},{"cards_removed":["Pot Of Greed"],"damage_healed":0,"gold_gain":0,"player_choice":"Removed Skill","damage_taken":0,"max_hp_gain":0,"max_hp_loss":0,"event_name":"Falling","floor":50,"gold_loss":0}],"is_beta":false,"boss_relics":[{"not_picked":["Cursed Key","Kintsugi"],"picked":"hubris:VirtuousBlindfold"},{"not_picked":["SacredBark","Electric Blood"],"picked":"Replay:Wanted Poster"}],"items_purged_floors":[4,31],"is_endless":false,"potions_floor_spawned":[1,6,12,18,24,28,35,37,41],"killed_by":"Awakened One","ascension_level":0}}