{"host":"l60rmjjsfi0fipmi","time":1610674886,"event":{"mods":["BaseMod","Colored Map","DeckTracker","Hermit","Highlight Path","Jorbs\u0027s Wanderer Trilogy","Minty Spire (QoL Compilation)","StSLib","The Cursed"],"gold_per_floor":[116,116,133,108,120,152,152,164,164,182,198,208,227,192,192,292,292,302,302,146,146,172,172,206,206,206],"floor_reached":25,"language":"ENG","playtime":1685,"items_purged":["Strike_P"],"score":259,"play_id":"2145103d-0384-4b33-8e34-286143293603","local_time":"20210114204126","is_ascension_mode":true,"campfire_choices":[{"floor":7,"key":"REST"},{"data":"DevaForm","floor":15,"key":"SMITH"},{"floor":23,"key":"REST"}],"circlet_count":0,"master_deck":["Strike_P","Strike_P","Strike_P","Defend_P","Defend_P","Defend_P","Defend_P","Eruption","Vigilance","DevaForm+1","ForeignInfluence","LikeWater","Consecrate","Crescendo","Judgement","Swivel","Vengeance","Adaptation","TalkToTheHand","CutThroughFate","Wish","CurseOfTheBell","EmptyBody","Flash of Steel","Establishment","EmptyFist","DeusExMachina"],"relics":["PureWater","Mummified Hand","Kunai","Yang","Calling Bell","Oddly Smooth Stone","StrikeDummy","Torii","CeramicFish","Letter Opener"],"acts_visited":["Exordium","TheCity"],"potions_floor_usage":[22,24],"damage_taken":[{"damage":6,"enemies":"Small Slimes","floor":1,"turns":4},{"damage":3,"enemies":"2 Louse","floor":3,"turns":3},{"damage":1,"enemies":"Cultist","floor":5,"turns":4},{"damage":42,"enemies":"Lagavulin","floor":6,"turns":5},{"damage":11,"enemies":"Gremlin Gang","floor":8,"turns":5},{"damage":0,"enemies":"2 Fungi Beasts","floor":10,"turns":3},{"damage":0,"enemies":"Large Slime","floor":11,"turns":4},{"damage":4,"enemies":"Blue Slaver","floor":12,"turns":2},{"damage":0,"enemies":"3 Louse","floor":13,"turns":3},{"damage":22,"enemies":"Slime Boss","floor":16,"turns":7},{"damage":9,"enemies":"Chosen","floor":18,"turns":7},{"damage":4,"enemies":"Shell Parasite","floor":22,"turns":7},{"damage":61,"enemies":"Slavers","floor":24,"turns":11},{"damage":21,"enemies":"Cultist and Chosen","floor":25,"turns":3}],"seed_played":"3368095410418165160","potions_obtained":[{"floor":6,"key":"Ancient Potion"},{"floor":8,"key":"SpeedPotion"},{"floor":12,"key":"CultistPotion"},{"floor":13,"key":"EssenceOfSteel"},{"floor":16,"key":"EntropicBrew"}],"is_trial":false,"path_per_floor":["M","?","M","$","M","E","R","M","T","M","M","M","M","?","R","B",null,"M","?","$","T","M","R","E","M"],"character_chosen":"WATCHER","items_purchased":["Consecrate","Establishment"],"campfire_rested":2,"item_purchase_floors":[4,20],"current_hp_per_floor":[66,63,60,60,59,17,38,27,27,27,27,23,23,41,41,19,72,63,51,51,51,47,68,7,0,0],"gold":206,"neow_bonus":"ONE_RANDOM_RARE_CARD","is_daily":false,"chose_seed":false,"campfire_upgraded":1,"win_rate":0.0,"timestamp":1610674886,"path_taken":["M","?","M","$","M","E","R","M","T","M","M","M","M","?","R","BOSS","M","?","$","?","M","R","E","?"],"items_purchased_type":["Card","Card"],"build_version":"2020-12-22","purchased_purges":1,"victory":false,"max_hp_per_floor":[72,72,72,72,72,72,72,72,72,72,72,72,72,72,72,72,72,72,72,72,72,72,72,72,72,72],"card_choices":[{"not_picked":["PathToVictory","WheelKick"],"picked":"ForeignInfluence","floor":1},{"not_picked":["Halt","CutThroughFate"],"picked":"LikeWater","floor":3},{"not_picked":["Perseverance","PathToVictory"],"picked":"Crescendo","floor":5},{"not_picked":["BowlingBash","Prostrate"],"picked":"Judgement","floor":6},{"not_picked":["Worship","JustLucky"],"picked":"Swivel","floor":8},{"not_picked":["BowlingBash","Worship"],"picked":"Vengeance","floor":10},{"not_picked":["Sanctity","BowlingBash"],"picked":"Adaptation","floor":11},{"not_picked":["EmptyMind","Nirvana"],"picked":"TalkToTheHand","floor":12},{"not_picked":["Conclude","LikeWater"],"picked":"CutThroughFate","floor":13},{"not_picked":["SpiritShield","Blasphemy"],"picked":"Wish","floor":16},{"not_picked":["CutThroughFate","LikeWater"],"picked":"EmptyBody","floor":18},{"not_picked":["CrushJoints","ThirdEye"],"picked":"EmptyFist","floor":22},{"not_picked":["BowlingBash","Vengeance"],"picked":"DeusExMachina","floor":24}],"player_experience":401842,"relics_obtained":[{"floor":6,"key":"Kunai"},{"floor":9,"key":"Yang"},{"floor":17,"key":"Oddly Smooth Stone"},{"floor":17,"key":"StrikeDummy"},{"floor":17,"key":"Torii"},{"floor":21,"key":"CeramicFish"},{"floor":24,"key":"Letter Opener"}],"event_choices":[{"damage_healed":0,"gold_gain":0,"player_choice":"Success","damage_taken":3,"relics_obtained":["Mummified Hand"],"max_hp_gain":0,"max_hp_loss":0,"event_name":"Scrap Ooze","floor":2,"gold_loss":0},{"damage_healed":18,"gold_gain":0,"player_choice":"Healed","damage_taken":0,"max_hp_gain":0,"max_hp_loss":0,"event_name":"The Cleric","floor":14,"gold_loss":35},{"damage_healed":0,"gold_gain":0,"player_choice":"CARD ","damage_taken":12,"max_hp_gain":0,"max_hp_loss":0,"event_name":"Knowing Skull","floor":19,"potions_obtained":[],"gold_loss":0,"cards_obtained":["Flash of Steel"]}],"is_beta":false,"boss_relics":[{"not_picked":["Ectoplasm","SacredBark"],"picked":"Calling Bell"}],"items_purged_floors":[20],"is_endless":false,"potions_floor_spawned":[6,8,12,13,16,24],"killed_by":"Cultist and Chosen","ascension_level":3}}