{"host":"sav7uxregyirlf69","time":1610714767,"event":{"mods":["AchievementEnabler","BaseMod","Colored Map","DeckTracker","Keyboard Shortcuts","Minty Spire (QoL Compilation)","READ ME - Guardian Mod","StSLib","SuperFastMode"],"gold_per_floor":[14,14,29,49,49,49,92,111,138,138,171,190,19,69,69,160,160,184,217,167,167,180,180,180,180],"floor_reached":24,"language":"KOR","playtime":466,"items_purged":[],"score":408,"play_id":"5e576d43-2184-4ab6-844e-846ee44ef2c8","local_time":"20210115214607","is_ascension_mode":true,"campfire_choices":[{"data":"Streamline","floor":6,"key":"SMITH"},{"floor":10,"key":"REST"},{"data":"Biased Cognition","floor":15,"key":"SMITH"},{"data":"Seek","floor":23,"key":"SMITH"}],"circlet_count":0,"master_deck":["AscendersBane","Strike_B","Strike_B","Strike_B","Defend_B","Defend_B","Defend_B","Defend_B","Zap","Dualcast","Apotheosis+1","Barrage","Streamline+1","Cold Snap","Conserve Battery","Self Repair","Biased Cognition+1","Seek+1","Go for the Eyes","Turbo","Go for the Eyes+1"],"relics":["Cracked Core","Golden Idol","Bag of Preparation","Happy Flower","Juzu Bracelet","OrangePellets","Cursed Key","Red Mask","Darkstone Periapt"],"acts_visited":["Exordium","TheCity"],"potions_floor_usage":[8,11,16,24],"damage_taken":[{"damage":4,"enemies":"Jaw Worm","floor":1,"turns":4},{"damage":13,"enemies":"2 Louse","floor":3,"turns":3},{"damage":0,"enemies":"Cultist","floor":4,"turns":2},{"damage":16,"enemies":"Lagavulin","floor":7,"turns":6},{"damage":15,"enemies":"Gremlin Gang","floor":8,"turns":5},{"damage":4,"enemies":"Gremlin Nob","floor":11,"turns":3},{"damage":13,"enemies":"Exordium Thugs","floor":12,"turns":4},{"damage":21,"enemies":"Hexaghost","floor":16,"turns":10},{"damage":13,"enemies":"Shell Parasite","floor":18,"turns":4},{"damage":41,"enemies":"Masked Bandits","floor":19,"turns":4},{"damage":23,"enemies":"Chosen","floor":22,"turns":5},{"damage":31,"enemies":"Slavers","floor":24,"turns":4}],"seed_played":"-698589170665932917","potions_obtained":[{"floor":1,"key":"Swift Potion"},{"floor":3,"key":"SteroidPotion"},{"floor":8,"key":"FairyPotion"},{"floor":11,"key":"LiquidMemories"},{"floor":22,"key":"AttackPotion"}],"is_trial":false,"path_per_floor":["M","?","M","M","?","R","E","M","T","R","E","M","$","?","R","B",null,"M","?","?","?","M","R","E"],"character_chosen":"DEFECT","items_purchased":["OrangePellets"],"campfire_rested":1,"item_purchase_floors":[13],"current_hp_per_floor":[60,60,47,47,47,47,31,16,16,35,38,32,32,32,32,21,53,47,16,16,16,29,29,0,0],"gold":180,"neow_bonus":"RANDOM_COLORLESS_2","is_daily":false,"chose_seed":false,"campfire_upgraded":3,"win_rate":0.0,"timestamp":1610714767,"path_taken":["M","?","M","M","?","R","E","M","T","R","E","M","?","?","R","BOSS","M","?","?","?","M","R","E"],"items_purchased_type":["Relic"],"build_version":"2020-12-22","purchased_purges":0,"victory":false,"max_hp_per_floor":[71,71,71,71,64,64,64,64,64,64,64,64,64,64,64,64,64,64,64,64,64,64,64,64,64],"card_choices":[{"not_picked":["Thinking Ahead","The Bomb"],"picked":"Apotheosis","floor":0},{"not_picked":["Skim","Turbo"],"picked":"Barrage","floor":1},{"not_picked":["Steam","Tempest"],"picked":"Streamline","floor":3},{"not_picked":["Chill","Tempest"],"picked":"Cold Snap","floor":4},{"not_picked":["Sweeping Beam","Barrage"],"picked":"Conserve Battery","floor":7},{"not_picked":["Consume","Lockon"],"picked":"Self Repair","floor":8},{"not_picked":["Beam Cell","Scrape"],"picked":"Biased Cognition","floor":11},{"not_picked":["Leap","Skim","Stack"],"picked":"SKIP","floor":12},{"not_picked":["Machine Learning","Rainbow"],"picked":"Seek","floor":16},{"not_picked":["Rebound","Consume"],"picked":"Go for the Eyes","floor":18},{"not_picked":["Scrape","Rebound"],"picked":"Turbo","floor":19},{"not_picked":["Leap","Turbo+1"],"picked":"Go for the Eyes+1","floor":22}],"player_experience":1285465,"relics_obtained":[{"floor":7,"key":"Bag of Preparation"},{"floor":9,"key":"Happy Flower"},{"floor":11,"key":"Juzu Bracelet"},{"floor":19,"key":"Red Mask"}],"event_choices":[{"damage_healed":0,"gold_gain":0,"player_choice":"Grow","damage_taken":0,"max_hp_gain":0,"max_hp_loss":0,"event_name":"Living Wall","floor":2,"gold_loss":0,"cards_upgraded":["Apotheosis"]},{"damage_healed":0,"gold_gain":0,"player_choice":"Lose Max HP","damage_taken":0,"relics_obtained":["Golden Idol"],"max_hp_gain":0,"max_hp_loss":7,"event_name":"Golden Idol","floor":5,"gold_loss":0},{"damage_healed":0,"gold_gain":50,"player_choice":"Pray","damage_taken":0,"max_hp_gain":0,"max_hp_loss":0,"event_name":"Golden Shrine","floor":14,"gold_loss":0},{"damage_healed":0,"gold_gain":0,"player_choice":"Fought Bandits","damage_taken":0,"max_hp_gain":0,"max_hp_loss":0,"event_name":"Masked Bandits","floor":19,"gold_loss":0},{"damage_healed":0,"gold_gain":0,"player_choice":"Paid Gold","damage_taken":0,"relics_obtained":["Darkstone Periapt"],"max_hp_gain":0,"max_hp_loss":0,"event_name":"WeMeetAgain","floor":20,"gold_loss":50},{"cards_removed":["Strike_B"],"damage_healed":0,"gold_gain":0,"player_choice":"Elegance","damage_taken":0,"max_hp_gain":0,"max_hp_loss":0,"event_name":"Back to Basics","floor":21,"gold_loss":0}],"is_beta":false,"boss_relics":[{"not_picked":["FrozenCore","Tiny House"],"picked":"Cursed Key"}],"items_purged_floors":[],"is_endless":false,"potions_floor_spawned":[1,3,4,8,11,22],"killed_by":"Slavers","ascension_level":20}}