{"host":"5qewjvycy34u7aeo","time":1610726909,"event":{"mods":["Act Like it!","Aspiration","BaseMod","Conspire","Downfall","GifTheSpireLib","Hubris","Infinite Spire","Minty Spire (QoL Compilation)","Permanent Neow","Replay The Spire","Shop Mod","StSLib","Stuff the Spire"],"gold_per_floor":[110,110,60,79,93,93,93,93,93,119,137,137,62,95,95,197,197,213,227,227,245,256,282,295,295,295,311,311,311,343,293,293,393,393,412,486,497,497,510,510,541,558,581,581,601,0,25,25,25,25,25],"floor_reached":50,"language":"ENG","playtime":2918,"items_purged":["Strike_P","Defend_P"],"score":740,"play_id":"43d998fc-854f-4f35-b3b2-1de985f359c9","local_time":"20210115100829","is_ascension_mode":true,"campfire_choices":[{"floor":6.0,"key":"RECALL"},{"data":"Eruption","floor":8.0,"key":"SMITH"},{"data":"Vigilance","floor":15.0,"key":"SMITH"},{"data":"PathToVictory","floor":25.0,"key":"SMITH"},{"data":"PathToVictory","floor":28.0,"key":"SMITH"},{"data":"PathToVictory","floor":32.0,"key":"SMITH"},{"data":"PathToVictory","floor":40.0,"key":"SMITH"},{"data":"PathToVictory","floor":44.0,"key":"SMITH"}],"circlet_count":0,"master_deck":["Strike_P","Strike_P","Defend_P","Defend_P","Eruption+1","Vigilance+1","FlurryOfBlows+1","EmptyBody","Adrenaline","PathToVictory+1","FlurryOfBlows+1","PathToVictory+1","PathToVictory+1","DevaForm","Protect+1","PathToVictory+1","Parasite","PathToVictory+1","Adrenaline","Evaluate+1","Devotion","Sadistic Nature"],"relics":["PureWater","aspiration:Nostalgia","Replay:M_StaffOfTheSnake","StuffTheSpire:PointBlank","Sling","Lantern","infinitespire:Satchel","VioletLotus","Snack Pack","StuffTheSpire:Nightcore","Strawberry","Coffee Dripper","Replay:Bottled Eggs","Blue Doll","PreservedInsect","Red Mask","Akabeko","hubris:Icosahedron"],"acts_visited":["Exordium","TheCity","TheBeyond"],"potions_floor_usage":[],"damage_taken":[{"damage":0.0,"enemies":"Small Slimes","floor":1.0,"turns":2.0},{"damage":0.0,"enemies":"2 Louse","floor":4.0,"turns":3.0},{"damage":0.0,"enemies":"conspire:RoseBush","floor":5.0,"turns":2.0},{"damage":6.0,"enemies":"Replay:BlueRogue","floor":10.0,"turns":4.0},{"damage":0.0,"enemies":"Blue Slaver","floor":11.0,"turns":3.0},{"damage":0.0,"enemies":"Gremlin Nob","floor":14.0,"turns":2.0},{"damage":16.0,"enemies":"The Guardian","floor":16.0,"turns":12.0},{"damage":7.0,"enemies":"conspire:FuzzyDice","floor":18.0,"turns":6.0},{"damage":0.0,"enemies":"Shell Parasite","floor":19.0,"turns":3.0},{"damage":14.0,"enemies":"Snake Plant","floor":21.0,"turns":4.0},{"damage":0.0,"enemies":"3 Cultists","floor":22.0,"turns":5.0},{"damage":0.0,"enemies":"Gremlin Leader","floor":23.0,"turns":4.0},{"damage":17.0,"enemies":"Sentry and Sphere","floor":24.0,"turns":4.0},{"damage":13.0,"enemies":"Shelled Parasite and Fungi","floor":27.0,"turns":4.0},{"damage":0.0,"enemies":"conspire:Head Lice","floor":30.0,"turns":4.0},{"damage":20.0,"enemies":"hubris:MusketHawk","floor":33.0,"turns":4.0},{"damage":11.0,"enemies":"Orb Walker","floor":35.0,"turns":3.0},{"damage":0.0,"enemies":"3 Shapes","floor":37.0,"turns":3.0},{"damage":0.0,"enemies":"Writhing Mass","floor":39.0,"turns":2.0},{"damage":26.0,"enemies":"Reptomancer","floor":41.0,"turns":5.0},{"damage":5.0,"enemies":"Sphere and 2 Shapes","floor":42.0,"turns":4.0},{"damage":1.0,"enemies":"Jaw Worm Horde","floor":45.0,"turns":3.0},{"damage":0.0,"enemies":"R_Hoarder","floor":47.0,"turns":3.0},{"damage":65,"enemies":"Awakened One","floor":50,"turns":5}],"seed_played":"-2798992171230424397","potions_obtained":[{"floor":1.0,"key":"Reflective Coating"},{"floor":11.0,"key":"StancePotion"},{"floor":18.0,"key":"Languid Potion"},{"floor":24.0,"key":"Strength Potion"},{"floor":27.0,"key":"DistilledChaos"},{"floor":30.0,"key":"Energy Potion"},{"floor":41.0,"key":"EssenceOfSteel"}],"is_trial":false,"path_per_floor":["M","?","?","M","M","R","?","R","T","E","M","$","$","E","R","B",null,"M","M","?","M","M","E","M","R","T","M","R","?","E","?","R","B",null,"M","T","M","?","M","R","E","M","T","R","M","?","E","?","R","B"],"character_chosen":"WATCHER","items_purchased":["Sling","Lantern"],"campfire_rested":0,"item_purchase_floors":[12,12],"current_hp_per_floor":[72,65,65,65,65,65,65,65,65,59,59,34,34,34,34,18,72,65,65,65,51,51,51,42,42,42,33,33,40,53,53,53,37,79,68,68,70,70,74,74,52,53,53,53,54,54,60,60,60,0,0],"gold":25,"neow_bonus":"NOSTALGIA","is_daily":false,"chose_seed":false,"campfire_upgraded":7,"win_rate":0.0,"timestamp":1610726909,"path_taken":["M","?","?","M","M","R","?","R","T","E","M","?","$","E","R","BOSS","M","M","?","M","M","E","M","R","T","M","R","?","E","?","R","BOSS","M","?","M","?","M","R","E","M","T","R","?","?","E","?","R","BOSS"],"items_purchased_type":["Relic","Relic"],"build_version":"2020-12-22","purchased_purges":2,"victory":false,"max_hp_per_floor":[72,72,72,72,72,72,72,72,72,72,72,72,72,72,72,72,72,72,72,72,72,72,72,72,72,72,72,72,72,79,79,79,79,79,79,79,79,79,79,79,79,79,79,79,79,79,79,79,79,79,79],"card_choices":[{"not_picked":["Replay:BluntJabs","Adaptation"],"picked":"FlurryOfBlows","floor":1.0},{"not_picked":["PathToVictory","Replay:Battleflow","FollowUp"],"picked":"SKIP","floor":4.0},{"not_picked":["Crescendo","ReachHeaven","Consecrate"],"picked":"SKIP","floor":5.0},{"not_picked":["SignatureMove","Replay:BluntJabs"],"picked":"EmptyBody","floor":10.0},{"not_picked":["Replay:AtTheReady","Collect","Outmaneuver"],"picked":"SKIP","floor":11.0},{"not_picked":["FearNoEvil","CutThroughFate","Study"],"picked":"SKIP","floor":14.0},{"not_picked":["Doppelganger","Replay:LoomingThreat"],"picked":"Adrenaline","floor":16.0},{"not_picked":["Halt","Wireheading"],"picked":"PathToVictory","floor":18.0},{"not_picked":["Replay:Anticipation","EmptyBody","CrushJoints+1"],"picked":"SKIP","floor":19.0},{"not_picked":["EmptyBody","BowlingBash"],"picked":"FlurryOfBlows","floor":21.0},{"not_picked":["Replay:BluntJabs","BattleHymn","CrushJoints"],"picked":"SKIP","floor":22.0},{"not_picked":["ThirdEye","Replay:BluntJabs"],"picked":"PathToVictory","floor":23.0},{"not_picked":["Swivel","BattleHymn+1","CrushJoints+1"],"picked":"SKIP","floor":24.0},{"not_picked":["Swivel+1","Replay:Battleflow","DeceiveReality"],"picked":"SKIP","floor":27.0},{"not_picked":["Replay:Vibes+1","Crescendo"],"picked":"PathToVictory","floor":30.0},{"not_picked":["DeusExMachina","Brilliance"],"picked":"DevaForm","floor":33.0},{"not_picked":["Meditate","CrushJoints"],"picked":"Protect+1","floor":35.0},{"not_picked":["Prostrate+1","WindmillStrike+1"],"picked":"PathToVictory","floor":37.0},{"not_picked":["FlurryOfBlows+1","EmptyBody+1"],"picked":"PathToVictory","floor":39.0},{"not_picked":["Consecrate","SignatureMove"],"picked":"Adrenaline","floor":41.0},{"not_picked":["Replay:DivineShield","Adaptation+1","Sanctity+1"],"picked":"SKIP","floor":42.0},{"not_picked":["EmptyFist","Flying Knee+1"],"picked":"Evaluate+1","floor":45.0},{"not_picked":["CrushJoints+1","LikeWater"],"picked":"Devotion","floor":47.0},{"not_picked":["Swift Strike","The Bomb"],"picked":"Sadistic Nature","floor":49.0}],"player_experience":429786,"relics_obtained":[{"floor":10.0,"key":"StuffTheSpire:PointBlank"},{"floor":14.0,"key":"infinitespire:Satchel"},{"floor":23.0,"key":"Snack Pack"},{"floor":26.0,"key":"StuffTheSpire:Nightcore"},{"floor":30.0,"key":"Strawberry"},{"floor":36.0,"key":"Replay:Bottled Eggs"},{"floor":41.0,"key":"Blue Doll"},{"floor":43.0,"key":"PreservedInsect"},{"floor":47.0,"key":"Akabeko"}],"event_choices":[{"cards_removed":["Strike_P"],"damage_healed":0.0,"max_hp_gain":0.0,"max_hp_loss":0.0,"gold_gain":0.0,"event_name":"Golden Wing","player_choice":"Card Removal","floor":2.0,"gold_loss":0.0,"damage_taken":7.0},{"cards_removed":["Defend_P"],"damage_healed":0.0,"max_hp_gain":0.0,"max_hp_loss":0.0,"gold_gain":0.0,"event_name":"The Cleric","player_choice":"Card Removal","floor":3.0,"gold_loss":50.0,"damage_taken":0.0},{"damage_healed":0.0,"max_hp_gain":0.0,"max_hp_loss":0.0,"gold_gain":0.0,"event_name":"conspire:Investor","player_choice":"Leave","floor":7.0,"gold_loss":0.0,"damage_taken":0.0},{"damage_healed":0.0,"max_hp_gain":0.0,"max_hp_loss":0.0,"gold_gain":0.0,"event_name":"The Joust","player_choice":"Bet on Murderer","floor":31.0,"gold_loss":50.0,"damage_taken":0.0},{"damage_healed":0.0,"max_hp_gain":0.0,"max_hp_loss":0.0,"gold_gain":0.0,"event_name":"Lab","player_choice":"Got Potions","floor":38.0,"gold_loss":0.0,"damage_taken":0.0},{"damage_healed":0.0,"max_hp_gain":0.0,"max_hp_loss":0.0,"gold_gain":0.0,"event_name":"Tomb of Lord Red Mask","player_choice":"Paid","floor":46.0,"gold_loss":601.0,"damage_taken":0.0,"relics_obtained":["Red Mask"]},{"damage_healed":0.0,"max_hp_gain":0.0,"max_hp_loss":0.0,"gold_gain":0.0,"event_name":"SensoryStone","player_choice":"Memory 1","floor":49.0,"gold_loss":0.0,"damage_taken":0.0}],"is_beta":false,"boss_relics":[{"not_picked":["conspire:SeveredTorchhead","aspiration:RunicSpoon"],"picked":"VioletLotus"},{"not_picked":["hubris:GrandSneckoEye","Ring of Chaos"],"picked":"Coffee Dripper"}],"items_purged_floors":[12,13],"is_endless":false,"potions_floor_spawned":[1,11,18,24,27,30,35,41,42,45,47],"killed_by":"Awakened One","ascension_level":2}}