{"host":"p5sw8xc69y7g1l0d","time":1610692567,"event":{"mods":["2.2 Compatiblity","BaseMod","Better Third Choice","BetterRewards","Card Forge","Colored Map","Custom Start","Energized Spire","GifTheSpireLib","Halation","Minty Spire (QoL Compilation)","MostiFishMod","Permanent Neow","Quick Restart","Shop Mod","Spicy Shops","StSLib","Stuff the Spire","SuperFastMode"],"gold_per_floor":[118,0,0,17,32,66,66,92,117,133,104,120,134,150,150,222,222,235,235,252,266,280,307,307,318,318,318,233,268,56,76,76,150,150,163,178,193,207,222,251,251,286,286,286,286,44,44,59,59,59,59,59,59,90,90],"floor_reached":56,"language":"ENG","playtime":3208,"items_purged":[],"score":2565,"play_id":"8cfe07f6-c5b0-4f15-ad3c-79c965d457b0","local_time":"20210114223607","is_ascension_mode":true,"campfire_choices":[{"floor":7,"key":"RECALL"},{"floor":15,"key":"REST"},{"floor":24,"key":"DIG"},{"floor":32,"key":"DIG"},{"floor":41,"key":"DIG"},{"floor":47,"key":"DIG"},{"floor":49,"key":"DIG"},{"floor":52,"key":"DIG"}],"circlet_count":0,"master_deck":["AscendersBane","Strike_B+1","Strike_B+1","Strike_B+1","Defend_B+1","Defend_B+1","Defend_B+1","Defend_B+1","Zap+1","Dualcast+1","Enlightenment+1","Chill+1","Sweeping Beam+1","Fusion+1","Rip and Tear+1","Beam Cell+1","Rip and Tear+1","Capacitor+1","FTL+1","MostiFishMod:FrostNova+1","MostiFishMod:WinterMarkForm+1","Genetic Algorithm+1","Capacitor+1","Scrape+1","Glacier+1","Fission+1","Consume+1","Storm+1","Ball Lightning+1","Loop+1","Rainbow+1","Defragment+1","Cold Snap+1","StuffTheSpire:NuclearReactor+1","Barrage+1","MostiFishMod:GatherIntelligence+1","MostiFishMod:Prepare+1","Stack+1","StuffTheSpire:Synthwave+1"],"relics":["Cracked Core","Hammer of Thor","Seething Fire","Anvil of the Gods","DaveBox","EGODaCapo","SynthV:TestCard","StuffTheSpire:RedRose","halation:KoshaPiece","DataDisk","Oddly Smooth Stone","betterThird:SlimedRelic","FrostBlade","Shovel","halation:PrussianBluePaint","Toy Ornithopter","StuffTheSpire:DarkSteelAnvil","halation:PeacePiece","Unceasing Top","FeatherPendant","Orichalcum","Bag of Preparation","Bag of Marbles","War Paint","halation:StarCompass","halation:BottledLove","Kunai","Cables","StuffTheSpire:ColdMirror","StuffTheSpire:Rhapsscallions","StuffTheSpire:NeowsTribute"],"acts_visited":["Exordium","TheCity","TheBeyond","TheEnding"],"potions_floor_usage":[8,16,23,55],"damage_taken":[{"damage":0,"enemies":"Jaw Worm","floor":1,"turns":4},{"damage":0,"enemies":"Small Slimes","floor":4,"turns":3},{"damage":0,"enemies":"2 Louse","floor":5,"turns":2},{"damage":0,"enemies":"3 Sentries","floor":6,"turns":6},{"damage":12,"enemies":"Gremlin Nob","floor":8,"turns":3},{"damage":0,"enemies":"Exordium Wildlife","floor":10,"turns":2},{"damage":0,"enemies":"Exordium Thugs","floor":12,"turns":4},{"damage":0,"enemies":"3 Louse","floor":13,"turns":2},{"damage":0,"enemies":"Looter","floor":14,"turns":2},{"damage":0,"enemies":"Slime Boss","floor":16,"turns":4},{"damage":0,"enemies":"2 Thieves","floor":18,"turns":3},{"damage":0,"enemies":"Spheric Guardian","floor":20,"turns":3},{"damage":0,"enemies":"Snecko","floor":21,"turns":3},{"damage":0,"enemies":"Snake Plant","floor":22,"turns":3},{"damage":0,"enemies":"Gremlin Leader","floor":23,"turns":5},{"damage":0,"enemies":"Sentry and Sphere","floor":25,"turns":4},{"damage":11,"enemies":"Slavers","floor":29,"turns":6},{"damage":0,"enemies":"Centurion and Healer","floor":31,"turns":5},{"damage":0,"enemies":"Automaton","floor":33,"turns":5},{"damage":0,"enemies":"Orb Walker","floor":35,"turns":1},{"damage":0,"enemies":"3 Shapes","floor":36,"turns":2},{"damage":0,"enemies":"Maw","floor":37,"turns":2},{"damage":7,"enemies":"Sphere and 2 Shapes","floor":38,"turns":4},{"damage":0,"enemies":"Jaw Worm Horde","floor":39,"turns":2},{"damage":0,"enemies":"Reptomancer","floor":40,"turns":2},{"damage":0,"enemies":"Nemesis","floor":42,"turns":4},{"damage":0,"enemies":"Transient","floor":48,"turns":5},{"damage":0,"enemies":"Awakened One","floor":50,"turns":10},{"damage":0,"enemies":"Shield and Spear","floor":54,"turns":4},{"damage":3,"enemies":"The Heart","floor":55,"turns":5}],"seed_played":"6335723247516091674","potions_obtained":[{"floor":1,"key":"Ancient Potion"},{"floor":6,"key":"Fruit Juice"},{"floor":12,"key":"ColorlessPotion"},{"floor":18,"key":"CultistPotion"},{"floor":25,"key":"Energy Potion"},{"floor":29,"key":"EssenceOfDarkness"}],"is_trial":false,"path_per_floor":["M","?","?","M","M","E","R","E","T","M","?","M","M","M","R","B",null,"M","?","M","M","M","E","R","M","T","?","?","E","$","M","R","B",null,"M","M","M","M","M","E","R","E","T","?","?","$","R","M","R","B",null,"R","$","E","B",null],"character_chosen":"DEFECT","items_purchased":["Ball Lightning","Loop","halation:PeacePiece","Kunai"],"campfire_rested":1,"item_purchase_floors":[30,30,30,46],"current_hp_per_floor":[71,77,77,77,77,77,77,70,70,70,59,59,59,59,85,85,88,88,88,88,88,88,88,88,88,88,88,88,77,77,77,77,77,86,86,86,86,79,79,79,79,79,79,79,79,79,79,79,79,79,87,88,88,88,87],"gold":90,"neow_bonus":"TEN_PERCENT_HP_BONUS","is_daily":false,"chose_seed":false,"campfire_upgraded":0,"win_rate":0.0,"timestamp":1610692567,"path_taken":["M","?","?","M","M","E","R","E","T","M","?","M","M","M","R","BOSS","M","?","M","M","?","E","R","M","T","?","?","E","$","M","R","BOSS","M","M","M","M","M","E","R","E","T","?","?","$","R","M","R","BOSS","R","$","E","BOSS"],"items_purchased_type":["Card","Card","Relic","Relic"],"build_version":"2020-12-22","purchased_purges":0,"victory":true,"max_hp_per_floor":[78,84,84,84,84,84,84,89,89,89,89,89,89,89,89,89,89,89,89,89,89,89,89,89,89,89,89,89,89,89,89,89,89,89,89,89,89,89,89,89,89,89,89,89,89,89,89,89,89,89,89,90,90,90,90],"card_choices":[{"not_picked":["Undo","Auto Shields","StuffTheSpire:LoadUp"],"picked":"SKIP","floor":1},{"not_picked":["StuffTheSpire:ShieldGenerator","Go for the Eyes","Blizzard","Stack"],"picked":"Chill","floor":4},{"not_picked":["Turbo","Skim","Hologram","MostiFishMod:FluxCapactior"],"picked":"Sweeping Beam","floor":5},{"not_picked":["BootSequence","Darkness","Seek","Barrage"],"picked":"Fusion","floor":6},{"not_picked":["StuffTheSpire:LaunchingStrike","Hologram","Turbo","Consume"],"picked":"Rip and Tear","floor":8},{"not_picked":["StuffTheSpire:LoadUp","Steam","Chaos","Redo"],"picked":"Beam Cell","floor":10},{"not_picked":["Redo","MostiFishMod:FluxCapactior","Turbo","StuffTheSpire:LoadUp"],"picked":"Rip and Tear","floor":12},{"not_picked":["Redo","Steam","MostiFishMod:FluxCapactior","Blizzard"],"picked":"Capacitor","floor":13},{"not_picked":["Go for the Eyes","Barrage","Scrape","MostiFishMod:Impulse"],"picked":"FTL","floor":14},{"not_picked":["MostiFishMod:ActiveDefenseSystem","MostiFishMod:StarOceanB","All For One","Seek"],"picked":"MostiFishMod:InterfaceCompatibility","floor":16},{"not_picked":["Go for the Eyes","Leap","Streamline","Stack"],"picked":"Genetic Algorithm+1","floor":18},{"not_picked":["Sweeping Beam","MostiFishMod:PushDownKick","FTL","Capacitor"],"picked":"Scrape","floor":20},{"not_picked":["Capacitor","Redo","Steam Power","MostiFishMod:PushDownKick","MostiFishMod:ReprogramOld"],"picked":"SKIP","floor":21},{"not_picked":["StuffTheSpire:Rend","Compile Driver","MostiFishMod:PushDownKick","BootSequence"],"picked":"Glacier","floor":22},{"not_picked":["StuffTheSpire:Synthwave","Chaos","Self Repair","Beam Cell"],"picked":"Fission","floor":23},{"not_picked":["MostiFishMod:PushDownKick","Barrage","Sweeping Beam","StuffTheSpire:Plugnplay"],"picked":"Consume","floor":25},{"not_picked":["StuffTheSpire:CleanHardDrive","All For One","Beam Cell","Blizzard"],"picked":"Storm","floor":29},{"not_picked":["Leap+1","Rebound","Steam","StuffTheSpire:ShieldGenerator+1","Skim"],"picked":"SKIP","floor":31},{"not_picked":["Multi-Cast","MostiFishMod:StarOceanB","Amplify","MostiFishMod:Hijack"],"picked":"Rainbow","floor":33},{"not_picked":["Rip and Tear","Hello World","Hologram","StuffTheSpire:Synthwave"],"picked":"Defragment","floor":35},{"not_picked":["Rip and Tear","Leap+1","Go for the Eyes","Reprogram"],"picked":"Cold Snap","floor":36},{"not_picked":["Cold Snap","Sweeping Beam","Redo","Steam"],"picked":"StuffTheSpire:NuclearReactor","floor":37},{"not_picked":["Compile Driver","StuffTheSpire:ShieldGenerator","Force Field","Reinforced Body","Reprogram"],"picked":"SKIP","floor":38},{"not_picked":["Leap","Ball Lightning+1","Compile Driver","Steam"],"picked":"Barrage+1","floor":39},{"not_picked":["Tempest+1","Chaos","Coolheaded","Genetic Algorithm"],"picked":"MostiFishMod:GatherIntelligence","floor":40},{"not_picked":["Hologram+1","Compile Driver+1","Rebound","Scrape"],"picked":"MostiFishMod:Prepare","floor":42},{"not_picked":["StuffTheSpire:LoadUp","Hologram+1","Conserve Battery","Compile Driver"],"picked":"Stack+1","floor":48},{"not_picked":["StuffTheSpire:Rend","Barrage","MostiFishMod:PushDownKick+1","StuffTheSpire:SnapShoot"],"picked":"StuffTheSpire:Synthwave","floor":54}],"player_experience":689030,"relics_obtained":[{"floor":1,"key":"SynthV:TestCard"},{"floor":6,"key":"halation:KoshaPiece"},{"floor":8,"key":"DataDisk"},{"floor":9,"key":"Oddly Smooth Stone"},{"floor":23,"key":"Shovel"},{"floor":24,"key":"halation:PrussianBluePaint"},{"floor":29,"key":"StuffTheSpire:DarkSteelAnvil"},{"floor":32,"key":"Unceasing Top"},{"floor":40,"key":"Orichalcum"},{"floor":41,"key":"Bag of Preparation"},{"floor":42,"key":"Bag of Marbles"},{"floor":43,"key":"War Paint"},{"floor":47,"key":"Cables"},{"floor":49,"key":"StuffTheSpire:ColdMirror"},{"floor":52,"key":"StuffTheSpire:Rhapsscallions"},{"floor":54,"key":"StuffTheSpire:NeowsTribute"}],"event_choices":[{"damage_healed":0,"gold_gain":0,"player_choice":"RENOUNCE","damage_taken":118,"max_hp_gain":0,"max_hp_loss":0,"event_name":"betterThird:BetterSerpent","floor":2,"gold_loss":118,"cards_obtained":["Enlightenment"]},{"damage_healed":0,"gold_gain":0,"player_choice":"Slimed","damage_taken":11,"max_hp_gain":0,"max_hp_loss":0,"event_name":"betterThird:BetterGoop","floor":11,"gold_loss":29},{"damage_healed":0,"gold_gain":0,"player_choice":"Copied","damage_taken":0,"max_hp_gain":0,"max_hp_loss":0,"event_name":"Duplicator","floor":19,"gold_loss":0,"cards_obtained":["Capacitor"]},{"damage_healed":0,"gold_gain":0,"player_choice":"Ignored","damage_taken":0,"max_hp_gain":0,"max_hp_loss":0,"event_name":"Ghosts","floor":27,"gold_loss":0},{"damage_healed":0,"gold_gain":0,"player_choice":"Obtained Relic","damage_taken":0,"relics_obtained":["Toy Ornithopter"],"max_hp_gain":0,"max_hp_loss":0,"event_name":"Addict","floor":28,"gold_loss":85}],"is_beta":false,"boss_relics":[{"not_picked":["TakeMeEscape","RhineCircuit"],"picked":"FrostBlade"},{"not_picked":["energizedSpire:OgreHead","FixedStarFall"],"picked":"FeatherPendant"}],"items_purged_floors":[],"is_endless":false,"potions_floor_spawned":[1,6,12,14,18,25,29,31,35,39,40,48],"ascension_level":14}}