{"host":"aj6dldabq8s02zuz","time":1610670643,"event":{"mods":["BaseMod","Block Reminder","Colored Map","Custom Start","Downfall","Hermit","Highlight Path","Hubris","Minty Spire (QoL Compilation)","Permanent Neow","Quick Restart","Relic Sorter","Replay The Spire","StSLib","The Blue Laboratory","The Jungle","TheArtist","Wandering Minibosses"],"gold_per_floor":[109,109,124,124,143,143,169,169,169,169,184,213,224,237,237,337,337,357,357,357,282,488,513,513,525,525,555,577,756,604,620,620,750,750,771,615,615,662,662,662,714,754,781,781,326,359,359,359,359,468,468,491,516,516,532,646,496,496,496,514,538,538,566,566,593,593,493,493,594,594,610,630,630,830,862,862,886,886,886,917,943,858,858,892,892,993,1043,1065,1088,933,933,951,951,951,980,980,1002,1002,1002,1002,1033,1033,1142,1242,1262,1262,1262,1262,1262,1262,1280,1155,1155,1180,1180,1180,1030,1030,1030,1180,1180,1212,920,948,948,997,997,997,1024,1024,1024,1024,1083,1102,1102,1102,1291,1291,1326,891,914,914,938,938,938,938],"floor_reached":145,"language":"ENG","playtime":8843,"items_purged":["Delirium","Languid","Writhe","Finesse+1"],"score":3004,"play_id":"72e1d368-1113-4df4-8af2-fb4a0bb30566","local_time":"20210114183043","daily_mods":["downfall:ExchangeController"],"is_ascension_mode":false,"campfire_choices":[{"data":"Demon Form","floor":6.0,"key":"SMITH"},{"data":"Apotheosis","floor":8.0,"key":"SMITH"},{"data":"Bandage Up","floor":10.0,"key":"SMITH"},{"data":"Bandage Up","floor":15,"key":"SMITH"},{"data":"Bandage Up","floor":24,"key":"SMITH"},{"data":"J.A.X.","floor":32,"key":"SMITH"},{"data":"J.A.X.","floor":40,"key":"SMITH"},{"data":"J.A.X.","floor":44,"key":"SMITH"},{"data":"J.A.X.","floor":47,"key":"SMITH"},{"data":"Heavy Blade","floor":49,"key":"SMITH"},{"data":"Whirlwind","floor":66,"key":"SMITH"},{"floor":68,"key":"REST"},{"data":"Perfected Strike","floor":76,"key":"SMITH"},{"data":"Feed","floor":78,"key":"SMITH"},{"data":"Feed","floor":83,"key":"SMITH"},{"data":"Feed","floor":85,"key":"SMITH"},{"data":"Defend_R","floor":93,"key":"SMITH"},{"floor":98,"key":"REST"},{"data":"Defend_R","floor":100,"key":"SMITH"},{"data":"Strike_R","floor":102,"key":"SMITH"},{"floor":110,"key":"REST"},{"data":"Strike_R","floor":116,"key":"SMITH"},{"data":"Strike_R","floor":119,"key":"SMITH"},{"data":"Defend_R+2","floor":127,"key":"SMITH"},{"floor":132,"key":"REST"},{"data":"Strike_R+2","floor":136,"key":"SMITH"},{"data":"Strike_R+1","floor":144,"key":"SMITH"}],"circlet_count":0,"master_deck":["Apotheosis+1","Bandage Up+1","Bandage Up+1","Bandage Up+1","J.A.X.+1","J.A.X.+1","J.A.X.+1","J.A.X.+1","Heavy Blade+1","Whirlwind+1","Perfected Strike+1","Feed+1","Feed+1","Feed+1","Defend_R+3","Defend_R+1","Defend_R+1","Defend_R+1","Defend_R+1","Strike_R+3","Strike_R+2","Strike_R+2","Strike_R+2","Strike_R+1","ReplayTheSpireMod:Strike From Hell+1","Panacea+1","Perfected Strike+1","Perfected Strike+1","Limit Break+1","Flex+1","Body Slam+1","hubris:DuctTapeCard","Regret"],"relics":["Burning Blood","Black Blood","Another Sword","Frozen Egg 2","Toxic Egg 2","Molten Egg 2","Velvet Choker","War Paint","hubris:Icosahedron","downfall:NeowBlessing_Player","Guardian:PocketSentry","Chemical X","Sozu","Gremlin Horn","Blood Vial","Simple Rune","Red Skull","Ice Cream","hubris:GlazedTorus","Vajra","hexamod:BolsterEngine","hubris:CrystalStatue","Philosopher\u0027s Stone","Singing Bowl","Mark of Pain","hubris:Towel","Pantograph","Replay:Bandana","Lee\u0027s Waffle","hubris:HollowSoul","hubris:ChampionShield","BargainBundle","Blue Candle","downfall:NeowBlessing_Player","wanderingMiniBosses:LockLocket","Frozen Eye","hubris:DuctTape","Calipers","Pet Ghost","Lee\u0027s Waffle","Tiny House","Bronze Scales","hubris:SphereOfDissonance","Replay:Wanted Poster","downfall:NeowBlessing_Player","Golden Idol","hubris:Reverence","Omamori","Magic Flower","Red Mask","Mercury Hourglass","Juzu Bracelet","Membership Card","ReplayTheSpireMod:Ninjato","Whetstone"],"acts_visited":["Exordium","TheCity","TheBeyond","Exordium","TheCity","TheBeyond","Exordium","TheCity","TheBeyond"],"potions_floor_usage":[],"damage_taken":[{"damage":14.0,"enemies":"Jaw Worm","floor":1.0,"turns":3.0},{"damage":3.0,"enemies":"Cultist","floor":3.0,"turns":1.0},{"damage":9.0,"enemies":"2 Louse","floor":5.0,"turns":3.0},{"damage":9.0,"enemies":"Lagavulin","floor":7.0,"turns":4.0},{"damage":16.0,"enemies":"Blue Slaver","floor":11.0,"turns":3.0},{"damage":31.0,"enemies":"3 Sentries","floor":12.0,"turns":4.0},{"damage":24.0,"enemies":"Large Slime","floor":13.0,"turns":5.0},{"damage":3.0,"enemies":"Gremlin Gang","floor":14.0,"turns":1.0},{"damage":83,"enemies":"Fading Forest","floor":16,"turns":11},{"damage":20,"enemies":"Spheric Guardian","floor":18,"turns":3},{"damage":70,"enemies":"3 Byrds","floor":22,"turns":5},{"damage":83,"enemies":"Book of Stabbing","floor":23,"turns":5},{"damage":3,"enemies":"Centurion and Healer","floor":25,"turns":2},{"damage":38,"enemies":"Replay:Snechameleon","floor":27,"turns":3},{"damage":33,"enemies":"Snake Plant","floor":28,"turns":3},{"damage":67,"enemies":"3 Cultists","floor":29,"turns":6},{"damage":12,"enemies":"Snecko","floor":31,"turns":2},{"damage":48,"enemies":"hubris:MusketHawk","floor":33,"turns":6},{"damage":70,"enemies":"3 Darklings","floor":35,"turns":5},{"damage":24,"enemies":"3 Shapes","floor":38,"turns":1},{"damage":80,"enemies":"Spire Growth","floor":41,"turns":5},{"damage":43,"enemies":"Writhing Mass","floor":42,"turns":3},{"damage":37,"enemies":"3 Darklings","floor":46,"turns":5},{"damage":111,"enemies":"Donu and Deca","floor":50,"turns":6},{"damage":63,"enemies":"Small Slimes","floor":52,"turns":4},{"damage":45,"enemies":"2 Louse","floor":53,"turns":4},{"damage":32,"enemies":"Cultist","floor":55,"turns":4},{"damage":89,"enemies":"Blue Slaver","floor":56,"turns":6},{"damage":131,"enemies":"Lots of Slimes","floor":60,"turns":5},{"damage":23,"enemies":"Exordium Thugs","floor":61,"turns":4},{"damage":96,"enemies":"Exordium Wildlife","floor":63,"turns":4},{"damage":61,"enemies":"Large Slime","floor":65,"turns":6},{"damage":6,"enemies":"Hexaghost","floor":69,"turns":2},{"damage":0,"enemies":"Spheric Guardian","floor":71,"turns":1},{"damage":120,"enemies":"2 Thieves","floor":72,"turns":4},{"damage":192,"enemies":"3 Cultists","floor":75,"turns":7},{"damage":77,"enemies":"Snecko","floor":77,"turns":6},{"damage":96,"enemies":"Snake Plant","floor":80,"turns":4},{"damage":43,"enemies":"Centurion and Healer","floor":84,"turns":7},{"damage":166,"enemies":"Champ","floor":86,"turns":13},{"damage":75,"enemies":"Orb Walker","floor":88,"turns":4},{"damage":121,"enemies":"3 Darklings","floor":89,"turns":6},{"damage":134,"enemies":"Maw","floor":92,"turns":11},{"damage":146,"enemies":"4 Shapes","floor":95,"turns":7},{"damage":113,"enemies":"Transient","floor":97,"turns":5},{"damage":120,"enemies":"Maw","floor":101,"turns":8},{"damage":327,"enemies":"Time Eater","floor":103,"turns":12},{"damage":22,"enemies":"2 Louse","floor":105,"turns":2},{"damage":53,"enemies":"Cultist","floor":111,"turns":6},{"damage":42,"enemies":"Small Slimes","floor":114,"turns":4},{"damage":329,"enemies":"The Guardian","floor":120,"turns":13},{"damage":98,"enemies":"3 Byrds","floor":122,"turns":7},{"damage":17,"enemies":"Spheric Guardian","floor":124,"turns":3},{"damage":259,"enemies":"Masked Bandits","floor":126,"turns":6},{"damage":419,"enemies":"3 Cultists","floor":129,"turns":9},{"damage":33,"enemies":"Centurion and Healer","floor":133,"turns":3},{"damage":179,"enemies":"Snake Plant","floor":134,"turns":7},{"damage":264,"enemies":"Automaton","floor":137,"turns":10},{"damage":300,"enemies":"3 Darklings","floor":139,"turns":8},{"damage":139,"enemies":"3 Shapes","floor":141,"turns":5},{"damage":0,"enemies":"Jaw Worm Horde","floor":145,"turns":1}],"seed_played":"-8388619671200876775","potions_obtained":[],"is_trial":true,"path_per_floor":["M","?","M","$","M","R","E","R","T","R","M","E","M","M","R","B",null,"M","?","?","$","M","E","R","M","T","E","M","M","$","M","R","B",null,"M","$","?","M","$","R","M","M","T","R","$","M","R","?","R","B",null,"M","M","?","M","M","$","PTL","PTL","M","M","T","M","?","M","R","$","R","B",null,"M","M","$","?","M","R","M","R","T","M","T","?","R","M","R","B",null,"M","M","$","?","M","R","?","M","T","M","R","?","R","M","R","B",null,"M","$","?","?","?","R","M","$","T","M","?","R","$","?","R","B",null,"M","$","M","?","?","R","?","M","T","$","R","M","M","?","R","B",null,"M","$","M","?","T","R","M"],"character_chosen":"IRONCLAD","items_purchased":["Lee\u0027s Waffle","Guardian:PocketSentry","BargainBundle","Flex+1","Blue Candle","Frozen Eye","Bronze Scales","Magic Flower","Juzu Bracelet","Membership Card","ReplayTheSpireMod:Ninjato"],"campfire_rested":4,"item_purchase_floors":[30,36,45,45,45,57,90,123,140,140,140],"current_hp_per_floor":[180,180,183,183,186,186,190,190,190,190,194,188,204,215,215,172,315,317,317,317,317,271,224,224,243,243,239,228,197,346,348,348,326,453,409,409,409,407,407,407,355,346,346,346,346,349,349,349,349,291,665,622,611,611,607,546,546,546,546,461,472,472,404,404,383,383,383,589,636,789,789,689,689,689,534,534,479,479,479,405,405,405,405,396,809,675,918,863,776,776,776,682,682,682,564,564,485,763,928,928,834,834,566,1132,1130,1130,1130,847,620,960,929,929,929,913,913,913,913,913,913,637,1244,1182,1182,1197,1197,985,985,985,622,622,622,1001,1009,871,871,871,710,1374,1121,1121,1035,1040,1043,1043,1046,1046],"gold":938,"neow_bonus":"","is_daily":false,"chose_seed":false,"campfire_upgraded":23,"win_rate":0.0,"timestamp":1610670643,"path_taken":["M","?","M","$","M","R","E","R","T","R","M","E","?","M","R","BOSS","M","?","?","$","M","E","R","M","T","E","M","M","$","M","R","BOSS","M","$","?","M","$","R","?","M","T","R","$","M","R","?","R","BOSS","M","?","?","M","M","$","PTL","PTL","?","?","T","M","?","M","R","$","R","BOSS","M","M","$","?","M","R","M","R","T","?","?","?","R","M","R","BOSS","M","M","$","?","M","R","?","M","T","M","R","?","R","M","R","BOSS","M","$","?","?","?","R","?","?","T","M","?","R","$","?","R","BOSS","M","$","M","?","?","R","?","M","T","$","R","M","M","?","R","BOSS","M","$","M","?","?","R","M"],"items_purchased_type":["Relic","Relic","Relic","Card","Relic","Relic","Relic","Relic","Relic","Relic","Relic"],"build_version":"2020-12-22","purchased_purges":4,"victory":false,"max_hp_per_floor":[180,180,183,183,186,186,190,190,190,190,194,197,207,215,215,215,315,317,317,317,317,323,323,323,325,325,327,329,339,346,348,348,353,453,455,455,455,457,457,457,459,461,461,461,461,463,463,463,463,465,665,667,669,669,671,673,673,673,673,681,683,683,685,685,687,687,687,687,689,789,789,791,791,791,796,796,798,798,798,800,800,800,800,802,809,811,918,920,922,922,922,924,924,924,926,926,928,928,928,928,930,930,932,1132,1134,1134,1134,1134,1134,1134,1136,1136,1136,1142,1142,1142,1142,1142,1142,1144,1244,1250,1250,1252,1252,1258,1258,1258,1264,1264,1264,1264,1266,1268,1268,1268,1274,1374,1376,1376,1386,1388,1388,1388,1388,1388],"card_choices":[{"not_picked":["Warcry+1","Clash+1"],"picked":"ReplayTheSpireMod:Strike From Hell+1","floor":1.0},{"not_picked":["Spot Weakness+1","Havoc+1","Intimidate+1"],"picked":"SKIP","floor":3.0},{"not_picked":["Sword Boomerang+1","ReplayTheSpireMod:LeadingStrike+1","Clothesline+1"],"picked":"SKIP","floor":5.0},{"not_picked":["Immolate+1","Armaments+1"],"picked":"Perfected Strike+1","floor":7.0},{"not_picked":["Wild Strike+1","Thunderclap+1"],"picked":"Perfected Strike+1","floor":11.0},{"not_picked":["Dual Wield+1","Shockwave+1","Heavy Blade+1"],"picked":"SKIP","floor":12.0},{"not_picked":["Sever Soul+1","Spot Weakness+1","Uppercut+1"],"picked":"Singing Bowl","floor":13.0},{"not_picked":["Spot Weakness+1","Armaments+1","Perfected Strike+1"],"picked":"Singing Bowl","floor":14.0},{"not_picked":["Immolate+1","Demon Form+1"],"picked":"Limit Break+1","floor":16},{"not_picked":["Clash+1","Clothesline+1","Havoc+1"],"picked":"Singing Bowl","floor":18},{"not_picked":["Sword Boomerang+1","Iron Wave+1","Battle Trance+1"],"picked":"Singing Bowl","floor":22},{"not_picked":["Flex+1","Power Through+1","Twin Strike+1"],"picked":"SKIP","floor":23},{"not_picked":["Burning Pact+1","Heavy Blade+1","True Grit+1"],"picked":"Singing Bowl","floor":25},{"not_picked":["Eclipse+1","Iron Wave+1","Power Through+1"],"picked":"Singing Bowl","floor":27},{"not_picked":["Body Slam+1","Massacre+1","hubris:ReadiedAction+1"],"picked":"Singing Bowl","floor":28},{"not_picked":["Replay:Undeath\u0027s Touch+1","Offering+1","Run Through+1"],"picked":"Singing Bowl","floor":29},{"not_picked":["ReplayTheSpireMod:Strike From Hell+1","Run Through+1","Fire Breathing+1"],"picked":"Singing Bowl","floor":31},{"not_picked":["Demonic Infusion+1","Demon Form+1","Feed+1"],"picked":"Singing Bowl","floor":33},{"not_picked":["Clothesline+1","Cleave+1","ReplayTheSpireMod:LeadingStrike+1"],"picked":"Singing Bowl","floor":35},{"not_picked":["Replay:Undeath\u0027s Touch+1","Clash+1","Sever Soul+1"],"picked":"Singing Bowl","floor":38},{"not_picked":["Massacre+1","Anger+1","Life Link+1"],"picked":"Singing Bowl","floor":41},{"not_picked":["Warcry+1","Headbutt+1","Feed+1"],"picked":"Singing Bowl","floor":42},{"not_picked":["Perfected Strike+1","Dual Wield+1","Havoc+1"],"picked":"Singing Bowl","floor":46},{"not_picked":["Offering+1","Replay:Many Hands+1","Feed+1"],"picked":"Singing Bowl","floor":50},{"not_picked":["Shockwave+1","Clothesline+1","ReplayTheSpireMod:Strike From Hell+1"],"picked":"Singing Bowl","floor":52},{"not_picked":["Heavy Blade+1","Wild Strike+1","Cleave+1"],"picked":"Singing Bowl","floor":53},{"not_picked":["Power Through+1","Replay:Undeath\u0027s Touch+1","Immolate+1"],"picked":"Singing Bowl","floor":55},{"not_picked":["Pommel Strike+1","Twin Strike+1","Bloodletting+1"],"picked":"Singing Bowl","floor":56},{"not_picked":["Headbutt+1","Dual Wield+1","Pommel Strike+1"],"picked":"Singing Bowl","floor":60},{"not_picked":["Body Slam+1","hubris:CleavingFinish+1","Iron Wave+1"],"picked":"Singing Bowl","floor":61},{"not_picked":["Evolve+1","Ghostly Armor+1","Disarm+1"],"picked":"Singing Bowl","floor":63},{"not_picked":["Replay:Undeath\u0027s Touch+1","Havoc+1","Reckless Charge+1"],"picked":"Singing Bowl","floor":65},{"not_picked":["Demon Form+1","Demonic Infusion+1","Offering+1"],"picked":"Singing Bowl","floor":69},{"not_picked":["Twin Strike+1","Infernal Blade+1","Flex+1"],"picked":"SKIP","floor":71},{"not_picked":["Anger+1","hubris:CleavingFinish+1","Hemokinesis+1"],"picked":"Singing Bowl","floor":72},{"not_picked":["Disarm+1","Anger+1","Shrug It Off+1"],"picked":"Singing Bowl","floor":75},{"not_picked":["Havoc+1","Clothesline+1","Clash+1"],"picked":"Singing Bowl","floor":77},{"not_picked":["Clothesline+1","Shrug It Off+1","Pommel Strike+1"],"picked":"Singing Bowl","floor":80},{"not_picked":["Clothesline+1","ReplayTheSpireMod:Muscle Training+1","Heavy Blade+1"],"picked":"Singing Bowl","floor":84},{"not_picked":["Double Tap+1","Juggernaut+1","Corruption+1"],"picked":"Singing Bowl","floor":86},{"not_picked":["Shockwave+1","Heavy Blade+1","Blood for Blood+1"],"picked":"Singing Bowl","floor":87},{"not_picked":["Sword Boomerang+1","Intimidate+1","Dropkick+1"],"picked":"Singing Bowl","floor":88},{"not_picked":["Wild Strike+1","Perfected Strike+1","Searing Blow+1"],"picked":"Singing Bowl","floor":89},{"not_picked":["Flame Barrier+1","Feel No Pain+1","Rampage+1"],"picked":"Singing Bowl","floor":92},{"not_picked":["Havoc+1","Replay:Many Hands+1","Body Slam+1"],"picked":"Singing Bowl","floor":95},{"not_picked":["Bloodletting+1","Battle Trance+1","Dark Embrace+1"],"picked":"Singing Bowl","floor":97},{"not_picked":["Pommel Strike+1","Limit Break+1","Anger+1"],"picked":"Singing Bowl","floor":101},{"not_picked":["Offering+1","hubris:StunningStrike+1","Bludgeon+1"],"picked":"Singing Bowl","floor":103},{"not_picked":["Intimidate+1","ReplayTheSpireMod:LeadingStrike+1","ReplayTheSpireMod:Corrosion Curse+1"],"picked":"Singing Bowl","floor":105},{"not_picked":["Clothesline+1","Sword Boomerang+1","Spot Weakness+1"],"picked":"Singing Bowl","floor":111},{"not_picked":["Wild Strike+1","Cleave+1","Run Through+1"],"picked":"Singing Bowl","floor":114},{"not_picked":["Barricade+1","Offering+1","Limit Break+1"],"picked":"Singing Bowl","floor":120},{"not_picked":["Sword Boomerang+1","Anger+1","Rampage+1"],"picked":"Singing Bowl","floor":122},{"not_picked":["hubris:SharpeningStone+1","Clothesline+1","hubris:ReadiedAction+1"],"picked":"Singing Bowl","floor":124},{"not_picked":["Spot Weakness+1","hubris:ReadiedAction+1","Seeing Red+1"],"picked":"Singing Bowl","floor":126},{"not_picked":["Run Through+1","True Grit+1","Limit Break+1"],"picked":"Singing Bowl","floor":129},{"not_picked":["Defy Death+1","hubris:ReadiedAction+1","ReplayTheSpireMod:Muscle Training+1"],"picked":"Singing Bowl","floor":133},{"not_picked":["Sever Soul+1","hubris:ReadiedAction+1","Twin Strike+1"],"picked":"Singing Bowl","floor":134},{"not_picked":["Demon Form+1","Bludgeon+1","Demonic Infusion+1"],"picked":"Singing Bowl","floor":137},{"not_picked":["ReplayTheSpireMod:Muscle Training+1","Perfected Strike+1","Cleave+1"],"picked":"Singing Bowl","floor":139},{"not_picked":["Run Through+1","hubris:CleavingFinish+1","Body Slam+1"],"picked":"Singing Bowl","floor":141},{"not_picked":["hubris:Ssssneak+1","ReplayUltimateDefense+1","expansioncontent:TimeRipple+1"],"picked":"Singing Bowl","floor":142}],"player_experience":17118,"relics_obtained":[{"floor":7.0,"key":"hexamod:BolsterEngine"},{"floor":9.0,"key":"hubris:CrystalStatue"},{"floor":20,"key":"Ring of Panic"},{"floor":23,"key":"War Paint"},{"floor":26,"key":"Pantograph"},{"floor":27,"key":"Replay:Bandana"},{"floor":43,"key":"hubris:ChampionShield"},{"floor":56,"key":"wanderingMiniBosses:LockLocket"},{"floor":62,"key":"hubris:DuctTape"},{"floor":79,"key":"Calipers"},{"floor":96,"key":"hubris:SphereOfDissonance"},{"floor":113,"key":"hubris:Reverence"},{"floor":126,"key":"Red Mask"},{"floor":130,"key":"Mercury Hourglass"},{"floor":143,"key":"Whetstone"}],"event_choices":[{"damage_healed":0.0,"max_hp_gain":0.0,"max_hp_loss":0.0,"gold_gain":0.0,"event_name":"Match and Keep!","player_choice":"2 cards matched","floor":2.0,"gold_loss":0.0,"damage_taken":0.0,"cards_obtained":["Panacea","Demon Form"]},{"damage_healed":0.0,"max_hp_gain":0.0,"max_hp_loss":0.0,"gold_gain":0.0,"event_name":"Match and Keep!","player_choice":"2 cards matched","floor":2.0,"gold_loss":0.0,"damage_taken":0.0,"cards_obtained":["Panacea","Demon Form"]},{"damage_healed":0,"gold_gain":0,"player_choice":"Bought 0 Potions","damage_taken":0,"max_hp_gain":0,"max_hp_loss":0,"event_name":"The Woman in Blue","floor":37,"gold_loss":0},{"damage_healed":0,"gold_gain":0,"player_choice":"2 cards matched","damage_taken":0,"max_hp_gain":0,"max_hp_loss":0,"event_name":"Match and Keep!","floor":48,"gold_loss":0,"cards_obtained":["Body Slam","Languid"]},{"damage_healed":0,"gold_gain":0,"player_choice":"Ignored","damage_taken":0,"max_hp_gain":0,"max_hp_loss":0,"event_name":"NoteForYourself","floor":54,"gold_loss":0},{"damage_healed":0,"gold_gain":250,"player_choice":"Bet on Owner","damage_taken":0,"max_hp_gain":0,"max_hp_loss":0,"event_name":"The Joust","floor":74,"gold_loss":50},{"damage_healed":0,"gold_gain":0,"player_choice":"Obtained Relic","damage_taken":0,"relics_obtained":["Pet Ghost"],"max_hp_gain":0,"max_hp_loss":0,"event_name":"Addict","floor":82,"gold_loss":85},{"damage_healed":0,"gold_gain":0,"player_choice":"Ignored","damage_taken":0,"max_hp_gain":0,"max_hp_loss":0,"event_name":"Tomb of Lord Red Mask","floor":94,"gold_loss":0},{"damage_healed":232,"gold_gain":0,"player_choice":"Writhe","damage_taken":0,"max_hp_gain":0,"max_hp_loss":0,"event_name":"Winding Halls","floor":99,"gold_loss":0,"cards_obtained":["Writhe"]},{"damage_healed":0,"gold_gain":0,"player_choice":"Leave","damage_taken":0,"max_hp_gain":0,"max_hp_loss":0,"event_name":"The Cleric","floor":107,"gold_loss":0},{"damage_healed":0,"gold_gain":0,"player_choice":"Take Damage","damage_taken":283,"relics_obtained":["Golden Idol"],"max_hp_gain":0,"max_hp_loss":0,"event_name":"Golden Idol","floor":108,"gold_loss":0},{"damage_healed":0,"gold_gain":0,"player_choice":"Entered Light","damage_taken":227,"max_hp_gain":0,"max_hp_loss":0,"event_name":"Shining Light","floor":109,"gold_loss":0,"cards_upgraded":["Strike_R","Strike_R"]},{"damage_healed":0,"gold_gain":0,"player_choice":"Box","damage_taken":0,"relics_obtained":["Omamori"],"max_hp_gain":0,"max_hp_loss":0,"event_name":"Big Fish","floor":118,"gold_loss":0,"cards_obtained":["Regret"]},{"damage_healed":0,"gold_gain":0,"player_choice":"Ignored","damage_taken":0,"max_hp_gain":0,"max_hp_loss":0,"event_name":"Vampires","floor":125,"gold_loss":0},{"damage_healed":0,"gold_gain":0,"player_choice":"Fought Bandits","damage_taken":0,"max_hp_gain":0,"max_hp_loss":0,"event_name":"Masked Bandits","floor":126,"gold_loss":0},{"damage_healed":0,"gold_gain":0,"player_choice":"Ignored","damage_taken":0,"max_hp_gain":0,"max_hp_loss":0,"event_name":"Ghosts","floor":128,"gold_loss":0},{"damage_healed":0,"gold_gain":0,"player_choice":"Memory 1","damage_taken":0,"max_hp_gain":0,"max_hp_loss":0,"event_name":"SensoryStone","floor":142,"gold_loss":0}],"is_beta":false,"boss_relics":[{"not_picked":["Calling Bell","SacredBark"],"picked":"Mark of Pain"},{"not_picked":["Snecko Heart","hubris:BlackHole"],"picked":"hubris:HollowSoul"},{"not_picked":["Replay:Bronze Core","Snecko Eye","Runic Dome"]},{"not_picked":["Ooze Armor","Replay:Fungal Core","hubris:ScarierMask"]},{"not_picked":["Replay:Bronze Core","Painkiller Herb"],"picked":"Tiny House"},{"not_picked":["Velvet Choker","Fusion Hammer"],"picked":"Replay:Wanted Poster"},{"not_picked":["Painkiller Herb","hubris:VirtuousBlindfold"],"picked":"Velvet Choker"},{"not_picked":["Fusion Hammer","Runic Dome","hubris:CrackedHourglass"]}],"items_purged_floors":[21,67,112,117],"is_endless":true,"potions_floor_spawned":[1,3,14,18,22,25,28,35,42,50,53,60,61,65,77,84,86,88,97,101,120,122,126,133,137,141],"killed_by":"Jaw Worm Horde","ascension_level":0}}