{"host":"51fyd6gkml7xavq8","time":1610748954,"event":{"mods":["BaseMod","BetterRewards","Colored Map","Energized Spire","Infinite Spire","Minty Spire (QoL Compilation)","Replay The Spire","Shop Mod","Spicy Shops","StSLib","The Blue Laboratory","[IsaacMod]????"],"gold_per_floor":[145,184,149,174,199,199,246,246,270,285,285,312,312,345,345,446,446,466,60,122,131,142,191,191,191,216,227,246,246,246,258,258,353,353,368,385,458,458,458,458,489,524,524,551,581,581,581,121,121,128],"floor_reached":51,"language":"ENG","playtime":3024,"items_purged":["Bash","Strike_R","CommonCold","Strike_R","Strike_R"],"score":1384,"play_id":"24d6b503-a6d3-461d-97d5-b10f35563bf2","local_time":"20210115191554","is_ascension_mode":true,"campfire_choices":[{"data":"EpicFetus","floor":6.0,"key":"SMITH"},{"data":"ReplayTheSpireMod:Muscle Training","floor":8.0,"key":"SMITH"},{"data":"infinitespire:SevenWalls","floor":13.0,"key":"SMITH"},{"data":"Demon Form","floor":15.0,"key":"SMITH"},{"data":"Defend_R","floor":24.0,"key":"SMITH"},{"data":"Defend_R","floor":29.0,"key":"SMITH"},{"floor":32.0,"key":"DIG"},{"data":"Limit Break","floor":40,"key":"SMITH"},{"data":"Defend_R","floor":47,"key":"SMITH"},{"floor":49,"key":"RECALL"}],"circlet_count":0,"master_deck":["Strike_R+1","Strike_R+1","Defend_R+1","Defend_R+1","Defend_R+1","EpicFetus+1","ReplayTheSpireMod:Muscle Training+1","Demon Form+1","infinitespire:SevenWalls+1","Limit Break+1"],"relics":["Burning Blood","HushsDoor","DeathBook","MerchantsRug","Vajra","Replay:Rubber Ducky","infinitespire:PuzzleCube","SalivaCoin","ReplayTheSpireMod:CursedCoin","Replay:Mystery Machine","Pen Nib","PunchingBag","energizedSpire:DecayingSkull","Philosopher\u0027s Stone","YumHeart","Pondfish Scales","Orichalcum","TheBean","energizedSpire:MagnifyingGlass","Gremlin Food","Replay:WaspNest","Singing Bowl","Another Sword","BranchBurnRelic","Blue Doll","Gremlin Horn"],"acts_visited":["Exordium","TheCity","TheBeyond"],"potions_floor_usage":[36,41,42],"damage_taken":[{"damage":6.0,"enemies":"Jaw Worm","floor":1.0,"turns":5.0},{"damage":7.0,"enemies":"2 Louse","floor":2.0,"turns":5.0},{"damage":10.0,"enemies":"Small Slimes","floor":4.0,"turns":3.0},{"damage":2.0,"enemies":"Lagavulin","floor":7.0,"turns":6.0},{"damage":0.0,"enemies":"2 Fungi Beasts","floor":10.0,"turns":3.0},{"damage":2.0,"enemies":"Exordium Thugs","floor":12.0,"turns":2.0},{"damage":4.0,"enemies":"Red Slaver","floor":14.0,"turns":3.0},{"damage":0.0,"enemies":"Slime Boss","floor":16.0,"turns":5.0},{"damage":0.0,"enemies":"Spheric Guardian","floor":18.0,"turns":3.0},{"damage":15.0,"enemies":"3 Byrds","floor":20.0,"turns":4.0},{"damage":0.0,"enemies":"Cultist and Chosen","floor":22.0,"turns":5.0},{"damage":7.0,"enemies":"Book of Stabbing","floor":23.0,"turns":5.0},{"damage":0.0,"enemies":"Snecko","floor":27.0,"turns":3.0},{"damage":4.0,"enemies":"Snake Plant","floor":28.0,"turns":3.0},{"damage":0.0,"enemies":"Chosen and Byrds","floor":31.0,"turns":3.0},{"damage":0,"enemies":"Collector","floor":33,"turns":5},{"damage":0,"enemies":"Orb Walker","floor":35,"turns":3},{"damage":5,"enemies":"3 Darklings","floor":36,"turns":4},{"damage":0,"enemies":"R_Hoarder","floor":41,"turns":4},{"damage":17,"enemies":"Maw","floor":42,"turns":5},{"damage":0,"enemies":"Writhing Mass","floor":44,"turns":4},{"damage":0,"enemies":"Reptomancer","floor":45,"turns":4},{"damage":0,"enemies":"Replay:Hell Engine","floor":50,"turns":5}],"seed_played":"4694132737225971966","potions_obtained":[{"floor":7.0,"key":"LiquidMemories"},{"floor":10.0,"key":"Energy Potion"},{"floor":14.0,"key":"blueLaboratory:EnragingPotion"},{"floor":16.0,"key":"ElixirPotion"},{"floor":22.0,"key":"blueLaboratory:RememoryPotion"},{"floor":23.0,"key":"blueLaboratory:SavagePotion"},{"floor":31.0,"key":"blueLaboratory:FrostheartPotion"},{"floor":36,"key":"blueLaboratory:ConflagurationPotion"},{"floor":41,"key":"blueLaboratory:HorrorPotion"}],"is_trial":false,"path_per_floor":["M","M","?","M","$","R","E","R","T","M","AVR","M","R","M","R","B",null,"M","$","M","$","M","E","R","?","T","M","M","R","?","M","R_BF","B",null,"M","M","?","?","?","R","E","M","T","M","E","T","R","$","R","B",null],"character_chosen":"IRONCLAD","items_purchased":["MerchantsRug","Vajra","Replay:Rubber Ducky","ReplayTheSpireMod:Muscle Training","Demon Form","infinitespire:PuzzleCube","SalivaCoin","ReplayTheSpireMod:CursedCoin","YumHeart","Bomb","Whetstone","Limit Break","Blue Doll","Gremlin Horn","EssenceOfSteel"],"campfire_rested":0,"item_purchase_floors":[0,0,0,0,0,0,0,5,19,19,19,34,48,48,48],"current_hp_per_floor":[24,23,43,39,39,39,43,43,43,49,49,53,53,55,55,61,75,80,80,71,71,77,76,76,76,76,80,80,80,80,80,80,80,76,76,76,57,57,57,57,63,76,76,78,80,80,80,80,80,80],"gold":128,"neow_bonus":"","is_daily":false,"chose_seed":false,"campfire_upgraded":8,"win_rate":0.0,"timestamp":1610748954,"path_taken":["M","M","?","M","$","R","E","R","T","M","AVR","M","R","M","R","BOSS","M","$","M","$","M","E","R","?","T","?","M","R","?","?","R_BF","BOSS","M","M","?","?","?","R","E","M","T","M","E","?","R","$","R","BOSS"],"items_purchased_type":["Relic","Relic","Relic","Card","Card","Relic","Relic","Relic","Relic","Card","Relic","Card","Relic","Relic","Potion"],"build_version":"2020-12-22","purchased_purges":5,"victory":true,"max_hp_per_floor":[80,80,80,80,80,80,80,80,80,80,80,80,80,80,80,80,80,80,80,80,80,80,80,80,80,80,80,80,80,80,80,80,80,76,76,76,76,76,76,76,76,76,76,78,80,80,80,80,80,80],"card_choices":[{"not_picked":[],"picked":"EpicFetus","floor":0.0},{"not_picked":["Inflame","Thunderclap","Perfected Strike"],"picked":"SKIP","floor":1.0},{"not_picked":["Uppercut","Shrug It Off","Replay:Undeath\u0027s Touch"],"picked":"SKIP","floor":2.0},{"not_picked":["Sword Boomerang","Warcry","Thunderclap"],"picked":"SKIP","floor":4.0},{"not_picked":["Flame Barrier","Battle Trance","Cleave"],"picked":"SKIP","floor":7.0},{"not_picked":["Offering","Spot Weakness","Flex"],"picked":"SKIP","floor":10.0},{"not_picked":["Intimidate","Headbutt","Havoc"],"picked":"SKIP","floor":12.0},{"not_picked":["Clash","Body Slam","Combust"],"picked":"SKIP","floor":14.0},{"not_picked":["Twin Strike","Power Through","Havoc"],"picked":"SKIP","floor":18.0},{"not_picked":["Feel No Pain","Shockwave","Flex"],"picked":"SKIP","floor":20.0},{"not_picked":["Intimidate+1","Rage","Wild Strike"],"picked":"SKIP","floor":22.0},{"not_picked":["Pummel","Sword Boomerang+1","Warcry+1"],"picked":"SKIP","floor":23.0},{"not_picked":["Perfected Strike","Sever Soul","infinitespire:OneForAll"],"picked":"SKIP","floor":27.0},{"not_picked":["Uppercut+1","Anger","Whirlwind"],"picked":"SKIP","floor":28.0},{"not_picked":["Headbutt+1","Pommel Strike+1","Combust"],"picked":"SKIP","floor":31.0},{"not_picked":["Run Through","Anger+1","Sever Soul+1"],"picked":"SKIP","floor":35},{"not_picked":["Warcry+1","ReplayReversal+1","Clothesline+1"],"picked":"SKIP","floor":36},{"not_picked":["Dual Wield","Cleave+1","Thunderclap+1"],"picked":"SKIP","floor":41},{"not_picked":["Perfected Strike+1","Feel No Pain+1","Thunderclap"],"picked":"SKIP","floor":42},{"not_picked":["Replay:Undeath\u0027s Touch+1","ReplayTheSpireMod:Strike From Hell","Perfected Strike"],"picked":"Singing Bowl","floor":44},{"not_picked":["Pommel Strike","Wild Strike+1","ReplayReversal"],"picked":"Singing Bowl","floor":45}],"player_experience":545313,"relics_obtained":[{"floor":7.0,"key":"Replay:Mystery Machine"},{"floor":9.0,"key":"Pen Nib"},{"floor":23.0,"key":"Pondfish Scales"},{"floor":26.0,"key":"Orichalcum"},{"floor":32.0,"key":"TheBean"},{"floor":37,"key":"Gremlin Food"},{"floor":41,"key":"Replay:WaspNest"},{"floor":43,"key":"Singing Bowl"},{"floor":45,"key":"Another Sword"},{"floor":46,"key":"Dead Branch"}],"event_choices":[{"damage_healed":20.0,"max_hp_gain":0.0,"max_hp_loss":0.0,"gold_gain":0.0,"event_name":"The Cleric","player_choice":"Healed","floor":3.0,"gold_loss":35.0,"damage_taken":0.0},{"damage_healed":0.0,"max_hp_gain":0.0,"max_hp_loss":0.0,"gold_gain":0.0,"event_name":"Ghosts","player_choice":"Ignored","floor":25.0,"gold_loss":0.0,"damage_taken":0.0},{"cards_removed":["Defend_R"],"damage_healed":0,"gold_gain":0,"player_choice":"Removed Skill","damage_taken":0,"max_hp_gain":0,"max_hp_loss":0,"event_name":"Falling","floor":38,"gold_loss":0}],"is_beta":false,"boss_relics":[{"not_picked":["Replay:Grab Bag","Runic Pyramid"],"picked":"Philosopher\u0027s Stone"},{"not_picked":[]},{"not_picked":["energizedSpire:EnergizedDie","ChampionBelt"],"picked":"energizedSpire:MagnifyingGlass"},{"not_picked":[]}],"items_purged_floors":[0,0,5,11,19],"is_endless":false,"potions_floor_spawned":[7,10,14,16,22,23,31,33,36,41],"ascension_level":7}}