{"host":"oiw60b5ins9fyx34","time":1610691409,"event":{"mods":["BaseMod","Colored Map","Colored Powertips","Minty Spire (QoL Compilation)","Permanent Neow","Quick Restart","Rare Cards Sparkle","Relic Stats","StSLib","The Cursed"],"gold_per_floor":[110,128,147,147,158,189,189,219,245,245,257,271,103,103,103,200,200,212,127,27,27,27,27,54,70,70,70,83,283,298,298,298,394,394,413,463,463,482,498,530,547,547,547],"floor_reached":42,"language":"JPN","playtime":1572,"items_purged":["Strike_B","Strike_B"],"score":481,"play_id":"8131f65a-1e72-4caa-b488-00278e62a537","local_time":"20210115151649","is_ascension_mode":true,"campfire_choices":[{"data":"Defragment","floor":7,"key":"SMITH"},{"floor":10,"key":"REST"},{"floor":15,"key":"REST"},{"floor":23,"key":"REST"},{"data":"Storm","floor":27,"key":"SMITH"},{"floor":32,"key":"REST"}],"circlet_count":0,"master_deck":["Defend_B","Defend_B","Defend_B","Zap+1","Dualcast+1","Electrodynamics","Self Repair","Doom and Gloom","Genetic Algorithm","Redo","Defragment+1","Cold Snap","Storm+1","Capacitor","Leap","Core Surge","Reboot","Static Discharge","Heatsinks","Cold Snap+1","Thunder Strike","Leap+1","Leap+1","Consume+1"],"relics":["Cracked Core","Boot","DataDisk","Toy Ornithopter","Philosopher\u0027s Stone","Art of War","Potion Belt","Shuriken","Inserter","CaptainsWheel","Strawberry"],"acts_visited":["Exordium","TheCity","TheBeyond"],"potions_floor_usage":[8,16,36,36,42,42],"damage_taken":[{"damage":1,"enemies":"Jaw Worm","floor":1,"turns":3},{"damage":10,"enemies":"Small Slimes","floor":2,"turns":2},{"damage":6,"enemies":"Cultist","floor":3,"turns":4},{"damage":20,"enemies":"Exordium Thugs","floor":5,"turns":3},{"damage":19,"enemies":"3 Sentries","floor":6,"turns":4},{"damage":26,"enemies":"Lagavulin","floor":8,"turns":6},{"damage":0,"enemies":"Large Slime","floor":11,"turns":4},{"damage":2,"enemies":"Blue Slaver","floor":12,"turns":2},{"damage":13,"enemies":"Hexaghost","floor":16,"turns":6},{"damage":40,"enemies":"3 Byrds","floor":18,"turns":4},{"damage":20,"enemies":"Slavers","floor":24,"turns":3},{"damage":11,"enemies":"Shell Parasite","floor":25,"turns":3},{"damage":13,"enemies":"Chosen and Byrds","floor":28,"turns":3},{"damage":17,"enemies":"Shelled Parasite and Fungi","floor":30,"turns":4},{"damage":29,"enemies":"Automaton","floor":33,"turns":7},{"damage":36,"enemies":"3 Shapes","floor":35,"turns":4},{"damage":12,"enemies":"2 Orb Walkers","floor":36,"turns":4},{"damage":0,"enemies":"3 Darklings","floor":38,"turns":2},{"damage":0,"enemies":"Transient","floor":39,"turns":5},{"damage":29,"enemies":"Reptomancer","floor":40,"turns":5},{"damage":0,"enemies":"Spire Growth","floor":41,"turns":4},{"damage":48,"enemies":"Nemesis","floor":42,"turns":6}],"seed_played":"-9135344921519110734","potions_obtained":[{"floor":3,"key":"LiquidMemories"},{"floor":5,"key":"SpeedPotion"},{"floor":6,"key":"DuplicationPotion"},{"floor":24,"key":"Block Potion"},{"floor":30,"key":"BlessingOfTheForge"},{"floor":33,"key":"FearPotion"},{"floor":35,"key":"ColorlessPotion"},{"floor":39,"key":"CultistPotion"},{"floor":41,"key":"Swift Potion"}],"is_trial":false,"path_per_floor":["M","M","M","?","M","E","R","E","T","R","M","M","$","?","R","B",null,"M","?","$","?","$","R","E","M","T","R","M","?","M","T","R","B",null,"M","?","?","M","M","E","M","E"],"character_chosen":"DEFECT","items_purchased":["Capacitor","Leap"],"campfire_rested":4,"item_purchase_floors":[13,13],"current_hp_per_floor":[74,64,65,58,45,33,33,14,14,36,43,41,41,26,48,47,75,42,42,42,42,42,64,44,40,40,40,27,27,17,17,39,17,75,39,44,44,51,58,43,50,12,12],"gold":547,"neow_bonus":"ONE_RANDOM_RARE_CARD","is_daily":false,"chose_seed":false,"campfire_upgraded":2,"win_rate":0.0,"timestamp":1610691409,"path_taken":["M","M","M","?","M","E","R","E","T","R","M","M","$","?","R","BOSS","M","?","$","?","$","R","E","M","T","R","M","?","?","?","R","BOSS","M","?","?","M","M","E","M","E"],"items_purchased_type":["Card","Card"],"build_version":"2020-12-22","purchased_purges":2,"victory":false,"max_hp_per_floor":[75,75,75,75,75,75,75,75,75,75,75,75,75,75,75,75,75,75,75,75,75,75,75,75,75,75,75,75,75,75,75,75,75,75,75,75,75,75,75,82,82,82,82],"relic_stats":{"Inserter":[15],"counters":[22,88],"Shuriken":[0],"Art of War":[14],"Boot":[7],"obtain_stats":[{"Potion Belt":24,"DataDisk":8,"CaptainsWheel":36,"Inserter":34,"Shuriken":31,"Strawberry":40,"Philosopher\u0027s Stone":17,"Art of War":19,"Cracked Core":0,"Boot":6,"Toy Ornithopter":9},{"Potion Belt":11,"DataDisk":6,"CaptainsWheel":17,"Inserter":15,"Shuriken":14,"Strawberry":20,"Philosopher\u0027s Stone":9,"Art of War":10,"Cracked Core":0,"Boot":5,"Toy Ornithopter":6},{"Potion Belt":41,"DataDisk":22,"CaptainsWheel":66,"Inserter":58,"Shuriken":51,"Strawberry":78,"Philosopher\u0027s Stone":34,"Art of War":38,"Cracked Core":0,"Boot":16,"Toy Ornithopter":22}],"Toy Ornithopter":25},"card_choices":[{"not_picked":["Leap","Undo"],"picked":"Self Repair","floor":1},{"not_picked":["Rebound","Go for the Eyes"],"picked":"Doom and Gloom","floor":2},{"not_picked":["Rebound","Ball Lightning"],"picked":"Genetic Algorithm","floor":3},{"not_picked":["Barrage","Gash"],"picked":"Redo","floor":5},{"not_picked":["Rebound","Chill"],"picked":"Defragment","floor":6},{"not_picked":["Recycle","Redo"],"picked":"Cold Snap","floor":8},{"not_picked":["Steam","Doom and Gloom","Sweeping Beam"],"picked":"SKIP","floor":11},{"not_picked":["Conserve Battery","Recycle"],"picked":"Storm","floor":12},{"not_picked":["All For One","Hyperbeam"],"picked":"Core Surge","floor":16},{"not_picked":["Ball Lightning","Streamline","Cold Snap"],"picked":"SKIP","floor":18},{"not_picked":["Go for the Eyes+1","Barrage","Streamline"],"picked":"SKIP","floor":24},{"not_picked":["Conserve Battery","Steam"],"picked":"Static Discharge","floor":25},{"not_picked":["Melter+1","Sunder"],"picked":"Heatsinks","floor":28},{"not_picked":["Auto Shields","Beam Cell"],"picked":"Cold Snap+1","floor":30},{"not_picked":["Meteor Strike","Amplify"],"picked":"Thunder Strike","floor":33},{"not_picked":["Reprogram","Gash+1"],"picked":"Leap+1","floor":35},{"not_picked":["Ball Lightning+1","Heatsinks+1","Turbo"],"picked":"SKIP","floor":38},{"not_picked":["FTL+1","Coolheaded+1"],"picked":"Leap+1","floor":39},{"not_picked":["Streamline+1","Seek"],"picked":"Consume+1","floor":40},{"not_picked":["Blizzard","Stack+1","Compile Driver"],"picked":"SKIP","floor":41}],"player_experience":682013,"relics_obtained":[{"floor":6,"key":"Boot"},{"floor":8,"key":"DataDisk"},{"floor":9,"key":"Toy Ornithopter"},{"floor":24,"key":"Potion Belt"},{"floor":31,"key":"Shuriken"},{"floor":36,"key":"CaptainsWheel"},{"floor":40,"key":"Strawberry"}],"event_choices":[{"cards_removed":["Strike_B"],"damage_healed":0,"gold_gain":0,"player_choice":"Card Removal","damage_taken":7,"max_hp_gain":0,"max_hp_loss":0,"event_name":"Golden Wing","floor":4,"gold_loss":0},{"damage_healed":0,"gold_gain":0,"player_choice":"Entered Light","damage_taken":15,"max_hp_gain":0,"max_hp_loss":0,"event_name":"Shining Light","floor":14,"gold_loss":0,"cards_upgraded":["Dualcast","Zap"]},{"damage_healed":0,"gold_gain":0,"player_choice":"Obtained Relic","damage_taken":0,"relics_obtained":["Art of War"],"max_hp_gain":0,"max_hp_loss":0,"event_name":"Addict","floor":19,"gold_loss":85},{"damage_healed":0,"gold_gain":0,"cards_transformed":["Strike_B","Defend_B"],"player_choice":"Became Test Subject","damage_taken":0,"max_hp_gain":0,"max_hp_loss":0,"event_name":"Drug Dealer","floor":21,"gold_loss":0,"cards_obtained":["Reboot","Conserve Battery"]},{"damage_healed":0,"gold_gain":200,"player_choice":"Gold","damage_taken":0,"max_hp_gain":0,"max_hp_loss":0,"event_name":"Wheel of Change","floor":29,"gold_loss":0},{"damage_healed":0,"gold_gain":0,"player_choice":"Fight","damage_taken":0,"max_hp_gain":0,"max_hp_loss":0,"event_name":"Mysterious Sphere","floor":36,"gold_loss":0},{"cards_removed":["Conserve Battery"],"damage_healed":0,"gold_gain":0,"player_choice":"Removed Skill","damage_taken":0,"max_hp_gain":0,"max_hp_loss":0,"event_name":"Falling","floor":37,"gold_loss":0}],"is_beta":false,"boss_relics":[{"not_picked":["Velvet Choker","SacredBark"],"picked":"Philosopher\u0027s Stone"},{"not_picked":["Black Star","Snecko Eye"],"picked":"Inserter"}],"items_purged_floors":[13,20],"is_endless":false,"potions_floor_spawned":[3,5,6,24,30,33,35,39,41],"killed_by":"Nemesis","ascension_level":1}}