{"host":"vfg9szunmpjwj08o","time":1610710449,"event":{"mods":["Act Like it!","BaseMod","Challenge The Spire","Colored Map","Colored Powertips","Conspire","Dark Map","Fox Events","Minty Spire (QoL Compilation)","Relic Stats","StSLib","Waifu the Spire"],"gold_per_floor":[111,128,128,146,45,78,89,89,134,146,146,146,146,164,164,238,238,251,251,262,47,58,88,88,88,88],"floor_reached":25,"language":"ENG","playtime":1040,"items_purged":["conspire:GhostlyStrike"],"score":460,"play_id":"9799f871-5350-4af0-b6a8-62ada3a9322b","local_time":"20210115123409","is_ascension_mode":true,"campfire_choices":[{"data":"Zap","floor":8,"key":"SMITH"},{"data":"Dualcast","floor":11,"key":"SMITH"},{"data":"Coolheaded","floor":15,"key":"SMITH"},{"data":"Hologram","floor":24,"key":"SMITH"}],"circlet_count":0,"master_deck":["AscendersBane","conspire:GhostlyStrike","conspire:GhostlyStrike","conspire:GhostlyStrike","conspire:GhostlyDefend","conspire:GhostlyDefend","conspire:GhostlyDefend","conspire:GhostlyDefend","Zap+1","Dualcast+1","Rip and Tear","Chill","Gash","Scrape","Coolheaded+1","Glacier","Compile Driver","Electrodynamics","Hologram+1","Gash","Madness","Scrape"],"relics":["Cracked Core","NeowsBlessing","Kunai","Pen Nib","Cursed Key","Juzu Bracelet"],"acts_visited":["Exordium","TheCity"],"potions_floor_usage":[6,16],"damage_taken":[{"damage":0,"enemies":"Jaw Worm","floor":1,"turns":1},{"damage":0,"enemies":"conspire:RoseBush","floor":2,"turns":1},{"damage":0,"enemies":"Small Slimes","floor":4,"turns":1},{"damage":47,"enemies":"Gremlin Nob","floor":6,"turns":4},{"damage":6,"enemies":"Looter","floor":7,"turns":4},{"damage":2,"enemies":"conspire:2 RoseBushes","floor":10,"turns":5},{"damage":0,"enemies":"Exordium Thugs","floor":14,"turns":4},{"damage":31,"enemies":"The Guardian","floor":16,"turns":11},{"damage":9,"enemies":"conspire:FuzzyDice","floor":18,"turns":5},{"damage":0,"enemies":"Chosen","floor":20,"turns":5},{"damage":2,"enemies":"conspire:HollyBat","floor":22,"turns":9},{"damage":34,"enemies":"conspire:SneckoGhost","floor":23,"turns":7},{"damage":23,"enemies":"Book of Stabbing","floor":25,"turns":2}],"seed_played":"382200510918183261","potions_obtained":[{"floor":1,"key":"EssenceOfDarkness"},{"floor":4,"key":"FairyPotion"},{"floor":6,"key":"SmokeBomb"},{"floor":7,"key":"PotionOfCapacity"}],"is_trial":false,"path_per_floor":["M","M","?","M","$","E","M","R","T","M","R","?","?","M","R","B",null,"M","?","M","$","M","E","R","E"],"character_chosen":"DEFECT","items_purchased":["Scrape","Coolheaded","Gash","Madness"],"campfire_rested":0,"item_purchase_floors":[5,5,21,21],"current_hp_per_floor":[64,64,64,64,64,17,11,11,11,9,9,26,31,31,31,22,63,54,54,54,54,52,18,18,0,0],"gold":88,"neow_bonus":"THREE_ENEMY_KILL","is_daily":false,"chose_seed":false,"campfire_upgraded":4,"win_rate":0.0,"timestamp":1610710449,"path_taken":["M","M","?","M","$","E","M","R","T","M","R","?","?","M","R","BOSS","M","?","M","$","M","E","R","E"],"items_purchased_type":["Card","Card","Card","Card"],"build_version":"2020-12-22","purchased_purges":1,"victory":false,"max_hp_per_floor":[71,71,71,71,71,71,71,71,71,71,71,71,76,76,76,76,76,76,73,73,73,73,73,73,73,73],"relic_stats":{"counters":[13,59],"Pen Nib":[8],"Juzu Bracelet":0,"Kunai":[11],"Cursed Key":0,"obtain_stats":[{"NeowsBlessing":0,"Pen Nib":9,"Juzu Bracelet":23,"Kunai":6,"Cracked Core":0,"Cursed Key":17},{"NeowsBlessing":0,"Pen Nib":5,"Juzu Bracelet":12,"Kunai":4,"Cracked Core":0,"Cursed Key":8},{"NeowsBlessing":0,"Pen Nib":11,"Juzu Bracelet":57,"Kunai":7,"Cracked Core":0,"Cursed Key":31}]},"card_choices":[{"not_picked":["Storm","Rebound"],"picked":"Rip and Tear","floor":1},{"not_picked":["Stack","Beam Cell"],"picked":"Chill","floor":2},{"not_picked":["Redo","Barrage"],"picked":"Gash","floor":4},{"not_picked":["Sweeping Beam","Barrage"],"picked":"Glacier","floor":6},{"not_picked":["Hologram","Stack"],"picked":"Compile Driver","floor":7},{"not_picked":["Ball Lightning","Beam Cell","Cold Snap"],"picked":"SKIP","floor":10},{"not_picked":["Rip and Tear","Auto Shields","Streamline"],"picked":"SKIP","floor":14},{"not_picked":["Amplify","Reboot"],"picked":"Electrodynamics","floor":16},{"not_picked":["Steam","Cold Snap"],"picked":"Hologram","floor":18},{"not_picked":["Reprogram","Rebound","Barrage"],"picked":"SKIP","floor":20},{"not_picked":["Ball Lightning","Barrage"],"picked":"Scrape","floor":22},{"not_picked":["Turbo","Steam","Darkness"],"picked":"SKIP","floor":23}],"player_experience":1064947,"relics_obtained":[{"floor":6,"key":"Kunai"},{"floor":9,"key":"Pen Nib"},{"floor":23,"key":"Juzu Bracelet"}],"event_choices":[{"damage_healed":0,"gold_gain":0,"player_choice":"Agree","damage_taken":0,"max_hp_gain":0,"max_hp_loss":0,"event_name":"conspire:LoneGhost","floor":3,"gold_loss":0},{"damage_healed":17,"gold_gain":0,"player_choice":"Healed and dodged fight","damage_taken":0,"max_hp_gain":0,"max_hp_loss":0,"event_name":"Mushrooms","floor":12,"gold_loss":0,"cards_obtained":["Parasite"]},{"damage_healed":0,"gold_gain":0,"player_choice":"Donut","damage_taken":0,"max_hp_gain":5,"max_hp_loss":0,"event_name":"Big Fish","floor":13,"gold_loss":0},{"cards_removed":["Parasite"],"damage_healed":0,"gold_gain":0,"player_choice":"Elegance","damage_taken":0,"max_hp_gain":0,"max_hp_loss":0,"event_name":"Back to Basics","floor":19,"gold_loss":0}],"is_beta":false,"boss_relics":[{"not_picked":["Velvet Choker","SlaversCollar"],"picked":"Cursed Key"}],"items_purged_floors":[21],"is_endless":false,"potions_floor_spawned":[1,4,6,7],"killed_by":"Book of Stabbing","ascension_level":19}}