{"host":"m5bsg12zcyqnofur","time":1610670363,"event":{"mods":["AchievementEnabler","BaseMod","BetterRewards","Colored Powertips","Downfall","Hermit","Highlight Path","Minty Spire (QoL Compilation)","Quick Restart","Replay The Spire","Shop Mod","StSLib","The Bug Knight"],"gold_per_floor":[115,115,127,142,156,185,185,219,245,245,245,580,580,611,611,639,639,741,741,754,774,444,459,459,494,494,520,520,520,535,550,450,466,466,561,561,581,597,597,325,325,353,380,414,414,264,89,102,137,153,153,253,253,268,288,303,103,103,136,136,152,152,184,259,291,93,109,109,107,107,126,161,178,197,37,63,74,87,118,118,153,178,189,222,222,327,327,327],"floor_reached":87,"language":"ENG","playtime":5019,"items_purged":["Pommel Strike","Iron Wave","Body Slam","Armaments","Dual Wield","ReplayReversal+1"],"score":2975,"play_id":"baaa0fa2-a3dc-428d-9051-b3732bbce300","local_time":"20210114182603","daily_mods":["SealedDeck","Heirloom","DeadlyEvents","Elite Swarm"],"is_ascension_mode":true,"campfire_choices":[{"data":"Entrench","floor":7.0,"key":"SMITH"},{"data":"Berserk","floor":13,"key":"SMITH"},{"data":"ReplayReversal","floor":15,"key":"SMITH"},{"data":"Body Slam","floor":17,"key":"SMITH"},{"data":"1","floor":26,"key":"LIFT"},{"data":"2","floor":34,"key":"LIFT"},{"data":"3","floor":51,"key":"LIFT"},{"data":"Offering","floor":60,"key":"SMITH"},{"data":"Warcry","floor":60,"key":"SMITH"},{"data":"ReplayTheSpireMod:Stacked","floor":68,"key":"SMITH"},{"data":"ReplayTheSpireMod:Stacked","floor":68,"key":"SMITH"},{"floor":85,"key":"REST"}],"circlet_count":0,"master_deck":["ReplayTheSpireMod:Stacked+1","Warcry+1","Body Slam+1","Entrench+1","Shrug It Off+1","Berserk+1","Offering+1","ReplayTheSpireMod:Stacked+1","Barricade+1","Entrench+1","Impervious+1","Impervious+1","Berserk+1","Juggernaut+1","Juggernaut+1","Juggernaut+1"],"relics":["Burning Blood","Girya","Gremlin Food","Bag of Preparation","Anchor","Old Coin","Replay:WaspNest","Replay:Wax Seal","Golden Egg","MutagenicStrength","hexamod:BolsterEngine","Centennial Puzzle","Dream Catcher","SlaversCollar","Sling","PreservedInsect","Tiny Chest","Replay:Arrowhead","Mercury Hourglass","ReplayTheSpireMod:Ninjato","Philosopher\u0027s Stone","Bird Faced Urn","Turnip","Fusion Hammer","Red Mask","Black Star"],"acts_visited":["Exordium","TheCity","TheBeyond","Exordium","TheCity","TheBeyond"],"potions_floor_usage":[],"damage_taken":[{"damage":0.0,"enemies":"Cultist","floor":1.0,"turns":4.0},{"damage":9.0,"enemies":"2 Louse","floor":3.0,"turns":3.0},{"damage":5.0,"enemies":"Small Slimes","floor":4.0,"turns":4.0},{"damage":0.0,"enemies":"Exordium Wildlife","floor":5.0,"turns":5.0},{"damage":0.0,"enemies":"Lagavulin","floor":6.0,"turns":4.0},{"damage":19,"enemies":"3 Sentries","floor":8,"turns":8},{"damage":0,"enemies":"Gremlin Nob","floor":12,"turns":2},{"damage":7,"enemies":"3 Sentries","floor":14,"turns":8},{"damage":0,"enemies":"Gremlin Nob","floor":16,"turns":2},{"damage":0,"enemies":"Fading Forest","floor":18,"turns":5},{"damage":6,"enemies":"Chosen","floor":20,"turns":3},{"damage":6,"enemies":"Snake Plant","floor":21,"turns":1},{"damage":6,"enemies":"Shelled Parasite and Fungi","floor":23,"turns":2},{"damage":0,"enemies":"Book of Stabbing","floor":25,"turns":3},{"damage":6,"enemies":"Gremlin Leader","floor":27,"turns":5},{"damage":6,"enemies":"Snecko","floor":30,"turns":2},{"damage":6,"enemies":"Centurion and Healer","floor":31,"turns":2},{"damage":6,"enemies":"Snake Plant","floor":33,"turns":2},{"damage":6,"enemies":"Collector","floor":35,"turns":3},{"damage":6,"enemies":"3 Shapes","floor":37,"turns":3},{"damage":6,"enemies":"Orb Walker","floor":38,"turns":2},{"damage":6,"enemies":"Nemesis","floor":42,"turns":3},{"damage":6,"enemies":"Giant Head","floor":43,"turns":2},{"damage":6,"enemies":"Reptomancer","floor":44,"turns":2},{"damage":6,"enemies":"Sphere and 2 Shapes","floor":48,"turns":5},{"damage":6,"enemies":"Nemesis","floor":49,"turns":3},{"damage":6,"enemies":"Writhing Mass","floor":50,"turns":3},{"damage":6,"enemies":"Time Eater","floor":52,"turns":3},{"damage":6,"enemies":"Small Slimes","floor":54,"turns":2},{"damage":0,"enemies":"Cultist","floor":55,"turns":2},{"damage":6,"enemies":"2 Louse","floor":56,"turns":2},{"damage":0,"enemies":"Lagavulin","floor":59,"turns":3},{"damage":0,"enemies":"Exordium Thugs","floor":61,"turns":4},{"damage":6,"enemies":"3 Sentries","floor":63,"turns":3},{"damage":0,"enemies":"Gremlin Nob","floor":65,"turns":1},{"damage":6,"enemies":"Exordium Wildlife","floor":67,"turns":2},{"damage":6,"enemies":"Hexaghost","floor":69,"turns":2},{"damage":6,"enemies":"3 Byrds","floor":71,"turns":4},{"damage":6,"enemies":"Gremlin Leader","floor":72,"turns":1},{"damage":6,"enemies":"Chosen","floor":73,"turns":2},{"damage":6,"enemies":"Sentry and Sphere","floor":74,"turns":2},{"damage":13,"enemies":"Slavers","floor":76,"turns":4},{"damage":19,"enemies":"Snake Plant","floor":77,"turns":3},{"damage":0,"enemies":"Cultist and Chosen","floor":78,"turns":4},{"damage":6,"enemies":"Book of Stabbing","floor":79,"turns":2},{"damage":6,"enemies":"Replay:Snechameleon","floor":81,"turns":3},{"damage":40,"enemies":"Masked Bandits","floor":82,"turns":4},{"damage":0,"enemies":"Centurion and Healer","floor":83,"turns":8},{"damage":6,"enemies":"Slavers","floor":84,"turns":7},{"damage":6,"enemies":"Champ","floor":86,"turns":3}],"seed_played":"4745372169357204666","potions_obtained":[{"floor":3.0,"key":"Elixir"},{"floor":5.0,"key":"FearPotion"},{"floor":8,"key":"sneckomod:MuddlingPotion"},{"floor":12,"key":"champ:CounterPotion"},{"floor":20,"key":"LiquidMemories"},{"floor":21,"key":"Flashbang"},{"floor":33,"key":"SpeedPotion"}],"is_trial":true,"path_per_floor":["M","$","M","M","M","E","R","E","T","PTL","PTL","E","R","E","R","E","R","B",null,"M","M","$","M","?","E","R","E","T","?","M","M","$","M","R","B",null,"M","M","?","$","?","E","E","E","T","$","$","M","E","M","R","B",null,"M","M","M","$","?","E","R","M","T","E","?","E","$","M","R","B",null,"M","E","M","M","$","E","M","M","E","$","E","?","M","E","R","B",null],"character_chosen":"IRONCLAD","items_purchased":["Golden Egg","Sling","Turnip","Juggernaut"],"campfire_rested":1,"item_purchase_floors":[22,40,66,75],"current_hp_per_floor":[80,80,77,78,80,80,80,67,67,67,67,73,73,72,72,78,78,80,80,80,80,80,80,80,80,80,80,80,80,80,80,80,80,80,80,80,80,80,80,80,80,80,80,80,80,80,80,80,80,80,80,80,80,80,80,80,80,73,79,79,80,80,80,69,79,79,80,80,80,80,80,80,80,80,80,77,71,80,80,80,80,52,68,78,80,80,80,80],"gold":327,"neow_bonus":"","is_daily":false,"chose_seed":false,"campfire_upgraded":8,"win_rate":0.0,"timestamp":1610670363,"path_taken":["M","$","?","M","?","E","R","E","T","PTL","PTL","E","R","E","R","E","R","BOSS","M","M","$","M","?","E","R","E","T","?","M","M","$","M","R","BOSS","M","M","?","$","?","E","?","E","T","?","$","M","E","M","R","BOSS","M","M","M","$","?","E","R","M","T","E","?","E","$","M","R","BOSS","M","?","?","M","$","E","M","M","E","$","E","?","?","E","R","BOSS"],"items_purchased_type":["Relic","Relic","Relic","Card"],"build_version":"2020-12-22","purchased_purges":6,"victory":false,"max_hp_per_floor":[80,80,80,80,80,80,80,80,80,80,80,80,80,80,80,80,80,80,80,80,80,80,80,80,80,80,80,80,80,80,80,80,80,80,80,80,80,80,80,80,80,80,80,80,80,80,80,80,80,80,80,80,80,80,80,80,80,80,80,80,80,80,80,80,80,80,80,80,80,80,80,80,80,80,80,80,80,80,80,80,80,80,80,80,80,80,80,80],"card_choices":[{"not_picked":["Iron Wave","Sever Soul"],"picked":"Warcry","floor":1.0},{"not_picked":["Entrench","True Grit","Cleave"],"picked":"SKIP","floor":3.0},{"not_picked":["Anger","Cleave","Perfected Strike"],"picked":"SKIP","floor":4.0},{"not_picked":["Replay:Many Hands","Shockwave"],"picked":"Shrug It Off","floor":5.0},{"not_picked":["Reaper","Juggernaut"],"picked":"Berserk","floor":6.0},{"not_picked":["Immolate","Feed","Reaper"],"picked":"SKIP","floor":8},{"not_picked":["Replay:Many Hands","Eclipse","Immolate"],"picked":"SKIP","floor":12},{"not_picked":["Corruption","Limit Break","Fiend Fire"],"picked":"SKIP","floor":14},{"not_picked":["Exhume","Demonic Infusion","Corruption"],"picked":"SKIP","floor":16},{"not_picked":["Exhume","Feed"],"picked":"Offering","floor":18},{"not_picked":["Flame Barrier+1","Twin Strike+1"],"picked":"ReplayTheSpireMod:Stacked","floor":20},{"not_picked":["Iron Wave","Thunderclap","Defy Death"],"picked":"SKIP","floor":21},{"not_picked":["True Grit","Thunderclap","Spot Weakness"],"picked":"SKIP","floor":23},{"not_picked":["Fiend Fire","Feed","Eclipse"],"picked":"SKIP","floor":25},{"not_picked":["Fiend Fire","Brutality","Replay:Many Hands"],"picked":"SKIP","floor":27},{"not_picked":["Flex","Flame Barrier","Shrug It Off"],"picked":"SKIP","floor":30},{"not_picked":["Thunderclap","Perfected Strike+1","Cleave+1"],"picked":"SKIP","floor":31},{"not_picked":["Perfected Strike","Seeing Red","Uppercut"],"picked":"SKIP","floor":33},{"not_picked":["True Grit","Warcry+1","Clash+1"],"picked":"SKIP","floor":37},{"not_picked":["ReplayTheSpireMod:Corrosion Curse","Disarm+1","Pommel Strike+1"],"picked":"SKIP","floor":38},{"not_picked":["Fiend Fire","Double Tap","Reaper"],"picked":"SKIP","floor":42},{"not_picked":["Impervious","Offering","Reaper"],"picked":"SKIP","floor":43},{"not_picked":["Bludgeon","Berserk"],"picked":"Barricade","floor":44},{"not_picked":["Searing Blow+1","Whirlwind+1"],"picked":"Entrench+1","floor":48},{"not_picked":["Juggernaut","Exhume"],"picked":"Impervious","floor":49},{"not_picked":["Warcry","Havoc","Wild Strike+1"],"picked":"SKIP","floor":50},{"not_picked":["Thunderclap","Cleave","ReplayTheSpireMod:Corrosion Curse"],"picked":"SKIP","floor":54},{"not_picked":["True Grit","Headbutt","Clothesline"],"picked":"SKIP","floor":55},{"not_picked":["Bludgeon","Life Link","Body Slam"],"picked":"SKIP","floor":56},{"not_picked":["Berserk","Exhume","Limit Break"],"picked":"SKIP","floor":59},{"not_picked":["Dual Wield","Body Slam","Burning Pact"],"picked":"SKIP","floor":61},{"not_picked":["Reaper","Replay:Many Hands"],"picked":"Impervious","floor":63},{"not_picked":["Hemogenesis","Immolate","Replay:Many Hands"],"picked":"SKIP","floor":65},{"not_picked":["Seeing Red","Thunderclap","Carnage"],"picked":"SKIP","floor":67},{"not_picked":["True Grit","Pummel","Clothesline"],"picked":"SKIP","floor":71},{"not_picked":["Reaper","Double Tap"],"picked":"Berserk","floor":72},{"not_picked":["Feel No Pain","Run Through","Spot Weakness"],"picked":"SKIP","floor":73},{"not_picked":["Combust","Havoc","Warcry"],"picked":"SKIP","floor":74},{"not_picked":["Demon Form","Demonic Infusion","Feed"],"picked":"SKIP","floor":76},{"not_picked":["Heavy Blade","Ghostly Armor","Run Through"],"picked":"SKIP","floor":77},{"not_picked":["Sentinel","Clash+1","Twin Strike"],"picked":"SKIP","floor":78},{"not_picked":["Reaper","Berserk"],"picked":"Juggernaut","floor":79},{"not_picked":["Offering","Corruption","Fiend Fire"],"picked":"SKIP","floor":81},{"not_picked":["Dual Wield","Perfected Strike","Searing Blow"],"picked":"SKIP","floor":83},{"not_picked":["Corruption","Berserk"],"picked":"Juggernaut","floor":84}],"player_experience":222079,"relics_obtained":[{"floor":6.0,"key":"Gremlin Food"},{"floor":8,"key":"Bag of Preparation"},{"floor":9,"key":"Anchor"},{"floor":12,"key":"Old Coin"},{"floor":14,"key":"Replay:WaspNest"},{"floor":16,"key":"Replay:Wax Seal"},{"floor":25,"key":"hexamod:BolsterEngine"},{"floor":27,"key":"Centennial Puzzle"},{"floor":28,"key":"Dream Catcher"},{"floor":42,"key":"PreservedInsect"},{"floor":43,"key":"Tiny Chest"},{"floor":44,"key":"Replay:Arrowhead"},{"floor":45,"key":"Mercury Hourglass"},{"floor":49,"key":"ReplayTheSpireMod:Ninjato"},{"floor":62,"key":"Bird Faced Urn"},{"floor":82,"key":"Red Mask"}],"event_choices":[{"damage_healed":0,"gold_gain":0,"player_choice":"Inject Mutagens","damage_taken":0,"relics_obtained":["MutagenicStrength"],"max_hp_gain":0,"max_hp_loss":0,"event_name":"Drug Dealer","floor":24,"gold_loss":0},{"damage_healed":0,"gold_gain":0,"player_choice":"Ignored","damage_taken":0,"max_hp_gain":0,"max_hp_loss":0,"event_name":"Tomb of Lord Red Mask","floor":39,"gold_loss":0},{"damage_healed":0,"gold_gain":0,"player_choice":"Full Heal","damage_taken":0,"max_hp_gain":0,"max_hp_loss":0,"event_name":"Wheel of Change","floor":41,"gold_loss":0},{"cards_removed":["Warcry"],"damage_healed":0,"gold_gain":0,"player_choice":"Card Removal","damage_taken":7,"max_hp_gain":0,"max_hp_loss":0,"event_name":"Golden Wing","floor":58,"gold_loss":0},{"damage_healed":0,"gold_gain":75,"player_choice":"Gather Gold","damage_taken":11,"max_hp_gain":0,"max_hp_loss":0,"event_name":"World of Goop","floor":64,"gold_loss":0},{"damage_healed":0,"gold_gain":0,"player_choice":"Fought Bandits","damage_taken":0,"max_hp_gain":0,"max_hp_loss":0,"event_name":"Masked Bandits","floor":82,"gold_loss":0}],"is_beta":false,"boss_relics":[{"not_picked":["Cursed Key","Sozu","Snecko Heart"]},{"not_picked":["Electric Blood","Replay:Drink Me"],"picked":"SlaversCollar"},{"not_picked":["Ooze Armor","Kintsugi"],"picked":"Philosopher\u0027s Stone"},{"not_picked":["Kintsugi","Sozu"],"picked":"Fusion Hammer"},{"not_picked":["Replay:Ancient Bell","Snecko Eye"],"picked":"Black Star"}],"items_purged_floors":[22,32,40,46,47,57],"is_endless":true,"potions_floor_spawned":[3,5,8,12,18,20,21,30,33,42,44,48,49,54,59,67,73,77,81,83,86],"ascension_level":3}}