{"host":"h1qktzcccqnez8tx","time":1610755106,"event":{"mods":["BaseMod","Block Reminder","Colored Map","Colored Powertips","Curses Come First","Downfall","Highlight Path","Jorbs\u0027s Wanderer Trilogy","Minty Spire (QoL Compilation)","Permanent Neow","Quick Restart","Relic Stats","Replay The Spire","Say the Spire","StSLib","The Cursed","The Disciple","The Hierophant","The Necromancer","The Servant 0.9.4"],"gold_per_floor":[119,136,65,79,96,96,96,96],"floor_reached":7,"language":"ENG","playtime":354,"items_purged":[],"score":43,"play_id":"7a1d8110-1845-42f6-b157-8cf9e2c1c785","local_time":"20210116005826","is_ascension_mode":false,"campfire_choices":[{"data":"TimeWarp","floor":6,"key":"SMITH"}],"circlet_count":0,"master_deck":["Strike_S","Strike_S","Strike_S","Strike_S","Defend_S","Defend_S","Defend_S","Defend_S","KidneyShot","Exchange","TheCursedMod:Dregs","Ricochet","Revamp","RealityMarble","TimeWarp+1","Sabotage"],"relics":["Uniform","PocketWatch"],"acts_visited":["Exordium"],"potions_floor_usage":[],"damage_taken":[{"damage":0,"enemies":"Cultist","floor":1,"turns":5},{"damage":3,"enemies":"Jaw Worm","floor":2,"turns":5},{"damage":5,"enemies":"Small Slimes","floor":4,"turns":4},{"damage":12,"enemies":"Blue Slaver","floor":5,"turns":4},{"damage":47,"enemies":"Lagavulin","floor":7,"turns":6}],"seed_played":"-4478573529622863856","potions_obtained":[{"floor":2,"key":"champ:CounterPotion"},{"floor":5,"key":"LiquidBronze"}],"is_trial":false,"path_per_floor":["M","M","$","M","M","R","E"],"character_chosen":"THE_SERVANT","items_purchased":["RealityMarble"],"campfire_rested":0,"item_purchase_floors":[3],"current_hp_per_floor":[65,62,62,57,45,45,0,0],"gold":96,"neow_bonus":"ONE_RARE_RELIC","is_daily":false,"chose_seed":false,"campfire_upgraded":1,"win_rate":0.0,"timestamp":1610755106,"path_taken":["M","M","$","M","M","R","E"],"items_purchased_type":["Card"],"build_version":"2020-12-22","purchased_purges":0,"victory":false,"max_hp_per_floor":[65,65,65,65,65,65,65,65],"relic_stats":{"counters":[5,24],"obtain_stats":[{"Uniform":0,"PocketWatch":0},{"Uniform":0,"PocketWatch":0},{"Uniform":0,"PocketWatch":0}]},"card_choices":[{"not_picked":["Shuttle","Barrier"],"picked":"Ricochet","floor":1},{"not_picked":["Advance","Defy"],"picked":"Revamp","floor":2},{"not_picked":["Comet","ShatteredReality"],"picked":"TimeWarp","floor":4},{"not_picked":["Barrier","ReturningBlade"],"picked":"Sabotage","floor":5}],"player_experience":97815,"relics_obtained":[],"event_choices":[],"is_beta":false,"boss_relics":[],"items_purged_floors":[],"is_endless":false,"potions_floor_spawned":[2,5],"killed_by":"Lagavulin","ascension_level":0}}