{"host":"l84l8xigz5v5foa2","time":1610693487,"event":{"mods":["2.2 Compatiblity","AchievementEnabler","BaseMod","Better Note","Better Vampires","Card Filter","Colored Map","DeckTracker","Downfall","Gremlin Skip","Highlight Path","Keyboard Shortcuts","Minty Spire (QoL Compilation)","Permanent Neow","Quick Restart","Relic Filter","Relic Stats","StSLib","SuperFastMode","Transform Curses","Unknown Chances"],"gold_per_floor":[99,99,99,119,134,151,175,175,175,210,135,147,159,25,41,119,119,119,139,151,151,151,180,180,196,121,71,105,105,105,132,150,226,226,226,238,250,250,265,166,166,141,160,85,95,128,128,156,166,166,166,197,8,8,8],"floor_reached":56,"language":"ENG","playtime":3313,"items_purged":["Guardian:Strike_Guardian","Guardian:Defend_Guardian"],"score":2823,"play_id":"dab17c44-dd5a-44ce-b6ab-d5059992b7b4","local_time":"20210115155127","is_ascension_mode":true,"campfire_choices":[{"data":"Guardian:CurlUp","floor":1.0,"key":"SMITH"},{"data":"Guardian:Clone","floor":8.0,"key":"SMITH"},{"data":"Guardian:FloatingOrbs","floor":11.0,"key":"SMITH"},{"data":"Guardian:Suspension","floor":18.0,"key":"SMITH"},{"data":"Guardian:DecasProtection","floor":26.0,"key":"SMITH"},{"data":"Guardian:EvasiveProtocol","floor":29.0,"key":"SMITH"},{"floor":35,"key":"RECALL"},{"data":"Guardian:FuturePlans","floor":44,"key":"SMITH"},{"data":"Guardian:MultiBeam","floor":47,"key":"SMITH"},{"data":"Guardian:StasisEngine","floor":54,"key":"SMITH"}],"circlet_count":0,"master_deck":["AscendersBane","Guardian:Defend_Guardian+1","Guardian:Defend_Guardian","Guardian:Defend_Guardian","Guardian:CurlUp+1","Guardian:TwinSlam","Guardian:BronzeArmor+1","Guardian:Clone+1","Guardian:FloatingOrbs+1","Guardian:Reroute","Guardian:Suspension+1","Guardian:EvasiveProtocol+1","Guardian:DecasProtection+1","Guardian:PiercingHide","Guardian:RollAttack+1","Guardian:Orbwalk","RitualDagger","Guardian:PrismaticBeam","Slimebound:Tackle+1","Slimebound:Tackle+1","Slimebound:Tackle+1","Guardian:FuturePlans+1","Guardian:MultiBeam+1","Guardian:Recover","Guardian:BronzeOrb","Guardian:PrimingBeam","Guardian:SentryBeam","Guardian:StasisEngine+1","Guardian:Incinerate","Guardian:Gem_Blue"],"relics":["expansioncontent:StudyCardRelic","Letter Opener","Nunchaku","Singing Bowl","downfall:HeartBlessingGreen","Philosopher\u0027s Stone","Red Mask","downfall:HeartBlessingBlue","TungstenRod","CaptainsWheel","Sozu","War Paint","Membership Card","Pen Nib","downfall:HeartBlessingRed","FossilizedHelix","Lantern","Mango","Kunai"],"acts_visited":["TheCity","TheBeyond","TheEnding"],"potions_floor_usage":[55],"damage_taken":[{"damage":0.0,"enemies":"2 Louse","floor":4.0,"turns":2.0},{"damage":0.0,"enemies":"Cultist","floor":5.0,"turns":3.0},{"damage":0.0,"enemies":"Jaw Worm","floor":6.0,"turns":2.0},{"damage":7.0,"enemies":"Lagavulin","floor":10.0,"turns":5.0},{"damage":0.0,"enemies":"Blue Slaver","floor":12.0,"turns":3.0},{"damage":0.0,"enemies":"Exordium Wildlife","floor":13.0,"turns":3.0},{"damage":0.0,"enemies":"downfall:FleeingMerchant","floor":14.0,"turns":4.0},{"damage":0.0,"enemies":"3 Louse","floor":15.0,"turns":2.0},{"damage":0.0,"enemies":"downfall:Ironclad","floor":16.0,"turns":10.0},{"damage":0.0,"enemies":"3 Byrds","floor":19.0,"turns":3.0},{"damage":2.0,"enemies":"Shell Parasite","floor":20.0,"turns":4.0},{"damage":0.0,"enemies":"Shelled Parasite and Fungi","floor":22.0,"turns":1.0},{"damage":17.0,"enemies":"Masked Bandits","floor":23.0,"turns":4.0},{"damage":4.0,"enemies":"Chosen and Byrds","floor":25.0,"turns":7.0},{"damage":10.0,"enemies":"Book of Stabbing","floor":28.0,"turns":4.0},{"damage":4.0,"enemies":"Gremlin Leader","floor":31.0,"turns":4.0},{"damage":4.0,"enemies":"Centurion and Healer","floor":32.0,"turns":4.0},{"damage":15.0,"enemies":"downfall:Watcher","floor":33.0,"turns":8.0},{"damage":5,"enemies":"Orb Walker","floor":36,"turns":3},{"damage":16,"enemies":"3 Darklings","floor":37,"turns":5},{"damage":0,"enemies":"Sphere and 2 Shapes","floor":39,"turns":4},{"damage":0,"enemies":"downfall:FleeingMerchant","floor":40,"turns":4},{"damage":0,"enemies":"downfall:FleeingMerchant","floor":42,"turns":3},{"damage":28,"enemies":"Writhing Mass","floor":43,"turns":5},{"damage":15,"enemies":"Jaw Worm Horde","floor":45,"turns":4},{"damage":5,"enemies":"Nemesis","floor":46,"turns":5},{"damage":0,"enemies":"Reptomancer","floor":48,"turns":4},{"damage":0,"enemies":"Maw","floor":49,"turns":4},{"damage":0,"enemies":"downfall:Defect","floor":50,"turns":6},{"damage":0,"enemies":"downfall:CharBossMerchant","floor":52,"turns":5},{"damage":0,"enemies":"downfall:NeowBoss","floor":55,"turns":10}],"seed_played":"-744952536289227582","potions_obtained":[{"floor":3.0,"key":"Swift Potion"},{"floor":3.0,"key":"Weak Potion"},{"floor":6.0,"key":"Fruit Juice"},{"floor":13.0,"key":"SneckoOil"},{"floor":15.0,"key":"Guardian:BlockOnCardUsePotion"},{"floor":16.0,"key":"SmokeBomb"},{"floor":23.0,"key":"Guardian:DefensiveModePotion"},{"floor":28.0,"key":"DuplicationPotion"},{"floor":31.0,"key":"FearPotion"}],"is_trial":false,"path_per_floor":["R","?","?","M","M","M","T","R","?","E","R","M","M","$","M","B",null,"R","M","M","?","M","?","T","M","R","?","E","R","?","E","M","B",null,"R","M","M","?","M","$","T","$","M","R","M","E","R","E","M","B",null,"E","$","R","B",null],"character_chosen":"GUARDIAN","items_purchased":["Guardian:DecasProtection","Guardian:Gem_Yellow","Membership Card","Guardian:Gem_Red","Guardian:Gem_Green","Pen Nib","Kunai","Guardian:Incinerate","Guardian:Gem_Blue"],"campfire_rested":0,"item_purchase_floors":[14,40,42,42,42,42,53,53,53],"current_hp_per_floor":[65,30,30,30,30,35,35,35,35,28,28,28,28,28,28,28,65,65,65,63,57,57,40,40,36,46,86,78,78,78,74,70,55,81,81,78,62,62,62,62,62,64,36,36,23,18,18,18,18,18,76,92,92,92,92],"gold":8,"neow_bonus":"BOSS_RELIC","is_daily":false,"chose_seed":false,"campfire_upgraded":9,"win_rate":0.0,"timestamp":1610693487,"path_taken":["R","?","?","M","M","?","T","R","?","E","R","M","M","$","M","BOSS","R","M","M","?","M","?","T","M","R","?","E","R","?","E","M","BOSS","R","M","M","?","?","?","T","$","M","R","?","E","R","E","M","BOSS","E","$","R","BOSS"],"items_purchased_type":["Card","Card","Relic","Card","Card","Relic","Relic","Card","Card"],"build_version":"2020-12-22","purchased_purges":2,"victory":true,"max_hp_per_floor":[72,72,72,72,72,77,77,77,77,77,77,77,77,77,77,77,77,77,77,77,77,77,77,77,77,87,87,89,89,89,89,89,89,89,89,91,91,91,91,91,91,93,93,93,95,95,95,95,95,95,95,111,111,111,111],"relic_stats":{"Sozu":5,"Nunchaku":[38],"Singing Bowl":10,"counters":[31,135],"Pen Nib":[16],"Letter Opener":[327],"Kunai":[17],"War Paint":["Guardian:Defend_Guardian","Guardian:BronzeArmor"],"obtain_stats":[{"Lantern":48,"Singing Bowl":10,"downfall:HeartBlessingRed":44,"Guardian:ModeShifter":0,"downfall:HeartBlessingGreen":11,"Mango":52,"Pen Nib":42,"expansioncontent:StudyCardRelic":0,"Letter Opener":2,"War Paint":41,"Sozu":34,"Nunchaku":7,"CaptainsWheel":31,"downfall:HeartBlessingBlue":26,"Philosopher\u0027s Stone":17,"Red Mask":23,"Membership Card":42,"Kunai":53,"TungstenRod":28,"FossilizedHelix":46},{"Lantern":27,"Singing Bowl":4,"downfall:HeartBlessingRed":24,"Guardian:ModeShifter":0,"downfall:HeartBlessingGreen":4,"Mango":30,"Pen Nib":23,"expansioncontent:StudyCardRelic":0,"Letter Opener":0,"War Paint":22,"Sozu":18,"Nunchaku":3,"CaptainsWheel":16,"downfall:HeartBlessingBlue":14,"Philosopher\u0027s Stone":9,"Red Mask":13,"Membership Card":23,"Kunai":30,"TungstenRod":15,"FossilizedHelix":26},{"Lantern":110,"Singing Bowl":12,"downfall:HeartBlessingRed":97,"Guardian:ModeShifter":0,"downfall:HeartBlessingGreen":12,"Mango":125,"Pen Nib":92,"expansioncontent:StudyCardRelic":0,"Letter Opener":0,"War Paint":89,"Sozu":73,"Nunchaku":7,"CaptainsWheel":61,"downfall:HeartBlessingBlue":53,"Philosopher\u0027s Stone":34,"Red Mask":46,"Membership Card":92,"Kunai":125,"TungstenRod":57,"FossilizedHelix":106}],"TungstenRod":13},"card_choices":[{"not_picked":["Guardian:TemporalShield","Guardian:Suspension"],"picked":"Guardian:Gem_Fragmented","floor":4.0},{"not_picked":["Guardian:ShieldSpikes","Guardian:CrystalBeam"],"picked":"Guardian:BronzeArmor","floor":5.0},{"not_picked":["Guardian:TemporalStrike","Guardian:Gem_Red"],"picked":"Guardian:Clone","floor":6.0},{"not_picked":["Guardian:GuardianWhirl","Guardian:ChargeCore"],"picked":"Guardian:FloatingOrbs","floor":10.0},{"not_picked":["Guardian:PrimingBeam","Guardian:GuardianWhirl"],"picked":"Guardian:Reroute","floor":12.0},{"not_picked":["Guardian:ChargeCore","Guardian:Planning"],"picked":"Guardian:Suspension","floor":13.0},{"not_picked":["Guardian:PolyBeam","Guardian:SentryBeam"],"picked":"Guardian:EvasiveProtocol","floor":14.0},{"not_picked":["Guardian:Suspension","Guardian:FuturePlans"],"picked":"Guardian:PiercingHide","floor":15.0},{"not_picked":["Guardian:ExploitGems","Guardian:ConstructionForm"],"picked":"Guardian:Gem_Synthetic","floor":16.0},{"not_picked":["Guardian:PiercingHide","Guardian:TemporalStrike"],"picked":"Guardian:RollAttack+1","floor":19.0},{"not_picked":["Guardian:ChargeCore","Guardian:BronzeArmor"],"picked":"Guardian:Orbwalk","floor":20.0},{"not_picked":["Guardian:TemporalStrike","Guardian:Reroute"],"picked":"Guardian:PrismaticBeam","floor":23.0},{"not_picked":["Guardian:RollAttack+1","Guardian:Gem_Green"],"picked":"Guardian:Gem_Cyan","floor":25.0},{"not_picked":["Guardian:Incinerate","Guardian:SpikerProtocol","Guardian:Suspension"],"picked":"Singing Bowl","floor":28.0},{"not_picked":["Guardian:Gem_Red","Guardian:Planning"],"picked":"Guardian:Gem_Purple","floor":31.0},{"not_picked":["Guardian:ShieldCharger","Guardian:Gem_Green"],"picked":"Guardian:FuturePlans","floor":32.0},{"not_picked":["Guardian:TimeSifter","Guardian:StasisStrike"],"picked":"Guardian:Gem_Synthetic","floor":33.0},{"not_picked":["Guardian:CrystalBeam","Guardian:PrismaticBarrier","Guardian:WalkerClaw"],"picked":"Singing Bowl","floor":36},{"not_picked":["Guardian:ShieldCharger","Guardian:EvasiveProtocol+1"],"picked":"Guardian:MultiBeam","floor":37},{"not_picked":["Guardian:Reroute","Guardian:Gem_Blue"],"picked":"Guardian:Gem_Fragmented","floor":39},{"not_picked":["Guardian:WalkerClaw+1","Guardian:Gem_Purple"],"picked":"Guardian:Recover","floor":40},{"not_picked":["Guardian:Repulse+1","Guardian:RollAttack","Guardian:PiercingHide"],"picked":"Singing Bowl","floor":42},{"not_picked":["Guardian:PiercingHide","Guardian:CrystalBeam"],"picked":"Guardian:BronzeOrb","floor":43},{"not_picked":["Guardian:ShieldSpikes","Guardian:Reroute+1","Guardian:Gem_Red"],"picked":"Singing Bowl","floor":45},{"not_picked":["Guardian:Incinerate","Guardian:TemporalStrike"],"picked":"Guardian:PrimingBeam","floor":46},{"not_picked":["Guardian:Harden","Guardian:WalkerClaw"],"picked":"Guardian:SentryBeam","floor":48},{"not_picked":["Guardian:ChargeCore","Guardian:Suspension+1"],"picked":"Guardian:StasisEngine","floor":49},{"not_picked":["Guardian:TemporalStrike","Guardian:ChargeUp","Guardian:EvasiveProtocol"],"picked":"Singing Bowl","floor":52}],"player_experience":3214294,"relics_obtained":[{"floor":7.0,"key":"Nunchaku"},{"floor":10.0,"key":"Singing Bowl"},{"floor":23.0,"key":"Red Mask"},{"floor":28.0,"key":"TungstenRod"},{"floor":31.0,"key":"CaptainsWheel"},{"floor":41,"key":"War Paint"},{"floor":46,"key":"FossilizedHelix"},{"floor":48,"key":"Lantern"},{"floor":52,"key":"Mango"}],"event_choices":[{"damage_healed":0.0,"max_hp_gain":0.0,"max_hp_loss":0.0,"gold_gain":0.0,"event_name":"Scrap Ooze","player_choice":"Success","floor":2.0,"gold_loss":0.0,"damage_taken":35.0,"relics_obtained":["Letter Opener"]},{"damage_healed":0.0,"max_hp_gain":0.0,"max_hp_loss":0.0,"gold_gain":0.0,"event_name":"Lab","player_choice":"Got Potions","floor":3.0,"gold_loss":0.0,"damage_taken":0.0},{"damage_healed":0.0,"max_hp_gain":0.0,"max_hp_loss":0.0,"gold_gain":0.0,"event_name":"Masked Bandits","player_choice":"Fought Bandits","floor":23.0,"gold_loss":0.0,"damage_taken":0.0}],"is_beta":false,"boss_relics":[{"not_picked":["Runic Pyramid","Cursed Key"],"picked":"Philosopher\u0027s Stone"},{"not_picked":["Empty Cage","Astrolabe"],"picked":"Sozu"}],"items_purged_floors":[14,42],"is_endless":false,"potions_floor_spawned":[5,6,13,15,16,22,23,28,31,37,43,45,49,52],"ascension_level":20}}