{"host":"mai03x2ekbjy4059","time":1610737116,"event":{"mods":["2.2 Compatiblity","BaseMod","DeckTracker","Highlight Path","Keyboard Shortcuts","Minty Spire (QoL Compilation)","Permanent Neow","Quick Restart","SuperFastMode","everything is the same but u backflip on backflip"],"gold_per_floor":[17,37,37,37,51,85,85,111,111,111,123,142,159,185,185,280,280,300,9,29,29,128,155,174,206,260,276,276,311,335,134,134,236,236,247,274,291,26,75,105,105,133,142,142,142,142,176,211,211,211,211,211,6,45,45],"floor_reached":56,"language":"KOR","playtime":1890,"items_purged":["Defend_G","Doubt","Strike_G+1","Decay"],"score":1863,"play_id":"bdd68629-6f7b-42f2-8899-55a763362f83","local_time":"20210116035836","is_ascension_mode":true,"campfire_choices":[{"floor":7.0,"key":"REST"},{"data":"Blade Dance","floor":10.0,"key":"SMITH"},{"data":"Finisher","floor":15.0,"key":"SMITH"},{"data":"1","floor":28.0,"key":"LIFT"},{"data":"2","floor":32.0,"key":"LIFT"},{"data":"3","floor":41.0,"key":"LIFT"},{"data":"Accuracy","floor":44.0,"key":"SMITH"},{"data":"Footwork","floor":46.0,"key":"SMITH"},{"floor":49.0,"key":"RECALL"},{"data":"Footwork","floor":52.0,"key":"SMITH"}],"circlet_count":0,"master_deck":["Strike_G+1","Strike_G+1","Strike_G+1","Defend_G+1","Defend_G+1","Survivor","Neutralize","Backflip+1","Blade Dance+1","Cloak And Dagger+1","Backflip+1","Deflect+1","Finisher+1","Phantasmal Killer+1","Accuracy+1","Cloak And Dagger+1","Footwork+1","Deflect+1","Blur+1","Finesse+1","Escape Plan+1","Master of Strategy+1","Madness+1","Blind+1","Impatience+1","Footwork+1","Blade Dance+1"],"relics":["Ring of the Snake","Strawberry","Question Card","Toxic Egg 2","Gremlin Horn","Cursed Key","Nunchaku","Smiling Mask","Girya","Bag of Preparation","CeramicFish","WristBlade","Membership Card","WingedGreaves","The Specimen","Lantern","Du-Vu Doll","Bronze Scales","Mango","Boot"],"acts_visited":["Exordium","TheCity","TheBeyond","TheEnding"],"potions_floor_usage":[55,55,55],"damage_taken":[{"damage":6.0,"enemies":"Jaw Worm","floor":1.0,"turns":7.0},{"damage":0.0,"enemies":"Small Slimes","floor":2.0,"turns":3.0},{"damage":0.0,"enemies":"2 Louse","floor":5.0,"turns":4.0},{"damage":40.0,"enemies":"Lagavulin","floor":6.0,"turns":9.0},{"damage":16.0,"enemies":"3 Sentries","floor":8.0,"turns":12.0},{"damage":0.0,"enemies":"2 Fungi Beasts","floor":11.0,"turns":3.0},{"damage":0.0,"enemies":"Exordium Thugs","floor":12.0,"turns":4.0},{"damage":0.0,"enemies":"Lots of Slimes","floor":13.0,"turns":4.0},{"damage":22.0,"enemies":"Lagavulin","floor":14.0,"turns":8.0},{"damage":0.0,"enemies":"Hexaghost","floor":16.0,"turns":8.0},{"damage":0.0,"enemies":"3 Byrds","floor":18.0,"turns":2.0},{"damage":0.0,"enemies":"Chosen","floor":20.0,"turns":3.0},{"damage":0.0,"enemies":"Book of Stabbing","floor":23.0,"turns":3.0},{"damage":0.0,"enemies":"Centurion and Healer","floor":24.0,"turns":3.0},{"damage":0.0,"enemies":"Slavers","floor":25.0,"turns":2.0},{"damage":0.0,"enemies":"Shelled Parasite and Fungi","floor":27.0,"turns":4.0},{"damage":0.0,"enemies":"Gremlin Leader","floor":29.0,"turns":3.0},{"damage":0.0,"enemies":"Chosen and Byrds","floor":30.0,"turns":4.0},{"damage":0.0,"enemies":"Collector","floor":33.0,"turns":3.0},{"damage":0.0,"enemies":"3 Darklings","floor":35.0,"turns":5.0},{"damage":0.0,"enemies":"3 Shapes","floor":37.0,"turns":3.0},{"damage":0.0,"enemies":"2 Orb Walkers","floor":39.0,"turns":4.0},{"damage":0.0,"enemies":"Nemesis","floor":40.0,"turns":5.0},{"damage":0.0,"enemies":"Reptomancer","floor":42.0,"turns":4.0},{"damage":0.0,"enemies":"Nemesis","floor":47.0,"turns":3.0},{"damage":0.0,"enemies":"Reptomancer","floor":48.0,"turns":1.0},{"damage":0.0,"enemies":"Awakened One","floor":50.0,"turns":7.0},{"damage":0.0,"enemies":"Shield and Spear","floor":54.0,"turns":3.0},{"damage":40,"enemies":"The Heart","floor":55,"turns":8}],"seed_played":"-6486472276223441864","potions_obtained":[{"floor":2.0,"key":"Swift Potion"},{"floor":8.0,"key":"CunningPotion"},{"floor":12.0,"key":"CultistPotion"},{"floor":16.0,"key":"LiquidBronze"},{"floor":24.0,"key":"Dexterity Potion"},{"floor":27.0,"key":"GamblersBrew"},{"floor":35.0,"key":"Swift Potion"},{"floor":42.0,"key":"FearPotion"},{"floor":54.0,"key":"PowerPotion"}],"is_trial":false,"path_per_floor":["M","M","?","?","M","E","R","E","T","R","M","M","M","E","R","B",null,"M","$","M","?","?","E","M","E","T","M","R","E","M","$","R","B",null,"M","?","M","$","?","E","R","E","T","R","?","R","E","E","R","B",null,"R","$","E","B",null],"character_chosen":"THE_SILENT","items_purchased":["Accuracy","Nunchaku","Finesse+1","Escape Plan+1","Membership Card","Impatience+1","Footwork","Mango"],"campfire_rested":1,"item_purchase_floors":[19,19,31,31,38,38,38,53],"current_hp_per_floor":[64,64,64,50,50,17,40,24,24,24,24,24,24,2,2,2,77,77,77,77,77,77,77,77,77,77,77,77,77,77,77,77,77,77,77,67,67,67,67,67,67,67,67,67,67,67,67,67,67,67,77,77,91,91,51],"gold":45,"neow_bonus":"REMOVE_TWO","is_daily":false,"chose_seed":false,"campfire_upgraded":5,"win_rate":0.0,"timestamp":1610737116,"path_taken":["M","M","?","?","M","E","R","E","T","R","M","M","M","E","R","BOSS","M","$","M","?","?","E","M","E","T","M","R","E","M","$","R","BOSS","M","?","M","$","?","E","R","E","T","R","?","R","E","E","R","BOSS","R","$","E","BOSS"],"items_purchased_type":["Card","Relic","Card","Card","Relic","Card","Card","Relic"],"build_version":"2020-12-22","purchased_purges":4,"victory":true,"max_hp_per_floor":[70,70,70,70,70,77,77,77,77,77,77,77,77,77,77,77,77,77,77,77,77,77,77,77,77,77,77,77,77,77,77,77,77,77,77,77,77,77,77,77,77,77,77,77,77,77,77,77,77,77,77,77,91,91,91],"card_choices":[{"not_picked":["All Out Attack","Sucker Punch"],"picked":"Backflip","floor":1.0},{"not_picked":["Dagger Spray","Deadly Poison"],"picked":"Blade Dance","floor":2.0},{"not_picked":["Flying Knee","Bane","Quick Slash"],"picked":"SKIP","floor":5.0},{"not_picked":["Underhanded Strike","Glass Knife","Prepared"],"picked":"SKIP","floor":6.0},{"not_picked":["Dagger Spray","Acrobatics","Eviscerate"],"picked":"SKIP","floor":8.0},{"not_picked":["Dagger Throw","Quick Slash","Catalyst+1"],"picked":"Cloak And Dagger+1","floor":11.0},{"not_picked":["Calculated Gamble+1","Well Laid Plans","All Out Attack"],"picked":"Backflip+1","floor":12.0},{"not_picked":["Dodge and Roll+1","Deadly Poison+1","Dagger Spray"],"picked":"Deflect+1","floor":13.0},{"not_picked":["Catalyst+1","Backflip+1","Dagger Throw"],"picked":"Finisher","floor":14.0},{"not_picked":["Doppelganger+1","Bullet Time+1","Night Terror+1"],"picked":"Phantasmal Killer+1","floor":16.0},{"not_picked":["Outmaneuver+1","Flying Knee","Dodge and Roll+1","All Out Attack"],"picked":"SKIP","floor":18.0},{"not_picked":["Bouncing Flask+1","Heel Hook","Finisher","Riddle With Holes+1"],"picked":"SKIP","floor":20.0},{"not_picked":["Poisoned Stab","Backflip+1","Dash","Caltrops+1"],"picked":"SKIP","floor":23.0},{"not_picked":["Bane","Infinite Blades","Dodge and Roll+1"],"picked":"Cloak And Dagger+1","floor":24.0},{"not_picked":["Bane","Blade Dance+1","Bullet Time+1"],"picked":"Footwork","floor":25.0},{"not_picked":["Dagger Spray","Acrobatics+1","Bane+1"],"picked":"Deflect+1","floor":27.0},{"not_picked":["Crippling Poison+1","Dagger Throw","Concentrate+1","Backstab"],"picked":"SKIP","floor":29.0},{"not_picked":["Leg Sweep+1","Masterful Stab","Caltrops+1"],"picked":"Blur+1","floor":30.0},{"not_picked":["Dagger Spray+1","Skewer","Slice+1","Bane+1"],"picked":"SKIP","floor":35.0},{"not_picked":["Deep Breath+1","Secret Weapon+1","Mind Blast"],"picked":"Master of Strategy+1","floor":36.0},{"not_picked":["Apotheosis+1","Discovery+1","Mind Blast"],"picked":"Madness+1","floor":36.0},{"not_picked":["Apotheosis+1","Deep Breath+1","Madness+1"],"picked":"Blind+1","floor":36.0},{"not_picked":["Well Laid Plans","Flechettes","Dagger Spray","Masterful Stab"],"picked":"SKIP","floor":37.0},{"not_picked":["Tactician+1","All Out Attack+1","Dagger Spray+1","Poisoned Stab"],"picked":"SKIP","floor":40.0},{"not_picked":["Catalyst+1","Flying Knee","Prepared+1","Underhanded Strike"],"picked":"SKIP","floor":42.0},{"not_picked":["Flying Knee+1","Sucker Punch+1","Endless Agony","Expertise+1"],"picked":"SKIP","floor":47.0},{"not_picked":["Bouncing Flask+1","Quick Slash","Backstab+1","Glass Knife"],"picked":"SKIP","floor":48.0},{"not_picked":["Eviscerate","Footwork+1","Outmaneuver+1"],"picked":"Blade Dance+1","floor":54.0}],"player_experience":1028511,"relics_obtained":[{"floor":6.0,"key":"Strawberry"},{"floor":8.0,"key":"Question Card"},{"floor":9.0,"key":"Toxic Egg 2"},{"floor":14.0,"key":"Gremlin Horn"},{"floor":23.0,"key":"Smiling Mask"},{"floor":25.0,"key":"Girya"},{"floor":26.0,"key":"Bag of Preparation"},{"floor":29.0,"key":"CeramicFish"},{"floor":39.0,"key":"WingedGreaves"},{"floor":40.0,"key":"The Specimen"},{"floor":42.0,"key":"Lantern"},{"floor":47.0,"key":"Du-Vu Doll"},{"floor":48.0,"key":"Bronze Scales"},{"floor":54.0,"key":"Boot"}],"event_choices":[{"damage_healed":0.0,"max_hp_gain":0.0,"max_hp_loss":0.0,"gold_gain":0.0,"event_name":"Liars Game","player_choice":"Ignored","floor":3.0,"gold_loss":0.0,"damage_taken":0.0},{"damage_healed":0.0,"max_hp_gain":0.0,"max_hp_loss":0.0,"gold_gain":0.0,"event_name":"Shining Light","player_choice":"Entered Light","floor":4.0,"gold_loss":0.0,"damage_taken":14.0,"cards_upgraded":["Defend_G","Backflip"]},{"damage_healed":0.0,"max_hp_gain":0.0,"max_hp_loss":0.0,"gold_gain":0.0,"event_name":"Back to Basics","player_choice":"Simplicity","floor":21.0,"gold_loss":0.0,"damage_taken":0.0,"cards_upgraded":["Strike_G","Strike_G","Strike_G","Strike_G","Defend_G","Defend_G"]},{"damage_healed":0.0,"max_hp_gain":0.0,"max_hp_loss":0.0,"gold_gain":99.0,"event_name":"Nest","player_choice":"Stole From Cult","floor":22.0,"gold_loss":0.0,"damage_taken":0.0},{"damage_healed":0.0,"max_hp_gain":0.0,"max_hp_loss":0.0,"gold_gain":0.0,"event_name":"SensoryStone","player_choice":"Memory 3","floor":36.0,"gold_loss":0.0,"damage_taken":10.0},{"damage_healed":0.0,"max_hp_gain":0.0,"max_hp_loss":0.0,"gold_gain":0.0,"event_name":"Mysterious Sphere","player_choice":"Fight","floor":39.0,"gold_loss":0.0,"damage_taken":0.0},{"cards_removed":["Defend_G"],"damage_healed":0.0,"max_hp_gain":0.0,"max_hp_loss":0.0,"gold_gain":0.0,"event_name":"Falling","player_choice":"Removed Skill","floor":45.0,"gold_loss":0.0,"damage_taken":0.0}],"is_beta":false,"boss_relics":[{"not_picked":["Calling Bell","Velvet Choker"],"picked":"Cursed Key"},{"not_picked":["Empty Cage","Pandora\u0027s Box"],"picked":"WristBlade"}],"items_purged_floors":[19,31,38,53],"is_endless":false,"potions_floor_spawned":[2,8,12,14,16,24,27,30,33,35,39,42,54],"ascension_level":1}}