{"host":"a0d98l75j0h1o085","time":1610714657,"event":{"mods":["AlwaysNeverKeys","BaseMod","Downfall","Highlight Path","Minty Spire (QoL Compilation)","StSLib"],"gold_per_floor":[111,111,130,141,141,169,119,119,119,151,166,181,181,20,20,119,119,137,62,81,81,97,124,124,153,153,181,200,200,200,3,3,108,108,125,125,46,56,0,0,33,33,81,31,62,62,93,111,111,111],"floor_reached":51,"language":"ENG","playtime":5424,"items_purged":["Pain","LessonLearned+1"],"score":969,"play_id":"65aca50e-465e-485e-ad26-0846c8116709","local_time":"20210115124417","is_ascension_mode":true,"campfire_choices":[{"floor":15.0,"key":"REST"},{"floor":30.0,"key":"REST"},{"floor":32.0,"key":"REST"},{"floor":40,"key":"REST"},{"floor":42,"key":"REST"},{"floor":46,"key":"REST"},{"floor":49,"key":"REST"}],"circlet_count":0,"master_deck":["Strike_P+1","Strike_P+1","Eruption+1","Vigilance+1","Crescendo+1","Perseverance+1","Scrawl+1","CutThroughFate+1","MasterReality+1","ThirdEye+1","BattleHymn+1","BattleHymn+1","FearNoEvil+1","InnerPeace+1","Prostrate+1","DevaForm+1","SandsOfTime+1","Vault+1","Protect+1","Pray+1"],"relics":["Fusion Hammer","Meat on the Bone","Nunchaku","Eternal Feather","Molten Egg 2","Empty Cage","WarpedTongs","Lantern","Smiling Mask","Ornamental Fan","Bag of Preparation","Incense Burner","Oddly Smooth Stone","SacredBark","Red Mask","GoldenEye","Dream Catcher","Singing Bowl","InkBottle"],"acts_visited":["Exordium","TheCity","TheBeyond"],"potions_floor_usage":[50,50],"damage_taken":[{"damage":0.0,"enemies":"Small Slimes","floor":1.0,"turns":3.0},{"damage":0.0,"enemies":"Cultist","floor":3.0,"turns":3.0},{"damage":0.0,"enemies":"2 Louse","floor":4.0,"turns":2.0},{"damage":22.0,"enemies":"Gremlin Nob","floor":6.0,"turns":5.0},{"damage":11.0,"enemies":"3 Sentries","floor":10.0,"turns":8.0},{"damage":2.0,"enemies":"Looter","floor":11.0,"turns":2.0},{"damage":0.0,"enemies":"Red Slaver","floor":12.0,"turns":2.0},{"damage":15.0,"enemies":"The Guardian","floor":16.0,"turns":13.0},{"damage":0.0,"enemies":"3 Byrds","floor":18.0,"turns":6.0},{"damage":3.0,"enemies":"2 Thieves","floor":20.0,"turns":4.0},{"damage":6.0,"enemies":"Snecko","floor":22.0,"turns":4.0},{"damage":12.0,"enemies":"Slavers","floor":23.0,"turns":2.0},{"damage":4.0,"enemies":"Gremlin Leader","floor":25.0,"turns":6.0},{"damage":21.0,"enemies":"Slavers","floor":27.0,"turns":6.0},{"damage":1.0,"enemies":"Centurion and Healer","floor":28.0,"turns":4.0},{"damage":1.0,"enemies":"Automaton","floor":33.0,"turns":6.0},{"damage":2,"enemies":"3 Shapes","floor":35,"turns":3},{"damage":2,"enemies":"Orb Walker","floor":38,"turns":4},{"damage":0,"enemies":"Nemesis","floor":41,"turns":5},{"damage":0,"enemies":"Reptomancer","floor":45,"turns":4},{"damage":1,"enemies":"Giant Head","floor":47,"turns":4},{"damage":0,"enemies":"4 Shapes","floor":48,"turns":3},{"damage":0,"enemies":"Donu and Deca","floor":50,"turns":6}],"seed_played":"5510223155503578524","potions_obtained":[{"floor":1.0,"key":"Energy Potion"},{"floor":6.0,"key":"Fire Potion"},{"floor":11.0,"key":"DistilledChaos"},{"floor":18.0,"key":"Ambrosia"},{"floor":22.0,"key":"SpeedPotion"},{"floor":23.0,"key":"Energy Potion"},{"floor":28.0,"key":"Fruit Juice"},{"floor":33.0,"key":"StancePotion"},{"floor":41,"key":"champ:CounterPotion"},{"floor":48,"key":"Dexterity Potion"}],"is_trial":false,"path_per_floor":["M","?","M","M","?","E","?","?","T","E","M","M","?","$","R","B",null,"M","?","M","?","M","E","?","E","T","E","M","T","R","$","R","B",null,"M","?","$","M","?","R","E","R","T","$","E","R","E","M","R","B",null],"character_chosen":"WATCHER","items_purchased":["LessonLearned+1","Oddly Smooth Stone","Vault"],"campfire_rested":7,"item_purchase_floors":[14,31,37],"current_hp_per_floor":[72,72,72,72,58,48,48,48,48,37,47,47,47,47,72,57,72,72,72,69,69,63,51,51,47,47,38,42,42,74,74,77,76,77,75,75,75,73,73,77,77,77,77,77,77,79,80,82,85,85],"gold":111,"neow_bonus":"BOSS_RELIC","is_daily":false,"chose_seed":false,"campfire_upgraded":0,"win_rate":0.0,"timestamp":1610714657,"path_taken":["M","?","?","M","?","E","?","?","T","E","M","?","?","$","R","BOSS","M","?","M","?","?","E","?","E","T","E","?","?","R","$","R","BOSS","M","?","$","M","?","R","E","R","T","?","E","R","E","?","R","BOSS"],"items_purchased_type":["Card","Relic","Card"],"build_version":"2020-12-22","purchased_purges":2,"victory":true,"max_hp_per_floor":[72,72,72,72,72,72,72,72,72,72,72,72,72,72,72,72,72,72,72,72,72,72,72,72,72,72,72,77,77,77,77,77,77,77,77,77,77,77,77,77,77,77,77,77,77,79,81,83,85,85],"card_choices":[{"not_picked":["Conclude","Tantrum","Protect"],"picked":"SKIP","floor":1.0},{"not_picked":["FlurryOfBlows","EmptyBody"],"picked":"Crescendo","floor":3.0},{"not_picked":["Crescendo","ThirdEye"],"picked":"Perseverance","floor":4.0},{"not_picked":["WreathOfFlame","Protect","Conclude"],"picked":"SKIP","floor":6.0},{"not_picked":["LikeWater","FollowUp+1"],"picked":"Scrawl","floor":10.0},{"not_picked":["Swivel","FlyingSleeves+1"],"picked":"CutThroughFate+1","floor":11.0},{"not_picked":["EmptyFist+1","Fasting2","MentalFortress"],"picked":"SKIP","floor":12.0},{"not_picked":["Vault","Scrawl"],"picked":"MasterReality","floor":16.0},{"not_picked":["MentalFortress","Collect"],"picked":"ThirdEye+1","floor":18.0},{"not_picked":["Collect+1","EmptyFist+1","FollowUp+1"],"picked":"SKIP","floor":20.0},{"not_picked":["FollowUp+1","LikeWater"],"picked":"BattleHymn","floor":22.0},{"not_picked":["EmptyBody+1","Tantrum+1","Collect"],"picked":"SKIP","floor":23.0},{"not_picked":["SandsOfTime+1","Perseverance"],"picked":"FearNoEvil+1","floor":25.0},{"not_picked":["FlurryOfBlows+1","Prostrate"],"picked":"InnerPeace","floor":27.0},{"not_picked":["Vengeance","Indignation"],"picked":"Prostrate+1","floor":28.0},{"not_picked":["Vault","Scrawl"],"picked":"DevaForm","floor":33.0},{"not_picked":["EmptyMind","Evaluate"],"picked":"SandsOfTime+1","floor":35},{"not_picked":["JustLucky+1","CrushJoints+1"],"picked":"Protect","floor":38},{"not_picked":["JustLucky+1","Consecrate+1","Crescendo"],"picked":"SKIP","floor":41},{"not_picked":["Collect+1","CrushJoints+1"],"picked":"Pray+1","floor":45},{"not_picked":["Crescendo","BowlingBash+1","WreathOfFlame"],"picked":"Singing Bowl","floor":46},{"not_picked":["JustLucky+1","CarveReality+1","DevaForm"],"picked":"Singing Bowl","floor":47},{"not_picked":["FlurryOfBlows+1","SashWhip+1","ReachHeaven+1"],"picked":"Singing Bowl","floor":48},{"not_picked":["BowlingBash+1","EmptyFist+1","Conclude+1"],"picked":"Singing Bowl","floor":49}],"player_experience":926553,"relics_obtained":[{"floor":6.0,"key":"Nunchaku"},{"floor":9.0,"key":"Eternal Feather"},{"floor":10.0,"key":"Molten Egg 2"},{"floor":23.0,"key":"Lantern"},{"floor":25.0,"key":"Smiling Mask"},{"floor":26.0,"key":"Ornamental Fan"},{"floor":27.0,"key":"Bag of Preparation"},{"floor":29.0,"key":"Incense Burner"},{"floor":41,"key":"GoldenEye"},{"floor":43,"key":"Dream Catcher"},{"floor":45,"key":"Singing Bowl"},{"floor":47,"key":"InkBottle"}],"event_choices":[{"damage_healed":0.0,"max_hp_gain":0.0,"max_hp_loss":0.0,"gold_gain":0.0,"event_name":"WeMeetAgain","player_choice":"Gave Potion","floor":2.0,"gold_loss":0.0,"damage_taken":0.0,"relics_obtained":["Meat on the Bone"]},{"damage_healed":0.0,"max_hp_gain":0.0,"max_hp_loss":0.0,"gold_gain":0.0,"event_name":"Shining Light","player_choice":"Entered Light","floor":5.0,"gold_loss":0.0,"damage_taken":14.0,"cards_upgraded":["Eruption","Defend_P"]},{"cards_removed":["Defend_P"],"damage_healed":0.0,"max_hp_gain":0.0,"max_hp_loss":0.0,"gold_gain":0.0,"event_name":"The Cleric","player_choice":"Card Removal","floor":7.0,"gold_loss":50.0,"damage_taken":0.0},{"cards_removed":["Strike_P"],"damage_healed":0.0,"max_hp_gain":0.0,"max_hp_loss":0.0,"gold_gain":0.0,"event_name":"Bonfire Elementals","player_choice":"Offered Basic","floor":8.0,"gold_loss":0.0,"damage_taken":0.0},{"damage_healed":0.0,"max_hp_gain":0.0,"max_hp_loss":0.0,"gold_gain":0.0,"event_name":"Living Wall","player_choice":"Grow","floor":13.0,"gold_loss":0.0,"damage_taken":0.0,"cards_upgraded":["Perseverance"]},{"cards_removed":["Defend_P"],"damage_healed":0.0,"max_hp_gain":0.0,"max_hp_loss":0.0,"gold_gain":0.0,"event_name":"Beggar","player_choice":"Gave Gold","floor":19.0,"gold_loss":75.0,"damage_taken":0.0},{"damage_healed":0.0,"max_hp_gain":0.0,"max_hp_loss":0.0,"gold_gain":0.0,"event_name":"Accursed Blacksmith","player_choice":"Rummage","floor":21.0,"gold_loss":0.0,"damage_taken":0.0,"relics_obtained":["WarpedTongs"],"cards_obtained":["Pain"]},{"damage_healed":0.0,"max_hp_gain":0.0,"max_hp_loss":0.0,"gold_gain":0.0,"event_name":"Duplicator","player_choice":"Copied","floor":24.0,"gold_loss":0.0,"damage_taken":0.0,"cards_obtained":["BattleHymn"]},{"cards_removed":["Defend_P"],"damage_healed":0,"gold_gain":0,"player_choice":"Removed Skill","damage_taken":0,"max_hp_gain":0,"max_hp_loss":0,"event_name":"Falling","floor":36,"gold_loss":0},{"damage_healed":0,"gold_gain":0,"player_choice":"Paid","damage_taken":0,"relics_obtained":["Red Mask"],"max_hp_gain":0,"max_hp_loss":0,"event_name":"Tomb of Lord Red Mask","floor":39,"gold_loss":56}],"is_beta":false,"boss_relics":[{"not_picked":["Tiny House","Black Star"],"picked":"Empty Cage"},{"not_picked":["Coffee Dripper","Cursed Key"],"picked":"SacredBark"}],"items_purged_floors":[31,44],"is_endless":false,"potions_floor_spawned":[1,6,11,18,22,23,28,33,41,48],"ascension_level":1}}