{"host":"blqtz7f1wyqlnbm9","time":1610675984,"event":{"mods":["BaseMod","Minty Spire (QoL Compilation)","Replay The Spire","StSLib"],"gold_per_floor":[109,127,12,30,49,49,75,25,50,66,66,141,158,175,246,347,347,365,365,365,365,365,365],"floor_reached":22,"language":"ZHS","playtime":806,"items_purged":["Defend_G","Strike_G"],"score":214,"play_id":"58f5e9fb-c27f-486c-ad32-31e38de25f3b","local_time":"20210115095944","is_ascension_mode":true,"campfire_choices":[{"data":"Neutralize","floor":6,"key":"SMITH"},{"data":"Leg Sweep","floor":11,"key":"SMITH"}],"circlet_count":0,"master_deck":["Strike_G","Strike_G+1","Strike_G","Strike_G+1","Defend_G","Defend_G","Defend_G","Defend_G","Survivor","Neutralize+1","Die Die Die","Blade Dance","Fluid Movement","Well Laid Plans","Blade Dance","ReplayTheSpireMod:Tripwire","Leg Sweep+1","ReplayTheSpireMod:Necrosis","Toxin Wave","Writhe"],"relics":["Ring of the Snake","Smiling Mask","Whetstone","SacredBark","Potion Belt"],"acts_visited":["Exordium","TheCity"],"potions_floor_usage":[7,7,16],"damage_taken":[{"damage":0,"enemies":"Cultist","floor":1,"turns":4},{"damage":0,"enemies":"2 Louse","floor":2,"turns":2},{"damage":6,"enemies":"Jaw Worm","floor":4,"turns":6},{"damage":0,"enemies":"2 Fungi Beasts","floor":5,"turns":2},{"damage":13,"enemies":"3 Sentries","floor":7,"turns":7},{"damage":2,"enemies":"Large Slime","floor":10,"turns":5},{"damage":0,"enemies":"3 Louse","floor":13,"turns":1},{"damage":6,"enemies":"Blue Slaver","floor":14,"turns":5},{"damage":11,"enemies":"Fading Forest","floor":16,"turns":11},{"damage":38,"enemies":"Chosen","floor":18,"turns":9},{"damage":19,"enemies":"Shell Parasite","floor":22,"turns":3}],"seed_played":"4369146592521662210","potions_obtained":[{"floor":1,"key":"ColorlessPotion"},{"floor":2,"key":"Elixir"},{"floor":7,"key":"SteroidPotion"},{"floor":14,"key":"Flashbang"}],"is_trial":false,"path_per_floor":["M","M","$","M","M","R","E","$","T","M","R","?","M","M","R","B",null,"M","?","?","?","M"],"character_chosen":"THE_SILENT","items_purchased":["Well Laid Plans"],"campfire_rested":0,"item_purchase_floors":[3],"current_hp_per_floor":[70,70,70,64,64,64,51,51,51,49,49,38,38,32,32,37,70,32,32,32,19,0,0],"gold":365,"neow_bonus":"ONE_RANDOM_RARE_CARD","is_daily":false,"chose_seed":false,"campfire_upgraded":2,"win_rate":0.0,"timestamp":1610675984,"path_taken":["M","?","$","?","M","R","E","$","T","M","R","?","M","M","R","BOSS","M","?","?","?","M"],"items_purchased_type":["Card"],"build_version":"2020-12-22","purchased_purges":2,"victory":false,"max_hp_per_floor":[70,70,70,70,70,70,70,70,70,70,70,70,70,70,70,70,70,70,70,70,75,75,75],"card_choices":[{"not_picked":["Calculated Gamble","Dagger Spray"],"picked":"Blade Dance","floor":1},{"not_picked":["Deflect","Dagger Throw"],"picked":"Fluid Movement","floor":2},{"not_picked":["Well Laid Plans","Slice"],"picked":"Blade Dance","floor":4},{"not_picked":["Cloak And Dagger","Underhanded Strike"],"picked":"ReplayTheSpireMod:Tripwire","floor":5},{"not_picked":["ReplayTheSpireMod:Exploit Weakness","All Out Attack"],"picked":"Leg Sweep","floor":7},{"not_picked":["Quick Slash","Deadly Poison","PiercingWail"],"picked":"SKIP","floor":10},{"not_picked":["Leg Sweep","Slice","PiercingWail"],"picked":"SKIP","floor":13},{"not_picked":["Outmaneuver","Slice","Poisoned Stab"],"picked":"SKIP","floor":14},{"not_picked":["Burst","ReplayTheSpireMod:From All Sides"],"picked":"ReplayTheSpireMod:Necrosis","floor":16},{"not_picked":["Dagger Throw","Deadly Poison","Predator"],"picked":"SKIP","floor":18}],"player_experience":205714,"relics_obtained":[{"floor":7,"key":"Smiling Mask"},{"floor":9,"key":"Whetstone"}],"event_choices":[{"damage_healed":0,"gold_gain":75,"player_choice":"Gather Gold","damage_taken":11,"max_hp_gain":0,"max_hp_loss":0,"event_name":"World of Goop","floor":12,"gold_loss":0},{"damage_healed":0,"gold_gain":71,"player_choice":"Gained Gold","damage_taken":0,"max_hp_gain":0,"max_hp_loss":0,"event_name":"Golden Wing","floor":15,"gold_loss":0},{"damage_healed":0,"gold_gain":0,"player_choice":"Read","damage_taken":0,"max_hp_gain":0,"max_hp_loss":0,"event_name":"The Library","floor":19,"gold_loss":0,"cards_obtained":["Toxin Wave"]},{"damage_healed":0,"gold_gain":0,"player_choice":"Opened","damage_taken":0,"relics_obtained":["Potion Belt"],"max_hp_gain":0,"max_hp_loss":0,"event_name":"The Mausoleum","floor":20,"gold_loss":0,"cards_obtained":["Writhe"]},{"damage_healed":0,"gold_gain":0,"player_choice":"Shed Blood","damage_taken":18,"max_hp_gain":5,"max_hp_loss":0,"event_name":"Forgotten Altar","floor":21,"gold_loss":0}],"is_beta":false,"boss_relics":[{"not_picked":["Calling Bell","Ectoplasm"],"picked":"SacredBark"}],"items_purged_floors":[3,8],"is_endless":false,"potions_floor_spawned":[1,2,7,14],"killed_by":"Shell Parasite","ascension_level":3}}