{"host":"r8wnwrggzw8t210b","time":1610717955,"event":{"mods":["BaseMod","Colored Powertips","Downfall","Minty Spire (QoL Compilation)","StSLib"],"gold_per_floor":[112,112,127,5,5,36,52,52,52,82,96,125,25,45,45,147,147,165,185,203,221,240,240,44,119,145,157,191,203,213,239,239,239,239],"floor_reached":33,"language":"ZHS","playtime":1785,"items_purged":["Strike_R","Strike_R","Bash"],"score":386,"play_id":"74c3ddc0-5099-4b34-89b5-85607c13b0da","local_time":"20210115213915","is_ascension_mode":true,"campfire_choices":[{"floor":8.0,"key":"RECALL"},{"data":"Body Slam","floor":15.0,"key":"SMITH"},{"data":"Dark Embrace","floor":23.0,"key":"SMITH"},{"data":"Reaper","floor":32,"key":"SMITH"}],"circlet_count":0,"master_deck":["Strike_R","Strike_R","Strike_R","Defend_R+1","Defend_R","Defend_R","Defend_R","CurseOfTheBell","Armaments+1","Offering+1","Body Slam+1","Body Slam+1","Infernal Blade+1","Offering+1","Dark Embrace+1","Power Through+1","Feel No Pain","Blood for Blood+1","Reaper+1"],"relics":["Calling Bell","Regal Pillow","Toxic Egg 2","Torii","StrikeDummy","Shuriken","PreservedInsect","Meat on the Bone","Sozu","Oddly Smooth Stone","Girya","Anchor"],"acts_visited":["TheCity"],"potions_floor_usage":[],"damage_taken":[{"damage":7.0,"enemies":"Jaw Worm","floor":1.0,"turns":4.0},{"damage":1.0,"enemies":"2 Louse","floor":3.0,"turns":4.0},{"damage":16.0,"enemies":"Gremlin Nob","floor":6.0,"turns":3.0},{"damage":0.0,"enemies":"Cultist","floor":7.0,"turns":4.0},{"damage":14.0,"enemies":"Lagavulin","floor":10.0,"turns":5.0},{"damage":1.0,"enemies":"Blue Slaver","floor":11.0,"turns":4.0},{"damage":6.0,"enemies":"Gremlin Nob","floor":12.0,"turns":3.0},{"damage":0.0,"enemies":"Looter","floor":14.0,"turns":3.0},{"damage":34.0,"enemies":"Slime Boss","floor":16.0,"turns":9.0},{"damage":7.0,"enemies":"Shell Parasite","floor":18.0,"turns":3.0},{"damage":7.0,"enemies":"Chosen","floor":19.0,"turns":4.0},{"damage":38.0,"enemies":"Centurion and Healer","floor":20.0,"turns":5.0},{"damage":19.0,"enemies":"Chosen and Byrds","floor":21.0,"turns":5.0},{"damage":12.0,"enemies":"Cultist and Chosen","floor":22.0,"turns":2.0},{"damage":14,"enemies":"Centurion and Healer","floor":27,"turns":5},{"damage":27,"enemies":"Gremlin Leader","floor":28,"turns":5},{"damage":34,"enemies":"Snecko","floor":29,"turns":7},{"damage":12,"enemies":"3 Cultists","floor":30,"turns":4},{"damage":15,"enemies":"Book of Stabbing","floor":31,"turns":3},{"damage":46,"enemies":"Collector","floor":33,"turns":6}],"seed_played":"1727029829006577936","potions_obtained":[{"floor":6.0,"key":"EntropicBrew"},{"floor":10.0,"key":"HeartOfIron"}],"is_trial":false,"path_per_floor":["M","?","M","$","?","E","M","R","T","E","M","E","$","M","R","B",null,"M","M","M","M","M","R","$","?","T","M","E","M","M","E","R","B"],"character_chosen":"IRONCLAD","items_purchased":["Body Slam","Feel No Pain"],"campfire_rested":0,"item_purchase_floors":[4,24],"current_hp_per_floor":[73,78,77,77,60,44,44,44,44,30,29,23,23,35,35,13,85,78,71,45,38,38,38,38,30,30,28,13,31,31,32,32,4,4],"gold":239,"neow_bonus":"BOSS_RELIC","is_daily":false,"chose_seed":false,"campfire_upgraded":3,"win_rate":0.0,"timestamp":1610717955,"path_taken":["M","?","M","$","?","E","M","R","T","E","M","E","?","M","R","BOSS","M","M","M","M","M","R","$","?","T","M","E","M","M","E","R","BOSS"],"items_purchased_type":["Card","Card"],"build_version":"2020-12-22","purchased_purges":3,"victory":false,"max_hp_per_floor":[80,85,85,85,85,85,85,85,85,85,85,85,85,85,85,85,85,85,85,85,85,85,85,85,85,85,85,85,85,85,85,85,85,85],"card_choices":[{"not_picked":["Searing Blow","Cleave"],"picked":"Armaments+1","floor":1.0},{"not_picked":["Shrug It Off+1","Cleave"],"picked":"Offering+1","floor":3.0},{"not_picked":["Sword Boomerang","Rage+1","Flex+1"],"picked":"SKIP","floor":6.0},{"not_picked":["Carnage","Warcry+1","Flex+1"],"picked":"SKIP","floor":7.0},{"not_picked":["Headbutt","Iron Wave"],"picked":"Body Slam","floor":10.0},{"not_picked":["Headbutt","Rampage","Armaments+1"],"picked":"SKIP","floor":11.0},{"not_picked":["Headbutt","Iron Wave"],"picked":"Infernal Blade+1","floor":12.0},{"not_picked":["Dual Wield+1","Evolve","Clothesline"],"picked":"SKIP","floor":14.0},{"not_picked":["Bludgeon","Limit Break+1"],"picked":"Offering+1","floor":16.0},{"not_picked":["Clash","Wild Strike"],"picked":"Dark Embrace","floor":18.0},{"not_picked":["Iron Wave","Flex+1","Whirlwind"],"picked":"SKIP","floor":19.0},{"not_picked":["Rupture","Anger","Cleave+1"],"picked":"SKIP","floor":20.0},{"not_picked":["Pommel Strike","True Grit+1"],"picked":"Power Through+1","floor":21.0},{"not_picked":["Thunderclap","Rage+1","Searing Blow+1"],"picked":"SKIP","floor":22.0},{"not_picked":["Headbutt+1","Combust","Clash"],"picked":"SKIP","floor":27},{"not_picked":["Battle Trance+1","Searing Blow"],"picked":"Blood for Blood+1","floor":28},{"not_picked":["Heavy Blade+1","Iron Wave","Ghostly Armor+1"],"picked":"SKIP","floor":29},{"not_picked":["Dropkick","Body Slam"],"picked":"Reaper","floor":30},{"not_picked":["Clothesline+1","Intimidate+1","Uppercut"],"picked":"SKIP","floor":31}],"player_experience":119044,"relics_obtained":[{"floor":0.0,"key":"Regal Pillow"},{"floor":0.0,"key":"Toxic Egg 2"},{"floor":0.0,"key":"Torii"},{"floor":6.0,"key":"StrikeDummy"},{"floor":9.0,"key":"Shuriken"},{"floor":10.0,"key":"PreservedInsect"},{"floor":12.0,"key":"Meat on the Bone"},{"floor":26,"key":"Oddly Smooth Stone"},{"floor":28,"key":"Girya"},{"floor":31,"key":"Anchor"}],"event_choices":[{"damage_healed":0.0,"max_hp_gain":5.0,"max_hp_loss":0.0,"gold_gain":0.0,"event_name":"Big Fish","player_choice":"Donut","floor":2.0,"gold_loss":0.0,"damage_taken":0.0},{"damage_healed":0.0,"max_hp_gain":0.0,"max_hp_loss":0.0,"gold_gain":0.0,"event_name":"Shining Light","player_choice":"Entered Light","floor":5.0,"gold_loss":0.0,"damage_taken":17.0,"cards_upgraded":["Body Slam","Defend_R"]},{"damage_healed":0,"gold_gain":75,"player_choice":"Touch","damage_taken":8,"max_hp_gain":0,"max_hp_loss":0,"event_name":"FaceTrader","floor":25,"gold_loss":0}],"is_beta":false,"boss_relics":[{"not_picked":["Tiny House","SacredBark"],"picked":"Sozu"}],"items_purged_floors":[4,13,24],"is_endless":false,"potions_floor_spawned":[6,10,11,18,22,27,28,31],"killed_by":"Collector","ascension_level":3}}