{"host":"ci7cmvrwpmzqnw7e","time":1610670726,"event":{"mods":["BaseMod","BetterRewards","Colored Map","Downfall","GungeonMod","Highlight Path","Hubris","Infinite Spire","Minty Spire (QoL Compilation)","Random Character Button","Rare Cards Sparkle","Replay The Spire","Shop Mod","StSLib"],"gold_per_floor":[99,99,99,99,99,45,96,96,110,126,51,68,68,95,111,208,208,133,152,152,175,175,7,7,41,41,60,60,92,29,52,82,194,206,218,244,273,285,315,327,327,327],"floor_reached":40,"language":"ENG","playtime":1959,"items_purged":["Slimebound:Strike_Slimebound"],"score":469,"play_id":"7ceee5ec-5dc2-474f-aca4-c8f2480c41f1","local_time":"20210114173206","is_ascension_mode":true,"campfire_choices":[{"floor":1,"key":"DIG"},{"floor":8,"key":"RECALL"},{"data":"Slimebound:OozeBath","floor":11,"key":"SMITH"},{"floor":18,"key":"DIG"},{"floor":28,"key":"REST"},{"floor":30,"key":"REST"},{"data":"Slimebound:Darklings","floor":35,"key":"SMITH"},{"data":"Slimebound:LeechLife","floor":35,"key":"SMITH"}],"circlet_count":0,"master_deck":["Slimebound:Strike_Slimebound","Slimebound:Tackle","Slimebound:Defend_Slimebound","Slimebound:Defend_Slimebound","Slimebound:Defend_Slimebound","Slimebound:Defend_Slimebound","Slimebound:Split+1","Slimebound:CorrosiveSpit","Slimebound:SplitMire","Slimebound:SplitBruiser","Slimebound:MegaLick","Slimebound:OozeBath+1","Slimebound:AcidTongue","Slimebound:GrowthPunch","Doubt","Slimebound:AcidTongue","Slimebound:ViciousTackle","Slimebound:MassRepurpose","Slimebound:GoopSpray+1","Slimebound:RainOfGoop","Slimebound:LeechingTouch","Slimebound:LeechLife+1","Slimebound:Darklings+1","Slimebound:SplitSpecialist","Slimebound:FormOfPuddle"],"relics":["Slimebound:AbsorbEndCombatUpgraded","downfall:HeartsMalice","Bag of Preparation","Replay:Baseball","downfall:HeartBlessingRed","ReplayTheSpireMod:Ring of Collecting","hubris:OldNail","Black Star","downfall:HeartBlessingGreen","Regal Pillow","hubris:SlimyHat","Unceasing Top","Ring of Peace","Replay:Arrowhead","Bird Faced Urn","MawBank","Replay:Accelerometer","downfall:HeartBlessingBlue"],"acts_visited":["Exordium","TheCity","TheBeyond"],"potions_floor_usage":[16,16,25,31,32,40,40],"damage_taken":[{"damage":0,"enemies":"2 Louse","floor":2,"turns":1},{"damage":0,"enemies":"Cultist","floor":3,"turns":1},{"damage":0,"enemies":"Jaw Worm","floor":4,"turns":1},{"damage":21,"enemies":"downfall:FleeingMerchant","floor":6,"turns":4},{"damage":15,"enemies":"3 Louse","floor":9,"turns":2},{"damage":12,"enemies":"Exordium Wildlife","floor":10,"turns":3},{"damage":12,"enemies":"2 Fungi Beasts","floor":12,"turns":2},{"damage":44,"enemies":"3 Sentries","floor":14,"turns":6},{"damage":11,"enemies":"Large Slime","floor":15,"turns":3},{"damage":55,"enemies":"downfall:Ironclad","floor":16,"turns":6},{"damage":22,"enemies":"Chosen","floor":19,"turns":3},{"damage":31,"enemies":"downfall:FleeingMerchant","floor":23,"turns":4},{"damage":24,"enemies":"Slavers","floor":25,"turns":7},{"damage":15,"enemies":"Shell Parasite","floor":27,"turns":6},{"damage":61,"enemies":"Gremlin Leader","floor":29,"turns":6},{"damage":16,"enemies":"Sentry and Sphere","floor":31,"turns":4},{"damage":29,"enemies":"Chosen and Byrds","floor":32,"turns":6},{"damage":99,"enemies":"downfall:Silent","floor":33,"turns":11},{"damage":13,"enemies":"Orb Walker","floor":36,"turns":4},{"damage":49,"enemies":"3 Darklings","floor":37,"turns":6},{"damage":52,"enemies":"Writhing Mass","floor":39,"turns":6},{"damage":59,"enemies":"infinitespire:Three Voidlings","floor":40,"turns":7},{"damage":115,"enemies":"Nightmare_Alpha","floor":40,"turns":9}],"seed_played":"-3335097904098899614","potions_obtained":[{"floor":9,"key":"GamblersBrew"},{"floor":10,"key":"Energy Potion"},{"floor":14,"key":"LiquidBronze"},{"floor":15,"key":"Regen Potion"},{"floor":19,"key":"DemoMod:LeadSkinPotion"},{"floor":27,"key":"sneckomod:MuddlingPotion"},{"floor":31,"key":"Fire Potion"},{"floor":33,"key":"LiquidMemories"},{"floor":39,"key":"DemoMod:BlankPotion"}],"is_trial":false,"path_per_floor":["R_BF","M","M","M","?","$","T","R","M","M","R","M","?","E","M","B",null,"R_BF","M","?","?","?","$","T","E","?","M","R","E","R","M","M","B",null,"R","M","M","?","M","?"],"character_chosen":"SLIMEBOUND","items_purchased":["Slimebound:AcidTongue","Slimebound:RainOfGoop"],"campfire_rested":2,"item_purchase_floors":[6,23],"current_hp_per_floor":[60,60,60,60,60,60,60,60,60,60,60,60,60,43,44,37,60,60,54,54,30,30,25,25,17,17,38,60,23,69,64,56,23,70,70,65,69,69,58,0,0,0],"gold":327,"neow_bonus":"THREE_ENEMY_KILL","is_daily":false,"chose_seed":false,"campfire_upgraded":3,"win_rate":0.0,"timestamp":1610670726,"path_taken":["R_BF","M","M","M","?","$","T","R","M","?","R","M","?","E","M","BOSS","R_BF","M","?","?","?","$","T","E","?","?","R","E","R","M","M","BOSS","R","M","M","?","M","?"],"items_purchased_type":["Card","Card"],"build_version":"2020-12-22","purchased_purges":1,"victory":false,"max_hp_per_floor":[60,60,60,60,60,60,60,60,60,60,60,60,60,60,60,60,60,60,60,60,60,60,60,60,60,60,60,60,60,70,70,70,70,70,70,70,70,70,70,70,70,70],"card_choices":[{"not_picked":["Slimebound:GrowthPunch","Slimebound:ComboTackle"],"picked":"Slimebound:SplitMire","floor":2},{"not_picked":["Slimebound:PressTheAttack","Slimebound:Schlurp"],"picked":"Slimebound:SplitBruiser","floor":3},{"not_picked":["Slimebound:Equalize","Slimebound:LeechingTouch"],"picked":"Slimebound:MegaLick","floor":4},{"not_picked":["Slimebound:TongueLash","Slimebound:SplitLeeching"],"picked":"Slimebound:OozeBath","floor":6},{"not_picked":["Slimebound:DivideAndConquer","Slimebound:SplitMire","Slimebound:RollThrough"],"picked":"SKIP","floor":9},{"not_picked":["Slimebound:Chomp","Slimebound:LeechingTouch","Slimebound:ComboTackle"],"picked":"SKIP","floor":10},{"not_picked":["Slimebound:Chomp","Slimebound:Equalize"],"picked":"Slimebound:GrowthPunch","floor":12},{"not_picked":["Slimebound:MinionMaster","Slimebound:SplitBruiser"],"picked":"Slimebound:AcidTongue","floor":14},{"not_picked":["Slimebound:Prepare","Slimebound:SplitAcid"],"picked":"Slimebound:ViciousTackle","floor":15},{"not_picked":["Slimebound:MassFeed","Slimebound:TagTeam"],"picked":"Slimebound:MassRepurpose","floor":16},{"not_picked":["Slimebound:GrowthPunch","Slimebound:LeechEnergy","Slimebound:FinishingTackle"],"picked":"SKIP","floor":19},{"not_picked":["Slimebound:Chomp","Slimebound:ForwardTackle"],"picked":"Slimebound:GoopSpray+1","floor":23},{"not_picked":["Slimebound:GrowthPunch","Slimebound:PressTheAttack+1","Slimebound:Overexert"],"picked":"SKIP","floor":25},{"not_picked":["Slimebound:BestDefense","Slimebound:LeechEnergy","Slimebound:GoopSpray"],"picked":"SKIP","floor":27},{"not_picked":["Slimebound:SplitLeeching","Slimebound:RollThrough","Slimebound:BestDefense"],"picked":"SKIP","floor":29},{"not_picked":["Slimebound:GoopTackle","Slimebound:Chomp"],"picked":"Slimebound:LeechingTouch","floor":31},{"not_picked":["Slimebound:ViciousTackle","Slimebound:RollThrough"],"picked":"Slimebound:LeechLife","floor":32},{"not_picked":["Slimebound:WasteNot","Slimebound:Overexert"],"picked":"Slimebound:Darklings","floor":33},{"not_picked":["Slimebound:SplitMire+1","Slimebound:LevelUp","Slimebound:GrowthPunch+1"],"picked":"SKIP","floor":36},{"not_picked":["Slimebound:Grow+1","Slimebound:PressTheAttack","Slimebound:SplitAcid"],"picked":"SKIP","floor":37},{"not_picked":["Slimebound:ComboTackle","Slimebound:SlimeSpikes+1"],"picked":"Slimebound:FormOfPuddle","floor":39}],"player_experience":72502,"relics_obtained":[{"floor":1,"key":"Bag of Preparation"},{"floor":7,"key":"Replay:Baseball"},{"floor":13,"key":"ReplayTheSpireMod:Ring of Collecting"},{"floor":14,"key":"hubris:OldNail"},{"floor":18,"key":"Regal Pillow"},{"floor":21,"key":"Unceasing Top"},{"floor":24,"key":"Ring of Peace"},{"floor":25,"key":"Replay:Arrowhead"},{"floor":25,"key":"Bird Faced Urn"},{"floor":29,"key":"MawBank"},{"floor":29,"key":"Replay:Accelerometer"}],"event_choices":[{"damage_healed":0,"gold_gain":0,"player_choice":"Upgraded","damage_taken":0,"max_hp_gain":0,"max_hp_loss":0,"event_name":"Upgrade Shrine","floor":5,"gold_loss":0,"cards_upgraded":["Slimebound:Split"]},{"damage_healed":0,"gold_gain":0,"player_choice":"Stole Relic","damage_taken":0,"relics_obtained":["hubris:SlimyHat"],"max_hp_gain":0,"max_hp_loss":0,"event_name":"Addict","floor":20,"gold_loss":0,"cards_obtained":["Shame"]},{"cards_removed":["Slimebound:Strike_Slimebound"],"damage_healed":0,"gold_gain":0,"player_choice":"Elegance","damage_taken":0,"max_hp_gain":0,"max_hp_loss":0,"event_name":"Back to Basics","floor":22,"gold_loss":0}],"is_beta":false,"boss_relics":[{"not_picked":["Philosopher\u0027s Stone","hubris:Stopwatch"],"picked":"Black Star"},{"not_picked":["ReplayTheSpireMod:SealedPack","hubris:GrandSneckoEye"],"picked":"Slimebound:AbsorbEndCombatUpgraded"}],"items_purged_floors":[23],"is_endless":false,"potions_floor_spawned":[9,10,14,15,19,27,31,33,39,40],"killed_by":"Nightmare_Alpha","ascension_level":1}}