{"host":"yii5it3292r9xs7s","time":1610704859,"event":{"mods":["ATMod(阿瑾Mod)","Act Like it!","BaseMod","Colored Powertips","Decade(王小明)","Minty Spire (QoL Compilation)","Spicy Shops","StSLib","Waifu the Spire","【功能Mod】混沌之环修复补丁","篝火指南"],"gold_per_floor":[115,134,309,323,339,339,349,349,349,376,376,376,376],"floor_reached":12,"language":"ZHS","playtime":879,"items_purged":[],"score":80,"play_id":"0608d229-647b-4f8d-adf8-c21767150262","local_time":"20210115180059","is_ascension_mode":false,"campfire_choices":[{"data":"Decade_SpecialSkill","floor":6.0,"key":"SMITH"}],"circlet_count":0,"master_deck":["Decade_Attack","Decade_Attack","Decade_Attack","Decade_Attack","KamenRide","Decade_SpecialSkill+1","Decade_Defend","Decade_Defend","Decade_Defend","Decade_Defend","AT_FamilyPortrait","RideBooker_Skill_2","DragClaw","FormRideFlame","Doubt","Kuuga_Rising","RideBooker_Skill_1","UnarmedAttack8","Blade_Kick","PhotonAcceleration+1","UnarmedAttack1"],"relics":["Decadriver","TOEIDeficitBill","AT_ATBox","NeowsBlessing","Frozen Egg 2","CaptainsWheel"],"acts_visited":["Exordium"],"potions_floor_usage":[],"damage_taken":[{"damage":0.0,"enemies":"2 Louse","floor":1.0,"turns":2.0},{"damage":0.0,"enemies":"Jaw Worm","floor":2.0,"turns":1.0},{"damage":0.0,"enemies":"Small Slimes","floor":4.0,"turns":1.0},{"damage":12.0,"enemies":"2 Fungi Beasts","floor":5.0,"turns":5.0},{"damage":20.0,"enemies":"Looter","floor":7.0,"turns":3.0},{"damage":39.0,"enemies":"Lagavulin","floor":10.0,"turns":7.0},{"damage":93,"enemies":"Gremlin Nob","floor":12,"turns":4}],"seed_played":"-7786630529293733745","potions_obtained":[{"floor":1.0,"key":"EssenceOfSteel"},{"floor":4.0,"key":"SneckoOil"},{"floor":5.0,"key":"SkillPotion"}],"is_trial":false,"path_per_floor":["M","M","?","M","M","R","M","T","T","E","?","E"],"character_chosen":"Decade","items_purchased":[],"campfire_rested":0,"item_purchase_floors":[],"current_hp_per_floor":[70,70,70,70,58,58,51,51,51,12,35,0,0],"gold":376,"neow_bonus":"THREE_ENEMY_KILL","is_daily":false,"chose_seed":false,"campfire_upgraded":1,"win_rate":0.0,"timestamp":1610704859,"path_taken":["M","M","?","M","M","R","M","?","T","E","?","E"],"items_purchased_type":[],"build_version":"2020-12-22","purchased_purges":0,"victory":false,"max_hp_per_floor":[70,70,70,70,70,70,70,70,70,70,70,70,70],"card_choices":[{"not_picked":["KamenRideBlade","UnarmedAttack8"],"picked":"RideBooker_Skill_2","floor":1.0},{"not_picked":["Hibiki_Attack1","FormRideDogga"],"picked":"DragClaw","floor":2.0},{"not_picked":["FormRideTitan","RideBooker"],"picked":"FormRideFlame","floor":2.0},{"not_picked":["DenO_Rod","Decade_Defend2"],"picked":"Kuuga_Rising","floor":4.0},{"not_picked":["FormRideTitan","DragClaw"],"picked":"RideBooker_Skill_1","floor":4.0},{"not_picked":["UnarmedAttack1","FormRideDragon"],"picked":"UnarmedAttack8","floor":5.0},{"not_picked":["KamenRideDecade","Kuuga_GouramAttack"],"picked":"Blade_Kick","floor":5.0},{"not_picked":["Blade_Beat","Hibiki_Attack3"],"picked":"PhotonAcceleration+1","floor":10.0},{"not_picked":["Decade_Defend2","Hibiki_Attack1"],"picked":"UnarmedAttack1","floor":10.0}],"player_experience":11436,"relics_obtained":[{"floor":8.0,"key":"Frozen Egg 2"},{"floor":10.0,"key":"CaptainsWheel"}],"event_choices":[{"damage_healed":0.0,"max_hp_gain":0.0,"max_hp_loss":0.0,"gold_gain":175.0,"event_name":"Liars Game","player_choice":"AGREE","floor":3.0,"gold_loss":0.0,"damage_taken":0.0,"cards_obtained":["Doubt"]},{"damage_healed":23.0,"max_hp_gain":0.0,"max_hp_loss":0.0,"gold_gain":0.0,"event_name":"Big Fish","player_choice":"Banana","floor":11.0,"gold_loss":0.0,"damage_taken":0.0}],"is_beta":false,"boss_relics":[],"items_purged_floors":[],"is_endless":false,"potions_floor_spawned":[1,4,5],"killed_by":"Gremlin Nob","ascension_level":0}}