{"host":"vyjryxuuuxkt43k4","time":1610720387,"event":{"mods":["BaseMod","Colored Map","DeckTracker","Minty Spire (QoL Compilation)","Permanent Neow","Quick Restart","StSLib","SuperFastMode","everything is the same but u backflip on backflip"],"gold_per_floor":[114,129,140,140,59,59,84,384,384,384,402,430,445,463,463,563,563,563,488,488,488,488,488,488,488,488,488,488,488,488,488,488,488,488,488,488,488,388,388,388,388,388,388,388,388,388,388,388,388,388,388,388,16,16,16],"floor_reached":56,"language":"KOR","playtime":3584,"items_purged":["Defend_P","Defend_P","Strike_P+1"],"score":1481,"play_id":"82f0c16b-7b41-483e-8c92-1a17cdcc445a","local_time":"20210115231947","is_ascension_mode":true,"campfire_choices":[{"data":"Eruption","floor":6.0,"key":"SMITH"},{"data":"Adaptation","floor":10.0,"key":"SMITH"},{"floor":15.0,"key":"REST"},{"data":"Vault","floor":24.0,"key":"SMITH"},{"data":"Halt","floor":27.0,"key":"SMITH"},{"data":"Tantrum","floor":32.0,"key":"SMITH"},{"data":"Scrawl","floor":40.0,"key":"SMITH"},{"data":"Omniscience","floor":44.0,"key":"SMITH"},{"floor":46.0,"key":"RECALL"},{"floor":49.0,"key":"REST"},{"floor":52.0,"key":"REST"}],"circlet_count":0,"master_deck":["Eruption+1","Vigilance+1","FearNoEvil+1","WaveOfTheHand+1","Adaptation+1","Tantrum+1","Halt+1","Vault+1","FearNoEvil+1","LessonLearned+1","Evaluate+1","InnerPeace+1","Scrawl+1","FlurryOfBlows+1","Adaptation+1","Flash of Steel+1"],"relics":["PureWater","Pocketwatch","Matryoshka","Old Coin","Happy Flower","FossilizedHelix","Letter Opener","Ectoplasm","Bottled Tornado","Potion Belt","Bronze Scales","Nunchaku","VioletLotus","Blood Vial","Question Card","Oddly Smooth Stone","Bottled Lightning"],"acts_visited":["Exordium","TheCity","TheBeyond","TheEnding"],"potions_floor_usage":[55,55,55,55],"damage_taken":[{"damage":0.0,"enemies":"Jaw Worm","floor":1.0,"turns":4.0},{"damage":0.0,"enemies":"Cultist","floor":2.0,"turns":2.0},{"damage":0.0,"enemies":"Small Slimes","floor":3.0,"turns":3.0},{"damage":18.0,"enemies":"Lagavulin","floor":7.0,"turns":7.0},{"damage":0.0,"enemies":"2 Fungi Beasts","floor":11.0,"turns":3.0},{"damage":9.0,"enemies":"3 Sentries","floor":12.0,"turns":4.0},{"damage":0.0,"enemies":"Looter","floor":13.0,"turns":2.0},{"damage":0.0,"enemies":"Red Slaver","floor":14.0,"turns":2.0},{"damage":18.0,"enemies":"The Guardian","floor":16.0,"turns":9.0},{"damage":0.0,"enemies":"Shell Parasite","floor":18.0,"turns":5.0},{"damage":0.0,"enemies":"3 Byrds","floor":20.0,"turns":4.0},{"damage":14.0,"enemies":"Snake Plant","floor":22.0,"turns":4.0},{"damage":7.0,"enemies":"Slavers","floor":23.0,"turns":4.0},{"damage":0.0,"enemies":"Gremlin Leader","floor":25.0,"turns":4.0},{"damage":0.0,"enemies":"Centurion and Healer","floor":28.0,"turns":3.0},{"damage":0.0,"enemies":"Snecko","floor":29.0,"turns":4.0},{"damage":0.0,"enemies":"Snake Plant","floor":30.0,"turns":3.0},{"damage":0.0,"enemies":"Slavers","floor":31.0,"turns":3.0},{"damage":0.0,"enemies":"Collector","floor":33.0,"turns":7.0},{"damage":0.0,"enemies":"Orb Walker","floor":35.0,"turns":2.0},{"damage":0.0,"enemies":"3 Darklings","floor":36.0,"turns":3.0},{"damage":0.0,"enemies":"Reptomancer","floor":41.0,"turns":3.0},{"damage":0.0,"enemies":"Spire Growth","floor":42.0,"turns":2.0},{"damage":0.0,"enemies":"Writhing Mass","floor":45.0,"turns":3.0},{"damage":0.0,"enemies":"Sphere and 2 Shapes","floor":47.0,"turns":1.0},{"damage":0.0,"enemies":"Donu and Deca","floor":50.0,"turns":1.0},{"damage":0.0,"enemies":"Shield and Spear","floor":54.0,"turns":2.0},{"damage":45,"enemies":"The Heart","floor":55,"turns":5}],"seed_played":"-5002771365677517861","potions_obtained":[{"floor":1.0,"key":"PowerPotion"},{"floor":7.0,"key":"Fire Potion"},{"floor":13.0,"key":"Swift Potion"},{"floor":18.0,"key":"Ancient Potion"},{"floor":22.0,"key":"Strength Potion"},{"floor":23.0,"key":"AttackPotion"},{"floor":30.0,"key":"LiquidMemories"},{"floor":35.0,"key":"SteroidPotion"},{"floor":36.0,"key":"Fire Potion"}],"is_trial":false,"path_per_floor":["M","M","M","?","$","R","E","?","T","R","M","E","M","M","R","B",null,"M","$","M","?","M","E","R","E","T","R","M","M","M","E","R","B",null,"M","M","?","$","?","R","E","M","T","R","M","R","M","?","R","B",null,"R","$","E","B",null],"character_chosen":"WATCHER","items_purchased":["Adaptation","Oddly Smooth Stone","Flash of Steel"],"campfire_rested":3,"item_purchase_floors":[5,53,53],"current_hp_per_floor":[51,51,51,39,39,39,21,21,21,21,21,12,12,12,33,15,72,72,72,72,72,58,51,51,51,51,51,51,51,51,51,51,51,72,72,72,72,72,72,72,72,72,72,72,72,72,72,82,82,82,82,82,82,82,37],"gold":16,"neow_bonus":"REMOVE_TWO","is_daily":false,"chose_seed":false,"campfire_upgraded":7,"win_rate":0.0,"timestamp":1610720387,"path_taken":["M","M","M","?","$","R","E","?","T","R","M","E","M","M","R","BOSS","M","$","?","?","M","E","R","E","T","R","M","M","M","E","R","BOSS","M","M","?","$","?","R","E","M","T","R","?","R","M","?","R","BOSS","R","$","E","BOSS"],"items_purchased_type":["Card","Relic","Card"],"build_version":"2020-12-22","purchased_purges":3,"victory":true,"max_hp_per_floor":[72,72,72,72,72,72,72,72,72,72,72,72,72,72,72,72,72,72,72,72,72,72,72,72,72,72,72,72,72,72,72,72,72,72,72,72,72,72,72,72,72,72,72,72,72,72,72,82,82,82,82,82,82,82,82],"card_choices":[{"not_picked":["JustLucky","Crescendo","FlurryOfBlows"],"picked":"SKIP","floor":1.0},{"not_picked":["Prostrate","Perseverance"],"picked":"FearNoEvil","floor":2.0},{"not_picked":["FollowUp","Consecrate"],"picked":"WaveOfTheHand","floor":3.0},{"not_picked":["EmptyFist","Indignation"],"picked":"Tantrum","floor":7.0},{"not_picked":["FlurryOfBlows","Collect"],"picked":"Halt","floor":11.0},{"not_picked":["WindmillStrike","Tantrum","Perseverance"],"picked":"SKIP","floor":12.0},{"not_picked":["FlyingSleeves","SashWhip","CrushJoints"],"picked":"SKIP","floor":13.0},{"not_picked":["WaveOfTheHand","CrushJoints","Tantrum"],"picked":"SKIP","floor":14.0},{"not_picked":["Wish","ConjureBlade"],"picked":"Vault","floor":16.0},{"not_picked":["CarveReality","BowlingBash","CrushJoints"],"picked":"SKIP","floor":18.0},{"not_picked":["SashWhip","ReachHeaven","FlurryOfBlows"],"picked":"SKIP","floor":20.0},{"not_picked":["EmptyFist","SashWhip","Conclude"],"picked":"SKIP","floor":22.0},{"not_picked":["Halt","CutThroughFate+1","MasterReality"],"picked":"SKIP","floor":23.0},{"not_picked":["LikeWater+1","FearNoEvil","Protect"],"picked":"SKIP","floor":25.0},{"not_picked":["JustLucky","ThirdEye+1","FollowUp"],"picked":"SKIP","floor":28.0},{"not_picked":["ThirdEye","Halt"],"picked":"Evaluate+1","floor":29.0},{"not_picked":["SashWhip","ClearTheMind","CutThroughFate"],"picked":"SKIP","floor":30.0},{"not_picked":["Omniscience","SashWhip+1"],"picked":"InnerPeace+1","floor":31.0},{"not_picked":["Brilliance","Alpha"],"picked":"Scrawl","floor":33.0},{"not_picked":["Prostrate+1","CutThroughFate+1","Halt"],"picked":"SKIP","floor":35.0},{"not_picked":["SashWhip","WheelKick","Evaluate"],"picked":"SKIP","floor":36.0},{"not_picked":["Fasting2","WheelKick+1","InnerPeace"],"picked":"SKIP","floor":41.0},{"not_picked":["EmptyBody+1","BowlingBash+1","PathToVictory"],"picked":"SKIP","floor":42.0},{"not_picked":["Crescendo","InnerPeace+1","BowlingBash+1"],"picked":"FlurryOfBlows+1","floor":45.0},{"not_picked":["Nirvana","Prostrate","FollowUp+1"],"picked":"Adaptation+1","floor":47.0},{"not_picked":["Crescendo","PathToVictory","Evaluate+1","LikeWater+1"],"picked":"SKIP","floor":54}],"player_experience":333364,"relics_obtained":[{"floor":7.0,"key":"Matryoshka"},{"floor":9.0,"key":"Happy Flower"},{"floor":9.0,"key":"FossilizedHelix"},{"floor":12.0,"key":"Letter Opener"},{"floor":23.0,"key":"Bottled Tornado"},{"floor":25.0,"key":"Potion Belt"},{"floor":26.0,"key":"Bronze Scales"},{"floor":31.0,"key":"Nunchaku"},{"floor":41.0,"key":"Blood Vial"},{"floor":43.0,"key":"Question Card"},{"floor":54,"key":"Bottled Lightning"}],"event_choices":[{"damage_healed":0.0,"max_hp_gain":0.0,"max_hp_loss":0.0,"gold_gain":0.0,"event_name":"Scrap Ooze","player_choice":"Success","floor":4.0,"gold_loss":0.0,"damage_taken":12.0,"relics_obtained":["Pocketwatch"]},{"damage_healed":0.0,"max_hp_gain":0.0,"max_hp_loss":0.0,"gold_gain":0.0,"event_name":"WeMeetAgain","player_choice":"Gave Potion","floor":8.0,"gold_loss":0.0,"damage_taken":0.0,"relics_obtained":["Old Coin"]},{"damage_healed":0.0,"max_hp_gain":0.0,"max_hp_loss":0.0,"gold_gain":0.0,"cards_transformed":["Strike_P","Defend_P"],"event_name":"Drug Dealer","player_choice":"Became Test Subject","floor":21.0,"gold_loss":0.0,"damage_taken":0.0,"cards_obtained":["FearNoEvil","LessonLearned"]},{"damage_healed":0.0,"max_hp_gain":0.0,"max_hp_loss":0.0,"gold_gain":0.0,"event_name":"Tomb of Lord Red Mask","player_choice":"Ignored","floor":37.0,"gold_loss":0.0,"damage_taken":0.0},{"damage_healed":0.0,"max_hp_gain":0.0,"max_hp_loss":0.0,"gold_gain":0.0,"cards_transformed":["Strike_P"],"event_name":"Transmorgrifier","player_choice":"Transformed","floor":39.0,"gold_loss":0.0,"damage_taken":0.0,"cards_obtained":["Omniscience"]},{"cards_removed":["Omniscience"],"damage_healed":0.0,"max_hp_gain":10.0,"max_hp_loss":0.0,"gold_gain":0.0,"event_name":"Bonfire Elementals","player_choice":"Offered Rare","floor":48.0,"gold_loss":0.0,"damage_taken":0.0}],"is_beta":false,"boss_relics":[{"not_picked":["Snecko Eye","Runic Pyramid"],"picked":"Ectoplasm"},{"not_picked":["Coffee Dripper","Calling Bell"],"picked":"VioletLotus"}],"items_purged_floors":[19,38,53],"is_endless":false,"potions_floor_spawned":[1,7,13,18,22,23,30,35,36],"ascension_level":1}}