{"host":"wutzay93uet9pf9y","time":1610745244,"event":{"mods":["BaseMod","Colored Map","Downfall","Minty Spire (QoL Compilation)","StSLib"],"gold_per_floor":[117,130,55,130,130,159,159,159,159,175,61,73,73,73,73,149,149,169,183,196,166,180,180,180],"floor_reached":23,"language":"ENG","playtime":623,"items_purged":["Strike_R"],"score":378,"play_id":"bbdd29d9-59a2-4c88-bd83-dd256061de0f","local_time":"20210115161404","is_ascension_mode":true,"campfire_choices":[{"data":"Anger","floor":8.0,"key":"SMITH"},{"data":"Inflame","floor":15.0,"key":"SMITH"}],"circlet_count":0,"master_deck":["AscendersBane","Strike_R","Strike_R","Strike_R","Strike_R+1","Defend_R+1","Bash","Anger+1","Shockwave","Metallicize","sneckomod:Bewildered","Inflame+1","Metallicize","Barricade","Disarm","Anger","Shrug It Off"],"relics":["Burning Blood","NeowsBlessing","Du-Vu Doll","The Courier","Mark of Pain"],"acts_visited":["Exordium","TheCity"],"potions_floor_usage":[19,22,22,23],"damage_taken":[{"damage":0.0,"enemies":"Small Slimes","floor":1.0,"turns":1.0},{"damage":0.0,"enemies":"2 Louse","floor":2.0,"turns":1.0},{"damage":0.0,"enemies":"Gremlin Nob","floor":6.0,"turns":1.0},{"damage":1.0,"enemies":"Cultist","floor":10.0,"turns":3.0},{"damage":5.0,"enemies":"Looter","floor":12.0,"turns":3.0},{"damage":21.0,"enemies":"Hexaghost","floor":16.0,"turns":8.0},{"damage":34.0,"enemies":"3 Byrds","floor":18.0,"turns":8.0},{"damage":20,"enemies":"Spheric Guardian","floor":19,"turns":5},{"damage":14,"enemies":"Centurion and Healer","floor":20,"turns":7},{"damage":10,"enemies":"Cultist and Chosen","floor":22,"turns":7},{"damage":27,"enemies":"Gremlin Leader","floor":23,"turns":7}],"seed_played":"7894527462447024282","potions_obtained":[{"floor":10.0,"key":"Block Potion"},{"floor":12.0,"key":"champ:CounterPotion"},{"floor":18.0,"key":"BlessingOfTheForge"},{"floor":20,"key":"SpeedPotion"},{"floor":21,"key":"BloodPotion"},{"floor":21,"key":"HeartOfIron"},{"floor":22,"key":"EssenceOfSteel"}],"is_trial":false,"path_per_floor":["M","M","?","?","?","E","?","R","T","M","$","M","?","?","R","B",null,"M","M","M","?","M","E"],"character_chosen":"IRONCLAD","items_purchased":["Metallicize"],"campfire_rested":0,"item_purchase_floors":[11],"current_hp_per_floor":[74,75,75,64,57,63,63,63,63,68,68,69,46,46,46,31,64,36,22,14,14,25,0,0],"gold":180,"neow_bonus":"THREE_ENEMY_KILL","is_daily":false,"chose_seed":false,"campfire_upgraded":2,"win_rate":0.0,"timestamp":1610745244,"path_taken":["M","M","?","?","?","E","?","R","T","?","$","M","?","?","R","BOSS","M","?","?","?","M","E"],"items_purchased_type":["Card"],"build_version":"2020-12-22","purchased_purges":1,"victory":false,"max_hp_per_floor":[75,75,75,75,75,75,75,75,75,75,75,75,75,75,75,75,75,75,75,75,75,75,75,75],"card_choices":[{"not_picked":["Heavy Blade","Sword Boomerang"],"picked":"Anger","floor":1.0},{"not_picked":["Shrug It Off","Clothesline"],"picked":"Shockwave","floor":2.0},{"not_picked":["Twin Strike","Exhume"],"picked":"Metallicize","floor":6.0},{"not_picked":["Wild Strike","Body Slam"],"picked":"Inflame","floor":10.0},{"not_picked":["Iron Wave","Havoc","Flex"],"picked":"SKIP","floor":12.0},{"not_picked":["Limit Break","Corruption"],"picked":"Barricade","floor":16.0},{"not_picked":["Cleave","True Grit"],"picked":"Disarm","floor":18.0},{"not_picked":["Reckless Charge","Entrench"],"picked":"Anger","floor":19},{"not_picked":["Shrug It Off","Sword Boomerang","Dark Embrace"],"picked":"SKIP","floor":20},{"not_picked":["Body Slam","Combust+1"],"picked":"Shrug It Off","floor":22}],"player_experience":297894,"relics_obtained":[{"floor":6.0,"key":"Du-Vu Doll"},{"floor":9.0,"key":"The Courier"}],"event_choices":[{"cards_removed":["Defend_R"],"damage_healed":0.0,"max_hp_gain":0.0,"max_hp_loss":0.0,"gold_gain":0.0,"event_name":"The Cleric","player_choice":"Card Removal","floor":3.0,"gold_loss":75.0,"damage_taken":0.0},{"damage_healed":0.0,"max_hp_gain":0.0,"max_hp_loss":0.0,"gold_gain":75.0,"event_name":"World of Goop","player_choice":"Gather Gold","floor":4.0,"gold_loss":0.0,"damage_taken":11.0},{"cards_removed":["Defend_R"],"damage_healed":0.0,"max_hp_gain":0.0,"max_hp_loss":0.0,"gold_gain":0.0,"event_name":"Golden Wing","player_choice":"Card Removal","floor":5.0,"gold_loss":0.0,"damage_taken":7.0},{"damage_healed":0.0,"max_hp_gain":0.0,"max_hp_loss":0.0,"gold_gain":0.0,"event_name":"Match and Keep!","player_choice":"1 cards matched","floor":7.0,"gold_loss":0.0,"damage_taken":0.0,"cards_obtained":["sneckomod:Bewildered"]},{"damage_healed":0.0,"max_hp_gain":0.0,"max_hp_loss":0.0,"gold_gain":0.0,"event_name":"Shining Light","player_choice":"Entered Light","floor":13.0,"gold_loss":0.0,"damage_taken":23.0,"cards_upgraded":["Strike_R","Defend_R"]},{"cards_removed":["Defend_R"],"damage_healed":0.0,"max_hp_gain":0.0,"max_hp_loss":0.0,"gold_gain":0.0,"event_name":"Purifier","player_choice":"Purged","floor":14.0,"gold_loss":0.0,"damage_taken":0.0},{"damage_healed":0,"gold_gain":0,"player_choice":"Bought 2 Potions","damage_taken":0,"max_hp_gain":0,"max_hp_loss":0,"event_name":"The Woman in Blue","floor":21,"gold_loss":0}],"is_beta":false,"boss_relics":[{"not_picked":["Tiny House","Philosopher\u0027s Stone"],"picked":"Mark of Pain"}],"items_purged_floors":[11],"is_endless":false,"potions_floor_spawned":[10,12,18,20,22],"killed_by":"Gremlin Leader","ascension_level":15}}