{"host":"oc9z8cublggqyfxu","time":1610728615,"event":{"mods":["AchievementEnabler","Act Like it!","Aspiration","BaseMod","Colored Map","Colored Powertips","Downfall","Friendly Minions","Gensokyo","Hallownest","Hermit","Highlight Path","Infinite Spire","KinomotoSakuraMod(木之本樱)","Koishi","Lobotomy","LobotomyExtend","Marisa（F雨　魔理沙）","Minty Spire (QoL Compilation)","Quick Restart","Reimu（博丽灵梦）","Relic Stats","Remilia（蕾米莉亚）","Replay The Spire","RumiaBox-露米娅的神秘盒子","StSLib","The Administrix","The Animator","The Blackbeard","The Bug Knight","The Cursed","The Hierophant","The Mystic","The Runesmith","The Servant 0.9.4","Youmu（魂魄妖梦）","Yuyuko","vexMod","【功能Mod】混沌之环修复补丁","【功能Mod】聪明的最终Boss"],"gold_per_floor":[113,3,18,28,28,28,47,47,47,66,66,66,80,10,10,22,22,118,118,118,118],"floor_reached":20,"language":"ZHS","playtime":1184,"items_purged":["Strike_B"],"score":172,"play_id":"5529b2bf-fe58-4b2d-b89a-05c4bfd2e962","local_time":"20210116003655","is_ascension_mode":true,"campfire_choices":[{"data":"White Noise","floor":6,"key":"SMITH"},{"data":"All For One","floor":8,"key":"SMITH"},{"floor":17,"key":"RECALL"}],"circlet_count":0,"master_deck":["Strike_B","Strike_B","Strike_B","Defend_B","Defend_B","Defend_B","Defend_B","Zap","Dualcast","MeltingLove","White Noise+1","Self Repair","All For One+1","Porccubus","HappyTeddy","BigBird","BodiesMountain","Dazed","Laetitia","Sweeping Beam","Hello World+1","CrumblingArmor","Redo","NakedNest"],"relics":["Cracked Core","CogitoBucket","LetterFromLob","AddBug","SecretRecord","SecretRecord"],"acts_visited":["Exordium","Gensokyo:Gensokyoer"],"potions_floor_usage":[16],"damage_taken":[{"damage":1,"enemies":"Cultist","floor":1,"turns":3},{"damage":0,"enemies":"Small Slimes","floor":3,"turns":2},{"damage":21,"enemies":"Jaw Worm","floor":4,"turns":3},{"damage":15,"enemies":"Large Slime","floor":7,"turns":4},{"damage":1,"enemies":"Exordium Wildlife","floor":10,"turns":2},{"damage":28,"enemies":"Looter","floor":13,"turns":2},{"damage":10,"enemies":"3 Louse","floor":16,"turns":2},{"damage":19,"enemies":"Slime Boss","floor":18,"turns":5}],"seed_played":"-6589036286483909131","potions_obtained":[{"floor":3,"key":"SneckoOil"},{"floor":13,"key":"SpeedPotion"},{"floor":16,"key":"SmokeBomb"}],"is_trial":false,"path_per_floor":["M","$","M","M","$","R","M","R","T","M","PTL","PTL","M","$","T","M","R","B",null,"M"],"character_chosen":"DEFECT","items_purchased":["Self Repair","Hello World"],"campfire_rested":0,"item_purchase_floors":[2,14],"current_hp_per_floor":[74,74,74,61,61,61,54,54,54,61,61,61,37,37,37,33,33,29,75,0,0],"gold":118,"neow_bonus":"","is_daily":false,"chose_seed":false,"campfire_upgraded":2,"win_rate":0.0,"timestamp":1610728615,"path_taken":["M","?","M","M","?","R","M","R","T","M","PTL","PTL","M","$","?","M","R","BOSS","M"],"items_purchased_type":["Card","Card"],"build_version":"2020-12-22","purchased_purges":1,"victory":false,"max_hp_per_floor":[75,75,75,75,75,75,75,75,75,75,75,75,75,75,75,75,75,75,75,75,75],"relic_stats":{"counters":[9,24],"obtain_stats":[{"CogitoBucket":0,"AddBug":1,"SecretRecord":1,"LetterFromLob":1,"Cracked Core":0},{"CogitoBucket":0,"AddBug":1,"SecretRecord":1,"LetterFromLob":1,"Cracked Core":0},{"CogitoBucket":0,"AddBug":3,"SecretRecord":3,"LetterFromLob":3,"Cracked Core":0}]},"card_choices":[{"not_picked":["Scorched","HappyTeddy"],"picked":"MeltingLove","floor":1},{"not_picked":["Conserve Battery","Streamline"],"picked":"White Noise","floor":1},{"not_picked":["Conserve Battery","ReplaySort"],"picked":"All For One","floor":3},{"not_picked":["Murderer","Mercenary"],"picked":"Porccubus","floor":3},{"not_picked":["FairyFestival","Scorched","Wellcheers"],"picked":"Singing Bowl","floor":4},{"not_picked":["FairyFestival","SpiderBud"],"picked":"HappyTeddy","floor":4},{"not_picked":["Steam","Leap","Rebound"],"picked":"SKIP","floor":4},{"not_picked":["Steam","Leap","Rebound"],"picked":"SKIP","floor":4},{"not_picked":["OldLady","MHz","CherryBlossoms"],"picked":"Singing Bowl","floor":7},{"not_picked":["SpiderBud","NakedNest"],"picked":"BigBird","floor":7},{"not_picked":["Steam Power","Barrage","Rebound"],"picked":"SKIP","floor":7},{"not_picked":["Steam Power","Barrage","Rebound"],"picked":"SKIP","floor":7},{"not_picked":["UniverseFragment","MeatLantern"],"picked":"BodiesMountain","floor":10},{"not_picked":["Darkness","Loop"],"picked":"Seek","floor":10},{"not_picked":["BeautyBeast","MHz"],"picked":"Laetitia","floor":13},{"not_picked":["Sweeping Beam","Turbo","Gash"],"picked":"SKIP","floor":13},{"not_picked":["Turbo","Gash"],"picked":"Sweeping Beam","floor":13},{"not_picked":["Wellcheers","QueenBee"],"picked":"CrumblingArmor","floor":16},{"not_picked":["Streamline","Turbo"],"picked":"Redo","floor":16},{"not_picked":["ShyLook","WallGazer"],"picked":"NakedNest","floor":18}],"player_experience":273289,"relics_obtained":[{"floor":1,"key":"LetterFromLob"},{"floor":1,"key":"AddBug"},{"floor":15,"key":"CrazyTorch:ReiMu"},{"floor":16,"key":"SecretRecord"}],"event_choices":[],"is_beta":false,"boss_relics":[{"not_picked":["Calling Bell","FrozenCore"],"picked":"vexMod:BigBerry"}],"items_purged_floors":[2],"is_endless":false,"potions_floor_spawned":[3,13,16],"ascension_level":1}}