{"host":"i0avyit1s6jb1siw","time":1610730681,"event":{"mods":["BaseMod","DeckTracker","Dota2Spire","Highlight Path","Minty Spire (QoL Compilation)","Quick Restart","StSLib","SuperFastMode"],"gold_per_floor":[114,15,15,15,35,35,68,68,68,96,114,126,26,51,51,146,146,158,158,257,269,286,286,302,302,302],"floor_reached":25,"language":"ENG","playtime":473,"items_purged":["Defend_B","Strike_B"],"score":381,"play_id":"672c32b6-a5b3-4394-9cbd-7234b6c5dc6c","local_time":"20210115181121","is_ascension_mode":true,"campfire_choices":[{"data":"Dualcast","floor":6,"key":"SMITH"},{"data":"Beam Cell","floor":15,"key":"SMITH"},{"data":"Go for the Eyes","floor":23,"key":"SMITH"}],"circlet_count":0,"master_deck":["AscendersBane","Strike_B","Defend_B","Defend_B","Zap+1","Dualcast+1","Compile Driver","Hologram","Leap","Go for the Eyes+1","Sweeping Beam","Glacier","Beam Cell+1","Core Surge","Reinforced Body+1","Rip and Tear+1","Redo+1","Writhe","FTL"],"relics":["Cracked Core","NeowsBlessing","Blue Candle","HornCleat","Pantograph","Dota2Spire:OrchidMalevolence","Dota2Spire:EtherealBlade","Astrolabe","Tiny Chest"],"acts_visited":["Exordium","TheCity"],"potions_floor_usage":[16,16,25],"damage_taken":[{"damage":0,"enemies":"Cultist","floor":1,"turns":1},{"damage":0,"enemies":"Jaw Worm","floor":5,"turns":1},{"damage":0,"enemies":"3 Sentries","floor":7,"turns":1},{"damage":18,"enemies":"Lagavulin","floor":10,"turns":6},{"damage":0,"enemies":"2 Louse","floor":11,"turns":2},{"damage":5,"enemies":"2 Fungi Beasts","floor":12,"turns":2},{"damage":33,"enemies":"Gremlin Nob","floor":14,"turns":4},{"damage":5,"enemies":"Slime Boss","floor":16,"turns":7},{"damage":0,"enemies":"Chosen","floor":18,"turns":4},{"damage":0,"enemies":"Spheric Guardian","floor":21,"turns":3},{"damage":16,"enemies":"Snake Plant","floor":22,"turns":4},{"damage":0,"enemies":"3 Cultists","floor":24,"turns":5},{"damage":49,"enemies":"Book of Stabbing","floor":25,"turns":7}],"seed_played":"-8992190030338697147","potions_obtained":[{"floor":1,"key":"CultistPotion"},{"floor":5,"key":"Dota2Spire:Clarity"},{"floor":14,"key":"Swift Potion"},{"floor":24,"key":"ColorlessPotion"}],"is_trial":false,"path_per_floor":["M","$","$","?","M","R","E","T","T","E","M","M","$","E","R","B",null,"M","?","?","M","M","R","M","E"],"character_chosen":"DEFECT","items_purchased":["Hologram"],"campfire_rested":0,"item_purchase_floors":[2],"current_hp_per_floor":[68,68,68,68,68,68,68,68,68,50,50,45,45,12,12,32,64,64,64,64,64,48,48,48,0,0],"gold":302,"neow_bonus":"THREE_ENEMY_KILL","is_daily":false,"chose_seed":false,"campfire_upgraded":3,"win_rate":0.0,"timestamp":1610730681,"path_taken":["M","?","$","?","M","R","E","?","T","E","?","M","?","E","R","BOSS","M","?","?","M","M","R","M","E"],"items_purchased_type":["Card"],"build_version":"2020-12-22","purchased_purges":2,"victory":false,"max_hp_per_floor":[75,75,75,75,75,75,75,75,75,75,75,75,75,75,75,75,75,75,75,75,75,75,75,75,75,75],"card_choices":[{"not_picked":["Streamline","Heatsinks"],"picked":"Compile Driver","floor":1},{"not_picked":["Self Repair","Redo"],"picked":"Leap","floor":5},{"not_picked":["Skim","Turbo"],"picked":"Go for the Eyes","floor":7},{"not_picked":["Reinforced Body","Fusion"],"picked":"Sweeping Beam","floor":10},{"not_picked":["Turbo","Capacitor","Rebound"],"picked":"SKIP","floor":11},{"not_picked":["Beam Cell","Streamline"],"picked":"Glacier","floor":12},{"not_picked":["Reprogram","Go for the Eyes"],"picked":"Beam Cell","floor":14},{"not_picked":["Reboot","Thunder Strike"],"picked":"Core Surge","floor":16},{"not_picked":["Beam Cell","Barrage","Redo"],"picked":"SKIP","floor":18},{"not_picked":["Go for the Eyes","Rip and Tear","Turbo"],"picked":"SKIP","floor":21},{"not_picked":["Ball Lightning+1","Barrage+1"],"picked":"FTL","floor":22},{"not_picked":["Fission","Steam","Genetic Algorithm+1"],"picked":"SKIP","floor":24}],"player_experience":2247903,"relics_obtained":[{"floor":7,"key":"Blue Candle"},{"floor":8,"key":"HornCleat"},{"floor":9,"key":"Pantograph"},{"floor":10,"key":"Dota2Spire:OrchidMalevolence"},{"floor":14,"key":"Dota2Spire:EtherealBlade"}],"event_choices":[{"damage_healed":0,"gold_gain":0,"player_choice":"Grow","damage_taken":0,"max_hp_gain":0,"max_hp_loss":0,"event_name":"Living Wall","floor":4,"gold_loss":0,"cards_upgraded":["Zap"]},{"damage_healed":0,"gold_gain":0,"player_choice":"Opened","damage_taken":0,"relics_obtained":["Tiny Chest"],"max_hp_gain":0,"max_hp_loss":0,"event_name":"The Mausoleum","floor":19,"gold_loss":0,"cards_obtained":["Writhe"]},{"damage_healed":0,"gold_gain":99,"player_choice":"Stole From Cult","damage_taken":0,"max_hp_gain":0,"max_hp_loss":0,"event_name":"Nest","floor":20,"gold_loss":0}],"is_beta":false,"boss_relics":[{"not_picked":["Runic Pyramid","Dota2Spire:Bloodstone"],"picked":"Astrolabe"}],"items_purged_floors":[2,13],"is_endless":false,"potions_floor_spawned":[1,5,14,24],"killed_by":"Book of Stabbing","ascension_level":11}}