{"host":"qljev0q3rb9h3k1a","time":1610672005,"event":{"mods":["AchievementEnabler","Ascension Unlocker","BaseMod","Colored Map","Minty Spire (QoL Compilation)","Permanent Neow","Quick Restart","Relic Filter","StSLib","SuperFastMode"],"gold_per_floor":[111,111,111,36,52,52,52,52,123,140,156,156,172,190,190,294,294,310,320,102,113,131,131,143,160,211,211,225,259,23,23,23,118,118,136,136,186,206,92,92,103,103,103,103,131,144,0,30,30,30],"floor_reached":51,"language":"ENG","playtime":2687,"items_purged":["Regret","Defend_G","Defend_G","Defend_G"],"score":794,"play_id":"87c5dee2-5162-4ffa-a270-a6f632658435","local_time":"20210114195325","is_ascension_mode":false,"campfire_choices":[{"data":"Neutralize","floor":6.0,"key":"SMITH"},{"data":"All Out Attack","floor":8.0,"key":"SMITH"},{"data":"Blur","floor":12.0,"key":"SMITH"},{"data":"Acrobatics","floor":15,"key":"SMITH"},{"data":"Prepared","floor":23,"key":"SMITH"},{"data":"All Out Attack","floor":27,"key":"SMITH"},{"data":"Prepared","floor":32,"key":"SMITH"},{"data":"Calculated Gamble","floor":40,"key":"SMITH"},{"data":"Expertise","floor":44,"key":"SMITH"},{"data":"Underhanded Strike","floor":49,"key":"SMITH"}],"circlet_count":0,"master_deck":["Strike_G","Strike_G","Strike_G","Defend_G","Survivor","Neutralize+1","Underhanded Strike","All Out Attack+1","Blur+1","Acrobatics+1","CurseOfTheBell","Underhanded Strike+1","Prepared+1","Prepared+1","All Out Attack+1","Footwork+1","Prepared+1","Backflip","Expertise+1","Calculated Gamble+1"],"relics":["Ring of the Serpent","Tingsha","Eternal Feather","HornCleat","Calling Bell","Blood Vial","Gremlin Horn","Ice Cream","Membership Card","Anchor","Centennial Puzzle","TungstenRod","Enchiridion","Bird Faced Urn","Mummified Hand","Meat on the Bone","Lantern","Red Mask","Happy Flower"],"acts_visited":["Exordium","TheCity","TheBeyond"],"potions_floor_usage":[16,33,50,50,50],"damage_taken":[{"damage":3.0,"enemies":"Jaw Worm","floor":1.0,"turns":4.0},{"damage":0.0,"enemies":"2 Louse","floor":5.0,"turns":3.0},{"damage":0.0,"enemies":"Cultist","floor":10.0,"turns":2.0},{"damage":5.0,"enemies":"Exordium Thugs","floor":11.0,"turns":4.0},{"damage":0,"enemies":"Blue Slaver","floor":13,"turns":3},{"damage":0,"enemies":"2 Fungi Beasts","floor":14,"turns":2},{"damage":15,"enemies":"The Guardian","floor":16,"turns":11},{"damage":9,"enemies":"2 Thieves","floor":18,"turns":3},{"damage":7,"enemies":"Shell Parasite","floor":19,"turns":3},{"damage":11,"enemies":"Centurion and Healer","floor":21,"turns":8},{"damage":0,"enemies":"Chosen and Byrds","floor":22,"turns":6},{"damage":10,"enemies":"Snake Plant","floor":24,"turns":4},{"damage":0,"enemies":"Cultist and Chosen","floor":25,"turns":4},{"damage":0,"enemies":"Shelled Parasite and Fungi","floor":28,"turns":3},{"damage":6,"enemies":"Slavers","floor":29,"turns":3},{"damage":1,"enemies":"Champ","floor":33,"turns":10},{"damage":11,"enemies":"3 Darklings","floor":35,"turns":3},{"damage":3,"enemies":"Mind Bloom Boss Battle","floor":37,"turns":6},{"damage":0,"enemies":"3 Shapes","floor":38,"turns":2},{"damage":0,"enemies":"Sphere and 2 Shapes","floor":41,"turns":3},{"damage":13,"enemies":"Nemesis","floor":45,"turns":4},{"damage":0,"enemies":"Maw","floor":46,"turns":6},{"damage":13,"enemies":"Giant Head","floor":48,"turns":6},{"damage":62,"enemies":"Donu and Deca","floor":50,"turns":9}],"seed_played":"-993066542021935617","potions_obtained":[{"floor":13,"key":"Fire Potion"},{"floor":16,"key":"CunningPotion"},{"floor":24,"key":"Weak Potion"},{"floor":28,"key":"Block Potion"},{"floor":33,"key":"Ancient Potion"},{"floor":38,"key":"EssenceOfSteel"},{"floor":41,"key":"CultistPotion"},{"floor":45,"key":"Regen Potion"}],"is_trial":false,"path_per_floor":["M","?","?","$","M","R","?","R","T","M","M","R","M","M","R","B",null,"M","M","$","M","M","R","M","M","T","R","M","E","$","?","R","B",null,"M","?","?","M","$","R","M","T","T","R","E","M","?","E","R","B",null],"character_chosen":"THE_SILENT","items_purchased":["Membership Card","Prepared","Backflip","TungstenRod","Calculated Gamble"],"campfire_rested":0,"item_purchase_floors":[20,20,30,30,39],"current_hp_per_floor":[60,60,60,60,60,63,63,63,63,63,58,63,63,63,63,48,63,54,49,49,40,42,51,43,45,45,54,56,52,52,40,52,53,63,52,52,51,55,55,63,63,63,63,63,50,56,56,49,61,20],"gold":30,"neow_bonus":"ONE_RARE_RELIC","is_daily":false,"chose_seed":false,"campfire_upgraded":10,"win_rate":0.0,"timestamp":1610672005,"path_taken":["M","?","?","$","M","R","?","R","T","M","M","R","?","M","R","BOSS","M","M","$","M","M","R","M","M","T","R","M","E","$","?","R","BOSS","M","?","?","M","$","R","M","?","T","R","E","M","?","E","R","BOSS"],"items_purchased_type":["Relic","Card","Card","Relic","Card"],"build_version":"2020-12-22","purchased_purges":4,"victory":true,"max_hp_per_floor":[63,63,63,63,63,63,63,63,63,63,63,63,63,63,63,63,63,63,63,63,63,63,63,63,63,63,63,63,63,63,63,63,63,63,63,63,63,63,63,63,63,63,63,63,63,63,63,63,63,63],"card_choices":[{"not_picked":["Bane","Flying Knee","Heel Hook"],"picked":"SKIP","floor":1.0},{"not_picked":["Underhanded Strike","Backflip"],"picked":"All Out Attack","floor":5.0},{"not_picked":["Blade Dance","Doppelganger"],"picked":"Blur","floor":10.0},{"not_picked":["Accuracy","Flying Knee","Heel Hook"],"picked":"SKIP","floor":11.0},{"not_picked":["Dagger Throw","Skewer"],"picked":"Acrobatics","floor":13},{"not_picked":["Finisher","Caltrops","Backflip"],"picked":"SKIP","floor":14},{"not_picked":["Bane+1","Prepared"],"picked":"Underhanded Strike","floor":18},{"not_picked":["Blade Dance+1","Catalyst","Cloak And Dagger"],"picked":"SKIP","floor":19},{"not_picked":["Flechettes","Deflect","Deadly Poison"],"picked":"SKIP","floor":21},{"not_picked":["Dagger Throw","Night Terror"],"picked":"Prepared+1","floor":22},{"not_picked":["Finisher+1","PiercingWail","Bane"],"picked":"SKIP","floor":24},{"not_picked":["Deadly Poison","Blur"],"picked":"All Out Attack","floor":25},{"not_picked":["Sucker Punch","Deadly Poison"],"picked":"Footwork+1","floor":28},{"not_picked":["Dagger Spray","Dodge and Roll"],"picked":"Prepared","floor":29},{"not_picked":["Deflect","Prepared+1"],"picked":"Expertise","floor":35},{"not_picked":["Outmaneuver+1","Flying Knee","Cloak And Dagger"],"picked":"SKIP","floor":38},{"not_picked":["Bane+1","PiercingWail","Slice"],"picked":"SKIP","floor":41},{"not_picked":["Outmaneuver+1","Wraith Form v2","Backstab+1"],"picked":"SKIP","floor":45},{"not_picked":["Bane","Outmaneuver","Poisoned Stab+1"],"picked":"SKIP","floor":46},{"not_picked":["Deadly Poison","Glass Knife","Expertise"],"picked":"SKIP","floor":48}],"player_experience":20349,"relics_obtained":[{"floor":9.0,"key":"HornCleat"},{"floor":17,"key":"Blood Vial"},{"floor":17,"key":"Gremlin Horn"},{"floor":17,"key":"Ice Cream"},{"floor":26,"key":"Anchor"},{"floor":29,"key":"Centennial Puzzle"},{"floor":31,"key":"Enchiridion"},{"floor":37,"key":"Bird Faced Urn"},{"floor":42,"key":"Mummified Hand"},{"floor":43,"key":"Meat on the Bone"},{"floor":45,"key":"Lantern"},{"floor":48,"key":"Happy Flower"}],"event_choices":[{"damage_healed":0.0,"max_hp_gain":0.0,"max_hp_loss":0.0,"gold_gain":0.0,"cards_transformed":["Strike_G"],"event_name":"Living Wall","player_choice":"Change","floor":2.0,"gold_loss":0.0,"damage_taken":0.0,"cards_obtained":["Underhanded Strike"]},{"damage_healed":0.0,"max_hp_gain":0.0,"max_hp_loss":0.0,"gold_gain":0.0,"event_name":"Big Fish","player_choice":"Box","floor":3.0,"gold_loss":0.0,"damage_taken":0.0,"relics_obtained":["Eternal Feather"],"cards_obtained":["Regret"]},{"cards_removed":["Defend_G"],"damage_healed":0.0,"max_hp_gain":0.0,"max_hp_loss":0.0,"gold_gain":0.0,"event_name":"Bonfire Elementals","player_choice":"Offered Basic","floor":7.0,"gold_loss":0.0,"damage_taken":0.0},{"damage_healed":0,"gold_gain":0,"player_choice":"Obtained Book","damage_taken":16,"max_hp_gain":0,"max_hp_loss":0,"event_name":"Cursed Tome","floor":31,"gold_loss":0},{"cards_removed":["Strike_G"],"damage_healed":0,"gold_gain":0,"player_choice":"Removed Attack","damage_taken":0,"max_hp_gain":0,"max_hp_loss":0,"event_name":"Falling","floor":36,"gold_loss":0},{"damage_healed":0,"gold_gain":0,"player_choice":"Fight","damage_taken":0,"max_hp_gain":0,"max_hp_loss":0,"event_name":"MindBloom","floor":37,"gold_loss":0},{"damage_healed":0,"gold_gain":0,"player_choice":"Paid","damage_taken":0,"relics_obtained":["Red Mask"],"max_hp_gain":0,"max_hp_loss":0,"event_name":"Tomb of Lord Red Mask","floor":47,"gold_loss":144}],"is_beta":false,"boss_relics":[{"not_picked":["WristBlade","Cursed Key"],"picked":"Calling Bell"},{"not_picked":["Runic Pyramid","Astrolabe"],"picked":"Ring of the Serpent"}],"items_purged_floors":[4,20,30,39],"is_endless":false,"potions_floor_spawned":[13,16,24,28,33,38,41,45],"ascension_level":0}}