{"host":"vohenq18pmg6jboc","time":1610679665,"event":{"mods":["100% Spire Juice","Arknights The Spire","Bard","BaseMod","Chen","Downfall","Gremlin Mod","GungeonMod","Hermit","Marisa¡]Ãú«B¡@Å]²z¨F¡^","Minty Spire (QoL Compilation)","Relic Stats","Remilia¡]Á¢¦Ì²ú?¡^","StSLib","The Administrix","The Bug Knight","The Cursed","The Hierophant","The IronCluck","The Runesmith","The Servant 0.9.4","WarShipGirlsR/??¤Ö¤kR mod","Yakumo Yukari mod","Youmu¡]»î¾z§¯?¡^","Yuyuko"],"gold_per_floor":[113,113,113,125,125,125,154,34,34,54,26,101,118,36,36,36,36],"floor_reached":16,"language":"ZHS","playtime":744,"items_purged":[],"score":125,"play_id":"4d224232-b3aa-41f6-9fd2-aaac6b9e93bf","local_time":"20210115110105","is_ascension_mode":false,"campfire_choices":[{"data":"Moonworks:LulusLuckyEgg","floor":6,"key":"SMITH"},{"data":"Moonworks:ImOnFire","floor":8,"key":"SMITH"},{"floor":15,"key":"REST"}],"circlet_count":0,"master_deck":["Moonworks:Strike","Moonworks:Strike","Moonworks:Strike","Moonworks:Strike","Moonworks:Defend","Moonworks:Defend","Moonworks:Defend","Moonworks:Defend","Moonworks:Ambush","Moonworks:LongDistanceShot","Moonworks:LulusLuckyEgg+1","Moonworks:Assault","Moonworks:ImOnFire+1","Moonworks:CloudOfSeagulls","Moonworks:EvilSpyWorkPreparation","Moonworks:DeployBits","Moonworks:RocketCannon"],"relics":["Moonworks:BrokenBomb","Moonworks:Homemark","NeowsBlessing","DemoMod:MemoryAlloy"],"acts_visited":["Exordium"],"potions_floor_usage":[16,16],"damage_taken":[{"damage":0,"enemies":"Jaw Worm","floor":1,"turns":1},{"damage":0,"enemies":"Cultist","floor":4,"turns":1},{"damage":0,"enemies":"HollowMod:MossKnight","floor":7,"turns":1},{"damage":8,"enemies":"Small Slimes","floor":10,"turns":4},{"damage":11,"enemies":"Exordium Thugs","floor":11,"turns":5},{"damage":10,"enemies":"3 Louse","floor":13,"turns":3},{"damage":39,"enemies":"Hexaghost","floor":16,"turns":8}],"seed_played":"654461070899599161","potions_obtained":[{"floor":5,"key":"SmokeBomb"},{"floor":5,"key":"SneckoOil"},{"floor":5,"key":"Swift Potion"}],"is_trial":false,"path_per_floor":["M","$","?","M","?","R","E","R","T","M","M","?","M","$","R","B"],"character_chosen":"THE_STARBREAKER","items_purchased":["Moonworks:RocketCannon"],"campfire_rested":1,"item_purchase_floors":[14],"current_hp_per_floor":[60,60,60,60,60,60,60,60,60,52,41,30,20,20,38,0,0],"gold":36,"neow_bonus":"THREE_ENEMY_KILL","is_daily":false,"chose_seed":false,"campfire_upgraded":2,"win_rate":0.0,"timestamp":1610679665,"path_taken":["M","$","?","M","?","R","E","R","T","?","M","?","M","?","R","BOSS"],"items_purchased_type":["Card"],"build_version":"2020-12-22","purchased_purges":0,"victory":false,"max_hp_per_floor":[60,60,60,60,60,60,60,60,60,60,60,60,60,60,60,60,60],"relic_stats":{"counters":[7,23],"obtain_stats":[{"NeowsBlessing":0,"DemoMod:MemoryAlloy":9,"Moonworks:Homemark":0,"DemoMod:GlassGuonStoneRelic":11,"Moonworks:BrokenBomb":0},{"NeowsBlessing":0,"DemoMod:MemoryAlloy":3,"Moonworks:Homemark":0,"DemoMod:GlassGuonStoneRelic":5,"Moonworks:BrokenBomb":0},{"NeowsBlessing":0,"DemoMod:MemoryAlloy":3,"Moonworks:Homemark":0,"DemoMod:GlassGuonStoneRelic":12,"Moonworks:BrokenBomb":0}]},"card_choices":[{"not_picked":["Moonworks:BigMagnum","Moonworks:IndiscriminateFireSupport"],"picked":"Moonworks:LulusLuckyEgg","floor":1},{"not_picked":["Moonworks:Dash","Moonworks:NicePresent"],"picked":"Moonworks:Assault","floor":4},{"not_picked":["Moonworks:DeployBits","Moonworks:RedAndBlue"],"picked":"Moonworks:ImOnFire","floor":7},{"not_picked":["Moonworks:BigMagnum","Moonworks:IndiscriminateFireSupport"],"picked":"Moonworks:CloudOfSeagulls","floor":10},{"not_picked":["Moonworks:LulusLuckyEgg","Moonworks:DeployBits"],"picked":"Moonworks:EvilSpyWorkPreparation","floor":11},{"not_picked":["Moonworks:ImOnFire","Moonworks:RedAndBlue"],"picked":"Moonworks:DeployBits","floor":13}],"player_experience":92072,"relics_obtained":[{"floor":9,"key":"DemoMod:MemoryAlloy"}],"event_choices":[{"damage_healed":0,"gold_gain":0,"player_choice":"Leave","damage_taken":0,"max_hp_gain":0,"max_hp_loss":0,"event_name":"The Cleric","floor":3,"gold_loss":0},{"damage_healed":0,"gold_gain":0,"player_choice":"Got Potions","damage_taken":0,"max_hp_gain":0,"max_hp_loss":0,"event_name":"Lab","floor":5,"gold_loss":0},{"damage_healed":0,"gold_gain":75,"player_choice":"Gather Gold","damage_taken":11,"max_hp_gain":0,"max_hp_loss":0,"event_name":"World of Goop","floor":12,"gold_loss":0}],"is_beta":false,"boss_relics":[],"items_purged_floors":[],"is_endless":false,"potions_floor_spawned":[7,10],"killed_by":"Hexaghost","ascension_level":0}}