{"host":"avjwtc49fhlk6kym","time":1610732153,"event":{"mods":["AchievementEnabler","BaseMod","Better Match","Better Note","Better Third Choice","Colored Map","Colored Powertips","Displayed Cursed Tome","Highlight Path","Minty Spire (QoL Compilation)","Permanent Neow","Quick Restart","StSLib"],"gold_per_floor":[117,133,152,164,176,176,29,29,29,60,71,71,71,71,71,169,169,185,208,208,208,221,221,239,239,263,273,289,39,51,86,86,86,86],"floor_reached":33,"language":"ENG","playtime":1407,"items_purged":[],"score":269,"play_id":"b661308a-273f-46c1-b7ac-60439d7471a6","local_time":"20210115123553","is_ascension_mode":false,"campfire_choices":[{"floor":6,"key":"REST"},{"data":"BattleHymn","floor":8,"key":"SMITH"},{"floor":15,"key":"REST"},{"floor":23,"key":"REST"},{"data":"Eruption","floor":25,"key":"SMITH"},{"floor":32,"key":"REST"}],"circlet_count":0,"master_deck":["Eruption+1","Vigilance","MasterReality","ReachHeaven","LikeWater","BattleHymn+1","CutThroughFate+1","FearNoEvil","SashWhip","Wallop+1","Devotion","CurseOfTheBell","Scrawl","LikeWater","PathToVictory+1","ReachHeaven","Devotion","Evaluate","FollowUp","CutThroughFate","CrushJoints"],"relics":["PureWater","Tiny Chest","Bottled Flame","Mummified Hand","Toy Ornithopter","Calling Bell","Bag of Marbles","Pantograph","CaptainsWheel","Regal Pillow","Oddly Smooth Stone","DollysMirror","MealTicket"],"acts_visited":["Exordium","TheCity"],"potions_floor_usage":[3,11,22,27,31,33],"damage_taken":[{"damage":7,"enemies":"2 Louse","floor":1,"turns":2},{"damage":0,"enemies":"Small Slimes","floor":2,"turns":3},{"damage":1,"enemies":"Jaw Worm","floor":3,"turns":3},{"damage":14,"enemies":"Exordium Thugs","floor":4,"turns":4},{"damage":2,"enemies":"Blue Slaver","floor":5,"turns":5},{"damage":14,"enemies":"Gremlin Nob","floor":10,"turns":3},{"damage":7,"enemies":"Exordium Wildlife","floor":11,"turns":4},{"damage":12,"enemies":"The Guardian","floor":16,"turns":11},{"damage":15,"enemies":"3 Byrds","floor":18,"turns":6},{"damage":6,"enemies":"Chosen","floor":22,"turns":4},{"damage":8,"enemies":"Snake Plant","floor":24,"turns":4},{"damage":6,"enemies":"Cultist and Chosen","floor":27,"turns":5},{"damage":4,"enemies":"3 Cultists","floor":28,"turns":6},{"damage":16,"enemies":"Snake Plant","floor":30,"turns":4},{"damage":2,"enemies":"Gremlin Leader","floor":31,"turns":3},{"damage":65,"enemies":"Automaton","floor":33,"turns":10}],"seed_played":"4188606966710055761","potions_obtained":[{"floor":1,"key":"Swift Potion"},{"floor":10,"key":"ColorlessPotion"},{"floor":18,"key":"Weak Potion"},{"floor":22,"key":"Weak Potion"},{"floor":30,"key":"DistilledChaos"},{"floor":31,"key":"Weak Potion"}],"is_trial":false,"path_per_floor":["M","M","M","M","M","R","$","R","T","E","M","?","?","?","R","B",null,"M","T","?","?","M","R","M","R","T","M","M","$","M","E","R","B"],"character_chosen":"WATCHER","items_purchased":["Tiny Chest","DollysMirror","Evaluate","FollowUp"],"campfire_rested":4,"item_purchase_floors":[7,29,29,29],"current_hp_per_floor":[58,58,57,43,41,60,60,60,60,46,39,27,14,14,33,21,65,50,50,50,50,49,65,57,57,57,56,52,52,36,39,65,0,0],"gold":86,"neow_bonus":"THREE_RARE_CARDS","is_daily":false,"chose_seed":false,"campfire_upgraded":2,"win_rate":0.0,"timestamp":1610732153,"path_taken":["M","M","M","M","M","R","$","R","T","E","M","?","?","?","R","BOSS","M","?","?","?","M","R","M","R","T","M","M","?","M","E","R","BOSS"],"items_purchased_type":["Relic","Relic","Card","Card"],"build_version":"2020-12-22","purchased_purges":0,"victory":false,"max_hp_per_floor":[65,65,65,65,65,65,65,65,65,65,65,65,65,65,65,65,65,65,65,65,65,65,65,65,65,65,65,65,65,65,65,65,65,65],"card_choices":[{"not_picked":["DevaForm","Brilliance"],"picked":"MasterReality","floor":0},{"not_picked":["FearNoEvil","CrushJoints"],"picked":"ReachHeaven","floor":1},{"not_picked":["Indignation","WaveOfTheHand"],"picked":"LikeWater","floor":2},{"not_picked":["EmptyBody","Prostrate"],"picked":"BattleHymn","floor":3},{"not_picked":["Wireheading","Crescendo"],"picked":"CutThroughFate","floor":4},{"not_picked":["Sanctity","Swivel"],"picked":"FearNoEvil","floor":5},{"not_picked":["Wish","JustLucky"],"picked":"SashWhip","floor":10},{"not_picked":["PathToVictory","Sanctity"],"picked":"Wallop","floor":11},{"not_picked":["MasterReality","Ragnarok"],"picked":"Devotion","floor":16},{"not_picked":["Crescendo+1","SashWhip"],"picked":"Scrawl","floor":18},{"not_picked":["Fasting2","Wallop"],"picked":"LikeWater","floor":22},{"not_picked":["Evaluate","ThirdEye+1"],"picked":"PathToVictory+1","floor":24},{"not_picked":["Prostrate","Adaptation"],"picked":"ReachHeaven","floor":27},{"not_picked":["Tantrum","EmptyFist+1","JustLucky+1"],"picked":"SKIP","floor":28},{"not_picked":["SignatureMove","Consecrate"],"picked":"CutThroughFate","floor":30},{"not_picked":["Adaptation","DeceiveReality+1"],"picked":"CrushJoints","floor":31}],"player_experience":387610,"relics_obtained":[{"floor":9,"key":"Bottled Flame"},{"floor":10,"key":"Mummified Hand"},{"floor":17,"key":"Bag of Marbles"},{"floor":17,"key":"Pantograph"},{"floor":17,"key":"CaptainsWheel"},{"floor":19,"key":"Regal Pillow"},{"floor":26,"key":"Oddly Smooth Stone"},{"floor":31,"key":"MealTicket"}],"event_choices":[{"damage_healed":0,"gold_gain":0,"player_choice":"Relic ","damage_taken":12,"max_hp_gain":0,"max_hp_loss":0,"event_name":"betterThird:BetterScrap","floor":12,"gold_loss":0,"cards_obtained":["Buffer"]},{"damage_healed":27,"gold_gain":0,"player_choice":"Upgrade","damage_taken":13,"max_hp_gain":0,"max_hp_loss":65,"event_name":"betterThird:BetterShining","floor":13,"gold_loss":0,"cards_upgraded":["Strike_P","CutThroughFate"]},{"damage_healed":0,"gold_gain":0,"player_choice":"Grow","damage_taken":0,"max_hp_gain":0,"max_hp_loss":0,"event_name":"Living Wall","floor":14,"gold_loss":0,"cards_upgraded":["Wallop"]},{"cards_removed":["Strike_P"],"damage_healed":0,"gold_gain":0,"player_choice":"Give","damage_taken":0,"max_hp_gain":0,"max_hp_loss":0,"event_name":"betterNote:BetterNote","floor":20,"gold_loss":0,"cards_obtained":["Defend_P"]},{"damage_healed":0,"gold_gain":0,"player_choice":"Materialism","damage_taken":0,"max_hp_gain":0,"max_hp_loss":8,"event_name":"betterThird:BetterWriting","floor":21,"gold_loss":0}],"is_beta":false,"boss_relics":[{"not_picked":["SacredBark","Fusion Hammer"],"picked":"Calling Bell"}],"items_purged_floors":[],"is_endless":false,"potions_floor_spawned":[1,10,18,22,30,31],"killed_by":"Automaton","ascension_level":0}}