{"host":"qswkx8hggytna0kc","time":1610689848,"event":{"mods":["Aspiration","BaseMod","BetterRewards","Colored Map","Colored Powertips","Highlight Path","Hubris","Mimic Mod","Minty Spire (QoL Compilation)","MostiFishMod","Quick Restart","Replay The Spire","StSLib","SuperFastMode"],"gold_per_floor":[-1288,-1288,-1276,-1256,14,47,47,80,80,98,127,127,77,92,92,193,193,206,206,206,217,237,263,263,263,301,334,350,383,400,418,418,520,520,531,546,556,571,589,616,671,685,716,749,749,826,826,880,880,952,952,952,22,68,146],"floor_reached":56,"language":"ZHS","playtime":5255,"items_purged":[],"score":2467,"play_id":"119329f7-5d21-4fbd-8070-df1ebf80b6ed","local_time":"20210115135048","is_ascension_mode":true,"campfire_choices":[{"data":"Calculated Gamble","floor":12,"key":"SMITH"},{"data":"Noxious Fumes","floor":15,"key":"SMITH"},{"data":"After Image","floor":24,"key":"SMITH"},{"data":"MostiFishMod:LethalBlade","floor":32,"key":"SMITH"},{"floor":45,"key":"RECALL"},{"data":"1","floor":47,"key":"LIFT"},{"data":"2","floor":49,"key":"LIFT"},{"data":"3","floor":52,"key":"LIFT"}],"circlet_count":0,"master_deck":["AscendersBane","Strike_G","Strike_G","Strike_G","Defend_G","Defend_G","Defend_G","Defend_G","Survivor","Neutralize","Quick Slash","Underhanded Strike","Calculated Gamble+1","MostiFishMod:ThornCasing","ReplayTheSpireMod:Scrap Shanks","Noxious Fumes+1","Slice","Grand Finale","Quick Slash","MostiFishMod:LethalBlade+1","AbeCurse","Hidden Blade","Acrobatics","After Image+1","Adrenaline","Hidden Blade","ReplayTheSpireMod:Scrap Shanks","MostiFishMod:LethalBlade","Underhanded Strike+1","MostiFishMod:WinterMarkForm","Poisoned Stab","Concentrate","Heel Hook+1","ReplayTheSpireMod:The Works","Flying Knee","ReplayTheSpireMod:Shiv Toss+1","MostiFishMod:PreservedThorns","MostiFishMod:LethalBlade","Accuracy+1","Tools of the Trade"],"relics":["Ring of the Snake","DaveBox","SynthV:MejaisSoulstealer","aspiration:Nostalgia","Burning Blood","SynthV:TestCard","hubris:DeckOfHolding","hubris:TinFlute","Replay:Ringing Soul","Darkstone Periapt","Abe\u0027s Treasure","hubris:PeanutButter","Bottled Tornado","hubris:BundleOfHerbs","Orichalcum","Ring of Chaos","Snack Pack","Girya","Replay:Bandana","Byrd Skull","BirthdayGift-Icosahedron","hubris:Metronome","SynthV:C4"],"acts_visited":[],"potions_floor_usage":[27,27,55],"damage_taken":[{"damage":0,"enemies":"Jaw Worm","floor":1,"turns":3},{"damage":0,"enemies":"Small Slimes","floor":3,"turns":2},{"damage":0,"enemies":"2 Louse","floor":4,"turns":2},{"damage":0,"enemies":"Looter","floor":5,"turns":3},{"damage":3,"enemies":"Gremlin Nob","floor":6,"turns":3},{"damage":20,"enemies":"3 Sentries","floor":8,"turns":5},{"damage":0,"enemies":"2 Fungi Beasts","floor":10,"turns":3},{"damage":0,"enemies":"Lagavulin","floor":11,"turns":4},{"damage":0,"enemies":"Gremlin Gang","floor":14,"turns":4},{"damage":34,"enemies":"Hexaghost","floor":16,"turns":7},{"damage":13,"enemies":"2 Thieves","floor":18,"turns":3},{"damage":0,"enemies":"3 Byrds","floor":21,"turns":4},{"damage":23,"enemies":"Snake Plant","floor":22,"turns":4},{"damage":7,"enemies":"Gremlin Leader","floor":23,"turns":4},{"damage":0,"enemies":"Sentry and Sphere","floor":26,"turns":4},{"damage":7,"enemies":"Slavers","floor":27,"turns":4},{"damage":0,"enemies":"Sentry and Sphere","floor":28,"turns":4},{"damage":0,"enemies":"Book of Stabbing","floor":29,"turns":3},{"damage":0,"enemies":"Centurion and Healer","floor":30,"turns":3},{"damage":0,"enemies":"Cultist and Chosen","floor":31,"turns":4},{"damage":0,"enemies":"Automaton","floor":33,"turns":4},{"damage":0,"enemies":"3 Shapes","floor":35,"turns":3},{"damage":0,"enemies":"Orb Walker","floor":36,"turns":3},{"damage":0,"enemies":"Maw","floor":37,"turns":3},{"damage":0,"enemies":"Sphere and 2 Shapes","floor":38,"turns":3},{"damage":0,"enemies":"Transient","floor":39,"turns":4},{"damage":4,"enemies":"Nemesis","floor":40,"turns":5},{"damage":9,"enemies":"2 Orb Walkers","floor":41,"turns":3},{"damage":1,"enemies":"4 Shapes","floor":42,"turns":3},{"damage":0,"enemies":"Sphere and 2 Shapes","floor":43,"turns":3},{"damage":9,"enemies":"R_Hoarder","floor":44,"turns":3},{"damage":0,"enemies":"Nemesis","floor":46,"turns":3},{"damage":0,"enemies":"Sphere and 2 Shapes","floor":48,"turns":2},{"damage":0,"enemies":"hubris:GrandSnecko","floor":50,"turns":2},{"damage":0,"enemies":"Shield and Spear","floor":54,"turns":1},{"damage":0,"enemies":"The Heart","floor":55,"turns":3}],"seed_played":"267707631126939569","potions_obtained":[{"floor":4,"key":"BlessingOfTheForge"},{"floor":8,"key":"Block Potion"},{"floor":20,"key":"GhostInAJar"},{"floor":20,"key":"Adrenaline Potion"},{"floor":27,"key":"Cursed Concoction"},{"floor":28,"key":"Block Potion"}],"is_trial":false,"path_per_floor":["M","?","M","M","M","E","?","E","T","M","E","R","?","M","R","B",null,"M","?","?","M","M","E","R","?","MIM","E","M","E","M","M","R","B",null,"M","M","M","M","M","E","?","M","MIM","E","R","E","R","M","R","B",null,"R","$","E","B",null],"character_chosen":"THE_SILENT","items_purchased":["BirthdayGift-Icosahedron","hubris:Metronome"],"campfire_rested":0,"item_purchase_floors":[53,53],"current_hp_per_floor":[69,69,70,70,70,70,63,49,49,58,67,67,67,76,76,51,83,79,79,79,88,74,73,73,63,72,71,95,104,112,115,115,118,118,121,121,121,124,127,130,133,136,136,139,139,142,142,145,145,145,145,145,145,148,148],"gold":146,"neow_bonus":"NOSTALGIA","is_daily":false,"chose_seed":false,"campfire_upgraded":4,"win_rate":0.0,"timestamp":1610689848,"path_taken":["M","?","M","M","M","E","?","E","T","M","E","R","?","M","R","BOSS","M","?","?","?","?","E","R","?","MIM","E","M","E","M","?","R","BOSS","M","M","M","M","?","E","?","M","MIM","E","R","E","R","?","R","BOSS","R","$","E","BOSS"],"items_purchased_type":["Relic","Relic"],"build_version":"2020-12-22","purchased_purges":0,"victory":true,"max_hp_per_floor":[70,70,70,70,70,70,70,70,70,73,76,76,76,79,79,82,91,94,94,94,97,100,100,100,100,103,103,106,109,112,115,115,118,118,121,121,121,124,127,130,133,136,136,139,139,142,142,145,145,145,145,145,145,148,148],"card_choices":[{"not_picked":["Blade Dance","Sucker Punch"],"picked":"Quick Slash","floor":1},{"not_picked":["Dagger Throw","Setup","hubris:SlightOfHand","Blur"],"picked":"Underhanded Strike","floor":3},{"not_picked":["Sucker Punch","Poisoned Stab","Acrobatics","Hidden Blade"],"picked":"Calculated Gamble","floor":4},{"not_picked":["Outmaneuver","Hidden Blade","MostiFishMod:PerfectParry","Crippling Poison"],"picked":"MostiFishMod:ThornCasing","floor":5},{"not_picked":["Underhanded Strike","hubris:TrickCloak","Dash","Heel Hook"],"picked":"ReplayTheSpireMod:Scrap Shanks","floor":6},{"not_picked":["Toxin Wave","Setup","Draining Mist","Outmaneuver"],"picked":"Noxious Fumes","floor":8},{"not_picked":["MostiFishMod:PoisonShield","ReplayTheSpireMod:Tripwire","Dagger Throw","Blade Dance"],"picked":"Slice","floor":10},{"not_picked":["Masterful Stab","Cloak And Dagger","Blade Dance","MostiFishMod:PerfectParry"],"picked":"Grand Finale","floor":11},{"not_picked":["Deflect","Poisoned Stab","hubris:SlightOfHand","Bane"],"picked":"Quick Slash","floor":14},{"not_picked":["Tools of the Trade","Glass Knife","Bullet Time","Atom Bomb"],"picked":"MostiFishMod:LethalBlade","floor":16},{"not_picked":["MostiFishMod:PerfectParry","Catalyst+1","Dodge and Roll","Eviscerate"],"picked":"Hidden Blade","floor":18},{"not_picked":["Bane","hubris:SlightOfHand","Replay:Poison Smokescreen","Accuracy"],"picked":"Acrobatics","floor":21},{"not_picked":["Prepared+1","hubris:SlightOfHand","Setup","Backflip"],"picked":"After Image","floor":22},{"not_picked":["Outmaneuver","Bouncing Flask","MostiFishMod:PerfectParry","Flying Knee+1","Deadly Poison"],"picked":"SKIP","floor":23},{"not_picked":["Dodge and Roll","Underhanded Strike+1","Flying Knee","Dagger Throw"],"picked":"Adrenaline","floor":26},{"not_picked":["Skewer","PiercingWail","Masterful Stab","MostiFishMod:PerfectParry","Flying Knee"],"picked":"SKIP","floor":27},{"not_picked":["PiercingWail","Caltrops","Predator","Deflect+1"],"picked":"Hidden Blade","floor":28},{"not_picked":["Cloak And Dagger","Blur","MostiFishMod:PoisonShield","Hidden Blade"],"picked":"ReplayTheSpireMod:Scrap Shanks","floor":29},{"not_picked":["Deflect","hubris:SlightOfHand","MostiFishMod:PreservedThorns","Backflip+1"],"picked":"MostiFishMod:LethalBlade","floor":30},{"not_picked":["Predator","Blur+1","Draining Mist+1","Blade Dance"],"picked":"Underhanded Strike+1","floor":31},{"not_picked":["MostiFishMod:SpreadingSpore","Venomology","aspiration:Lunge","Storm of Steel"],"picked":"MostiFishMod:WinterMarkForm","floor":33},{"not_picked":["Deflect+1","MostiFishMod:PerfectParry","Blade Dance","Sucker Punch+1"],"picked":"Poisoned Stab","floor":35},{"not_picked":["Deflect","Dodge and Roll","Catalyst+1","Distraction","Blade Dance"],"picked":"SKIP","floor":36},{"not_picked":["Bouncing Flask+1","Outmaneuver+1","Sucker Punch+1","Quick Slash","MostiFishMod:PerfectParry"],"picked":"SKIP","floor":37},{"not_picked":["MostiFishMod:SpreadingSpore","Fluid Movement","Dodge and Roll","Draining Mist"],"picked":"Concentrate","floor":38},{"not_picked":["Noxious Fumes","hubris:SlightOfHand+1","Slice","Hidden Blade"],"picked":"Heel Hook+1","floor":39},{"not_picked":["Outmaneuver","Deadly Poison","Bane+1","hubris:SlightOfHand"],"picked":"ReplayTheSpireMod:The Works","floor":40},{"not_picked":["Fluid Movement","Backflip","Dagger Throw+1","Sucker Punch"],"picked":"Flying Knee","floor":41},{"not_picked":["Catalyst","Setup","Dash","hubris:SlightOfHand"],"picked":"ReplayTheSpireMod:Shiv Toss+1","floor":42},{"not_picked":["ReplayTheSpireMod:Shiv Toss","hubris:Counter","ReplayTheSpireMod:Scrap Shanks","MostiFishMod:FrostNova"],"picked":"MostiFishMod:PreservedThorns","floor":44},{"not_picked":["MostiFishMod:PerfectParry","PiercingWail","Riddle With Holes","ReplayTheSpireMod:Shiv Toss"],"picked":"MostiFishMod:LethalBlade","floor":46},{"not_picked":["Bane","PiercingWail+1","Cloak And Dagger","Backflip"],"picked":"Accuracy+1","floor":48},{"not_picked":["Deadly Poison","Cloak And Dagger","Backflip","Outmaneuver"],"picked":"Tools of the Trade","floor":54}],"player_experience":312105,"relics_obtained":[{"floor":1,"key":"SynthV:TestCard"},{"floor":6,"key":"hubris:DeckOfHolding"},{"floor":8,"key":"hubris:TinFlute"},{"floor":9,"key":"Replay:Ringing Soul"},{"floor":11,"key":"Darkstone Periapt"},{"floor":23,"key":"hubris:PeanutButter"},{"floor":26,"key":"Bottled Tornado"},{"floor":27,"key":"hubris:BundleOfHerbs"},{"floor":29,"key":"Orichalcum"},{"floor":40,"key":"Snack Pack"},{"floor":41,"key":"Girya"},{"floor":44,"key":"Replay:Bandana"},{"floor":46,"key":"Byrd Skull"},{"floor":54,"key":"SynthV:C4"}],"event_choices":[{"cards_removed":["Strike_G"],"damage_healed":0,"gold_gain":0,"player_choice":"Card Removal","damage_taken":7,"max_hp_gain":0,"max_hp_loss":0,"event_name":"Golden Wing","floor":7,"gold_loss":0},{"cards_removed":["Strike_G"],"damage_healed":0,"gold_gain":0,"player_choice":"Card Removal","damage_taken":0,"max_hp_gain":0,"max_hp_loss":0,"event_name":"The Cleric","floor":13,"gold_loss":50},{"damage_healed":0,"gold_gain":0,"player_choice":"Ignored","damage_taken":0,"max_hp_gain":0,"max_hp_loss":0,"event_name":"Ghosts","floor":19,"gold_loss":0},{"damage_healed":0,"gold_gain":0,"player_choice":"Got Potions","damage_taken":0,"max_hp_gain":0,"max_hp_loss":0,"event_name":"Lab","floor":20,"gold_loss":0},{"damage_healed":0,"gold_gain":0,"player_choice":"Damaged","damage_taken":10,"max_hp_gain":0,"max_hp_loss":0,"event_name":"Wheel of Change","floor":25,"gold_loss":0},{"damage_healed":0,"gold_gain":0,"player_choice":"Fight","damage_taken":0,"max_hp_gain":0,"max_hp_loss":0,"event_name":"Mysterious Sphere","floor":41,"gold_loss":0}],"is_beta":false,"boss_relics":[{"not_picked":["hubris:Stopwatch","Astrolabe"],"picked":"Abe\u0027s Treasure"},{"not_picked":["Snecko Eye","Velvet Choker"],"picked":"Ring of Chaos"}],"items_purged_floors":[],"is_endless":false,"potions_floor_spawned":[4,8,10,11,27,28,31,33,37,38,39,40,41,48],"ascension_level":12}}