{"host":"ga4s3hj9m6nkn6gp","time":1610670687,"event":{"mods":["AchievementEnabler","BaseMod","Bestiary","Colored Powertips","Highlight Path","Minty Spire (QoL Compilation)","Relic Stats","everything is the same but u backflip on backflip"],"gold_per_floor":[368,368,381,393,278,305,305,337,337,348,375,404,404,404,404,534,534,559,583,120,120,320,364,395,420,420,420,420,447,482,582,582,684,684,703,717,450,410,105,105,139,166,259,271,310,335,365,408,420,432,444,456,6,33,33],"floor_reached":56,"language":"ENG","playtime":2935,"items_purged":["Strike_B","Strike_B","Dualcast","Coolheaded","Streamline+1"],"score":2012,"play_id":"c8877416-16e5-4cab-96e0-d208352b666d","local_time":"20210115013127","is_ascension_mode":true,"campfire_choices":[{"data":"Doom and Gloom","floor":7.0,"key":"SMITH"},{"floor":13,"key":"REST"},{"data":"Zap","floor":15,"key":"SMITH"},{"floor":27,"key":"REST"},{"floor":32,"key":"RECALL"},{"floor":40,"key":"REST"},{"floor":44,"key":"REST"},{"floor":49,"key":"REST"},{"floor":52,"key":"REST"}],"circlet_count":0,"master_deck":["Strike_B+1","Strike_B+1","Defend_B+1","Defend_B+1","Defend_B+1","Defend_B+1","Zap+1","Doom and Gloom+1","Compile Driver","Rip and Tear","Thunder Strike+1","Beam Cell+1","Go for the Eyes+1","FTL+1","All For One+1","Beam Cell+1","Hologram","Sweeping Beam+1","Beam Cell+1","Ball Lightning+1","FTL+1","Steam","Leap+1","Sweeping Beam+1","Core Surge+1","Dark Shackles","Steam","All For One+1","Conserve Battery+1","Recycle+1","Hologram+1","Hologram","Ball Lightning+1","Leap+1"],"relics":["Cracked Core","Matryoshka","Molten Egg 2","WingedGreaves","InkBottle","PreservedInsect","Question Card","Thread and Needle","Bloody Idol","Fusion Hammer","TungstenRod","Shuriken","Blue Candle","Dream Catcher","Pear","Red Mask","HornCleat","Bird Faced Urn","Gremlin Horn","SlaversCollar","MawBank","Darkstone Periapt","StrikeDummy","Sling","Strawberry","Vajra"],"acts_visited":["Exordium","TheCity","TheBeyond","TheEnding"],"potions_floor_usage":[11,19,29,30,30,45,55,55,55,55,55,55],"damage_taken":[{"damage":0.0,"enemies":"Cultist","floor":1.0,"turns":4.0},{"damage":11.0,"enemies":"Small Slimes","floor":3.0,"turns":4.0},{"damage":0.0,"enemies":"2 Louse","floor":4.0,"turns":1.0},{"damage":20.0,"enemies":"Lagavulin","floor":6.0,"turns":6.0},{"damage":2.0,"enemies":"Gremlin Nob","floor":8.0,"turns":3.0},{"damage":1.0,"enemies":"Looter","floor":10.0,"turns":3.0},{"damage":0,"enemies":"Lagavulin","floor":11,"turns":5},{"damage":13,"enemies":"Gremlin Nob","floor":12,"turns":3},{"damage":0,"enemies":"Hexaghost","floor":16,"turns":7},{"damage":3,"enemies":"Chosen","floor":18,"turns":3},{"damage":5,"enemies":"2 Thieves","floor":19,"turns":2},{"damage":2,"enemies":"Book of Stabbing","floor":23,"turns":3},{"damage":0,"enemies":"Gremlin Leader","floor":24,"turns":2},{"damage":0,"enemies":"Chosen and Byrds","floor":25,"turns":3},{"damage":6,"enemies":"Masked Bandits","floor":29,"turns":2},{"damage":3,"enemies":"Slavers","floor":30,"turns":3},{"damage":0,"enemies":"Colosseum Slavers","floor":31,"turns":2},{"damage":0,"enemies":"Colosseum Nobs","floor":31,"turns":2},{"damage":12,"enemies":"Automaton","floor":33,"turns":5},{"damage":0,"enemies":"Orb Walker","floor":35,"turns":2},{"damage":0,"enemies":"3 Shapes","floor":36,"turns":2},{"damage":0,"enemies":"Reptomancer","floor":41,"turns":4},{"damage":0,"enemies":"Writhing Mass","floor":42,"turns":6},{"damage":0,"enemies":"Nemesis","floor":45,"turns":3},{"damage":0,"enemies":"3 Darklings","floor":46,"turns":2},{"damage":0,"enemies":"Spire Growth","floor":47,"turns":3},{"damage":0,"enemies":"Reptomancer","floor":48,"turns":2},{"damage":45,"enemies":"Time Eater","floor":50,"turns":10},{"damage":26,"enemies":"Shield and Spear","floor":54,"turns":3},{"damage":75,"enemies":"The Heart","floor":55,"turns":8}],"seed_played":"73573552148472397","potions_obtained":[{"floor":1.0,"key":"FearPotion"},{"floor":3.0,"key":"Fire Potion"},{"floor":6.0,"key":"SpeedPotion"},{"floor":8.0,"key":"Explosive Potion"},{"floor":12,"key":"SneckoOil"},{"floor":16,"key":"LiquidMemories"},{"floor":18,"key":"FocusPotion"},{"floor":23,"key":"Explosive Potion"},{"floor":25,"key":"Fruit Juice"},{"floor":29,"key":"PowerPotion"},{"floor":38,"key":"SkillPotion"},{"floor":38,"key":"SpeedPotion"},{"floor":41,"key":"Dexterity Potion"},{"floor":45,"key":"Dexterity Potion"},{"floor":46,"key":"Weak Potion"},{"floor":48,"key":"EntropicBrew"}],"is_trial":false,"path_per_floor":["M","T","M","M","$","E","R","E","T","M","E","E","R","?","R","B",null,"M","M","$","?","?","E","E","M","T","R","?","?","E","?","R","B",null,"M","M","$","?","$","R","E","M","T","R","E","M","M","E","R","B",null,"R","$","E","B",null],"character_chosen":"DEFECT","items_purchased":["Rip and Tear","TungstenRod","Sweeping Beam+1","Dark Shackles","Steam","All For One+1","Sling","Strawberry"],"campfire_rested":6,"item_purchase_floors":[5,20,20,37,37,39,53,53],"current_hp_per_floor":[50,50,39,39,39,19,19,17,17,16,16,3,25,25,25,25,58,55,50,50,50,50,48,48,48,58,79,79,83,84,84,84,77,82,84,84,84,84,84,84,84,84,84,84,84,84,84,84,84,39,74,84,91,70,10],"gold":33,"neow_bonus":"TWO_FIFTY_GOLD","is_daily":false,"chose_seed":false,"campfire_upgraded":2,"win_rate":0.0,"timestamp":1610670687,"path_taken":["M","?","M","M","$","E","R","E","T","M","E","E","R","?","R","BOSS","M","M","$","?","?","E","E","?","T","R","?","?","E","?","R","BOSS","M","M","$","?","$","R","E","M","T","R","E","M","M","E","R","BOSS","R","$","E","BOSS"],"items_purchased_type":["Card","Relic","Card","Card","Card","Card","Relic","Relic"],"build_version":"2020-12-22","purchased_purges":5,"victory":true,"max_hp_per_floor":[75,75,75,75,75,75,75,75,75,75,75,75,75,69,69,69,69,69,69,69,69,69,69,69,69,79,79,79,84,84,84,84,84,84,84,84,84,84,84,84,84,84,84,84,84,84,84,84,84,84,84,84,91,91,91],"relic_stats":{"Darkstone Periapt":0,"Gremlin Horn":[13,14],"counters":[30,108],"Blue Candle":[0],"PreservedInsect":484,"Question Card":25,"MawBank":144,"Dream Catcher":5,"Shuriken":[63],"Bloody Idol":31,"Bird Faced Urn":[0],"obtain_stats":[{"Darkstone Periapt":45,"Gremlin Horn":31,"Vajra":54,"Sling":53,"Dream Catcher":26,"Matryoshka":2,"HornCleat":30,"Strawberry":53,"WingedGreaves":8,"Fusion Hammer":17,"Red Mask":29,"Cracked Core":0,"InkBottle":9,"Pear":26,"Golden Idol":14,"Blue Candle":24,"Thread and Needle":12,"PreservedInsect":9,"Question Card":11,"MawBank":41,"SlaversCollar":34,"Shuriken":23,"Bloody Idol":28,"Bird Faced Urn":31,"Molten Egg 2":6,"StrikeDummy":48,"TungstenRod":20},{"Darkstone Periapt":24,"Gremlin Horn":18,"Vajra":29,"Sling":28,"Dream Catcher":14,"Matryoshka":1,"HornCleat":16,"Strawberry":28,"WingedGreaves":5,"Fusion Hammer":9,"Red Mask":15,"Cracked Core":0,"InkBottle":5,"Pear":14,"Golden Idol":8,"Blue Candle":13,"Thread and Needle":8,"PreservedInsect":5,"Question Card":7,"MawBank":22,"SlaversCollar":19,"Shuriken":12,"Bloody Idol":14,"Bird Faced Urn":18,"Molten Egg 2":4,"StrikeDummy":27,"TungstenRod":11},{"Darkstone Periapt":80,"Gremlin Horn":58,"Vajra":100,"Sling":97,"Dream Catcher":49,"Matryoshka":4,"HornCleat":54,"Strawberry":97,"WingedGreaves":18,"Fusion Hammer":36,"Red Mask":51,"Cracked Core":0,"InkBottle":18,"Pear":49,"Golden Idol":29,"Blue Candle":46,"Thread and Needle":29,"PreservedInsect":18,"Question Card":26,"MawBank":71,"SlaversCollar":63,"Shuriken":44,"Bloody Idol":49,"Bird Faced Urn":58,"Molten Egg 2":15,"StrikeDummy":87,"TungstenRod":41}],"InkBottle":[43],"TungstenRod":42},"card_choices":[{"not_picked":["Rebound","Auto Shields"],"picked":"Doom and Gloom","floor":1.0},{"not_picked":["Steam","Rebound"],"picked":"Compile Driver","floor":3.0},{"not_picked":["Stack","Loop"],"picked":"Coolheaded","floor":4.0},{"not_picked":["Storm","Meteor Strike+1"],"picked":"Streamline+1","floor":6.0},{"not_picked":["Hello World","Tempest"],"picked":"Thunder Strike+1","floor":8.0},{"not_picked":["Auto Shields","Stack"],"picked":"Beam Cell+1","floor":10.0},{"not_picked":["Lockon+1","Cold Snap+1"],"picked":"Go for the Eyes+1","floor":11},{"not_picked":["Force Field","Hello World","Redo"],"picked":"FTL+1","floor":12},{"not_picked":["Electrodynamics","Amplify","Meteor Strike+1"],"picked":"All For One+1","floor":16},{"not_picked":["Leap","Stack","Undo"],"picked":"Beam Cell+1","floor":18},{"not_picked":["Rebound+1","Self Repair","Streamline+1"],"picked":"Hologram","floor":19},{"not_picked":["Steam Power","Undo","Compile Driver+1","Redo"],"picked":"SKIP","floor":23},{"not_picked":["Leap","Redo","Compile Driver+1"],"picked":"Beam Cell+1","floor":24},{"not_picked":["Turbo","Gash+1","Aggregate+1"],"picked":"Ball Lightning+1","floor":25},{"not_picked":["Force Field+1","Multi-Cast","Glacier"],"picked":"FTL+1","floor":27},{"not_picked":["Barrage+1","Auto Shields","Streamline+1"],"picked":"Steam","floor":29},{"not_picked":["Coolheaded","Heatsinks+1","Streamline+1"],"picked":"Leap+1","floor":30},{"not_picked":["Auto Shields+1","Barrage+1","Steam"],"picked":"Sweeping Beam+1","floor":31},{"not_picked":["Amplify","Thunder Strike+1","Machine Learning"],"picked":"Core Surge+1","floor":33},{"not_picked":["Scrape+1","Turbo+1","Defragment","Streamline+1"],"picked":"SKIP","floor":35},{"not_picked":["Streamline+1","Heatsinks+1","Hello World+1","Conserve Battery"],"picked":"SKIP","floor":36},{"not_picked":["Beam Cell+1","Reboot","Go for the Eyes+1"],"picked":"Conserve Battery+1","floor":40},{"not_picked":["Barrage+1","Beam Cell+1","Rebound+1","Turbo"],"picked":"SKIP","floor":41},{"not_picked":["Capacitor+1","Redo+1","Conserve Battery"],"picked":"Recycle+1","floor":42},{"not_picked":["Sweeping Beam+1","Heatsinks","Coolheaded","Redo"],"picked":"SKIP","floor":45},{"not_picked":["Glacier+1","Stack+1","Go for the Eyes+1"],"picked":"Hologram+1","floor":46},{"not_picked":["Steam","Barrage+1","Go for the Eyes+1"],"picked":"Hologram","floor":47},{"not_picked":["Force Field","Chill+1","Redo"],"picked":"Ball Lightning+1","floor":48},{"not_picked":["Chill","Sweeping Beam+1","Capacitor+1"],"picked":"Leap+1","floor":54}],"player_experience":626290,"relics_obtained":[{"floor":2.0,"key":"Matryoshka"},{"floor":6.0,"key":"Molten Egg 2"},{"floor":8.0,"key":"WingedGreaves"},{"floor":9.0,"key":"InkBottle"},{"floor":9.0,"key":"PreservedInsect"},{"floor":11,"key":"Question Card"},{"floor":12,"key":"Thread and Needle"},{"floor":23,"key":"Shuriken"},{"floor":24,"key":"Blue Candle"},{"floor":26,"key":"Dream Catcher"},{"floor":26,"key":"Pear"},{"floor":29,"key":"Red Mask"},{"floor":30,"key":"HornCleat"},{"floor":31,"key":"Bird Faced Urn"},{"floor":31,"key":"Gremlin Horn"},{"floor":41,"key":"MawBank"},{"floor":45,"key":"Darkstone Periapt"},{"floor":48,"key":"StrikeDummy"},{"floor":54,"key":"Vajra"}],"event_choices":[{"damage_healed":0,"gold_gain":0,"player_choice":"Lose Max HP","damage_taken":0,"relics_obtained":["Golden Idol"],"max_hp_gain":0,"max_hp_loss":6,"event_name":"Golden Idol","floor":14,"gold_loss":0},{"damage_healed":0,"gold_gain":0,"player_choice":"Simplicity","damage_taken":0,"max_hp_gain":0,"max_hp_loss":0,"event_name":"Back to Basics","floor":21,"gold_loss":0,"cards_upgraded":["Strike_B","Strike_B","Defend_B","Defend_B","Defend_B","Defend_B"]},{"damage_healed":0,"gold_gain":200,"player_choice":"Gold","damage_taken":0,"max_hp_gain":0,"max_hp_loss":0,"event_name":"Wheel of Change","floor":22,"gold_loss":0},{"damage_healed":0,"gold_gain":0,"player_choice":"Gave Idol","damage_taken":0,"relics_obtained":["Bloody Idol"],"max_hp_gain":0,"max_hp_loss":0,"event_name":"Forgotten Altar","floor":28,"relics_lost":["Golden Idol"],"gold_loss":0},{"damage_healed":0,"gold_gain":0,"player_choice":"Fought Bandits","damage_taken":0,"max_hp_gain":0,"max_hp_loss":0,"event_name":"Masked Bandits","floor":29,"gold_loss":0},{"damage_healed":0,"gold_gain":0,"player_choice":"Fight","damage_taken":0,"max_hp_gain":0,"max_hp_loss":0,"event_name":"Colosseum","floor":31,"gold_loss":0},{"damage_healed":0,"gold_gain":0,"player_choice":"Fought Nobs","damage_taken":0,"max_hp_gain":0,"max_hp_loss":0,"event_name":"Colosseum","floor":31,"gold_loss":0},{"damage_healed":0,"gold_gain":0,"player_choice":"Bought 3 Potions","damage_taken":0,"max_hp_gain":0,"max_hp_loss":0,"event_name":"The Woman in Blue","floor":38,"gold_loss":0}],"is_beta":false,"boss_relics":[{"not_picked":["Sozu","Velvet Choker"],"picked":"Fusion Hammer"},{"not_picked":["Runic Dome","Empty Cage"],"picked":"SlaversCollar"}],"items_purged_floors":[5,20,37,39,53],"is_endless":false,"potions_floor_spawned":[1,3,6,8,12,16,18,23,25,29,41,45,46,47,48,54],"ascension_level":8}}