{"host":"v79nb9qnzs8cga96","time":1610717467,"event":{"mods":["2.2 Compatiblity","Ascension Reborn","Aspiration","Bard","BaseMod","Beaked The Cultist","Better Note","Block Reminder","Custom Start","GifTheSpireLib","Marked Mod","Minty Spire (QoL Compilation)","Quarter Circle Forward PUNCH!","SacredBarkPlus","Small Relic Pack","StSLib","Stuff the Spire","The Bladedancer","The Cursed","The Forsaken","The Necromancer","The Poker Player","The Runesmith","The Saiyan","The Showman","The Spell Scribe","TheFirefly","vexMod"],"gold_per_floor":[110,61,81,92,92,127,127,127,179,179,227,218,246,6,6,146,146,171,189,218,5,5,48,48,48,48,92,112,1,12,49,49,156,156,170,49,49,49],"floor_reached":37,"language":"ENG","playtime":6841,"items_purged":["Pain","Injury"],"score":455,"play_id":"79228fd1-f332-4383-8c5c-53311ed87927","local_time":"20210115153107","is_ascension_mode":true,"campfire_choices":[{"data":"blademaster:Sharpen","floor":7.0,"key":"SMITH"},{"floor":10.0,"key":"REST"},{"data":"blademaster:ThunderSlash","floor":15.0,"key":"SMITH"},{"data":"blademaster:Stability","floor":24.0,"key":"SMITH"},{"data":"blademaster:EyeOfTheTornado","floor":32.0,"key":"SMITH"}],"circlet_count":0,"master_deck":["blademaster:Strike","blademaster:Strike","blademaster:Strike","blademaster:Strike","blademaster:Defend","blademaster:Defend","blademaster:Defend","blademaster:Defend","blademaster:RagingBlow","blademaster:HighVoltage","blademaster:Sharpen+1","blademaster:Overcharge","blademaster:AspectOfLightning","blademaster:Flurry","blademaster:ThunderSlash+1","blademaster:Stability+1","blademaster:AwakeningDefend","blademaster:RollingTyphoon","blademaster:Discharge+1","StuffTheSpire:Brawn","blademaster:Sharpen+1","blademaster:Safeguard","blademaster:Vortex","blademaster:EyeOfTheTornado+1","blademaster:Blindside"],"relics":["blademaster:DancersAmulet","aspiration:Nostalgia","Vampire_Amulet","The Courier","Bloody Idol","CeramicFish","qcfpunch:Handcuffs","StuffTheSpire:Saxophone","Ancient Tea Set","WarpedTongs","Membership Card","StuffTheSpire:Gunfinga","Akabeko","Singing Bowl","Tiny Chest","vexMod:FocusSash","Vajra","Eternal Feather","Boot","Dream Catcher"],"acts_visited":["Exordium","TheCity","TheBeyond"],"potions_floor_usage":[],"damage_taken":[{"damage":0.0,"enemies":"Jaw Worm","floor":1.0,"turns":2.0},{"damage":0.0,"enemies":"2 Louse","floor":3.0,"turns":3.0},{"damage":0.0,"enemies":"Cultist","floor":4.0,"turns":4.0},{"damage":31.0,"enemies":"Gremlin Nob","floor":6.0,"turns":5.0},{"damage":18.0,"enemies":"Lagavulin","floor":11.0,"turns":5.0},{"damage":0.0,"enemies":"Large Slime","floor":13.0,"turns":4.0},{"damage":7.0,"enemies":"The Guardian","floor":16.0,"turns":7.0},{"damage":10.0,"enemies":"Shell Parasite","floor":18.0,"turns":5.0},{"damage":15.0,"enemies":"Spheric Guardian","floor":20.0,"turns":4.0},{"damage":26.0,"enemies":"Book of Stabbing","floor":23.0,"turns":6.0},{"damage":18.0,"enemies":"Gremlin Leader","floor":27.0,"turns":6.0},{"damage":0.0,"enemies":"Centurion and Healer","floor":28.0,"turns":4.0},{"damage":0.0,"enemies":"Shelled Parasite and Fungi","floor":30.0,"turns":3.0},{"damage":8.0,"enemies":"Book of Stabbing","floor":31.0,"turns":4.0},{"damage":15.0,"enemies":"Collector","floor":33.0,"turns":6.0},{"damage":0.0,"enemies":"Orb Walker","floor":35.0,"turns":3.0},{"damage":0,"enemies":"3 Darklings","floor":37,"turns":1}],"seed_played":"-5074734702970517532","potions_obtained":[{"floor":1.0,"key":"Swift Potion"},{"floor":4.0,"key":"Explosive Potion"},{"floor":13.0,"key":"Regen Potion"},{"floor":27.0,"key":"Swift Potion"},{"floor":28.0,"key":"DistilledChaos"},{"floor":33.0,"key":"SneckoOil"},{"floor":35.0,"key":"BlessingOfTheForge"}],"is_trial":false,"path_per_floor":["M","?","M","M","?","E","R","?","T","R","E","$","M","$","R","B",null,"M","?","M","$","?","E","R","T","T","E","M","$","M","E","R","B",null,"M","$","M"],"character_chosen":"THE_BLADEMASTER","items_purchased":["blademaster:Stability","StuffTheSpire:Saxophone","Ancient Tea Set","Membership Card","StuffTheSpire:Gunfinga","Vajra","Boot","Dream Catcher"],"campfire_rested":1,"item_purchase_floors":[12,14,14,21,21,29,36,36],"current_hp_per_floor":[75,75,75,75,75,46,46,46,46,68,52,52,54,54,54,49,75,67,67,54,54,54,40,40,40,40,56,67,67,78,79,79,79,79,81,81,81,81],"gold":49,"neow_bonus":"NOSTALGIA","is_daily":false,"chose_seed":false,"campfire_upgraded":4,"win_rate":0.0,"timestamp":1610717467,"path_taken":["M","?","M","M","?","E","R","?","T","R","E","?","M","$","R","BOSS","M","?","?","$","?","E","R","?","T","E","M","$","?","E","R","BOSS","M","$","M"],"items_purchased_type":["Card","Relic","Relic","Relic","Relic","Relic","Relic","Relic"],"build_version":"2020-12-22","purchased_purges":2,"victory":false,"max_hp_per_floor":[75,75,75,75,75,75,75,75,75,75,75,75,75,75,75,75,75,75,75,75,75,75,75,75,75,75,75,77,77,79,79,79,79,79,81,81,81,81],"card_choices":[{"not_picked":["blademaster:BloodyBlow","blademaster:Stability"],"picked":"blademaster:Sharpen","floor":1.0},{"not_picked":["blademaster:BloodyBlow","blademaster:AspectOfWind"],"picked":"blademaster:Overcharge","floor":3.0},{"not_picked":["blademaster:Momentum","blademaster:Havoc"],"picked":"blademaster:AspectOfLightning","floor":4.0},{"not_picked":["blademaster:ChargingUp","blademaster:IcyWind"],"picked":"blademaster:Flurry","floor":6.0},{"not_picked":["blademaster:ThreePointStrike","blademaster:Frenzy"],"picked":"blademaster:ThunderSlash","floor":11.0},{"not_picked":["blademaster:Slice","blademaster:AspectOfWind"],"picked":"blademaster:AwakeningDefend","floor":13.0},{"not_picked":["blademaster:Empower","blademaster:HighVoltage"],"picked":"blademaster:RollingTyphoon","floor":16.0},{"not_picked":["blademaster:Sharpen","blademaster:Frontflip"],"picked":"blademaster:Discharge+1","floor":18.0},{"not_picked":["blademaster:WindSlash","blademaster:SlyStabs"],"picked":"blademaster:Sharpen+1","floor":20.0},{"not_picked":["blademaster:Slice","blademaster:Thrust"],"picked":"blademaster:Safeguard","floor":23.0},{"not_picked":["blademaster:SlyStabs+1","blademaster:HighVoltage"],"picked":"blademaster:Vortex","floor":27.0},{"not_picked":["blademaster:Thrust","blademaster:Sharpen+1","blademaster:Stability"],"picked":"Singing Bowl","floor":28.0},{"not_picked":["blademaster:AspectOfLightning","blademaster:IcyWind","blademaster:Vortex"],"picked":"Singing Bowl","floor":30.0},{"not_picked":["blademaster:Blindside","blademaster:LeechingStrike"],"picked":"blademaster:EyeOfTheTornado","floor":31.0},{"not_picked":["blademaster:LightningDraw","blademaster:StanceMastery"],"picked":"blademaster:Blindside","floor":33.0},{"not_picked":["blademaster:Frontflip+1","blademaster:Discharge","blademaster:Reversal+1"],"picked":"Singing Bowl","floor":35.0}],"player_experience":476471,"relics_obtained":[{"floor":6.0,"key":"The Courier"},{"floor":6.0,"key":"blademaster:WindChargePerk"},{"floor":9.0,"key":"CeramicFish"},{"floor":11.0,"key":"qcfpunch:Handcuffs"},{"floor":11.0,"key":"blademaster:RandomBladePerk"},{"floor":23.0,"key":"Akabeko"},{"floor":23.0,"key":"blademaster:DextrousPerk"},{"floor":25.0,"key":"Singing Bowl"},{"floor":26.0,"key":"Tiny Chest"},{"floor":27.0,"key":"vexMod:FocusSash"},{"floor":27.0,"key":"blademaster:BleedingMoreDamagePerk"},{"floor":31.0,"key":"Eternal Feather"},{"floor":31.0,"key":"blademaster:FuryEveryTurnPerk"}],"event_choices":[{"damage_healed":0.0,"max_hp_gain":0.0,"max_hp_loss":0.0,"gold_gain":0.0,"event_name":"World of Goop","player_choice":"Left Gold","floor":2.0,"gold_loss":49.0,"damage_taken":0.0},{"damage_healed":0.0,"max_hp_gain":0.0,"max_hp_loss":0.0,"gold_gain":0.0,"event_name":"Golden Idol","player_choice":"Take Wound","floor":8.0,"gold_loss":0.0,"damage_taken":0.0,"relics_obtained":["Golden Idol"],"cards_obtained":["Injury"]},{"damage_healed":0.0,"max_hp_gain":0.0,"max_hp_loss":0.0,"gold_gain":0.0,"event_name":"Accursed Blacksmith","player_choice":"Rummage","floor":19.0,"gold_loss":0.0,"damage_taken":0.0,"relics_obtained":["WarpedTongs"],"cards_obtained":["Pain"]},{"damage_healed":0.0,"max_hp_gain":0.0,"max_hp_loss":0.0,"gold_gain":0.0,"event_name":"Forgotten Altar","player_choice":"Gave Idol","floor":22.0,"relics_lost":["Golden Idol"],"gold_loss":0.0,"damage_taken":0.0,"relics_obtained":["Bloody Idol"]}],"is_beta":false,"boss_relics":[{"not_picked":["StuffTheSpire:Kangaroo","Runic Dome","StuffTheSpire:ModemDavis"]},{"not_picked":["Astrolabe","relicPack:ShieldShield","StuffTheSpire:RunicConfusion"]}],"items_purged_floors":[21,29],"is_endless":false,"potions_floor_spawned":[1,4,13,20,27,28,33,35],"killed_by":"3 Darklings","ascension_level":1}}