{"host":"s7l2a3wroivred6i","time":1610746082,"event":{"mods":["AchievementEnabler","BaseMod","Better Altar","Better Match","Better Note","Better Sensory Stone","Better Skull","Better Synergies","Better Third Choice","BetterRewards","Conspire","Downfall","GifTheSpireLib","Hubris","Infinite Spire","Minty Spire (QoL Compilation)","Replay The Spire","Retaliation","StSLib","Stuff the Spire","The Blue Laboratory"],"gold_per_floor":[113,288,288,301,316,342,342,18,18,18,18,52,52,52,52,52,52],"floor_reached":16,"language":"ENG","playtime":697,"items_purged":[],"score":216,"play_id":"66b3bc5d-7bd2-43f3-aeec-265d8b431613","local_time":"20210115162802","is_ascension_mode":true,"campfire_choices":[{"data":"infinitespire:OneForAll","floor":7,"key":"SMITH"},{"data":"ReplayTheSpireMod:Limb From Limb","floor":10,"key":"SMITH"},{"floor":15,"key":"REST"}],"circlet_count":0,"master_deck":["Strike_R","Strike_R","Strike_R","Strike_R","Strike_R","Defend_R","Defend_R","Defend_R","Defend_R","Bash","Whirlwind","Flex","Rage","Rampage","Sword Boomerang","Inflame","infinitespire:OneForAll+1","ReplayTheSpireMod:Limb From Limb+1"],"relics":["Burning Blood","Chemical X","Akabeko","Spirit Poop","hubris:Potato","Gambling Chip","infinitespire:BottledMercury","Lantern","Potion Belt","Darkstone Periapt"],"acts_visited":["Exordium"],"potions_floor_usage":[6,6],"damage_taken":[{"damage":6,"enemies":"conspire:RoseBush","floor":1,"turns":2},{"damage":0,"enemies":"Cultist","floor":4,"turns":3},{"damage":0,"enemies":"2 Louse","floor":5,"turns":1},{"damage":19,"enemies":"Lagavulin","floor":6,"turns":5},{"damage":0,"enemies":"3 Sentries","floor":12,"turns":1},{"damage":80,"enemies":"Fading Forest","floor":16,"turns":11}],"seed_played":"9050168369317409898","potions_obtained":[{"floor":4,"key":"Reflective Coating"},{"floor":5,"key":"LiquidBronze"}],"is_trial":false,"path_per_floor":["M","?","?","M","M","E","R","$","T","R","?","E","$","$","R","B"],"character_chosen":"IRONCLAD","items_purchased":["Whirlwind","Flex","Chemical X","Akabeko","Rage","ReplayTheSpireMod:Limb From Limb","Gambling Chip"],"campfire_rested":1,"item_purchase_floors":[0,0,0,0,0,8,8],"current_hp_per_floor":[72,72,72,78,80,67,67,67,67,67,34,40,40,40,64,0,0],"gold":52,"neow_bonus":"","is_daily":false,"chose_seed":false,"campfire_upgraded":2,"win_rate":0.0,"timestamp":1610746082,"path_taken":["M","?","?","M","?","E","R","$","T","R","?","E","?","$","R","BOSS"],"items_purchased_type":["Card","Card","Relic","Relic","Card","Card","Relic"],"build_version":"2020-12-22","purchased_purges":0,"victory":false,"max_hp_per_floor":[80,80,80,80,80,80,80,80,80,80,80,80,80,80,80,80,80],"card_choices":[{"not_picked":["DDmod:SpikeInjectionSkill","DDmod:PokeAttack"],"picked":"Rampage","floor":1},{"not_picked":["Flex","Hemokinesis"],"picked":"Sword Boomerang","floor":4},{"not_picked":["DDmod:UnstoppableAttack","DDmod:CallousedSkill"],"picked":"Inflame","floor":5},{"not_picked":["StuffTheSpire:Slingshot","DDmod:PokeAttack"],"picked":"infinitespire:OneForAll","floor":6},{"not_picked":["DDmod:UnstoppableAttack","DDmod:PokeAttack","Shrug It Off"],"picked":"SKIP","floor":12}],"player_experience":355883,"relics_obtained":[{"floor":6,"key":"hubris:Potato"},{"floor":9,"key":"infinitespire:BottledMercury"},{"floor":12,"key":"Darkstone Periapt"}],"event_choices":[{"damage_healed":0,"gold_gain":175,"player_choice":"AGREE","damage_taken":113,"max_hp_gain":0,"max_hp_loss":0,"event_name":"betterThird:BetterSerpent","floor":2,"gold_loss":0},{"cards_removed":["Doubt"],"damage_healed":0,"gold_gain":0,"player_choice":"Offered Curse","damage_taken":0,"relics_obtained":["Spirit Poop"],"max_hp_gain":0,"max_hp_loss":0,"event_name":"Bonfire Elementals","floor":3,"gold_loss":0},{"damage_healed":0,"gold_gain":0,"player_choice":"RE RE ","damage_taken":37,"relics_obtained":["Lantern","Potion Belt"],"max_hp_gain":0,"max_hp_loss":0,"event_name":"betterSkull:BetterSkull","floor":11,"gold_loss":0,"cards_upgraded":[]}],"is_beta":false,"boss_relics":[],"items_purged_floors":[],"is_endless":false,"potions_floor_spawned":[4,5],"killed_by":"Fading Forest","ascension_level":4}}