{"host":"5ty8fyb0ngp9gspj","time":1610712941,"event":{"mods":["2.2 Compatiblity","AchievementEnabler","Act Like it!","BaseMod","Colored Map","Downfall","Minty Spire (QoL Compilation)","Rare Cards Sparkle","Replay The Spire","StSLib","The Wild Card","slay the spire mod where everything is the same but ironclad has a cowboy hat"],"gold_per_floor":[110,130,130,143,116,116,116,116],"floor_reached":7,"language":"ENG","playtime":260,"items_purged":[],"score":52,"play_id":"4077ec92-f266-42e4-aa98-171173a91b14","local_time":"20210115231541","is_ascension_mode":true,"campfire_choices":[{"data":"Creative AI","floor":6,"key":"SMITH"}],"circlet_count":0,"master_deck":["Strike_B","Strike_B","Strike_B","Defend_B","Defend_B","Defend_B","Defend_B","Zap","Dualcast","expansioncontent:StudyTheSpire","Panic Button","Reinforced Body","Creative AI+1","Fusion"],"relics":["Cracked Core"],"acts_visited":["Exordium"],"potions_floor_usage":[],"damage_taken":[{"damage":6,"enemies":"Small Slimes","floor":1,"turns":5},{"damage":0,"enemies":"Cultist","floor":2,"turns":2},{"damage":1,"enemies":"Jaw Worm","floor":4,"turns":5},{"damage":22,"enemies":"Exordium Thugs","floor":5,"turns":5},{"damage":13,"enemies":"Gremlin Nob","floor":7,"turns":3}],"seed_played":"2589226989510645542","potions_obtained":[{"floor":1,"key":"Strength Potion"},{"floor":4,"key":"Strength Potion"}],"is_trial":false,"path_per_floor":["M","M","?","M","M","R","E"],"character_chosen":"DEFECT","items_purchased":[],"campfire_rested":0,"item_purchase_floors":[],"current_hp_per_floor":[48,48,48,47,25,25,12,12],"gold":116,"neow_bonus":"RANDOM_COLORLESS_2","is_daily":false,"chose_seed":false,"campfire_upgraded":1,"win_rate":0.0,"timestamp":1610712941,"path_taken":["M","M","?","?","M","R","E"],"items_purchased_type":[],"build_version":"2020-12-22","purchased_purges":0,"victory":false,"max_hp_per_floor":[75,75,75,75,75,75,75,75],"card_choices":[{"not_picked":["Poisoned Strike","Midas Touch"],"picked":"expansioncontent:StudyTheSpire","floor":0},{"not_picked":["Cold Snap","Ball Lightning"],"picked":"Panic Button","floor":1},{"not_picked":["White Noise","Go for the Eyes"],"picked":"Reinforced Body","floor":2},{"not_picked":["Cold Snap","Beam Cell","Steam"],"picked":"SKIP","floor":4},{"not_picked":["Stack","Melter"],"picked":"Fusion","floor":5}],"player_experience":378581,"relics_obtained":[],"event_choices":[{"damage_healed":0,"gold_gain":0,"cards_transformed":["Strike_B"],"player_choice":"Transformed","damage_taken":0,"max_hp_gain":0,"max_hp_loss":0,"event_name":"Transmorgrifier","floor":3,"gold_loss":0,"cards_obtained":["Creative AI"]}],"is_beta":false,"boss_relics":[],"items_purged_floors":[],"is_endless":false,"potions_floor_spawned":[1,4],"killed_by":"Gremlin Nob","ascension_level":4}}