{"host":"fqepcc6wiujntn7y","time":1610709274,"event":{"mods":["AchievementEnabler","BaseMod","Minty Spire (QoL Compilation)","Quick Restart","Replay The Spire","StSLib","The Hayseed","The Jungle","The Necromancer"],"gold_per_floor":[156,156,210,210,261,357,46,85,132,132,162,261,321,354,354,666,666,699,729,729],"floor_reached":19,"language":"ENG","playtime":1403,"items_purged":[],"score":483,"play_id":"caf7ce40-2448-45c0-b7f5-8495b6890ae2","local_time":"20210115111434","daily_mods":["Draft","Hoarder","Midas"],"is_ascension_mode":false,"campfire_choices":[{"floor":10,"key":"REST"}],"circlet_count":0,"master_deck":["Ghostly Armor","Ghostly Armor","Ghostly Armor","Wild Strike","Wild Strike","Wild Strike","Clash","Clash","Cleave","Cleave","Cleave","Whirlwind","Whirlwind","Whirlwind","Shrug It Off","Shrug It Off","Shrug It Off","Havoc","Havoc","Havoc","Cleave","Cleave","Cleave","Metallicize","Metallicize","Metallicize","Wild Strike","Wild Strike","Wild Strike","Iron Wave","Iron Wave","Iron Wave","Cleave","Cleave","Cleave","Inflame","Inflame","Inflame","ReplayReversal","ReplayReversal","ReplayReversal","Intimidate","Intimidate","Intimidate","Havoc","Havoc","Havoc","Self Repair+1","Self Repair+1","Self Repair+1","Rebound","Rebound","ReplayTheSpireMod:Muscle Training","ReplayTheSpireMod:Muscle Training","ReplayTheSpireMod:Muscle Training","Feel No Pain","Feel No Pain","Feel No Pain","Perfected Strike","Perfected Strike","Perfected Strike","WeaponsOverheat","WeaponsOverheat","WeaponsOverheat","Cold Snap","Cold Snap","Cold Snap","Iron Wave","Iron Wave","Iron Wave","Glacier","Glacier","Glacier","Juggernaut","Juggernaut","Juggernaut","Perfected Strike+1","Perfected Strike+1","Perfected Strike+1","Feel No Pain","Feel No Pain","Feel No Pain"],"relics":["Iron Core","Replay:Bottled Snecko","Calipers","Bronze Scales","Replay:Mystery Machine","SlaversCollar"],"acts_visited":["Exordium","Exordium"],"potions_floor_usage":[],"damage_taken":[{"damage":1,"enemies":"Jaw Worm","floor":1,"turns":3},{"damage":10,"enemies":"Small Slimes","floor":3,"turns":4},{"damage":0,"enemies":"Cultist","floor":5,"turns":3},{"damage":28,"enemies":"Lagavulin","floor":6,"turns":5},{"damage":15,"enemies":"Exordium Wildlife","floor":8,"turns":3},{"damage":1,"enemies":"Looter","floor":11,"turns":2},{"damage":6,"enemies":"Gremlin Nob","floor":12,"turns":3},{"damage":12,"enemies":"Gremlin Gang","floor":13,"turns":3},{"damage":7,"enemies":"Large Slime","floor":14,"turns":5},{"damage":30,"enemies":"Hexaghost","floor":16,"turns":9},{"damage":12,"enemies":"theJungle:MUSHROOMGANG","floor":18,"turns":4},{"damage":9,"enemies":"theJungle:GiantWrat","floor":19,"turns":4}],"seed_played":"-2556226339173237720","potions_obtained":[{"floor":3,"key":"Swift Potion"},{"floor":5,"key":"Ancient Potion"},{"floor":8,"key":"DistilledChaos"}],"is_trial":true,"path_per_floor":["M","?","M","?","M","E","$","M","T","R","M","E","M","M","R","B",null,"M","M"],"character_chosen":"IRONCLAD","items_purchased":["Calipers"],"campfire_rested":1,"item_purchase_floors":[7],"current_hp_per_floor":[80,80,80,80,80,52,52,47,47,71,70,64,62,65,65,45,80,78,69,69],"gold":729,"neow_bonus":"","is_daily":false,"chose_seed":false,"campfire_upgraded":0,"win_rate":0.0,"timestamp":1610709274,"path_taken":["M","?","M","?","M","E","$","?","T","R","M","E","M","M","R","BOSS","M","M"],"items_purchased_type":["Relic"],"build_version":"2020-12-22","purchased_purges":0,"victory":false,"max_hp_per_floor":[80,80,80,80,80,80,80,80,80,80,80,80,80,80,80,80,80,80,80,80],"card_choices":[{"not_picked":["Havoc","Abandon"],"picked":"Ghostly Armor","floor":0},{"not_picked":["Replay:Undeath\u0027s Touch","Pummel"],"picked":"Wild Strike","floor":0},{"not_picked":["Life Link","Replay:Undeath\u0027s Touch"],"picked":"Clash","floor":0},{"not_picked":["Havoc","Pommel Strike"],"picked":"Cleave","floor":0},{"not_picked":["Cleave","Hemokinesis"],"picked":"Whirlwind","floor":0},{"not_picked":["Clash","Replay:Undeath\u0027s Touch"],"picked":"Shrug It Off","floor":0},{"not_picked":["Warcry","Pommel Strike"],"picked":"Havoc","floor":0},{"not_picked":["Second Wind","Sword Boomerang"],"picked":"Cleave","floor":0},{"not_picked":["Ghostly Armor","Replay:Undeath\u0027s Touch"],"picked":"Metallicize","floor":0},{"not_picked":["Replay:Undeath\u0027s Touch","Disarm"],"picked":"Wild Strike","floor":0},{"not_picked":["Sword Boomerang","ReplayTheSpireMod:Muscle Training"],"picked":"Iron Wave","floor":0},{"not_picked":["Evolve","Pommel Strike"],"picked":"Cleave","floor":0},{"not_picked":["ReplayTheSpireMod:Muscle Training","Perfected Strike"],"picked":"Inflame","floor":0},{"not_picked":["Body Slam","Anger"],"picked":"ReplayReversal","floor":0},{"not_picked":["ReplayTheSpireMod:LeadingStrike","Perfected Strike"],"picked":"Intimidate","floor":0},{"not_picked":["Clothesline","Sentinel"],"picked":"Havoc","floor":1},{"not_picked":["Flex","ReplayTheSpireMod:Strike From Hell"],"picked":"Rebound","floor":3},{"not_picked":["Clash","Evolve"],"picked":"ReplayTheSpireMod:Muscle Training","floor":5},{"not_picked":["ReplayTheSpireMod:Stacked","Flex"],"picked":"Feel No Pain","floor":6},{"not_picked":["Replay:Undeath\u0027s Touch","Anger"],"picked":"Perfected Strike","floor":8},{"not_picked":["Clash","Twin Strike","Wild Strike"],"picked":"SKIP","floor":11},{"not_picked":["Run Through","ReplayTheSpireMod:Strike From Hell"],"picked":"WeaponsOverheat","floor":12},{"not_picked":["Shockwave","Carnage"],"picked":"Cold Snap","floor":13},{"not_picked":["Clash","Second Wind"],"picked":"Iron Wave","floor":14},{"not_picked":["Firewall","Fiend Fire"],"picked":"Juggernaut","floor":16},{"not_picked":["Replay:Undeath\u0027s Touch","Carnage"],"picked":"Perfected Strike+1","floor":18},{"not_picked":["Clothesline","ReplayTheSpireMod:Limb From Limb"],"picked":"Feel No Pain","floor":19}],"player_experience":34256,"relics_obtained":[{"floor":6,"key":"Replay:Bottled Snecko"},{"floor":9,"key":"Bronze Scales"},{"floor":12,"key":"Replay:Mystery Machine"}],"event_choices":[{"cards_removed":["Rebound"],"damage_healed":0,"gold_gain":0,"player_choice":"Card Removal","damage_taken":0,"max_hp_gain":0,"max_hp_loss":0,"event_name":"Wheel of Change","floor":4,"gold_loss":0}],"is_beta":false,"boss_relics":[{"not_picked":["Tiny House","Velvet Choker"],"picked":"SlaversCollar"}],"items_purged_floors":[],"is_endless":true,"potions_floor_spawned":[3,5,8,14,16,19],"killed_by":"theJungle:GiantWrat","ascension_level":0}}