{"host":"foq4mrde4mssg7vt","time":1610686973,"event":{"mods":["AchievementEnabler","BaseMod","Colored Map","Colored Powertips","Highlight Path","Minty Spire (QoL Compilation)","Relic Stats","everything is the same but u backflip on backflip"],"gold_per_floor":[116,128,10,21,21,21,37,72,72,89,89,101,128,88,88,162,162,172,172,189,37,37,37,65,65,65,65,65,75,108,128,128,207,207,222,247,247,247,261,261,286,316,316,347,389,389,406,39,39,39,39,39,39,39,39],"floor_reached":54,"language":"ENG","playtime":3420,"items_purged":["Strike_B","Hello World"],"score":1547,"play_id":"44b3ebf6-73d6-4060-a400-a2a7c77e3bff","local_time":"20210115130252","is_ascension_mode":true,"campfire_choices":[{"data":"Static Discharge","floor":6.0,"key":"SMITH"},{"floor":11.0,"key":"REST"},{"floor":15.0,"key":"REST"},{"floor":23.0,"key":"REST"},{"floor":25.0,"key":"REST"},{"data":"Go for the Eyes","floor":27.0,"key":"SMITH"},{"data":"Coolheaded","floor":32.0,"key":"SMITH"},{"data":"Hologram","floor":40.0,"key":"SMITH"},{"floor":49.0,"key":"RECALL"},{"data":"Chill","floor":52.0,"key":"SMITH"}],"circlet_count":0,"master_deck":["AscendersBane","Strike_B","Strike_B","Strike_B","Defend_B","Defend_B","Defend_B","Zap","Dualcast","Sweeping Beam","Barrage","Gash","Static Discharge+1","Chill+1","Genetic Algorithm","Compile Driver","Undo","Conserve Battery","Go for the Eyes+1","Hyperbeam","Defragment+1","Hologram+1","Self Repair+1","Echo Form+1","Coolheaded+1","BootSequence","Coolheaded","Stack","Creative AI+1","Force Field","Reinforced Body","Darkness"],"relics":["Cracked Core","Blue Candle","Frozen Egg 2","Symbiotic Virus","Sozu","FaceOfCleric","Happy Flower","Cables","Regal Pillow","SlaversCollar","WingedGreaves","Darkstone Periapt","Incense Burner","CaptainsWheel","CeramicFish","Pear","HornCleat"],"acts_visited":["Exordium","TheCity","TheBeyond","TheEnding"],"potions_floor_usage":[],"damage_taken":[{"damage":0.0,"enemies":"Small Slimes","floor":1.0,"turns":2.0},{"damage":5.0,"enemies":"Cultist","floor":2.0,"turns":4.0},{"damage":9.0,"enemies":"2 Louse","floor":4.0,"turns":3.0},{"damage":8.0,"enemies":"Red Slaver","floor":7.0,"turns":3.0},{"damage":36.0,"enemies":"Gremlin Nob","floor":8.0,"turns":4.0},{"damage":7.0,"enemies":"2 Fungi Beasts","floor":10.0,"turns":3.0},{"damage":11.0,"enemies":"Blue Slaver","floor":12.0,"turns":4.0},{"damage":17.0,"enemies":"3 Sentries","floor":13.0,"turns":6.0},{"damage":6.0,"enemies":"Looter","floor":14.0,"turns":4.0},{"damage":22.0,"enemies":"The Guardian","floor":16.0,"turns":15.0},{"damage":7.0,"enemies":"Chosen","floor":18.0,"turns":3.0},{"damage":30.0,"enemies":"Spheric Guardian","floor":20.0,"turns":5.0},{"damage":41.0,"enemies":"Gremlin Leader","floor":24.0,"turns":6.0},{"damage":0.0,"enemies":"Snecko","floor":29.0,"turns":6.0},{"damage":32.0,"enemies":"Slavers","floor":30.0,"turns":5.0},{"damage":6.0,"enemies":"Centurion and Healer","floor":31.0,"turns":11.0},{"damage":28.0,"enemies":"Champ","floor":33.0,"turns":14.0},{"damage":10.0,"enemies":"Orb Walker","floor":35.0,"turns":6.0},{"damage":0.0,"enemies":"Mind Bloom Boss Battle","floor":36.0,"turns":6.0},{"damage":27.0,"enemies":"3 Darklings","floor":39.0,"turns":7.0},{"damage":20.0,"enemies":"Nemesis","floor":41.0,"turns":10.0},{"damage":50.0,"enemies":"Giant Head","floor":42.0,"turns":13.0},{"damage":0.0,"enemies":"Nemesis","floor":44.0,"turns":9.0},{"damage":26.0,"enemies":"Giant Head","floor":45.0,"turns":14.0},{"damage":21.0,"enemies":"4 Shapes","floor":47.0,"turns":18.0},{"damage":50.0,"enemies":"Donu and Deca","floor":50.0,"turns":16.0},{"damage":93,"enemies":"Shield and Spear","floor":54,"turns":8}],"seed_played":"954299454490319110","potions_obtained":[{"floor":1.0,"key":"BlessingOfTheForge"},{"floor":2.0,"key":"SkillPotion"},{"floor":7.0,"key":"Regen Potion"},{"floor":8.0,"key":"Block Potion"},{"floor":13.0,"key":"Dexterity Potion"}],"is_trial":false,"path_per_floor":["M","M","$","M","?","R","M","E","T","M","R","M","E","M","R","B",null,"M","?","M","$","T","R","E","R","T","R","?","M","E","M","R","B",null,"M","?","?","?","M","R","E","E","T","E","E","T","M","$","R","B",null,"R","$","E"],"character_chosen":"DEFECT","items_purchased":["Barrage","Gash","Self Repair+1","HornCleat"],"campfire_rested":4,"item_purchase_floors":[3,3,21,48],"current_hp_per_floor":[71,66,66,57,57,57,49,13,13,6,29,18,16,10,33,11,61,54,54,25,25,25,48,18,42,42,42,42,53,32,47,47,40,73,84,86,82,82,76,76,77,48,48,69,64,74,74,74,74,45,86,86,86,0,0],"gold":39,"neow_bonus":"TEN_PERCENT_HP_BONUS","is_daily":false,"chose_seed":false,"campfire_upgraded":5,"win_rate":0.0,"timestamp":1610686972,"path_taken":["M","M","$","M","?","R","M","E","T","M","R","M","E","M","R","BOSS","M","?","M","$","?","R","E","R","T","R","?","?","E","M","R","BOSS","M","?","?","?","M","R","E","E","T","E","E","?","?","$","R","BOSS","R","$","E"],"items_purchased_type":["Card","Card","Card","Relic"],"build_version":"2020-12-22","purchased_purges":2,"victory":false,"max_hp_per_floor":[78,78,78,78,78,78,78,78,78,78,78,78,78,78,78,78,78,78,78,79,79,79,79,80,80,80,80,80,81,82,83,83,84,84,85,86,82,82,83,83,84,85,85,86,87,97,98,98,98,99,99,99,99,99,99],"relic_stats":{"Sozu":7,"Darkstone Periapt":0,"Regal Pillow":0,"FaceOfCleric":15,"Happy Flower":[49],"counters":[27,205],"Blue Candle":[0],"CeramicFish":9,"obtain_stats":[{"Darkstone Periapt":41,"Regal Pillow":30,"Pear":46,"Happy Flower":22,"Blue Candle":8,"CeramicFish":45,"Incense Burner":42,"Frozen Egg 2":9,"Cables":26,"Sozu":17,"SlaversCollar":34,"CaptainsWheel":44,"HornCleat":48,"FaceOfCleric":19,"WingedGreaves":36,"Cracked Core":0,"Symbiotic Virus":13},{"Darkstone Periapt":21,"Regal Pillow":15,"Pear":24,"Happy Flower":12,"Blue Candle":5,"CeramicFish":24,"Incense Burner":22,"Frozen Egg 2":5,"Cables":13,"Sozu":10,"SlaversCollar":17,"CaptainsWheel":23,"HornCleat":25,"FaceOfCleric":11,"WingedGreaves":19,"Cracked Core":0,"Symbiotic Virus":8},{"Darkstone Periapt":127,"Regal Pillow":73,"Pear":163,"Happy Flower":56,"Blue Candle":16,"CeramicFish":163,"Incense Burner":140,"Frozen Egg 2":16,"Cables":62,"Sozu":48,"SlaversCollar":98,"CaptainsWheel":149,"HornCleat":181,"FaceOfCleric":51,"WingedGreaves":110,"Cracked Core":0,"Symbiotic Virus":29}],"Cables":[134,28,90,16,0]},"card_choices":[{"not_picked":["Storm","Rebound"],"picked":"Hello World","floor":1.0},{"not_picked":["Turbo","Leap"],"picked":"Sweeping Beam","floor":2.0},{"not_picked":["Barrage","Hologram"],"picked":"Static Discharge","floor":4.0},{"not_picked":["Redo","Sunder"],"picked":"Chill","floor":7.0},{"not_picked":["Turbo","Machine Learning"],"picked":"Genetic Algorithm","floor":8.0},{"not_picked":["Sweeping Beam","White Noise"],"picked":"Compile Driver","floor":10.0},{"not_picked":["Sweeping Beam","Steam"],"picked":"Undo","floor":12.0},{"not_picked":["Gash","Chill","Conserve Battery"],"picked":"SKIP","floor":13.0},{"not_picked":["Gash","Chill"],"picked":"Conserve Battery","floor":13.0},{"not_picked":["Steam Power","Static Discharge+1"],"picked":"Go for the Eyes","floor":14.0},{"not_picked":["Meteor Strike","Amplify"],"picked":"Hyperbeam","floor":16.0},{"not_picked":["Coolheaded","Recycle"],"picked":"Defragment+1","floor":18.0},{"not_picked":["Heatsinks+1","Rebound"],"picked":"Hologram","floor":20.0},{"not_picked":["Beam Cell+1","Steam"],"picked":"Echo Form+1","floor":24.0},{"not_picked":["FTL","Recycle"],"picked":"Coolheaded","floor":29.0},{"not_picked":["Streamline","BootSequence","Chill"],"picked":"SKIP","floor":30.0},{"not_picked":["Skim","Auto Shields"],"picked":"Stack","floor":31.0},{"not_picked":["Buffer+1","Thunder Strike"],"picked":"Creative AI+1","floor":33.0},{"not_picked":["Sweeping Beam","Leap","Rip and Tear+1"],"picked":"SKIP","floor":35.0},{"not_picked":["Lockon","Barrage","Compile Driver+1"],"picked":"SKIP","floor":39.0},{"not_picked":["Reprogram","Streamline","Heatsinks+1"],"picked":"SKIP","floor":41.0},{"not_picked":["Sweeping Beam","Go for the Eyes"],"picked":"Force Field","floor":42.0},{"not_picked":["Chaos+1","Melter"],"picked":"Reinforced Body","floor":44.0},{"not_picked":["Creative AI+1","All For One"],"picked":"Darkness","floor":45.0},{"not_picked":["Beam Cell","Barrage","BootSequence"],"picked":"SKIP","floor":47.0}],"player_experience":465584,"relics_obtained":[{"floor":8.0,"key":"Blue Candle"},{"floor":9.0,"key":"Frozen Egg 2"},{"floor":13.0,"key":"Symbiotic Virus"},{"floor":22.0,"key":"Happy Flower"},{"floor":26.0,"key":"Cables"},{"floor":30.0,"key":"Regal Pillow"},{"floor":36.0,"key":"WingedGreaves"},{"floor":41.0,"key":"Darkstone Periapt"},{"floor":42.0,"key":"Incense Burner"},{"floor":44.0,"key":"CaptainsWheel"},{"floor":45.0,"key":"CeramicFish"},{"floor":46.0,"key":"Pear"}],"event_choices":[{"damage_healed":0.0,"max_hp_gain":0.0,"max_hp_loss":0.0,"gold_gain":0.0,"event_name":"Golden Wing","player_choice":"Ignored","floor":5.0,"gold_loss":0.0,"damage_taken":0.0},{"damage_healed":0.0,"max_hp_gain":0.0,"max_hp_loss":0.0,"gold_gain":0.0,"event_name":"FaceTrader","player_choice":"Trade","floor":19.0,"gold_loss":0.0,"damage_taken":0.0,"relics_obtained":["FaceOfCleric"]},{"damage_healed":0.0,"max_hp_gain":0.0,"max_hp_loss":0.0,"gold_gain":0.0,"event_name":"Match and Keep!","player_choice":"2 cards matched","floor":28.0,"gold_loss":0.0,"damage_taken":0.0,"cards_obtained":["Coolheaded","BootSequence"]},{"damage_healed":0.0,"max_hp_gain":0.0,"max_hp_loss":0.0,"gold_gain":0.0,"event_name":"MindBloom","player_choice":"Fight","floor":36.0,"gold_loss":0.0,"damage_taken":0.0},{"damage_healed":0.0,"max_hp_gain":0.0,"max_hp_loss":4.0,"gold_gain":0.0,"event_name":"Winding Halls","player_choice":"Max HP","floor":37.0,"gold_loss":0.0,"damage_taken":0.0},{"cards_removed":["Defend_B"],"damage_healed":0.0,"max_hp_gain":0.0,"max_hp_loss":0.0,"gold_gain":0.0,"event_name":"Falling","player_choice":"Removed Skill","floor":38.0,"gold_loss":0.0,"damage_taken":0.0}],"is_beta":false,"boss_relics":[{"not_picked":["FrozenCore","Busted Crown"],"picked":"Sozu"},{"not_picked":["Tiny House","Runic Dome"],"picked":"SlaversCollar"}],"items_purged_floors":[21,48],"is_endless":false,"potions_floor_spawned":[1,2,7,8,10,13,29,30,33,35,36,44,47],"killed_by":"Shield and Spear","ascension_level":18}}