{"host":"jx3f6ezc0g3s9edc","time":1610742982,"event":{"mods":["AchievementEnabler","BaseMod","Bestiary","Colored Map","Highlight Path","Minty Spire (QoL Compilation)","StSLib"],"gold_per_floor":[109,127,17,31,57,90,90,123,123,141,141,158,158,177,177,177,177],"floor_reached":16,"language":"ENG","playtime":858,"items_purged":["Strike_R"],"score":179,"play_id":"201d9981-3cc8-4760-9365-d4550c9905e6","local_time":"20210115153622","is_ascension_mode":true,"campfire_choices":[{"data":"Clothesline","floor":7.0,"key":"SMITH"},{"data":"Rampage","floor":11.0,"key":"SMITH"},{"data":"Carnage","floor":13.0,"key":"SMITH"},{"data":"True Grit","floor":15.0,"key":"SMITH"}],"circlet_count":0,"master_deck":["AscendersBane","Strike_R","Strike_R","Strike_R","Strike_R","Defend_R","Defend_R","Defend_R","Defend_R","Bash+1","Clothesline+1","Cleave","Carnage+1","Rampage+1","Ghostly Armor","Shrug It Off","Dark Embrace","True Grit+1"],"relics":["Burning Blood","MealTicket","CaptainsWheel","Bag of Marbles","Mummified Hand"],"acts_visited":["Exordium"],"potions_floor_usage":[],"damage_taken":[{"damage":1.0,"enemies":"Cultist","floor":1.0,"turns":4.0},{"damage":9.0,"enemies":"Jaw Worm","floor":2.0,"turns":4.0},{"damage":0.0,"enemies":"2 Louse","floor":4.0,"turns":2.0},{"damage":40.0,"enemies":"Lagavulin","floor":6.0,"turns":6.0},{"damage":16.0,"enemies":"Gremlin Nob","floor":8.0,"turns":4.0},{"damage":6.0,"enemies":"Red Slaver","floor":10.0,"turns":3.0},{"damage":0.0,"enemies":"Lots of Slimes","floor":12.0,"turns":1.0},{"damage":1.0,"enemies":"3 Louse","floor":14.0,"turns":4.0},{"damage":49,"enemies":"Hexaghost","floor":16,"turns":11}],"seed_played":"-6385761533832619365","potions_obtained":[{"floor":2.0,"key":"SteroidPotion"},{"floor":4.0,"key":"SmokeBomb"},{"floor":12.0,"key":"SmokeBomb"}],"is_trial":false,"path_per_floor":["M","M","$","M","T","E","R","E","T","M","R","M","R","M","R","B"],"character_chosen":"IRONCLAD","items_purchased":["Carnage"],"campfire_rested":0,"item_purchase_floors":[3],"current_hp_per_floor":[77,74,74,80,80,46,46,36,36,36,36,42,42,47,47,0,0],"gold":177,"neow_bonus":"UPGRADE_CARD","is_daily":false,"chose_seed":false,"campfire_upgraded":4,"win_rate":0.0,"timestamp":1610742982,"path_taken":["M","M","$","M","?","E","R","E","T","M","R","M","R","M","R","BOSS"],"items_purchased_type":["Card"],"build_version":"2020-12-22","purchased_purges":1,"victory":false,"max_hp_per_floor":[80,80,80,80,80,80,80,80,80,80,80,80,80,80,80,80,80],"card_choices":[{"not_picked":["Pummel","Dark Embrace"],"picked":"Clothesline","floor":1.0},{"not_picked":["Iron Wave","Anger"],"picked":"Cleave","floor":2.0},{"not_picked":["Fire Breathing","Armaments"],"picked":"Rampage","floor":4.0},{"not_picked":["Anger","Searing Blow","Headbutt"],"picked":"SKIP","floor":6.0},{"not_picked":["Armaments","Sword Boomerang"],"picked":"Ghostly Armor","floor":8.0},{"not_picked":["Rage","Warcry"],"picked":"Shrug It Off","floor":10.0},{"not_picked":["Clothesline","Dual Wield"],"picked":"Dark Embrace","floor":12.0},{"not_picked":["Carnage","Shrug It Off"],"picked":"True Grit","floor":14.0}],"player_experience":758553,"relics_obtained":[{"floor":5.0,"key":"MealTicket"},{"floor":6.0,"key":"CaptainsWheel"},{"floor":8.0,"key":"Bag of Marbles"},{"floor":9.0,"key":"Mummified Hand"}],"event_choices":[],"is_beta":false,"boss_relics":[],"items_purged_floors":[3],"is_endless":false,"potions_floor_spawned":[2,4,12],"killed_by":"Hexaghost","ascension_level":12}}