{"host":"9u9ci7gr6x9ja244","time":1610698488,"event":{"mods":["BaseMod","Downfall","Minty Spire (QoL Compilation)","StSLib"],"gold_per_floor":[0,19,32,32,132,164,211,211,231,55,55,40,67,87,98,98,98,98],"floor_reached":16,"language":"ZHS","playtime":1721,"items_purged":[],"score":110,"play_id":"d6bf3f6c-944b-4d87-8ce2-74eaf8a42613","local_time":"20210115161448","is_ascension_mode":false,"campfire_choices":[{"data":"Slimebound:SplitBruiser","floor":1,"key":"SMITH"},{"data":"Slimebound:SplitAcid","floor":8,"key":"SMITH"},{"floor":11,"key":"RECALL"}],"circlet_count":0,"master_deck":["Slimebound:Strike_Slimebound","Slimebound:Strike_Slimebound","Slimebound:Tackle","Slimebound:Defend_Slimebound","Slimebound:Defend_Slimebound","Slimebound:Defend_Slimebound","Slimebound:Split","Slimebound:CorrosiveSpit","Slimebound:Dissolve","Slimebound:SplitBruiser+1","Slimebound:ViciousTackle","Slimebound:SplitAcid+1","Slimebound:RollThrough","Slimebound:SamplingLick","Slimebound:Schlurp","Slimebound:Nibble","Slimebound:Equalize","Slimebound:Nibble"],"relics":["Slimebound:AbsorbEndCombat","Tiny Chest","Pen Nib","Membership Card","Nunchaku"],"acts_visited":["Exordium"],"potions_floor_usage":[16],"damage_taken":[{"damage":7,"enemies":"2 Louse","floor":2,"turns":2},{"damage":13,"enemies":"Jaw Worm","floor":3,"turns":2},{"damage":29,"enemies":"Lagavulin","floor":6,"turns":6},{"damage":14,"enemies":"Cultist","floor":9,"turns":3},{"damage":8,"enemies":"downfall:FleeingMerchant","floor":10,"turns":4},{"damage":22,"enemies":"downfall:FleeingMerchant","floor":12,"turns":4},{"damage":22,"enemies":"Gremlin Nob","floor":13,"turns":3},{"damage":19,"enemies":"Exordium Wildlife","floor":14,"turns":2},{"damage":20,"enemies":"Red Slaver","floor":15,"turns":3},{"damage":40,"enemies":"downfall:Watcher","floor":16,"turns":4}],"seed_played":"2731151023172445514","potions_obtained":[{"floor":13,"key":"AttackPotion"},{"floor":15,"key":"GamblersBrew"}],"is_trial":false,"path_per_floor":["R","M","M","?","?","E","T","R","M","$","R","$","E","M","M","B"],"character_chosen":"SLIMEBOUND","items_purchased":["Membership Card","Slimebound:Schlurp"],"campfire_rested":0,"item_purchase_floors":[10,10],"current_hp_per_floor":[60,59,52,52,52,39,39,39,35,41,41,37,29,20,16,0,0,0],"gold":98,"neow_bonus":"TRANSFORM_TWO_CARDS","is_daily":false,"chose_seed":false,"campfire_upgraded":2,"win_rate":0.0,"timestamp":1610698488,"path_taken":["R","M","M","?","?","E","T","R","M","$","R","?","E","M","M","BOSS"],"items_purchased_type":["Relic","Card"],"build_version":"2020-12-22","purchased_purges":0,"victory":false,"max_hp_per_floor":[60,60,60,60,60,60,60,60,60,60,60,60,60,60,60,60,60,60],"card_choices":[{"not_picked":["Slimebound:FinishingTackle","Slimebound:SlimeBrawl"],"picked":"Slimebound:ViciousTackle","floor":2},{"not_picked":["Slimebound:SplitBruiser","Slimebound:SlimeSpikes"],"picked":"Slimebound:SplitAcid","floor":3},{"not_picked":["Slimebound:GrowthPunch","Slimebound:SamplingLick","Slimebound:FormOfPuddle"],"picked":"SKIP","floor":6},{"not_picked":["Slimebound:LeechingTouch","Slimebound:SlimeBrawl"],"picked":"Slimebound:RollThrough","floor":9},{"not_picked":["Slimebound:ComboTackle","Slimebound:SelfFormingGoo"],"picked":"Slimebound:SamplingLick","floor":10},{"not_picked":["Slimebound:RollThrough","Slimebound:FinishingTackle"],"picked":"Slimebound:Nibble","floor":12},{"not_picked":["Slimebound:SlimeSpikes","Slimebound:RollThrough"],"picked":"Slimebound:Equalize","floor":13},{"not_picked":["Slimebound:SplitMire","Slimebound:FinishingTackle","Slimebound:BestDefense"],"picked":"SKIP","floor":14},{"not_picked":["Slimebound:LeechingTouch","Slimebound:Schlurp"],"picked":"Slimebound:Nibble","floor":15}],"player_experience":242493,"relics_obtained":[{"floor":6,"key":"Tiny Chest"},{"floor":7,"key":"Pen Nib"},{"floor":13,"key":"Nunchaku"}],"event_choices":[],"is_beta":false,"boss_relics":[],"items_purged_floors":[],"is_endless":false,"potions_floor_spawned":[13,15],"killed_by":"downfall:Watcher","ascension_level":0}}