{"host":"x21cvmfdo17nyhii","time":1610753469,"event":{"mods":["AchievementEnabler","BaseMod","Colored Map","Colored Powertips","DeckTracker","Highlight Path","Minty Spire (QoL Compilation)","Quick Restart","Rare Cards Sparkle","SuperFastMode"],"gold_per_floor":[113,113,14,34,34,34,63,16,16,16,16,42,53,64,64,164,164,184,17,17,35,35,35,35,35],"floor_reached":24,"language":"ENG","playtime":682,"items_purged":["Strike_R"],"score":253,"play_id":"8af588cb-b80f-48ce-89fe-55ccd801a173","local_time":"20210115153109","is_ascension_mode":true,"campfire_choices":[{"data":"Body Slam","floor":6.0,"key":"SMITH"},{"data":"Entrench","floor":11.0,"key":"SMITH"},{"floor":15.0,"key":"REST"},{"floor":23.0,"key":"REST"}],"circlet_count":0,"master_deck":["Strike_R+1","Strike_R+1","Strike_R+1","Defend_R+1","Defend_R+1","Defend_R+1","Bash","Body Slam+1","Armaments+1","Limit Break+1","Entrench+1","Shrug It Off","Inflame","Iron Wave","Shrug It Off","True Grit","Impervious","Thunderclap+1","Cleave","Inflame","Dual Wield"],"relics":["Burning Blood","Dream Catcher","InkBottle","War Paint","Philosopher\u0027s Stone"],"acts_visited":["Exordium","TheCity"],"potions_floor_usage":[],"damage_taken":[{"damage":7.0,"enemies":"Small Slimes","floor":1.0,"turns":4.0},{"damage":1.0,"enemies":"Cultist","floor":4.0,"turns":4.0},{"damage":25.0,"enemies":"3 Sentries","floor":7.0,"turns":7.0},{"damage":25.0,"enemies":"Gremlin Nob","floor":12.0,"turns":4.0},{"damage":0.0,"enemies":"2 Louse","floor":13.0,"turns":2.0},{"damage":7.0,"enemies":"Exordium Wildlife","floor":14.0,"turns":5.0},{"damage":47.0,"enemies":"Hexaghost","floor":16.0,"turns":10.0},{"damage":24.0,"enemies":"3 Byrds","floor":18.0,"turns":8.0},{"damage":0.0,"enemies":"Chosen","floor":21.0,"turns":4.0},{"damage":61,"enemies":"Slavers","floor":24,"turns":4}],"seed_played":"5143345567047665715","potions_obtained":[{"floor":7.0,"key":"FearPotion"},{"floor":12.0,"key":"Ancient Potion"},{"floor":14.0,"key":"AttackPotion"},{"floor":18.0,"key":"Strength Potion"}],"is_trial":false,"path_per_floor":["M","?","$","M","$","R","E","$","T","?","R","E","M","M","R","B",null,"M","$","?","M","?","R","E"],"character_chosen":"IRONCLAD","items_purchased":["SteroidPotion","AttackPotion","Shrug It Off","Cleave","Inflame"],"campfire_rested":2,"item_purchase_floors":[3,3,8,19,19],"current_hp_per_floor":[71,71,71,72,72,72,53,53,53,53,53,34,40,39,60,19,59,41,41,41,47,34,57,0,0],"gold":35,"neow_bonus":"REMOVE_TWO","is_daily":false,"chose_seed":false,"campfire_upgraded":2,"win_rate":0.0,"timestamp":1610753469,"path_taken":["M","?","$","?","$","R","E","?","T","?","R","E","M","M","R","BOSS","M","$","?","M","?","R","E"],"items_purchased_type":["Potion","Potion","Card","Card","Card"],"build_version":"2020-12-22","purchased_purges":1,"victory":false,"max_hp_per_floor":[72,72,72,72,72,72,72,72,72,72,72,72,72,72,72,72,72,72,72,72,72,77,77,77,77],"card_choices":[{"not_picked":["Clash","Wild Strike"],"picked":"Body Slam","floor":1.0},{"not_picked":["Inflame","Clash"],"picked":"Entrench","floor":4.0},{"not_picked":["Power Through","Warcry","Battle Trance"],"picked":"SKIP","floor":7.0},{"not_picked":["Wild Strike","Clash"],"picked":"Inflame","floor":12.0},{"not_picked":["Reckless Charge","True Grit"],"picked":"Iron Wave","floor":13.0},{"not_picked":["Searing Blow","Exhume"],"picked":"Shrug It Off","floor":14.0},{"not_picked":["Rage","Clothesline"],"picked":"True Grit","floor":15.0},{"not_picked":["Double Tap","Exhume"],"picked":"Impervious","floor":16.0},{"not_picked":["True Grit","Havoc+1"],"picked":"Thunderclap+1","floor":18.0},{"not_picked":["Bludgeon","True Grit"],"picked":"Dual Wield","floor":21.0}],"player_experience":414906,"relics_obtained":[{"floor":7.0,"key":"Dream Catcher"},{"floor":9.0,"key":"InkBottle"},{"floor":12.0,"key":"War Paint"}],"event_choices":[{"damage_healed":0.0,"max_hp_gain":0.0,"max_hp_loss":0.0,"gold_gain":0.0,"event_name":"Match and Keep!","player_choice":"2 cards matched","floor":2.0,"gold_loss":0.0,"damage_taken":0.0,"cards_obtained":["Armaments","Limit Break"]},{"damage_healed":0.0,"max_hp_gain":0.0,"max_hp_loss":0.0,"gold_gain":0.0,"event_name":"Living Wall","player_choice":"Grow","floor":10.0,"gold_loss":0.0,"damage_taken":0.0,"cards_upgraded":["Armaments"]},{"damage_healed":0.0,"max_hp_gain":0.0,"max_hp_loss":0.0,"gold_gain":0.0,"event_name":"Back to Basics","player_choice":"Simplicity","floor":20.0,"gold_loss":0.0,"damage_taken":0.0,"cards_upgraded":["Strike_R","Strike_R","Strike_R","Defend_R","Defend_R"]},{"damage_healed":0.0,"max_hp_gain":5.0,"max_hp_loss":0.0,"gold_gain":0.0,"event_name":"Forgotten Altar","player_choice":"Shed Blood","floor":22.0,"gold_loss":0.0,"damage_taken":18.0}],"is_beta":false,"boss_relics":[{"not_picked":["SlaversCollar","Ectoplasm"],"picked":"Philosopher\u0027s Stone"}],"items_purged_floors":[19],"is_endless":false,"potions_floor_spawned":[7,12,14,18],"killed_by":"Slavers","ascension_level":5}}