{"host":"ac78wf4m5y9yc4g3","time":1610745501,"event":{"mods":["BaseMod","Better Third Choice","Downfall","Hermit","Marisa????????","Minty Spire (QoL Compilation)","StSLib","The Servant 0.9.4","The Wild Card"],"gold_per_floor":[199,216,226,241,691,706,730,655,673,673,684,29,45,45,78,78,78,78],"floor_reached":16,"language":"POL","playtime":682,"items_purged":["Slimebound:Icky"],"score":96,"play_id":"5a19d1cb-e121-42ec-831d-f96d3b74d828","local_time":"20210115221821","is_ascension_mode":false,"campfire_choices":[{"floor":1,"key":"RECALL"},{"data":"Guardian:ShieldCharger","floor":8,"key":"SMITH"}],"circlet_count":0,"master_deck":["Guardian:Strike_Guardian","Guardian:Strike_Guardian","Guardian:Strike_Guardian","Guardian:Strike_Guardian","Guardian:Defend_Guardian","Guardian:Defend_Guardian","Guardian:Defend_Guardian","Guardian:Defend_Guardian","Guardian:CurlUp","Guardian:TwinSlam","Guardian:SpikerProtocol","Guardian:ShieldCharger+1","Slimebound:Icky","Slimebound:Icky","Guardian:DecasProtection","Guardian:HyperBeam_Guardian","Guardian:WalkerClaw","Guardian:TimeBomb","Guardian:DonusPower","Guardian:Gem_White","Guardian:TimeCapacitor","Guardian:WalkerClaw","Guardian:RefractedBeam","Flash of Steel","HandOfGreed","Guardian:Gem_Green","Guardian:Gem_Red"],"relics":["Guardian:ModeShifter","MealTicket","downfall:HeartBlessingRed","downfall:BrokenWingStatue"],"acts_visited":["Exordium"],"potions_floor_usage":[16,16,16],"damage_taken":[{"damage":0,"enemies":"2 Louse","floor":2,"turns":3},{"damage":0,"enemies":"Small Slimes","floor":3,"turns":4},{"damage":0,"enemies":"Jaw Worm","floor":4,"turns":4},{"damage":17,"enemies":"Exordium Thugs","floor":6,"turns":7},{"damage":12,"enemies":"Blue Slaver","floor":9,"turns":4},{"damage":14,"enemies":"Exordium Wildlife","floor":11,"turns":5},{"damage":6,"enemies":"downfall:FleeingMerchant","floor":12,"turns":4},{"damage":8,"enemies":"Red Slaver","floor":13,"turns":2},{"damage":14,"enemies":"Exordium Thugs","floor":15,"turns":5},{"damage":29,"enemies":"downfall:Defect","floor":16,"turns":6}],"seed_played":"-7730420216149401452","potions_obtained":[{"floor":2,"key":"Strength Potion"},{"floor":3,"key":"Explosive Potion"},{"floor":11,"key":"SpeedPotion"}],"is_trial":false,"path_per_floor":["R","M","M","M","?","M","T","R","M","?","M","$","M","?","M","B"],"character_chosen":"GUARDIAN","items_purchased":["Guardian:DonusPower","Guardian:Gem_White","Guardian:TimeCapacitor","Guardian:WalkerClaw","Guardian:RefractedBeam","Flash of Steel","HandOfGreed"],"campfire_rested":0,"item_purchase_floors":[12,12,12,12,12,12,12],"current_hp_per_floor":[80,80,80,80,80,63,63,63,51,51,37,46,38,38,24,0,0,0],"gold":78,"neow_bonus":"HUNDRED_GOLD","is_daily":false,"chose_seed":false,"campfire_upgraded":1,"win_rate":0.0,"timestamp":1610745501,"path_taken":["R","M","M","M","?","M","T","R","M","?","M","$","M","?","M","BOSS"],"items_purchased_type":["Card","Card","Card","Card","Card","Card","Card"],"build_version":"2020-12-22","purchased_purges":1,"victory":false,"max_hp_per_floor":[80,80,80,80,80,80,80,80,80,80,80,80,80,80,80,80,80,80],"card_choices":[{"not_picked":["Guardian:Gem_Red","Guardian:Emergency"],"picked":"Guardian:SpikerProtocol","floor":2},{"not_picked":["Guardian:Suspension","Guardian:CrystalBeam"],"picked":"Guardian:Gem_Fragmented","floor":3},{"not_picked":["Guardian:ChargeCore","Guardian:Gem_Cyan"],"picked":"Guardian:ShieldCharger","floor":4},{"not_picked":["Guardian:BronzeOrb","Guardian:TemporalShield"],"picked":"Guardian:DecasProtection","floor":6},{"not_picked":["Guardian:PrimingBeam","Guardian:Reroute"],"picked":"Guardian:HyperBeam_Guardian","floor":9},{"not_picked":["Guardian:Planning","Guardian:TemporalShield"],"picked":"Guardian:WalkerClaw","floor":11},{"not_picked":["Guardian:Emergency","Guardian:PiercingHide"],"picked":"Guardian:TimeBomb","floor":12},{"not_picked":["Guardian:TemporalStrike","Guardian:HyperBeam_Guardian"],"picked":"Guardian:Gem_Green","floor":13},{"not_picked":["Guardian:Incinerate","Guardian:RefractedBeam"],"picked":"Guardian:Gem_Red","floor":15}],"player_experience":53663,"relics_obtained":[{"floor":7,"key":"MealTicket"}],"event_choices":[],"is_beta":false,"boss_relics":[],"items_purged_floors":[12],"is_endless":false,"potions_floor_spawned":[2,3,11],"killed_by":"downfall:Defect","ascension_level":0}}