{"host":"jscggscbx0p7706o","time":1610685936,"event":{"mods":["AchievementEnabler","BaseMod","Block Reminder","Colored Powertips","Filter the Spire","Minty Spire (QoL Compilation)","Permanent Neow","Quick Restart","StSLib"],"gold_per_floor":[110,126,126,138,138,163,163,189,189,189,251,301,381,407,407,502,502,518,534,584,634,263,297,297,325,350,350,366,383,445,458,458,558,558,573,272,322,336,355,355,355,388,411,428,478,528,528,578,578,578],"floor_reached":51,"language":"ENG","playtime":1933,"items_purged":["Strike_R","Defend_R"],"score":1016,"play_id":"1f69bcd7-009a-4d42-92f2-4f1f7c182355","local_time":"20210115124536","is_ascension_mode":true,"campfire_choices":[{"floor":7.0,"key":"REST"},{"data":"Uppercut","floor":10.0,"key":"SMITH"},{"floor":15.0,"key":"REST"},{"floor":24.0,"key":"REST"},{"data":"Disarm","floor":27.0,"key":"SMITH"},{"floor":32.0,"key":"REST"},{"data":"Double Tap","floor":40.0,"key":"SMITH"},{"floor":47.0,"key":"REST"},{"floor":49.0,"key":"REST"}],"circlet_count":0,"master_deck":["Strike_R","Strike_R","Strike_R","Strike_R","Defend_R+1","Defend_R","Defend_R+1","Demon Form+1","Disarm+1","Uppercut+1","Dropkick","Shrug It Off","Dropkick","Shrug It Off","Limit Break","Flex+1","Shrug It Off","Shrug It Off","Flex+1","Double Tap+1","Cleave","Parasite","Iron Wave","Battle Trance+1","Writhe","Flame Barrier+1","Panacea","Normality"],"relics":["Black Blood","SsserpentHead","Bronze Scales","Peace Pipe","Mercury Hourglass","Nloth\u0027s Gift","Meat on the Bone","Orichalcum","Mango","Strawberry","Cursed Key","Lee\u0027s Waffle","InkBottle","Potion Belt","War Paint"],"acts_visited":["Exordium","TheCity","TheBeyond"],"potions_floor_usage":[50],"damage_taken":[{"damage":19.0,"enemies":"Jaw Worm","floor":1.0,"turns":5.0},{"damage":4.0,"enemies":"2 Louse","floor":2.0,"turns":5.0},{"damage":3.0,"enemies":"Cultist","floor":4.0,"turns":4.0},{"damage":32.0,"enemies":"Gremlin Nob","floor":6.0,"turns":5.0},{"damage":21.0,"enemies":"Lagavulin","floor":8.0,"turns":6.0},{"damage":1.0,"enemies":"Blue Slaver","floor":11.0,"turns":3.0},{"damage":16.0,"enemies":"Gremlin Nob","floor":14.0,"turns":4.0},{"damage":33.0,"enemies":"The Guardian","floor":16.0,"turns":7.0},{"damage":26.0,"enemies":"Shell Parasite","floor":18.0,"turns":7.0},{"damage":17.0,"enemies":"Chosen","floor":19.0,"turns":4.0},{"damage":45.0,"enemies":"Gremlin Leader","floor":23.0,"turns":5.0},{"damage":22.0,"enemies":"Book of Stabbing","floor":25.0,"turns":6.0},{"damage":2.0,"enemies":"Snecko","floor":28.0,"turns":8.0},{"damage":14.0,"enemies":"Snake Plant","floor":29.0,"turns":5.0},{"damage":62.0,"enemies":"Sentry and Sphere","floor":30.0,"turns":8.0},{"damage":17.0,"enemies":"Snecko","floor":31.0,"turns":5.0},{"damage":40.0,"enemies":"Champ","floor":33.0,"turns":13.0},{"damage":30.0,"enemies":"3 Darklings","floor":35.0,"turns":6.0},{"damage":0.0,"enemies":"3 Shapes","floor":38.0,"turns":7.0},{"damage":38.0,"enemies":"Writhing Mass","floor":39.0,"turns":7.0},{"damage":0.0,"enemies":"Spire Growth","floor":41.0,"turns":2.0},{"damage":76.0,"enemies":"Reptomancer","floor":42.0,"turns":7.0},{"damage":8.0,"enemies":"Maw","floor":44.0,"turns":7.0},{"damage":82,"enemies":"Time Eater","floor":50,"turns":10}],"seed_played":"3516295206223903150","potions_obtained":[{"floor":4.0,"key":"Block Potion"},{"floor":11.0,"key":"SmokeBomb"},{"floor":14.0,"key":"Fire Potion"},{"floor":23.0,"key":"SpeedPotion"},{"floor":25.0,"key":"Energy Potion"}],"is_trial":false,"path_per_floor":["M","M","?","M","?","E","R","E","T","R","M","?","?","E","R","B",null,"M","M","?","?","$","E","R","E","T","R","M","M","M","M","R","B",null,"M","$","?","M","M","R","M","E","T","M","?","?","R","T","R","B",null],"character_chosen":"IRONCLAD","items_purchased":["Shrug It Off","Meat on the Bone","Lee\u0027s Waffle","Cleave"],"campfire_rested":6,"item_purchase_floors":[22,22,36,36],"current_hp_per_floor":[59,61,61,64,64,38,62,47,47,47,52,45,45,35,59,32,68,54,49,49,49,49,28,52,68,75,75,85,83,45,52,82,66,92,74,108,103,103,77,77,89,37,37,53,53,53,83,83,103,45],"gold":578,"neow_bonus":"ONE_RANDOM_RARE_CARD","is_daily":false,"chose_seed":false,"campfire_upgraded":3,"win_rate":0.0,"timestamp":1610685936,"path_taken":["M","M","?","M","?","E","R","E","T","R","?","?","?","E","R","BOSS","M","M","?","?","$","E","R","E","T","R","M","M","?","M","R","BOSS","M","$","?","M","M","R","M","E","T","M","?","?","R","?","R","BOSS"],"items_purchased_type":["Card","Relic","Relic","Card"],"build_version":"2020-12-22","purchased_purges":2,"victory":true,"max_hp_per_floor":[80,80,80,80,80,80,80,80,80,80,80,80,80,80,80,80,80,80,80,80,80,80,80,80,94,101,101,101,101,101,101,101,101,101,101,108,103,103,103,103,103,103,103,103,103,103,103,103,103,103],"card_choices":[{"not_picked":["Clash","Carnage"],"picked":"Disarm","floor":1.0},{"not_picked":["Thunderclap","Power Through"],"picked":"Uppercut","floor":2.0},{"not_picked":["Heavy Blade","Pummel"],"picked":"Dropkick","floor":4.0},{"not_picked":["Perfected Strike","Uppercut","Rampage"],"picked":"SKIP","floor":6.0},{"not_picked":["Entrench","Flame Barrier"],"picked":"Shrug It Off","floor":8.0},{"not_picked":["Body Slam","True Grit"],"picked":"Dropkick","floor":11.0},{"not_picked":["Offering","Wild Strike"],"picked":"Shrug It Off","floor":14.0},{"not_picked":["Berserk","Brutality"],"picked":"Limit Break","floor":16.0},{"not_picked":["Headbutt","Carnage+1"],"picked":"Flex+1","floor":18.0},{"not_picked":["Intimidate+1","Wild Strike"],"picked":"Shrug It Off","floor":19.0},{"not_picked":["Thunderclap+1","Pommel Strike","Armaments+1"],"picked":"SKIP","floor":23.0},{"not_picked":["Anger+1","True Grit","Carnage"],"picked":"SKIP","floor":25.0},{"not_picked":["Juggernaut","Armaments+1","Thunderclap"],"picked":"SKIP","floor":28.0},{"not_picked":["True Grit","Brutality","Blood for Blood"],"picked":"SKIP","floor":29.0},{"not_picked":["Evolve","Battle Trance+1"],"picked":"Flex+1","floor":30.0},{"not_picked":["Warcry","Heavy Blade+1","Perfected Strike"],"picked":"SKIP","floor":31.0},{"not_picked":["Bludgeon","Offering"],"picked":"Double Tap","floor":33.0},{"not_picked":["Intimidate+1","Warcry+1","Rupture+1"],"picked":"SKIP","floor":35.0},{"not_picked":["Thunderclap","Hemokinesis","Shrug It Off"],"picked":"SKIP","floor":38.0},{"not_picked":["Thunderclap","Fire Breathing"],"picked":"Iron Wave","floor":39.0},{"not_picked":["Pommel Strike+1","Bludgeon"],"picked":"Battle Trance+1","floor":42.0},{"not_picked":["Rage","Thunderclap+1"],"picked":"Flame Barrier+1","floor":44.0},{"not_picked":["Forethought","Transmutation"],"picked":"Panacea","floor":46.0}],"player_experience":263136,"relics_obtained":[{"floor":6.0,"key":"Bronze Scales"},{"floor":8.0,"key":"Peace Pipe"},{"floor":9.0,"key":"Mercury Hourglass"},{"floor":14.0,"key":"Charon\u0027s Ashes"},{"floor":23.0,"key":"Orichalcum"},{"floor":25.0,"key":"Mango"},{"floor":26.0,"key":"Strawberry"},{"floor":42.0,"key":"InkBottle"},{"floor":43.0,"key":"Potion Belt"},{"floor":48.0,"key":"War Paint"}],"event_choices":[{"damage_healed":0.0,"max_hp_gain":0.0,"max_hp_loss":0.0,"gold_gain":0.0,"event_name":"Living Wall","player_choice":"Grow","floor":3.0,"gold_loss":0.0,"damage_taken":0.0,"cards_upgraded":["Demon Form"]},{"damage_healed":0.0,"max_hp_gain":0.0,"max_hp_loss":0.0,"gold_gain":0.0,"event_name":"FaceTrader","player_choice":"Trade","floor":5.0,"gold_loss":0.0,"damage_taken":0.0,"relics_obtained":["SsserpentHead"]},{"cards_removed":["Bash"],"damage_healed":0.0,"max_hp_gain":0.0,"max_hp_loss":0.0,"gold_gain":0.0,"event_name":"Golden Wing","player_choice":"Card Removal","floor":12.0,"gold_loss":0.0,"damage_taken":7.0},{"damage_healed":0.0,"max_hp_gain":0.0,"max_hp_loss":0.0,"gold_gain":30.0,"event_name":"Dead Adventurer","player_choice":"Searched \u00271\u0027 times","floor":13.0,"gold_loss":0.0,"damage_taken":0.0},{"damage_healed":0.0,"max_hp_gain":0.0,"max_hp_loss":0.0,"gold_gain":0.0,"event_name":"Cursed Tome","player_choice":"Ignored","floor":20.0,"gold_loss":0.0,"damage_taken":0.0},{"damage_healed":0.0,"max_hp_gain":0.0,"max_hp_loss":0.0,"gold_gain":0.0,"event_name":"N\u0027loth","player_choice":"Traded Relic","floor":21.0,"relics_lost":["Charon\u0027s Ashes"],"gold_loss":0.0,"damage_taken":0.0,"relics_obtained":["Nloth\u0027s Gift"]},{"damage_healed":0.0,"max_hp_gain":0.0,"max_hp_loss":5.0,"gold_gain":0.0,"event_name":"Winding Halls","player_choice":"Max HP","floor":37.0,"gold_loss":0.0,"damage_taken":0.0},{"damage_healed":0.0,"max_hp_gain":0.0,"max_hp_loss":0.0,"gold_gain":0.0,"event_name":"Mysterious Sphere","player_choice":"Ignored","floor":45.0,"gold_loss":0.0,"damage_taken":0.0},{"damage_healed":0.0,"max_hp_gain":0.0,"max_hp_loss":0.0,"gold_gain":0.0,"event_name":"SensoryStone","player_choice":"Memory 1","floor":46.0,"gold_loss":0.0,"damage_taken":0.0}],"is_beta":false,"boss_relics":[{"not_picked":["SacredBark","Empty Cage"],"picked":"Black Blood"},{"not_picked":["Mark of Pain","Sozu"],"picked":"Cursed Key"}],"items_purged_floors":[22,36],"is_endless":false,"potions_floor_spawned":[4,11,14,23,25,33,41],"ascension_level":6}}