{"host":"pgqo2okrcsmr67kt","time":1610721850,"event":{"mods":["BaseMod","Colored Map","Colored Powertips","Downfall","Hermit","Marisa£®ÏF”Í°°ƒß¿Ì…≥£©","Minty Spire (QoL Compilation)","Reimu£®≤©¿ˆ¡È√Œ£©","Remilia£®¿Ÿ√◊¿Ú—«£©","Replay The Spire","Shop Mod","StSLib","SuperFastMode","The Bug Knight","The Cursed","The Poker Player","The Servant 0.9.4"],"gold_per_floor":[117,167,167,167,167,201,201,201,201,76,38,38,50,65,65,163,163,175,175,185,199,287,316,316,332,378,396,396,310,310,310,310,310,310,310],"floor_reached":33,"language":"ZHS","playtime":1753,"items_purged":["PokerPlayerMod:Spade1","Looming Evil"],"score":311,"play_id":"74d63705-bd4b-4f40-a8cf-aafb80d76a7e","local_time":"20210115224410","is_ascension_mode":false,"metric_token":1110,"campfire_choices":[{"data":"PokerPlayerMod:TrumpStrike","floor":8,"key":"SMITH"},{"data":"PokerPlayerMod:Mulligan","floor":12,"key":"SMITH"},{"data":"PokerPlayerMod:CardPrinter","floor":15,"key":"SMITH"},{"data":"PokerPlayerMod:CardPrinter+1","floor":24,"key":"SMITH"},{"data":"PokerPlayerMod:CardPrinter+2","floor":28,"key":"SMITH"},{"data":"PokerPlayerMod:CardPrinter+3","floor":30,"key":"SMITH"},{"data":"PokerPlayerMod:CardPrinter+4","floor":32,"key":"SMITH"}],"circlet_count":0,"master_deck":["PokerPlayerMod:Diamond2","PokerPlayerMod:Diamond3","PokerPlayerMod:Diamond3","PokerPlayerMod:Diamond4","PokerPlayerMod:Diamond5","PokerPlayerMod:Spade2","PokerPlayerMod:Spade3","PokerPlayerMod:Spade4","PokerPlayerMod:Club1","PokerPlayerMod:Club2","PokerPlayerMod:Heart2","PokerPlayerMod:TrumpStrike+1","PokerPlayerMod:BadJoker","PokerPlayerMod:Mulligan+1","PokerPlayerMod:Club8","PokerPlayerMod:SecondChance+1","PokerPlayerMod:Club2","PokerPlayerMod:Club3","PokerPlayerMod:Club4","PokerPlayerMod:Club5","PokerPlayerMod:Club6","PokerPlayerMod:Heart5","PokerPlayerMod:Diamond5","PokerPlayerMod:CardPrinter+5","Parasite","PokerPlayerMod:ItsShowtime","PokerPlayerMod:Spade10+","PokerPlayerMod:Diamond6","PokerPlayerMod:Club6","PokerPlayerMod:MagicTrick","PokerPlayerMod:Club3","PokerPlayerMod:CardBurn+1","PokerPlayerMod:ChangeRules","PokerPlayerMod:ThinkingTime"],"relics":["PokerPlayerMod:DeckCase","NeowsBlessing","Ring of Greed","Ring of Peace","Replay:Wax Seal","Membership Card","Replay:Accelerometer","Sundial","Guide Book","SlaversCollar","Lantern","Vajra"],"acts_visited":["Exordium","TheCity"],"potions_floor_usage":[21,33],"damage_taken":[{"damage":0,"enemies":"2 Louse","floor":1,"turns":1},{"damage":0,"enemies":"Replay:BlueRogue","floor":6,"turns":1},{"damage":0,"enemies":"Small Slimes","floor":13,"turns":1},{"damage":0,"enemies":"Jaw Worm","floor":14,"turns":2},{"damage":6,"enemies":"Fading Forest","floor":16,"turns":11},{"damage":14,"enemies":"Shell Parasite","floor":18,"turns":5},{"damage":3,"enemies":"Chosen","floor":20,"turns":4},{"damage":1,"enemies":"Centurion and Healer","floor":21,"turns":5},{"damage":0,"enemies":"Gremlin Leader","floor":23,"turns":5},{"damage":14,"enemies":"Cultist and Chosen","floor":25,"turns":5},{"damage":4,"enemies":"Snecko","floor":27,"turns":4},{"damage":52,"enemies":"Pondfish","floor":33,"turns":5}],"seed_played":"-6075877325793017971","potions_obtained":[{"floor":13,"key":"ZuzhouPotion:ReiMu"},{"floor":14,"key":"PowerPotion"},{"floor":18,"key":"Dexterity Potion"}],"is_trial":false,"path_per_floor":["M","?","?","?","?","E","?","R","T","$","$","R","M","M","R","B",null,"M","?","M","M","?","E","R","M","T","M","R","$","R","?","R","B"],"character_chosen":"THE_POKER_PLAYER","items_purchased":["PokerPlayerMod:Heart5","Guide Book","PokerPlayerMod:Diamond5","PokerPlayerMod:ChangeRules"],"campfire_rested":0,"item_purchase_floors":[10,10,10,29],"current_hp_per_floor":[52,52,42,35,35,35,35,35,35,35,35,35,37,44,44,46,52,38,38,43,50,30,36,36,32,32,40,40,40,40,40,40,0,0,0],"gold":310,"neow_bonus":"THREE_ENEMY_KILL","is_daily":false,"chose_seed":false,"campfire_upgraded":7,"win_rate":0.0,"timestamp":1610721850,"path_taken":["M","?","?","?","?","E","?","R","T","?","$","R","M","M","R","BOSS","M","?","M","M","?","E","R","M","T","?","R","$","R","?","R","BOSS"],"items_purchased_type":["Card","Relic","Card","Card"],"build_version":"2020-12-22","purchased_purges":2,"victory":false,"max_hp_per_floor":[52,52,52,52,52,52,52,52,52,52,52,52,52,52,52,52,52,52,52,52,52,52,52,52,52,52,52,52,52,52,52,52,52,52,52],"card_choices":[{"not_picked":["PokerPlayerMod:MagicTrick","PokerPlayerMod:Diamond3"],"picked":"PokerPlayerMod:Club7","floor":1},{"not_picked":["PokerPlayerMod:Club6","PokerPlayerMod:ClubShade"],"picked":"PokerPlayerMod:SecondChance","floor":6},{"not_picked":["PokerPlayerMod:FlyingCard","PokerPlayerMod:Configure","PokerPlayerMod:ClubShade"],"picked":"SKIP","floor":13},{"not_picked":["PokerPlayerMod:Diamond4","PokerPlayerMod:Diamond3"],"picked":"PokerPlayerMod:CardPrinter","floor":14},{"not_picked":["PokerPlayerMod:Spade7","PokerPlayerMod:WildCard"],"picked":"PokerPlayerMod:ItsShowtime","floor":16},{"not_picked":["PokerPlayerMod:Diamond4","PokerPlayerMod:SpadeStrike","PokerPlayerMod:CardBurn"],"picked":"SKIP","floor":18},{"not_picked":["PokerPlayerMod:Spade4","PokerPlayerMod:Fold+1","PokerPlayerMod:Diamond2"],"picked":"SKIP","floor":20},{"not_picked":["PokerPlayerMod:Spade4","PokerPlayerMod:Fold+1","PokerPlayerMod:Heart2"],"picked":"SKIP","floor":21},{"not_picked":["PokerPlayerMod:Fold","PokerPlayerMod:Club1"],"picked":"PokerPlayerMod:Diamond6","floor":22},{"not_picked":["PokerPlayerMod:GamblerForm","PokerPlayerMod:Diamond1"],"picked":"PokerPlayerMod:Club6","floor":22},{"not_picked":["PokerPlayerMod:Club5","PokerPlayerMod:SpadeStrike"],"picked":"PokerPlayerMod:MagicTrick","floor":22},{"not_picked":["PokerPlayerMod:HiddenCard","PokerPlayerMod:SecondChance"],"picked":"PokerPlayerMod:Club3","floor":23},{"not_picked":["PokerPlayerMod:Spade4","PokerPlayerMod:Diamond4"],"picked":"PokerPlayerMod:CardBurn+1","floor":25},{"not_picked":["PokerPlayerMod:CardBurn","PokerPlayerMod:Club2","PokerPlayerMod:DiamondStrike"],"picked":"SKIP","floor":27}],"player_experience":15615,"relics_obtained":[{"floor":2,"key":"Ring of Greed"},{"floor":2,"key":"Ring of Peace"},{"floor":2,"key":"Replay:Wax Seal"},{"floor":2,"key":"Membership Card"},{"floor":6,"key":"Replay:Accelerometer"},{"floor":9,"key":"Sundial"},{"floor":23,"key":"Lantern"},{"floor":26,"key":"Vajra"}],"event_choices":[{"damage_healed":0,"gold_gain":0,"player_choice":"Entered Light","damage_taken":10,"max_hp_gain":0,"max_hp_loss":0,"event_name":"Shining Light","floor":3,"gold_loss":0,"cards_upgraded":["PokerPlayerMod:Club8","PokerPlayerMod:Diamond3"]},{"cards_removed":["ReplayTheSpireMod:Splinters"],"damage_healed":0,"gold_gain":0,"player_choice":"Card Removal","damage_taken":7,"max_hp_gain":0,"max_hp_loss":0,"event_name":"Golden Wing","floor":4,"gold_loss":0},{"damage_healed":0,"gold_gain":0,"player_choice":"Ignored","damage_taken":0,"max_hp_gain":0,"max_hp_loss":0,"event_name":"Liars Game","floor":5,"gold_loss":0},{"damage_healed":0,"gold_gain":0,"player_choice":"Jackpot","damage_taken":0,"max_hp_gain":0,"max_hp_loss":0,"event_name":"PokerPlayerMod:ExordiumClub","floor":7,"gold_loss":0,"cards_obtained":["PokerPlayerMod:Club2","PokerPlayerMod:Club3","PokerPlayerMod:Club4","PokerPlayerMod:Club5","PokerPlayerMod:Club6"]},{"damage_healed":0,"gold_gain":0,"player_choice":"Jackpot","damage_taken":0,"max_hp_gain":0,"max_hp_loss":0,"event_name":"PokerPlayerMod:ExordiumClub","floor":7,"gold_loss":0,"cards_obtained":["PokerPlayerMod:Club2","PokerPlayerMod:Club3","PokerPlayerMod:Club4","PokerPlayerMod:Club5","PokerPlayerMod:Club6"]},{"damage_healed":0,"gold_gain":0,"player_choice":"Jackpot","damage_taken":0,"max_hp_gain":0,"max_hp_loss":0,"event_name":"PokerPlayerMod:ExordiumClub","floor":7,"gold_loss":0,"cards_obtained":["PokerPlayerMod:Club2","PokerPlayerMod:Club3","PokerPlayerMod:Club4","PokerPlayerMod:Club5","PokerPlayerMod:Club6"]},{"damage_healed":0,"gold_gain":0,"player_choice":"Jackpot","damage_taken":0,"max_hp_gain":0,"max_hp_loss":0,"event_name":"PokerPlayerMod:ExordiumClub","floor":7,"gold_loss":0,"cards_obtained":["PokerPlayerMod:Club2","PokerPlayerMod:Club3","PokerPlayerMod:Club4","PokerPlayerMod:Club5","PokerPlayerMod:Club6"]},{"damage_healed":0,"gold_gain":0,"player_choice":"Jackpot","damage_taken":0,"max_hp_gain":0,"max_hp_loss":0,"event_name":"PokerPlayerMod:ExordiumClub","floor":7,"gold_loss":0,"cards_obtained":["PokerPlayerMod:Club2","PokerPlayerMod:Club3","PokerPlayerMod:Club4","PokerPlayerMod:Club5","PokerPlayerMod:Club6"]},{"damage_healed":0,"gold_gain":0,"player_choice":"Read","damage_taken":0,"max_hp_gain":0,"max_hp_loss":0,"event_name":"The Library","floor":19,"gold_loss":0,"cards_obtained":["PokerPlayerMod:Spade10"]},{"damage_healed":0,"gold_gain":0,"player_choice":"Think Hard","damage_taken":0,"max_hp_gain":0,"max_hp_loss":0,"event_name":"PokerPlayerMod:Vampires","floor":31,"gold_loss":0,"cards_obtained":["PokerPlayerMod:ThinkingTime"]}],"is_beta":false,"boss_relics":[{"not_picked":["Calling Bell","ChewingGum"],"picked":"SlaversCollar"}],"items_purged_floors":[11,29],"is_endless":false,"potions_floor_spawned":[13,14,18,20],"killed_by":"Pondfish","ascension_level":0}}