{"host":"s9dep4x43c14s74h","time":1610720746,"event":{"mods":["BaseMod","Downfall","Gremlin Mod","Hermit","HololiveMod","Jorbs\u0027s Wanderer Trilogy","Lobotomy","Marisa????????","Minty Spire (QoL Compilation)","Replay The Spire","StSLib","The Animator","The Bug Knight","The Construct","The Cursed","The Necromancer","The Runesmith","The Servant 0.9.4"],"gold_per_floor":[99,116,130,5,79,64,136,155,183,108,139,154,154,188,206,206,206,206],"floor_reached":16,"language":"RUS","playtime":2062,"items_purged":[],"score":145,"play_id":"1717ce06-87bd-4487-84bf-36f3aa3666a4","local_time":"20210115172546","is_ascension_mode":false,"campfire_choices":[{"data":"champ:Taunt","floor":1.0,"key":"SMITH"},{"data":"champ:GladiatorStyle","floor":10.0,"key":"SMITH"},{"data":"champ:DefensiveStyle","floor":13,"key":"SMITH"}],"circlet_count":0,"master_deck":["champ:Strike","champ:Strike","champ:Strike","champ:Strike","champ:Defend","champ:Defend","champ:Defend","champ:Defend","champ:Execute","champ:Taunt+1","champ:BringItOn","champ:DeathBlow","champ:ArenaPreparation","champ:GladiatorStyle+1","champ:ArenaPreparation","champ:DefensiveStyle+1","champ:SteelEdge","champ:DeathBlow","champ:BerserkerStyle","champ:Devastate","champ:EnragedBash","champ:EndlessRage","champ:Backstep","champ:PerfectedStrike"],"relics":["champ:ChampionCrown","champ:FightingForDummies","ReplayTheSpireMod:Ninjato","Vajra","downfall:HeartBlessingGreen","Replay:Kaleidoscope","Replay:Bottled Flurry"],"acts_visited":["Exordium"],"potions_floor_usage":[12,16],"damage_taken":[{"damage":10.0,"enemies":"Jaw Worm","floor":2.0,"turns":5.0},{"damage":0.0,"enemies":"2 Louse","floor":3.0,"turns":3.0},{"damage":10.0,"enemies":"downfall:FleeingMerchant","floor":4.0,"turns":4.0},{"damage":35.0,"enemies":"downfall:FleeingMerchant","floor":6.0,"turns":4.0},{"damage":31.0,"enemies":"Cultist","floor":8.0,"turns":4.0},{"damage":5.0,"enemies":"Gremlin Nob","floor":9.0,"turns":2.0},{"damage":67,"enemies":"3 Sentries","floor":11,"turns":7},{"damage":22,"enemies":"3 Louse","floor":12,"turns":3},{"damage":57,"enemies":"Lagavulin","floor":14,"turns":9},{"damage":28,"enemies":"Exordium Thugs","floor":15,"turns":4},{"damage":26,"enemies":"downfall:Silent","floor":16,"turns":4}],"seed_played":"2703277313682611557","potions_obtained":[{"floor":2.0,"key":"Slimebound:ThreeZeroPotion"},{"floor":5.0,"key":"FearPotion"},{"floor":8.0,"key":"Swift Potion"},{"floor":9.0,"key":"champ:OpenerPotion"},{"floor":12,"key":"Languid Potion"},{"floor":14,"key":"GamblersBrew"}],"is_trial":false,"path_per_floor":["R","M","M","$","?","$","T","M","E","R","E","M","R","E","M","B"],"character_chosen":"THE_CHAMP","items_purchased":["champ:GladiatorStyle","champ:ArenaPreparation"],"campfire_rested":0,"item_purchase_floors":[4,4],"current_hp_per_floor":[99,99,99,99,75,75,75,75,75,75,62,50,50,29,20,0,0,0],"gold":206,"neow_bonus":"TEN_PERCENT_HP_BONUS","is_daily":false,"chose_seed":false,"campfire_upgraded":3,"win_rate":0.0,"timestamp":1610720746,"path_taken":["R","M","M","$","?","$","T","M","E","R","E","?","R","E","M","BOSS"],"items_purchased_type":["Card","Card"],"build_version":"2020-12-22","purchased_purges":0,"victory":false,"max_hp_per_floor":[99,99,99,99,99,99,99,99,99,99,99,99,99,99,99,99,99,99],"card_choices":[{"not_picked":["champ:GutPunch","champ:FocusedDefense"],"picked":"champ:BringItOn","floor":2.0},{"not_picked":["champ:Circumvent","champ:Encircle"],"picked":"champ:DeathBlow","floor":3.0},{"not_picked":["champ:Haymaker","champ:GladiatorStyle"],"picked":"champ:ArenaPreparation","floor":4.0},{"not_picked":["champ:FlashCut","champ:FanOfKnives"],"picked":"champ:DefensiveStyle","floor":5.0},{"not_picked":["champ:CrookedStrike","champ:BringItOn"],"picked":"champ:SteelEdge","floor":5.0},{"not_picked":["champ:BladeFlurry","champ:ShieldWall"],"picked":"champ:DeathBlow","floor":6.0},{"not_picked":["champ:DefensiveShout","champ:FocusedBerserking"],"picked":"champ:BerserkerStyle","floor":8.0},{"not_picked":["champ:AdrenalArmor","champ:Circumvent"],"picked":"champ:Devastate","floor":9.0},{"not_picked":["champ:Circumvent","champ:TornadoPunch"],"picked":"champ:EnragedBash","floor":11},{"not_picked":["champ:GladiatorsShout","champ:GutPunch"],"picked":"champ:EndlessRage","floor":12},{"not_picked":["champ:DefensiveStyle","champ:BerserkersShout"],"picked":"champ:Backstep","floor":14},{"not_picked":["champ:ArenaPreparation","champ:MurderStrike"],"picked":"champ:PerfectedStrike","floor":15}],"player_experience":875765,"relics_obtained":[{"floor":5.0,"key":"champ:FightingForDummies"},{"floor":7.0,"key":"ReplayTheSpireMod:Ninjato"},{"floor":9.0,"key":"Vajra"},{"floor":11,"key":"Replay:Kaleidoscope"},{"floor":14,"key":"Replay:Bottled Flurry"}],"event_choices":[],"is_beta":false,"boss_relics":[],"items_purged_floors":[],"is_endless":false,"potions_floor_spawned":[2,8,9,12,14],"killed_by":"downfall:Silent","ascension_level":0}}