{"host":"nuce7grnusr8lpe2","time":1610706401,"event":{"mods":["Act Like it!","BaseMod","Better Third Choice","Gensokyo","Marisa????????","Minty Spire (QoL Compilation)","Prisma Mod","Rare Cards Sparkle","StSLib","Td1madao Mod","The Animator","The Servant 0.9.4","The Wild Card"],"gold_per_floor":[129,9,37,37,37,37,67,67,121,168,20,20,334,334,334,334,334],"floor_reached":16,"language":"ENG","playtime":934,"items_purged":[],"score":106,"play_id":"b54ab1fd-b5ff-4806-a7df-57072fc3c36d","local_time":"20210115112641","is_ascension_mode":false,"campfire_choices":[{"floor":6,"key":"RECALL"},{"floor":12,"key":"REST"},{"data":"animator:Shinoa","floor":15,"key":"SMITH"}],"circlet_count":0,"master_deck":["animator:Strike_OwariNoSeraph","animator:Defend_OwariNoSeraph","animator:Strike","animator:Strike","animator:Strike","animator:Defend","animator:Defend","animator:Defend","animator:Shinoa+1","animator:Mikaela","animator:RoryMercury","animator:Witch","Clumsy","animator:MetalKnight+1","animator:CrowleyEusford","animator:TukaLunaMarceau"],"relics":["animator:LivingPicture","animator:TheMissingPiece","Strawberry","Gensokyo:NagashiBinaDoll","animator:Hoodie","Philosopher\u0027s Stone","animator:WornHelmet","Membership Card","Old Coin"],"acts_visited":["Gensokyo:Gensokyo"],"potions_floor_usage":[7,10,16,16],"damage_taken":[{"damage":4,"enemies":"Gensokyo:Python","floor":1,"turns":4},{"damage":9,"enemies":"Gensokyo:Gryphon","floor":3,"turns":4},{"damage":7,"enemies":"Gensokyo:Mamizou","floor":7,"turns":9},{"damage":29,"enemies":"Gensokyo:Cirno","floor":10,"turns":8},{"damage":2,"enemies":"Gensokyo:2_Kodama","floor":13,"turns":3},{"damage":35,"enemies":"Gensokyo:Yukari","floor":16,"turns":9}],"seed_played":"8221370058466960099","potions_obtained":[{"floor":3,"key":"Explosive Potion"},{"floor":10,"key":"Fire Potion"}],"is_trial":false,"path_per_floor":["M","COS","M","?","?","R","E","?","T","E","$","R","M","?","R","B"],"character_chosen":"THE_ANIMATOR","items_purchased":["Membership Card"],"campfire_rested":1,"item_purchase_floors":[11],"current_hp_per_floor":[68,68,59,56,56,56,49,73,73,24,24,35,34,34,34,0,0],"gold":334,"neow_bonus":"TEN_PERCENT_HP_BONUS","is_daily":false,"chose_seed":false,"campfire_upgraded":1,"win_rate":0.0,"timestamp":1610706401,"path_taken":["M","COS","M","?","?","R","E","?","T","E","?","R","?","?","R","BOSS"],"items_purchased_type":["Relic"],"build_version":"2020-12-22","purchased_purges":0,"victory":false,"max_hp_per_floor":[72,72,72,79,79,79,79,79,79,39,39,39,40,40,40,40,40],"card_choices":[{"not_picked":["animator:Ara","animator:YachiyoNanami"],"picked":"animator:RoryMercury","floor":1},{"not_picked":["animator:Elsword","animator:YachiyoNanami"],"picked":"animator:Witch","floor":3},{"not_picked":["animator:MadokaKaname","animator:PinaCoLada"],"picked":"animator:Father","floor":7},{"not_picked":["animator:CowGirl","animator:Genos"],"picked":"animator:MetalKnight","floor":7},{"not_picked":["animator:Mikaela","animator:Shinoa"],"picked":"animator:CrowleyEusford","floor":10},{"not_picked":["animator:SuzuneAmano","animator:Priestess"],"picked":"animator:TukaLunaMarceau","floor":13}],"player_experience":443362,"relics_obtained":[{"floor":7,"key":"animator:Hoodie"},{"floor":10,"key":"animator:WornHelmet"}],"event_choices":[],"is_beta":false,"boss_relics":[],"items_purged_floors":[],"is_endless":false,"potions_floor_spawned":[3,10],"killed_by":"Gensokyo:Yukari","ascension_level":0}}