{"host":"yuoancq4cku3x8wq","time":1610726060,"event":{"mods":["AchievementEnabler","BaseMod","Minty Spire (QoL Compilation)","Quick Restart","StSLib","SuperFastMode"],"gold_per_floor":[116,191,191,209,52,82,82,100,100,122,135,150,150,166,166,243,243,255,255,269,269,269,269,269,298,321,337,337,337,129,144,144,221,221,237,256,256,256,306,331,331,331,354,373,155,155,125,137,137,137,137,137,137,17,48,48],"floor_reached":57,"language":"ZHS","playtime":3292,"items_purged":["Strike_R","Defend_R","Defend_R","Defend_R"],"score":3121,"play_id":"78a9787e-829e-41bd-9456-898e28dcc91f","local_time":"20210115235420","is_ascension_mode":true,"campfire_choices":[{"data":"Body Slam","floor":7.0,"key":"SMITH"},{"data":"True Grit","floor":13.0,"key":"SMITH"},{"data":"Evolve","floor":15.0,"key":"SMITH"},{"floor":23.0,"key":"REST"},{"data":"Second Wind","floor":29.0,"key":"SMITH"},{"data":"Shockwave","floor":32.0,"key":"SMITH"},{"data":"Berserk","floor":41.0,"key":"SMITH"},{"floor":49.0,"key":"RECALL"},{"data":"Feel No Pain","floor":53,"key":"SMITH"}],"circlet_count":0,"master_deck":["AscendersBane","Defend_R","Bash","Battle Trance","Body Slam+1","Shrug It Off","True Grit+1","Evolve+1","Power Through","Shrug It Off","Shockwave+1","Power Through","Offering","Dark Embrace","Body Slam","Ghostly","Ghostly","Ghostly","Pommel Strike","Second Wind+1","Berserk+1","Sentinel+1","Feel No Pain","Feel No Pain+1","Apotheosis","Power Through+1"],"relics":["Burning Blood","NeowsBlessing","The Courier","Juzu Bracelet","Odd Mushroom","Snecko Eye","Enchiridion","Anchor","Red Skull","Medical Kit","Mark of Pain","Torii","Blue Candle"],"acts_visited":["Exordium","TheCity","TheBeyond","TheEnding"],"potions_floor_usage":[56],"damage_taken":[{"damage":0.0,"enemies":"2 Louse","floor":1.0,"turns":2.0},{"damage":0.0,"enemies":"Small Slimes","floor":4.0,"turns":2.0},{"damage":0.0,"enemies":"3 Sentries","floor":6.0,"turns":2.0},{"damage":11.0,"enemies":"Jaw Worm","floor":8.0,"turns":6.0},{"damage":39.0,"enemies":"The Mushroom Lair","floor":10.0,"turns":8.0},{"damage":8.0,"enemies":"Large Slime","floor":11.0,"turns":7.0},{"damage":0.0,"enemies":"Looter","floor":12.0,"turns":4.0},{"damage":3.0,"enemies":"2 Fungi Beasts","floor":14.0,"turns":4.0},{"damage":4.0,"enemies":"The Guardian","floor":16.0,"turns":15.0},{"damage":22.0,"enemies":"Spheric Guardian","floor":18.0,"turns":5.0},{"damage":21.0,"enemies":"3 Byrds","floor":20.0,"turns":14.0},{"damage":26.0,"enemies":"Slavers","floor":25.0,"turns":20.0},{"damage":8.0,"enemies":"3 Cultists","floor":27.0,"turns":6.0},{"damage":2.0,"enemies":"Snecko","floor":31.0,"turns":4.0},{"damage":0.0,"enemies":"Champ","floor":33.0,"turns":5.0},{"damage":6.0,"enemies":"3 Darklings","floor":35.0,"turns":10.0},{"damage":0.0,"enemies":"Orb Walker","floor":36.0,"turns":3.0},{"damage":0.0,"enemies":"Nemesis","floor":40.0,"turns":5.0},{"damage":3.0,"enemies":"Jaw Worm Horde","floor":44.0,"turns":4.0},{"damage":7.0,"enemies":"Spire Growth","floor":48.0,"turns":5.0},{"damage":6.0,"enemies":"Donu and Deca","floor":50.0,"turns":8.0},{"damage":6,"enemies":"Awakened One","floor":51,"turns":6},{"damage":0,"enemies":"Shield and Spear","floor":55,"turns":6},{"damage":7,"enemies":"The Heart","floor":56,"turns":8}],"seed_played":"-5038096597702839022","potions_obtained":[{"floor":1.0,"key":"SteroidPotion"},{"floor":8.0,"key":"BloodPotion"},{"floor":16.0,"key":"Strength Potion"},{"floor":27.0,"key":"Dexterity Potion"},{"floor":31.0,"key":"FearPotion"},{"floor":44.0,"key":"LiquidMemories"},{"floor":47.0,"key":"DuplicationPotion"}],"is_trial":false,"path_per_floor":["M","?","?","M","$","E","R","M","T","?","M","M","R","M","R","B",null,"M","?","M","?","?","R","?","E","T","M","?","R","$","M","R","B",null,"M","M","?","?","?","E","R","$","T","M","$","?","?","M","R","B","B",null,"R","$","E","B",null],"character_chosen":"IRONCLAD","items_purchased":["Shrug It Off","True Grit","Medical Kit","Feel No Pain","Feel No Pain"],"campfire_rested":1,"item_purchase_floors":[5,5,30,45,45],"current_hp_per_floor":[74,63,56,62,62,68,68,63,63,30,43,49,49,52,52,54,70,54,54,39,39,18,40,37,17,17,15,15,15,15,19,19,25,34,34,37,37,37,37,37,37,37,37,37,37,27,27,26,26,26,26,34,34,34,37,36],"gold":48,"neow_bonus":"THREE_ENEMY_KILL","is_daily":false,"chose_seed":false,"campfire_upgraded":7,"win_rate":0.0,"timestamp":1610726060,"path_taken":["M","?","?","M","$","E","R","M","T","?","M","M","R","M","R","BOSS","M","?","M","?","?","R","?","E","T","M","?","R","$","M","R","BOSS","M","M","?","?","?","E","R","?","T","M","$","?","?","M","R","BOSS","BOSS","R","$","E","BOSS"],"items_purchased_type":["Card","Card","Relic","Card","Card"],"build_version":"2020-12-22","purchased_purges":4,"victory":true,"max_hp_per_floor":[75,75,75,75,75,75,75,75,75,75,75,75,75,75,75,75,75,75,75,75,75,75,75,37,37,37,37,37,37,37,37,37,37,37,37,37,37,37,37,37,37,37,37,37,37,37,37,37,37,37,37,37,37,37,37,37],"card_choices":[{"not_picked":["Dual Wield","Flex"],"picked":"Battle Trance","floor":1.0},{"not_picked":["Infernal Blade","Warcry"],"picked":"Body Slam","floor":4.0},{"not_picked":["Heavy Blade","Body Slam"],"picked":"Evolve","floor":6.0},{"not_picked":["Perfected Strike","Shrug It Off"],"picked":"Power Through","floor":8.0},{"not_picked":["Evolve","Clothesline"],"picked":"Shrug It Off","floor":10.0},{"not_picked":["Headbutt","Anger"],"picked":"Shockwave","floor":11.0},{"not_picked":["Havoc","Limit Break","Anger"],"picked":"SKIP","floor":12.0},{"not_picked":["Havoc","Limit Break","Anger"],"picked":"SKIP","floor":12.0},{"not_picked":["True Grit","Body Slam"],"picked":"Power Through","floor":14.0},{"not_picked":["Barricade","Immolate"],"picked":"Offering","floor":16.0},{"not_picked":["Metallicize","Intimidate","Havoc"],"picked":"SKIP","floor":18.0},{"not_picked":["Disarm+1","Uppercut+1"],"picked":"Dark Embrace","floor":20.0},{"not_picked":["Shrug It Off","Ghostly Armor"],"picked":"Pommel Strike","floor":25.0},{"not_picked":["Anger","Shockwave","Havoc"],"picked":"SKIP","floor":27.0},{"not_picked":["Perfected Strike","Iron Wave","Thunderclap"],"picked":"SKIP","floor":31.0},{"not_picked":["Limit Break","Demon Form"],"picked":"Berserk","floor":33.0},{"not_picked":["Warcry","Cleave"],"picked":"Sentinel+1","floor":35.0},{"not_picked":["Sever Soul","Headbutt+1","Thunderclap"],"picked":"SKIP","floor":36.0},{"not_picked":["Sever Soul","Bludgeon","Shrug It Off"],"picked":"SKIP","floor":40.0},{"not_picked":["Perfected Strike","Pommel Strike","Inflame+1"],"picked":"SKIP","floor":44.0},{"not_picked":["Swift Strike","Finesse"],"picked":"Apotheosis","floor":46.0},{"not_picked":["Cleave","Iron Wave","Bloodletting+1"],"picked":"SKIP","floor":48.0},{"not_picked":["True Grit","Sword Boomerang"],"picked":"Power Through+1","floor":55}],"player_experience":276472,"relics_obtained":[{"floor":6.0,"key":"The Courier"},{"floor":9.0,"key":"Juzu Bracelet"},{"floor":10.0,"key":"Odd Mushroom"},{"floor":22.0,"key":"Enchiridion"},{"floor":25.0,"key":"Anchor"},{"floor":26.0,"key":"Red Skull"},{"floor":40.0,"key":"Torii"},{"floor":55,"key":"Blue Candle"}],"event_choices":[{"damage_healed":0.0,"max_hp_gain":0.0,"max_hp_loss":0.0,"gold_gain":75.0,"event_name":"World of Goop","player_choice":"Gather Gold","floor":2.0,"gold_loss":0.0,"damage_taken":11.0},{"cards_removed":["Strike_R"],"damage_healed":0.0,"max_hp_gain":0.0,"max_hp_loss":0.0,"gold_gain":0.0,"event_name":"Golden Wing","player_choice":"Card Removal","floor":3.0,"gold_loss":0.0,"damage_taken":7.0},{"damage_healed":0.0,"max_hp_gain":0.0,"max_hp_loss":0.0,"gold_gain":0.0,"event_name":"Mushrooms","player_choice":"Fought Mushrooms","floor":10.0,"gold_loss":0.0,"damage_taken":0.0},{"cards_removed":["Strike_R"],"damage_healed":0.0,"max_hp_gain":0.0,"max_hp_loss":0.0,"gold_gain":0.0,"event_name":"Back to Basics","player_choice":"Elegance","floor":19.0,"gold_loss":0.0,"damage_taken":0.0},{"damage_healed":0.0,"max_hp_gain":0.0,"max_hp_loss":0.0,"gold_gain":0.0,"cards_transformed":["Strike_R","Strike_R"],"event_name":"Drug Dealer","player_choice":"Became Test Subject","floor":21.0,"gold_loss":0.0,"damage_taken":0.0,"cards_obtained":["Body Slam","Metallicize"]},{"damage_healed":0.0,"max_hp_gain":0.0,"max_hp_loss":0.0,"gold_gain":0.0,"event_name":"Cursed Tome","player_choice":"Obtained Book","floor":22.0,"gold_loss":0.0,"damage_taken":21.0},{"damage_healed":0.0,"max_hp_gain":0.0,"max_hp_loss":38.0,"gold_gain":0.0,"event_name":"Ghosts","player_choice":"Became a Ghost","floor":24.0,"gold_loss":0.0,"damage_taken":0.0,"cards_obtained":["Ghostly","Ghostly","Ghostly"]},{"damage_healed":0.0,"max_hp_gain":0.0,"max_hp_loss":0.0,"gold_gain":0.0,"event_name":"The Library","player_choice":"Read","floor":28.0,"gold_loss":0.0,"damage_taken":0.0,"cards_obtained":["Second Wind"]},{"damage_healed":0.0,"max_hp_gain":0.0,"max_hp_loss":0.0,"gold_gain":0.0,"event_name":"SecretPortal","player_choice":"Ignored","floor":37.0,"gold_loss":0.0,"damage_taken":0.0},{"cards_removed":["Metallicize"],"damage_healed":0.0,"max_hp_gain":0.0,"max_hp_loss":0.0,"gold_gain":0.0,"event_name":"Falling","player_choice":"Removed Power","floor":38.0,"gold_loss":0.0,"damage_taken":0.0},{"damage_healed":0.0,"max_hp_gain":0.0,"max_hp_loss":0.0,"gold_gain":50.0,"event_name":"Golden Shrine","player_choice":"Pray","floor":39.0,"gold_loss":0.0,"damage_taken":0.0},{"damage_healed":0.0,"max_hp_gain":0.0,"max_hp_loss":0.0,"gold_gain":0.0,"event_name":"SensoryStone","player_choice":"Memory 3","floor":46.0,"gold_loss":0.0,"damage_taken":10.0},{"damage_healed":0.0,"max_hp_gain":0.0,"max_hp_loss":0.0,"gold_gain":0.0,"event_name":"The Woman in Blue","player_choice":"Bought 2 Potions","floor":47.0,"gold_loss":0.0,"damage_taken":0.0}],"is_beta":false,"boss_relics":[{"not_picked":["Calling Bell","Philosopher\u0027s Stone"],"picked":"Snecko Eye"},{"not_picked":["Runic Pyramid","Fusion Hammer"],"picked":"Mark of Pain"}],"items_purged_floors":[5,30,45,54],"is_endless":false,"potions_floor_spawned":[1,8,16,27,31,35,36,44],"ascension_level":20}}