{"host":"440aydzcd8mkncjo","time":1610751342,"event":{"mods":["2.2 Compatiblity","Act Like it!","Aspiration","Astrologer","Bard","BaseMod","Beaked The Cultist","Challenge The Spire","Chen","Colored Map","Conspire","Downfall","Energized Spire","Friendly Minions","Gensokyo","Gremlin Mod","Halation","Hallownest","Hubris","Infinite Spire","Jedi Mod","Jorbs\u0027s Wanderer Trilogy","Koishi","Mad Scientist","Marisa????????","Mimic Mod","Minty Spire (QoL Compilation)","Rare Cards Sparkle","Reimu??????","Relic Sorter","Remilia??????","Replay The Spire","Shade Mod","Shop Mod","Somnambulant","StSLib","The Administrix","The Alterego","The Blackbeard","The Bug Knight","The Construct","The Cursed","The Elementalist","The Florist","The Gatherer","The Hierophant","The Jungle","The Marked","The Mystic","The Problem Sleuth","The Runesmith","The Servant 0.9.4","TheBandit","TheSwordswoman","Unknown Chances","Waifu the Spire","Youmu??????","Yuri Mod","Yuyuko","thorton","vexMod"],"gold_per_floor":[109,109,120,120,134,168,188,206,229,229,229,246,261,261,261,371,371,388,403,503,520,537,537,556,556,556,574,592,604,604,622,622,622,622],"floor_reached":33,"language":"ENG","playtime":3432,"items_purged":[],"score":257,"play_id":"bf9e0c79-8016-4864-8983-e0a21d9521d1","local_time":"20210115225542","is_ascension_mode":false,"campfire_choices":[{"floor":11,"key":"REST"},{"floor":15,"key":"REST"},{"floor":23,"key":"REST"},{"floor":25,"key":"REST"},{"floor":32,"key":"REST"}],"circlet_count":0,"master_deck":["stsjorbsmod:ForbiddenGrimoire+1","stsjorbsmod:Strike_Wanderer","stsjorbsmod:Strike_Wanderer","stsjorbsmod:Strike_Wanderer","stsjorbsmod:Strike_Wanderer","stsjorbsmod:Defend_Wanderer","stsjorbsmod:Defend_Wanderer","stsjorbsmod:Defend_Wanderer","stsjorbsmod:Defend_Wanderer","stsjorbsmod:FreshAdventure","stsjorbsmod:EyeOfTheStorm+1","stsjorbsmod:SmithingStrike","stsjorbsmod:ScorchingRay","stsjorbsmod:Mania","stsjorbsmod:FindFamiliar","stsjorbsmod:MageArmor","stsjorbsmod:FlameWard","stsjorbsmod:DisguiseSelf","stsjorbsmod:SchoolsOfMagic","stsjorbsmod:Determination","stsjorbsmod:Index","stsjorbsmod:Prepare","stsjorbsmod:Index+1","stsjorbsmod:LoseGrip","stsjorbsmod:FracturedMind","stsjorbsmod:MageArmor","stsjorbsmod:BlackTentacles+1","stsjorbsmod:Index","stsjorbsmod:Inferno"],"relics":["stsjorbsmod:GrimoireRelic","halation:PinkSoulGem","NeowsBlessing","ReplayTheSpireMod:Ninjato","Vajra","halation:EternalFortune","thethorton:BottledFunds","jedi:angrymask","Question Card"],"acts_visited":["Hallownest:Greenpath","TheCity"],"potions_floor_usage":[8,16,16,16,21,21,33,33,33],"damage_taken":[{"damage":0,"enemies":"Hallownest:2_MossCreeps","floor":1,"turns":1},{"damage":1,"enemies":"Hallownest:2_Tiktiks_and_1_Crawlid","floor":3,"turns":1},{"damage":0,"enemies":"Hallownest:monsterHuskGuard","floor":5,"turns":1},{"damage":9,"enemies":"Hallownest:eliteVengeflyKing","floor":6,"turns":6},{"damage":27,"enemies":"Hallownest:1_Baldur_1_Crawlid_1_Warrior","floor":7,"turns":5},{"damage":11,"enemies":"Hallownest:Guard_and_Warrior","floor":8,"turns":4},{"damage":12,"enemies":"Hallownest:1_Ooma_and_2_Uuma","floor":12,"turns":6},{"damage":0,"enemies":"Hallownest:monsterAspidMother","floor":13,"turns":4},{"damage":19,"enemies":"Hallownest:BossFalseKnight","floor":16,"turns":6},{"damage":20,"enemies":"Spheric Guardian","floor":18,"turns":6},{"damage":18,"enemies":"2 Thieves","floor":19,"turns":4},{"damage":38,"enemies":"Sentry and Sphere","floor":21,"turns":7},{"damage":2,"enemies":"Cultist and Chosen","floor":22,"turns":8},{"damage":0,"enemies":"Centurion and Healer","floor":24,"turns":1},{"damage":31,"enemies":"Snake Plant","floor":27,"turns":4},{"damage":0,"enemies":"Snecko","floor":28,"turns":6},{"damage":5,"enemies":"3 Cultists","floor":29,"turns":6},{"damage":15,"enemies":"Centurion and Healer","floor":31,"turns":7},{"damage":30,"enemies":"Pondfish","floor":33,"turns":7}],"seed_played":"7293749568276071044","potions_obtained":[{"floor":6,"key":"Adrenaline Potion"},{"floor":7,"key":"ColorlessPotion"},{"floor":8,"key":"AttackPotion"},{"floor":12,"key":"jedi:StrikingPotion"},{"floor":16,"key":"BlessingOfTheForge"},{"floor":19,"key":"Guardian:BlockOnCardUsePotion"},{"floor":22,"key":"Strength Potion"},{"floor":24,"key":"LiquidBronze"},{"floor":31,"key":"Milkshake"}],"is_trial":false,"path_per_floor":["M","?","M","?","M","E","M","M","T","?","R","M","M","?","R","B",null,"M","M","?","M","M","R","M","R","T","M","M","M","T","M","R","B"],"character_chosen":"WANDERER","items_purchased":[],"campfire_rested":5,"item_purchase_floors":[],"current_hp_per_floor":[68,68,67,57,57,49,25,18,18,21,42,32,32,32,53,37,71,59,41,41,3,1,22,22,43,43,16,16,20,20,5,28,0,0],"gold":622,"neow_bonus":"THREE_ENEMY_KILL","is_daily":false,"chose_seed":false,"campfire_upgraded":0,"win_rate":0.0,"timestamp":1610751342,"path_taken":["M","?","M","?","?","E","M","M","T","?","R","M","M","?","R","BOSS","M","?","?","M","M","R","?","R","T","?","M","M","?","?","R","BOSS"],"items_purchased_type":[],"build_version":"2020-12-22","purchased_purges":0,"victory":false,"max_hp_per_floor":[68,68,68,68,68,68,68,68,68,71,71,71,71,71,71,71,71,73,73,73,73,73,73,73,73,73,73,73,79,79,79,79,79,79],"card_choices":[{"not_picked":["stsjorbsmod:MagicMissiles","stsjorbsmod:WanderingMind"],"picked":"stsjorbsmod:SmithingStrike","floor":1},{"not_picked":["stsjorbsmod:WeightOfMemory","stsjorbsmod:Mindworm"],"picked":"stsjorbsmod:ScorchingRay","floor":3},{"not_picked":["stsjorbsmod:ScorchingRay","stsjorbsmod:Will"],"picked":"stsjorbsmod:Mania","floor":5},{"not_picked":["stsjorbsmod:RefuseToForget","stsjorbsmod:BurningFlask"],"picked":"stsjorbsmod:FindFamiliar","floor":6},{"not_picked":["stsjorbsmod:MagicMissiles","stsjorbsmod:RefuseToForget"],"picked":"stsjorbsmod:MageArmor","floor":7},{"not_picked":["stsjorbsmod:WeightOfMemory","stsjorbsmod:MagicMissiles"],"picked":"stsjorbsmod:FlameWard","floor":8},{"not_picked":["stsjorbsmod:Prepare","stsjorbsmod:AnimateObjects"],"picked":"stsjorbsmod:DisguiseSelf","floor":12},{"not_picked":["stsjorbsmod:ParryingBlow","stsjorbsmod:ScorchingRay"],"picked":"stsjorbsmod:SchoolsOfMagic","floor":13},{"not_picked":["stsjorbsmod:HoldMonster","stsjorbsmod:Trauma"],"picked":"stsjorbsmod:Determination","floor":16},{"not_picked":["stsjorbsmod:ArcaneWeapon","stsjorbsmod:LoseGrip+1"],"picked":"stsjorbsmod:Index","floor":18},{"not_picked":["stsjorbsmod:ChainLightning+1","stsjorbsmod:Channel"],"picked":"stsjorbsmod:Prepare","floor":19},{"not_picked":["stsjorbsmod:AnimateObjects","stsjorbsmod:Prepare"],"picked":"stsjorbsmod:Index+1","floor":21},{"not_picked":["stsjorbsmod:MistyStep","stsjorbsmod:Prepare"],"picked":"stsjorbsmod:LoseGrip","floor":22},{"not_picked":["stsjorbsmod:ArcaneWeapon","stsjorbsmod:Thorns"],"picked":"stsjorbsmod:FracturedMind","floor":24},{"not_picked":["stsjorbsmod:DisguiseSelf","stsjorbsmod:LocateObject+1"],"picked":"stsjorbsmod:MageArmor","floor":27},{"not_picked":["stsjorbsmod:TinyHut","stsjorbsmod:Hurt"],"picked":"stsjorbsmod:BlackTentacles+1","floor":28},{"not_picked":["stsjorbsmod:Fear","stsjorbsmod:FindFamiliar+1"],"picked":"stsjorbsmod:Index","floor":29},{"not_picked":["stsjorbsmod:Hibernate","stsjorbsmod:Patron","stsjorbsmod:DoubleCheck+1"],"picked":"stsjorbsmod:Inferno","floor":31}],"player_experience":747684,"relics_obtained":[{"floor":6,"key":"ReplayTheSpireMod:Ninjato"},{"floor":9,"key":"Vajra"},{"floor":26,"key":"jedi:angrymask"},{"floor":30,"key":"Question Card"}],"event_choices":[{"damage_healed":0,"gold_gain":100,"player_choice":"Pray","damage_taken":0,"max_hp_gain":0,"max_hp_loss":0,"event_name":"Golden Shrine","floor":20,"gold_loss":0}],"is_beta":false,"boss_relics":[{"not_picked":["halation:Risk","halation:MonkeysPaw"],"picked":"thethorton:BottledFunds"}],"items_purged_floors":[],"is_endless":false,"potions_floor_spawned":[6,7,8,12,16,19,22,24,31],"killed_by":"Pondfish","ascension_level":0}}