{"host":"7po9pgh86bqe2blc","time":1610715272,"event":{"mods":["BaseMod","Colored Map","Colored Powertips","Hermit","Hubris","Koishi","Minty Spire (QoL Compilation)","StSLib","The Cursed","The Disciple","The Hierophant","The Runesmith"],"gold_per_floor":[118,43,62,62,237,258,273,273,298,313,48,3,3,13,13,73,73],"floor_reached":16,"playtime":1014,"items_purged":["hierophant:Strike_Hierophant","Doubt"],"score":110,"play_id":"04a5f34f-cfe9-4ca8-b244-fb9c6a175ad6","local_time":"20210115135432","is_ascension_mode":true,"campfire_choices":[{"floor":15.0,"key":"REST"}],"circlet_count":0,"master_deck":["hierophant:Strike_Hierophant","hierophant:Strike_Hierophant","hierophant:Strike_Hierophant","hierophant:Punish","hierophant:Defend_Hierophant","hierophant:Defend_Hierophant","hierophant:Defend_Hierophant","hierophant:Defend_Hierophant","hierophant:ChurchCoffers+1","hierophant:Patience","hierophant:HammerAndAnvil","hierophant:ArchangelShield+1","hierophant:Zeal"],"relics":["hierophant:PropheticMaskRelic","hubris:Icosahedron","Letter Opener","Strawberry"],"acts_visited":["Exordium"],"potions_floor_usage":[16],"damage_taken":[{"damage":2.0,"enemies":"Jaw Worm","floor":1.0,"turns":2.0},{"damage":0.0,"enemies":"2 Louse","floor":3.0,"turns":1.0},{"damage":59.0,"enemies":"Gremlin Nob","floor":6.0,"turns":5.0},{"damage":0.0,"enemies":"Small Slimes","floor":7.0,"turns":3.0},{"damage":11.0,"enemies":"Blue Slaver","floor":10.0,"turns":4.0},{"damage":0.0,"enemies":"2 Fungi Beasts","floor":14.0,"turns":2.0},{"damage":42,"enemies":"Hexaghost","floor":16,"turns":11}],"seed_played":"-909010471064848214","potions_obtained":[{"floor":3.0,"key":"Strength Potion"},{"floor":14.0,"key":"SteroidPotion"}],"is_trial":false,"path_per_floor":["M","$","M","?","?","E","M","?","T","M","$","?","?","M","R","B"],"character_chosen":"HIEROPHANT","items_purchased":["hierophant:ArchangelShield","hierophant:Zeal","Regen Potion"],"campfire_rested":1,"item_purchase_floors":[11,11,11],"current_hp_per_floor":[73,73,73,73,73,14,14,7,14,3,3,3,3,12,36,0,0],"gold":73,"neow_bonus":"UPGRADE_CARD","is_daily":false,"chose_seed":false,"campfire_upgraded":0,"win_rate":0.0,"timestamp":1610715272,"path_taken":["M","$","M","?","?","E","M","?","T","M","$","?","?","?","R","BOSS"],"items_purchased_type":["Card","Card","Potion"],"build_version":"2020-12-13","purchased_purges":2,"victory":false,"max_hp_per_floor":[75,75,75,75,75,75,75,75,82,82,82,82,82,82,82,82,82],"card_choices":[{"not_picked":["hierophant:DisplayOfPower","hierophant:FlamingChariot","hierophant:RustyCrate"],"picked":"SKIP","floor":1.0},{"not_picked":["hierophant:HolyVerse","hierophant:DisplayOfPower"],"picked":"hierophant:Patience","floor":3.0},{"not_picked":["hierophant:Martyrdom","hierophant:AuricBeam","hierophant:Remorse"],"picked":"SKIP","floor":6.0},{"not_picked":["hierophant:Encroach","hierophant:MorningPrayer"],"picked":"hierophant:HammerAndAnvil","floor":7.0},{"not_picked":["hierophant:CursedGold","hierophant:Invocation","hierophant:Purify"],"picked":"SKIP","floor":10.0},{"not_picked":["hierophant:Bribe","hierophant:DisplayOfPower","hierophant:Zeal"],"picked":"SKIP","floor":14.0}],"player_experience":380888,"relics_obtained":[{"floor":6.0,"key":"Letter Opener"},{"floor":9.0,"key":"Strawberry"}],"event_choices":[{"damage_healed":0.0,"max_hp_gain":0.0,"max_hp_loss":0.0,"gold_gain":175.0,"event_name":"Liars Game","player_choice":"AGREE","floor":5.0,"gold_loss":0.0,"damage_taken":0.0,"cards_obtained":["Doubt"]},{"damage_healed":0.0,"max_hp_gain":0.0,"max_hp_loss":0.0,"gold_gain":0.0,"event_name":"Scrap Ooze","player_choice":"Fled","floor":8.0,"gold_loss":0.0,"damage_taken":7.0},{"damage_healed":0.0,"max_hp_gain":0.0,"max_hp_loss":0.0,"gold_gain":0.0,"event_name":"World of Goop","player_choice":"Left Gold","floor":12.0,"gold_loss":45.0,"damage_taken":0.0},{"damage_healed":0.0,"max_hp_gain":0.0,"max_hp_loss":0.0,"gold_gain":0.0,"event_name":"Accursed Blacksmith","player_choice":"Forge","floor":13.0,"gold_loss":0.0,"damage_taken":0.0,"cards_upgraded":["hierophant:ArchangelShield"]}],"is_beta":false,"boss_relics":[],"items_purged_floors":[2,11],"is_endless":false,"potions_floor_spawned":[3,14],"killed_by":"Hexaghost","ascension_level":2}}