{"host":"g01l53quoe6lrer0","time":1610684525,"event":{"mods":["2.2 Compatiblity","AchievementEnabler","BaseMod","Colored Map","Highlight Path","Keyboard Shortcuts","Minty Spire (QoL Compilation)","Permanent Neow","StSLib","SuperFastMode","everything is the same but u backflip on backflip"],"gold_per_floor":[14,26,39,189,62,62,77,77,77,93,151,151,165,183,183,257,257,277,277,252,69,0,31,31,46,46,46,57,57,68,82,82,159,159,179,194,1,1,1],"floor_reached":38,"language":"KOR","playtime":3548,"items_purged":["Doubt","Strike_B"],"score":864,"play_id":"52b3b9eb-5a9d-4322-8b7d-7dd6b253c42d","local_time":"20210115132205","is_ascension_mode":true,"campfire_choices":[{"data":"Aggregate","floor":6.0,"key":"SMITH"},{"floor":8.0,"key":"REST"},{"data":"Coolheaded","floor":12.0,"key":"SMITH"},{"data":"Defragment","floor":15.0,"key":"SMITH"},{"floor":27.0,"key":"REST"},{"floor":29.0,"key":"REST"},{"data":"Turbo","floor":32.0,"key":"SMITH"}],"circlet_count":0,"master_deck":["AscendersBane","Strike_B","Strike_B","Strike_B","Defend_B","Defend_B","Defend_B","Defend_B","Zap","Dualcast","Streamline","Cold Snap","Skim","Sweeping Beam","Turbo+1","Aggregate+1","Hologram","Defragment+1","Turbo","Coolheaded+1","Hologram","Undo","Darkness","Skim","Leap","Biased Cognition","Coolheaded+1","White Noise","Compile Driver+1","Coolheaded","Reboot","Clumsy","Glacier","Parasite","Lockon","Self Repair","Aggregate","Stack","Leap","Creative AI","Core Surge","Hologram","Coolheaded","Hologram","Aggregate","Loop"],"relics":["Cracked Core","Prayer Wheel","Symbiotic Virus","Ginger","Cursed Key","Regal Pillow","Cables","The Courier","Sozu","ClockworkSouvenir"],"acts_visited":["Exordium","TheCity","TheBeyond"],"potions_floor_usage":[],"damage_taken":[{"damage":0.0,"enemies":"Cultist","floor":1.0,"turns":3.0},{"damage":7.0,"enemies":"Jaw Worm","floor":2.0,"turns":2.0},{"damage":0.0,"enemies":"2 Louse","floor":3.0,"turns":2.0},{"damage":12.0,"enemies":"Looter","floor":7.0,"turns":3.0},{"damage":0.0,"enemies":"Lots of Slimes","floor":10.0,"turns":3.0},{"damage":4.0,"enemies":"Gremlin Nob","floor":11.0,"turns":3.0},{"damage":3.0,"enemies":"Large Slime","floor":13.0,"turns":4.0},{"damage":1.0,"enemies":"Blue Slaver","floor":14.0,"turns":5.0},{"damage":14.0,"enemies":"Slime Boss","floor":16.0,"turns":5.0},{"damage":19.0,"enemies":"Chosen","floor":18.0,"turns":7.0},{"damage":8.0,"enemies":"2 Thieves","floor":20.0,"turns":4.0},{"damage":34.0,"enemies":"Gremlin Leader","floor":23.0,"turns":8.0},{"damage":6.0,"enemies":"Snecko","floor":25.0,"turns":5.0},{"damage":0.0,"enemies":"Cultist and Chosen","floor":28.0,"turns":4.0},{"damage":0.0,"enemies":"Centurion and Healer","floor":30.0,"turns":4.0},{"damage":2.0,"enemies":"3 Cultists","floor":31.0,"turns":6.0},{"damage":37.0,"enemies":"Collector","floor":33.0,"turns":17.0},{"damage":0.0,"enemies":"Orb Walker","floor":35.0,"turns":4.0},{"damage":43.0,"enemies":"3 Darklings","floor":36.0,"turns":15.0},{"damage":70,"enemies":"Maw","floor":38,"turns":10}],"seed_played":"3133026563796289140","potions_obtained":[{"floor":7.0,"key":"PowerPotion"},{"floor":10.0,"key":"AttackPotion"},{"floor":13.0,"key":"EssenceOfSteel"},{"floor":16.0,"key":"Regen Potion"},{"floor":18.0,"key":"Explosive Potion"},{"floor":25.0,"key":"FairyPotion"}],"is_trial":false,"path_per_floor":["M","M","M","?","$","R","M","R","T","M","?","R","M","M","R","B",null,"M","?","M","$","?","E","T","M","T","R","M","R","M","M","R","B",null,"M","M","$","M"],"character_chosen":"DEFECT","items_purchased":["Hologram","Reboot","ClockworkSouvenir","Loop"],"campfire_rested":3,"item_purchase_floors":[5,21,37,37],"current_hp_per_floor":[64,57,57,57,57,57,45,66,66,66,62,62,59,58,58,44,64,45,45,37,37,37,18,18,12,12,48,48,71,71,69,69,39,63,63,27,27,0,0],"gold":1,"neow_bonus":"ONE_RARE_RELIC","is_daily":false,"chose_seed":false,"campfire_upgraded":4,"win_rate":0.0,"timestamp":1610684525,"path_taken":["M","M","M","?","$","R","M","R","T","M","?","R","M","M","R","BOSS","M","?","M","?","?","E","?","M","T","R","?","R","M","M","R","BOSS","M","M","$","M"],"items_purchased_type":["Card","Card","Relic","Card"],"build_version":"2020-12-22","purchased_purges":2,"victory":false,"max_hp_per_floor":[71,71,71,71,71,71,71,71,71,71,71,71,71,71,71,71,71,71,71,71,71,71,71,71,71,71,71,71,71,71,71,71,71,71,71,71,71,71,71],"card_choices":[{"not_picked":["Cold Snap","Static Discharge"],"picked":"Streamline","floor":1.0},{"not_picked":["Redo","Rip and Tear"],"picked":"Cold Snap","floor":1.0},{"not_picked":["Lockon","Redo"],"picked":"Skim","floor":2.0},{"not_picked":["Cold Snap","FTL"],"picked":"Sweeping Beam","floor":2.0},{"not_picked":["Cold Snap","Compile Driver"],"picked":"Turbo","floor":3.0},{"not_picked":["Rebound","Redo"],"picked":"Aggregate","floor":3.0},{"not_picked":["Turbo","Compile Driver"],"picked":"Defragment","floor":7.0},{"not_picked":["Ball Lightning","Cold Snap"],"picked":"Turbo","floor":7.0},{"not_picked":["Redo","Chill"],"picked":"Coolheaded","floor":10.0},{"not_picked":["Conserve Battery","Loop"],"picked":"Hologram","floor":10.0},{"not_picked":["Coolheaded","Compile Driver"],"picked":"Undo","floor":11.0},{"not_picked":["Rebound","Streamline"],"picked":"Darkness","floor":13.0},{"not_picked":["Hyperbeam","Streamline","Conserve Battery"],"picked":"SKIP","floor":13.0},{"not_picked":["Storm","Steam Power"],"picked":"Skim","floor":14.0},{"not_picked":["Sweeping Beam","Conserve Battery"],"picked":"Leap","floor":14.0},{"not_picked":["Thunder Strike","Reboot"],"picked":"Biased Cognition","floor":16.0},{"not_picked":["Conserve Battery","Force Field+1"],"picked":"Coolheaded","floor":18.0},{"not_picked":["Sweeping Beam","Beam Cell"],"picked":"White Noise","floor":18.0},{"not_picked":["Sunder","Barrage"],"picked":"Compile Driver+1","floor":20.0},{"not_picked":["Beam Cell","Compile Driver"],"picked":"Coolheaded","floor":20.0},{"not_picked":["Redo","Doom and Gloom","Compile Driver+1"],"picked":"SKIP","floor":23.0},{"not_picked":["Aggregate","Capacitor"],"picked":"Glacier","floor":25.0},{"not_picked":["Hello World+1","Cold Snap","Gash"],"picked":"SKIP","floor":25.0},{"not_picked":["Conserve Battery","Genetic Algorithm+1"],"picked":"Lockon","floor":28.0},{"not_picked":["Rebound","Hello World"],"picked":"Self Repair","floor":28.0},{"not_picked":["Genetic Algorithm","Lockon"],"picked":"Aggregate","floor":30.0},{"not_picked":["Steam","Gash"],"picked":"Stack","floor":30.0},{"not_picked":["Conserve Battery","Reprogram"],"picked":"Leap","floor":31.0},{"not_picked":["Rebound","Redo"],"picked":"Creative AI","floor":31.0},{"not_picked":["Reboot","Thunder Strike"],"picked":"Core Surge","floor":33.0},{"not_picked":["Force Field+1","Gash"],"picked":"Hologram","floor":35.0},{"not_picked":["Go for the Eyes","Gash+1"],"picked":"Coolheaded","floor":35.0},{"not_picked":["Rebound","Melter+1"],"picked":"Hologram","floor":36.0},{"not_picked":["Hologram","Cold Snap"],"picked":"Aggregate","floor":36.0}],"player_experience":202807,"relics_obtained":[{"floor":9.0,"key":"Symbiotic Virus"},{"floor":11.0,"key":"Ginger"},{"floor":23.0,"key":"Regal Pillow"},{"floor":24.0,"key":"Cables"},{"floor":26.0,"key":"The Courier"}],"event_choices":[{"damage_healed":0.0,"max_hp_gain":0.0,"max_hp_loss":0.0,"gold_gain":150.0,"event_name":"Liars Game","player_choice":"AGREE","floor":4.0,"gold_loss":0.0,"damage_taken":0.0,"cards_obtained":["Doubt"]},{"damage_healed":0.0,"max_hp_gain":0.0,"max_hp_loss":0.0,"gold_gain":0.0,"event_name":"Dead Adventurer","player_choice":"Searched \u00272\u0027 times","floor":11.0,"gold_loss":0.0,"damage_taken":0.0},{"damage_healed":0.0,"max_hp_gain":0.0,"max_hp_loss":0.0,"gold_gain":0.0,"event_name":"Upgrade Shrine","player_choice":"Upgraded","floor":19.0,"gold_loss":0.0,"damage_taken":0.0,"cards_upgraded":["Coolheaded"]},{"damage_healed":0.0,"max_hp_gain":0.0,"max_hp_loss":0.0,"gold_gain":0.0,"event_name":"Masked Bandits","player_choice":"Paid Fearfully","floor":22.0,"gold_loss":69.0,"damage_taken":0.0}],"is_beta":false,"boss_relics":[{"not_picked":["Ectoplasm","Coffee Dripper"],"picked":"Cursed Key"},{"not_picked":["Runic Pyramid","FrozenCore"],"picked":"Sozu"}],"items_purged_floors":[5,21],"is_endless":false,"potions_floor_spawned":[7,10,13,14,16,18,25,30],"killed_by":"Maw","ascension_level":18}}