{"host":"9kesdg97wkrx2bva","time":1610693921,"event":{"mods":["AchievementEnabler","BaseMod","Colored Map","Downfall","GifTheSpireLib","Infinite Spire","Minty Spire (QoL Compilation)","Replay The Spire","StSLib"],"gold_per_floor":[116,41,41,41,41,53,76,88,100,141,153,178,204,216,228,313,325,352,304,325,364,426,473,485,497,533,545,583,610,622,657,669,681,681],"floor_reached":33,"language":"ENG","playtime":814,"items_purged":["Strike_B","Strike_B"],"score":518,"play_id":"8a5a31fd-0d54-4a68-8498-a6e9c5123404","local_time":"20210115015841","is_ascension_mode":true,"campfire_choices":[{"data":"Zap","floor":6,"key":"SMITH"},{"data":"ReplayTheSpireMod:Calculation Training","floor":8,"key":"SMITH"},{"data":"Streamline","floor":15,"key":"SMITH"},{"floor":25,"key":"REST"},{"floor":27,"key":"REST"},{"floor":30,"key":"REST"},{"floor":32,"key":"REST"}],"circlet_count":0,"master_deck":["AscendersBane","Strike_B","Strike_B","Defend_B+1","Defend_B","Defend_B+1","Zap+1","Dualcast","ReplayTheSpireMod:Calculation Training+1","Beam Cell","Mirror Shield+1","Streamline+1","Beam Cell","Crystallizer","Creative AI","Static Discharge","Rebound","ReplayTheSpireMod:Black Plague","Beam Cell","Echo Form","Ball Lightning","ReplayGash"],"relics":["Cracked Core","MawBank","ReplayTheSpireMod:Shallot","Blue Candle","Fusion Hammer","CeramicFish","Toxic Egg 2","infinitespire:Bottled Soul","Replay:Antivirus Software"],"acts_visited":["Exordium","TheCity"],"potions_floor_usage":[16,16,19,29,29],"damage_taken":[{"damage":1,"enemies":"Cultist","floor":1,"turns":3},{"damage":0,"enemies":"Jaw Worm","floor":7,"turns":3},{"damage":0,"enemies":"Lagavulin","floor":10,"turns":5},{"damage":0,"enemies":"2 Louse","floor":12,"turns":2},{"damage":0,"enemies":"Blue Slaver","floor":13,"turns":3},{"damage":24,"enemies":"The Guardian","floor":16,"turns":8},{"damage":17,"enemies":"Spheric Guardian","floor":18,"turns":5},{"damage":0,"enemies":"2 Thieves","floor":19,"turns":4},{"damage":14,"enemies":"Snake Plant","floor":21,"turns":4},{"damage":22,"enemies":"Nightmare","floor":23,"turns":7},{"damage":40,"enemies":"Shelled Parasite and Fungi","floor":28,"turns":4},{"damage":0,"enemies":"3 Cultists","floor":29,"turns":4},{"damage":9,"enemies":"Chosen and Byrds","floor":31,"turns":4},{"damage":47,"enemies":"Collector","floor":33,"turns":6}],"seed_played":"-9201408453608398225","potions_obtained":[{"floor":12,"key":"BlessingOfTheForge"},{"floor":13,"key":"SkillPotion"},{"floor":16,"key":"Block Potion"},{"floor":23,"key":"SteroidPotion"},{"floor":28,"key":"SteroidPotion"}],"is_trial":false,"path_per_floor":["M","$","?","?","?","R","M","R","T","E","?","M","M","$","R","B",null,"M","M","AVR","M","?","NM","T","R","T","R","M","M","R","M","R","B"],"character_chosen":"DEFECT","items_purchased":[],"campfire_rested":4,"item_purchase_floors":[],"current_hp_per_floor":[63,63,42,42,31,31,31,31,31,31,31,31,31,31,31,7,55,38,38,38,24,24,2,2,23,23,44,4,4,25,16,37,0,0],"gold":681,"neow_bonus":"THREE_CARDS","is_daily":false,"chose_seed":false,"campfire_upgraded":3,"win_rate":0.0,"timestamp":1610693921,"path_taken":["M","?","?","?","?","R","?","R","T","E","?","M","M","$","R","BOSS","M","?","AVR","M","?","NM","?","R","T","R","?","M","R","M","R","BOSS"],"items_purchased_type":[],"build_version":"2020-12-22","purchased_purges":2,"victory":false,"max_hp_per_floor":[71,71,71,71,71,71,71,71,71,71,71,71,71,71,71,71,71,71,71,71,71,71,71,71,71,71,71,71,71,71,71,71,71,71],"card_choices":[{"not_picked":["Steam","Coolheaded"],"picked":"ReplayTheSpireMod:Calculation Training","floor":0},{"not_picked":["Turbo","Crystallizer"],"picked":"Beam Cell","floor":1},{"not_picked":["Sweeping Beam","Conserve Battery"],"picked":"Streamline","floor":7},{"not_picked":["Recycle","Steam"],"picked":"Beam Cell","floor":10},{"not_picked":["BasicCrystalCard","Rip and Tear"],"picked":"Crystallizer","floor":12},{"not_picked":["ReplayTheSpireMod:Reroute Power","Fusion","Compile Driver"],"picked":"SKIP","floor":13},{"not_picked":["Hyperbeam","Amplify"],"picked":"Creative AI","floor":16},{"not_picked":["Sweeping Beam","Hologram"],"picked":"Static Discharge","floor":18},{"not_picked":["FTL","Steam Power"],"picked":"Rebound","floor":19},{"not_picked":["Panic Button","ReplayTheSpireMod:System Scan"],"picked":"Beam Cell","floor":21},{"not_picked":["Stack+1","Turbo+1"],"picked":"Echo Form","floor":23},{"not_picked":["ReplayTheSpireMod:Reroute Power+1","Stack+1"],"picked":"Ball Lightning","floor":28},{"not_picked":["Genetic Algorithm+1","Skim+1","Cold Snap"],"picked":"SKIP","floor":29},{"not_picked":["Storm","Hologram+1"],"picked":"ReplayGash","floor":31}],"player_experience":939161,"relics_obtained":[{"floor":9,"key":"ReplayTheSpireMod:Shallot"},{"floor":10,"key":"Blue Candle"},{"floor":23,"key":"Toxic Egg 2"},{"floor":24,"key":"infinitespire:Bottled Soul"},{"floor":26,"key":"Replay:Antivirus Software"}],"event_choices":[{"damage_healed":0,"gold_gain":0,"player_choice":"Entered Light","damage_taken":21,"max_hp_gain":0,"max_hp_loss":0,"event_name":"Shining Light","floor":3,"gold_loss":0,"cards_upgraded":["Defend_B","Defend_B"]},{"damage_healed":0,"gold_gain":0,"player_choice":"Success","damage_taken":11,"relics_obtained":["MawBank"],"max_hp_gain":0,"max_hp_loss":0,"event_name":"Scrap Ooze","floor":5,"gold_loss":0},{"damage_healed":0,"gold_gain":0,"player_choice":"0 cards matched","damage_taken":0,"max_hp_gain":0,"max_hp_loss":0,"event_name":"Match and Keep!","floor":11,"gold_loss":0,"cards_obtained":[]},{"damage_healed":0,"gold_gain":50,"player_choice":"Stole From Cult","damage_taken":0,"max_hp_gain":0,"max_hp_loss":0,"event_name":"Nest","floor":22,"gold_loss":0}],"is_beta":false,"boss_relics":[{"not_picked":["Runic Dome","Snecko Eye"],"picked":"Fusion Hammer"}],"items_purged_floors":[2,20],"is_endless":true,"potions_floor_spawned":[12,13,16,23,28],"killed_by":"Collector","ascension_level":16}}