{"host":"2ccem01eblg14btk","time":1610704360,"event":{"mods":["BaseMod","Colored Map","Minty Spire (QoL Compilation)","Quick Restart","StSLib"],"gold_per_floor":[114,129,142,153,153,183,202,104,104,121,156,172,172,122,122,222,222,240,140,153,153,173,198,468,494,494,509,144,164,164,164,164,260,260,277,277,277,77,77,109,127,139,439,439,148,148,198,233,233,233],"floor_reached":51,"language":"ENG","playtime":1675,"items_purged":["Strike_R","Defend_R","Strike_R","Writhe"],"score":930,"play_id":"e2b21990-0a39-4d54-9af4-2206cc85e3af","local_time":"20210115105240","is_ascension_mode":false,"campfire_choices":[{"data":"Whirlwind","floor":13.0,"key":"SMITH"},{"data":"Body Slam","floor":15.0,"key":"SMITH"},{"data":"Barricade","floor":32,"key":"SMITH"},{"floor":44,"key":"REST"},{"data":"Juggernaut","floor":49,"key":"SMITH"}],"circlet_count":0,"master_deck":["Defend_R","Defend_R","Defend_R","Bash","Ghostly Armor","True Grit","Body Slam+1","Power Through","Whirlwind+1","Reckless Charge","Shrug It Off","Rupture","Inflame","Barricade+1","Body Slam+1","Shrug It Off+1","Metallicize","Ghostly Armor+1","Evolve","Impervious","Juggernaut+1","Feel No Pain+1","Madness","Madness","Fire Breathing+1"],"relics":["Burning Blood","Mummified Hand","Charon\u0027s Ashes","Bag of Preparation","StoneCalendar","Runic Dome","Dream Catcher","Orichalcum","Bronze Scales","Paper Frog","SacredBark","FossilizedHelix","Mercury Hourglass","Old Coin","Thread and Needle","Torii","Incense Burner"],"acts_visited":["Exordium","TheCity","TheBeyond"],"potions_floor_usage":[33,50,50,50],"damage_taken":[{"damage":6.0,"enemies":"Cultist","floor":1.0,"turns":3.0},{"damage":1.0,"enemies":"Jaw Worm","floor":2.0,"turns":3.0},{"damage":0.0,"enemies":"Small Slimes","floor":3.0,"turns":3.0},{"damage":0.0,"enemies":"Looter","floor":4.0,"turns":4.0},{"damage":34.0,"enemies":"3 Sentries","floor":6.0,"turns":15.0},{"damage":0.0,"enemies":"Exordium Thugs","floor":7.0,"turns":3.0},{"damage":5.0,"enemies":"Red Slaver","floor":10.0,"turns":2.0},{"damage":19.0,"enemies":"Gremlin Nob","floor":11.0,"turns":5.0},{"damage":0.0,"enemies":"3 Louse","floor":12.0,"turns":2.0},{"damage":46.0,"enemies":"Hexaghost","floor":16.0,"turns":10.0},{"damage":0.0,"enemies":"Chosen","floor":18.0,"turns":5.0},{"damage":20.0,"enemies":"Spheric Guardian","floor":20.0,"turns":4.0},{"damage":0.0,"enemies":"Chosen and Byrds","floor":22.0,"turns":7.0},{"damage":24.0,"enemies":"Slavers","floor":23.0,"turns":5.0},{"damage":0.0,"enemies":"Gremlin Leader","floor":25.0,"turns":4.0},{"damage":9.0,"enemies":"Centurion and Healer","floor":27.0,"turns":6.0},{"damage":3.0,"enemies":"Cultist and Chosen","floor":29.0,"turns":5.0},{"damage":7,"enemies":"Automaton","floor":33,"turns":9},{"damage":20,"enemies":"3 Darklings","floor":35,"turns":4},{"damage":34,"enemies":"Nemesis","floor":40,"turns":7},{"damage":0,"enemies":"Orb Walker","floor":41,"turns":4},{"damage":0,"enemies":"Transient","floor":42,"turns":5},{"damage":0,"enemies":"Mind Bloom Boss Battle","floor":47,"turns":3},{"damage":7,"enemies":"Reptomancer","floor":48,"turns":5},{"damage":0,"enemies":"Time Eater","floor":50,"turns":6}],"seed_played":"-8961344575571664969","potions_obtained":[{"floor":6.0,"key":"SneckoOil"},{"floor":7.0,"key":"Weak Potion"},{"floor":10.0,"key":"PowerPotion"},{"floor":11.0,"key":"Strength Potion"},{"floor":22.0,"key":"ColorlessPotion"},{"floor":27.0,"key":"CultistPotion"},{"floor":33,"key":"Swift Potion"},{"floor":47,"key":"DuplicationPotion"}],"is_trial":false,"path_per_floor":["M","M","M","M","T","E","M","$","T","M","E","M","R","?","R","B",null,"M","$","M","?","M","E","?","E","T","M","$","M","?","?","R","B",null,"M","?","?","$","T","E","M","M","T","R","$","?","?","E","R","B",null],"character_chosen":"IRONCLAD","items_purchased":["Shrug It Off","Evolve","Impervious","Dexterity Potion","Thread and Needle"],"campfire_rested":1,"item_purchase_floors":[8,28,28,38,45],"current_hp_per_floor":[72,77,83,89,89,61,67,67,67,68,55,61,61,61,61,21,96,96,96,82,82,88,70,43,49,49,46,46,49,81,81,81,80,96,82,82,70,70,70,42,48,54,54,82,82,82,88,87,87,93],"gold":233,"neow_bonus":"TWENTY_PERCENT_HP_BONUS","is_daily":false,"chose_seed":false,"campfire_upgraded":4,"win_rate":0.0,"timestamp":1610704360,"path_taken":["M","?","M","?","?","E","M","$","T","M","E","M","R","?","R","BOSS","M","$","M","?","?","E","?","E","T","?","?","M","?","?","R","BOSS","M","?","?","$","?","E","M","M","T","R","$","?","?","E","R","BOSS"],"items_purchased_type":["Card","Card","Card","Potion","Relic"],"build_version":"2020-12-22","purchased_purges":4,"victory":true,"max_hp_per_floor":[96,96,96,96,96,96,96,96,96,96,96,96,96,96,96,96,96,96,96,96,96,96,96,96,96,96,96,96,96,96,96,96,96,96,96,96,96,96,96,96,96,96,96,96,96,96,96,96,96,96],"card_choices":[{"not_picked":["Havoc","Clothesline"],"picked":"Ghostly Armor","floor":1.0},{"not_picked":["Havoc","Searing Blow"],"picked":"True Grit","floor":2.0},{"not_picked":["Dark Embrace","Perfected Strike"],"picked":"Body Slam","floor":3.0},{"not_picked":["Sword Boomerang","Flex"],"picked":"Power Through","floor":4.0},{"not_picked":["Power Through","Sentinel"],"picked":"Whirlwind","floor":6.0},{"not_picked":["Bludgeon","Iron Wave","Reckless Charge"],"picked":"SKIP","floor":7.0},{"not_picked":["Bludgeon","Iron Wave"],"picked":"Reckless Charge","floor":7.0},{"not_picked":["Twin Strike","Ghostly Armor"],"picked":"Rupture","floor":10.0},{"not_picked":["Headbutt","Body Slam","Sever Soul"],"picked":"SKIP","floor":11.0},{"not_picked":["Anger","Second Wind"],"picked":"Inflame","floor":12.0},{"not_picked":["Impervious","Demon Form"],"picked":"Barricade","floor":16.0},{"not_picked":["Clash","Warcry","Uppercut+1"],"picked":"SKIP","floor":18.0},{"not_picked":["Warcry","Pommel Strike","Wild Strike+1"],"picked":"SKIP","floor":20.0},{"not_picked":["Battle Trance","Clothesline"],"picked":"Body Slam+1","floor":22.0},{"not_picked":["Uppercut","Heavy Blade+1"],"picked":"Shrug It Off+1","floor":23.0},{"not_picked":["Clash","Warcry+1"],"picked":"Metallicize","floor":25.0},{"not_picked":["Heavy Blade","Twin Strike+1"],"picked":"Ghostly Armor+1","floor":27.0},{"not_picked":["Flex+1","Sword Boomerang","Corruption"],"picked":"SKIP","floor":29.0},{"not_picked":["Immolate","Impervious"],"picked":"Juggernaut","floor":33},{"not_picked":["Intimidate+1","Armaments"],"picked":"Feel No Pain+1","floor":35},{"not_picked":["Exhume","Flame Barrier+1","Sentinel+1"],"picked":"SKIP","floor":40},{"not_picked":["Havoc","Sentinel","Wild Strike"],"picked":"SKIP","floor":41},{"not_picked":["Shockwave+1","Rupture+1"],"picked":"Fire Breathing+1","floor":42},{"not_picked":["Wild Strike","Cleave","Brutality"],"picked":"SKIP","floor":48}],"player_experience":112110,"relics_obtained":[{"floor":5.0,"key":"Mummified Hand"},{"floor":6.0,"key":"Charon\u0027s Ashes"},{"floor":9.0,"key":"Bag of Preparation"},{"floor":11.0,"key":"StoneCalendar"},{"floor":23.0,"key":"Dream Catcher"},{"floor":25.0,"key":"Orichalcum"},{"floor":26.0,"key":"Bronze Scales"},{"floor":39,"key":"FossilizedHelix"},{"floor":40,"key":"Mercury Hourglass"},{"floor":43,"key":"Old Coin"},{"floor":47,"key":"Torii"},{"floor":48,"key":"Incense Burner"}],"event_choices":[{"cards_removed":["Strike_R"],"damage_healed":0.0,"max_hp_gain":0.0,"max_hp_loss":0.0,"gold_gain":0.0,"event_name":"The Cleric","player_choice":"Card Removal","floor":14.0,"gold_loss":50.0,"damage_taken":0.0},{"cards_removed":["Strike_R"],"damage_healed":0.0,"max_hp_gain":0.0,"max_hp_loss":0.0,"gold_gain":0.0,"event_name":"Purifier","player_choice":"Purged","floor":21.0,"gold_loss":0.0,"damage_taken":0.0},{"damage_healed":0.0,"max_hp_gain":0.0,"max_hp_loss":0.0,"gold_gain":270.0,"event_name":"Knowing Skull","player_choice":"GOLD GOLD GOLD ","floor":24.0,"potions_obtained":[],"gold_loss":0.0,"damage_taken":27.0,"cards_obtained":[]},{"damage_healed":32,"gold_gain":0,"player_choice":"Heal","damage_taken":0,"max_hp_gain":0,"max_hp_loss":0,"event_name":"The Library","floor":30,"gold_loss":0},{"damage_healed":0,"gold_gain":0,"player_choice":"Opened","damage_taken":0,"relics_obtained":["Paper Frog"],"max_hp_gain":0,"max_hp_loss":0,"event_name":"The Mausoleum","floor":31,"gold_loss":0,"cards_obtained":["Writhe"]},{"damage_healed":0,"gold_gain":0,"player_choice":"Ignored","damage_taken":0,"max_hp_gain":0,"max_hp_loss":0,"event_name":"Tomb of Lord Red Mask","floor":36,"gold_loss":0},{"damage_healed":0,"gold_gain":0,"player_choice":"Embrace Madness","damage_taken":12,"max_hp_gain":0,"max_hp_loss":0,"event_name":"Winding Halls","floor":37,"gold_loss":0,"cards_obtained":["Madness","Madness"]},{"cards_removed":["Strike_R"],"damage_healed":0,"gold_gain":0,"player_choice":"Removed Attack","damage_taken":0,"max_hp_gain":0,"max_hp_loss":0,"event_name":"Falling","floor":46,"gold_loss":0},{"damage_healed":0,"gold_gain":0,"player_choice":"Fight","damage_taken":0,"max_hp_gain":0,"max_hp_loss":0,"event_name":"MindBloom","floor":47,"gold_loss":0}],"is_beta":false,"boss_relics":[{"not_picked":["Fusion Hammer","Ectoplasm"],"picked":"Runic Dome"},{"not_picked":["Pandora\u0027s Box","Philosopher\u0027s Stone"],"picked":"SacredBark"}],"items_purged_floors":[8,19,28,38],"is_endless":false,"potions_floor_spawned":[6,7,10,11,12,18,22,27,33,40,42,47,48],"ascension_level":0}}