{"host":"hbmugw1tcdgjy91l","time":1610679843,"event":{"mods":["Act Like it!","Arknights The Spire","BaseMod","Downfall","Gensokyo","Gremlin Mod","GungeonMod","Lobotomy","LobotomyExtend","Mari Mod (Legacy)","Mari\u0027s V1 Patch","Minty Spire (QoL Compilation)","Pale of the Ancients","Prisma Mod","READ ME - Guardian Mod","Replay The Spire","StSLib","TestMod","WarShipGirlsR/战舰少女R mod","vexMod","【功能Mod】混沌之环修复补丁"],"gold_per_floor":[274,274,32,49,65,93,93,368,437,472,472,492,518,530,530,635,1301,1301,1301],"floor_reached":18,"language":"ZHS","playtime":1389,"items_purged":["DemoMod:Strike_Huntress"],"score":280,"play_id":"a1ec412a-fe3d-4077-b16d-f92be027e1b3","local_time":"20210115110403","is_ascension_mode":false,"campfire_choices":[{"data":"DemoMod:ManualReload","floor":7,"key":"SMITH"},{"data":"DemoMod:HungryBullets","floor":11,"key":"SMITH"},{"data":"DemoMod:ChanceBullets","floor":15,"key":"SMITH"}],"circlet_count":0,"master_deck":["DemoMod:Strike_Huntress","DemoMod:Defend_Huntress","DemoMod:Defend_Huntress","DemoMod:Defend_Huntress","DemoMod:Defend_Huntress","DemoMod:Roll","DemoMod:ManualReload+1","DemoMod:RustySidearm","DemoMod:CrossBow","DemoMod:Camera","FairyFestival","DemoMod:StickyCrossBow","DemoMod:Polaris+1","UniverseFragment","DemoMod:HungryBullets+1","Regret","DemoMod:ChanceBullets+1","Woodsman","DemoMod:ProbeStrike","DemoMod:Eureka"],"relics":["DemoMod:Dog","testmod-TestBox","CogitoBucket","LetterFromLob","DemoMod:GnawedKey","Mummified Hand","DemoMod:PoisonVial","Replay:Mystery Machine","Theresia","StoneCalendar","vexMod:RockOfEvil"],"acts_visited":["Exordium","TheCity"],"potions_floor_usage":[14],"damage_taken":[{"damage":2,"enemies":"Jaw Worm","floor":1,"turns":4},{"damage":0,"enemies":"Cultist","floor":4,"turns":2},{"damage":0,"enemies":"Small Slimes","floor":5,"turns":3},{"damage":0,"enemies":"Gremlin Nob","floor":6,"turns":2},{"damage":3,"enemies":"3 Sentries","floor":10,"turns":3},{"damage":40,"enemies":"Red Slaver","floor":12,"turns":15},{"damage":6,"enemies":"Lagavulin","floor":13,"turns":3},{"damage":8,"enemies":"Lots of Slimes","floor":14,"turns":4},{"damage":19,"enemies":"Slime Boss","floor":16,"turns":7},{"damage":77,"enemies":"Chosen","floor":18,"turns":8}],"seed_played":"-4181885613232906368","potions_obtained":[{"floor":1,"key":"Venom Potion"},{"floor":13,"key":"Block Potion"},{"floor":14,"key":"testmod-SpacePotion"},{"floor":16,"key":"hexamod:EctoCoolerPotion"}],"is_trial":false,"path_per_floor":["M","?","$","M","M","E","R","?","T","E","R","M","E","M","R","B",null,"M"],"character_chosen":"HUNTRESS","items_purchased":["DemoMod:GnawedKey","DemoMod:Polaris+1"],"campfire_rested":0,"item_purchase_floors":[3,3],"current_hp_per_floor":[68,68,68,69,70,70,70,70,70,68,68,44,41,67,67,70,70,0,0],"gold":1301,"neow_bonus":"","is_daily":false,"chose_seed":false,"campfire_upgraded":3,"win_rate":0.0,"timestamp":1610679843,"path_taken":["M","?","?","M","M","E","R","?","T","E","R","M","E","?","R","BOSS","M"],"items_purchased_type":["Relic","Card"],"build_version":"2020-12-22","purchased_purges":1,"victory":false,"max_hp_per_floor":[70,70,70,70,70,70,70,70,70,70,70,70,70,70,70,70,70,70,70],"card_choices":[{"not_picked":["DemoMod:StickyCrossBow","DemoMod:SpreadAmmo"],"picked":"DemoMod:Camera","floor":1},{"not_picked":["LittleHelper","Murderer"],"picked":"FairyFestival","floor":1},{"not_picked":["DemoMod:FastSwitch","DemoMod:Eureka"],"picked":"DemoMod:DirectionalPad","floor":4},{"not_picked":["Murderer","Freischutz"],"picked":"UniverseFragment","floor":4},{"not_picked":["DemoMod:BoxingGlove","DemoMod:FortunesFavor"],"picked":"DemoMod:HungryBullets","floor":5},{"not_picked":["DemoMod:CombinedRifle","DemoMod:JK47","DemoMod:DirectionalPad"],"picked":"SKIP","floor":6},{"not_picked":["DemoMod:TeaPot","DemoMod:SkilledReload","DemoMod:JK47"],"picked":"SKIP","floor":10},{"not_picked":["DemoMod:MachoBrace","DemoMod:Ejector","DemoMod:SAA"],"picked":"SKIP","floor":12},{"not_picked":["DemoMod:DoubleVision","DemoMod:Camera"],"picked":"DemoMod:ChanceBullets","floor":13},{"not_picked":["OldLady","CrumblingArmor"],"picked":"Woodsman","floor":13},{"not_picked":["DemoMod:CombinedRifle","DemoMod:MachoBrace"],"picked":"DemoMod:ProbeStrike","floor":14},{"not_picked":["DemoMod:DarkMarker","DemoMod:BulletBore"],"picked":"DemoMod:Eureka","floor":16}],"player_experience":422917,"relics_obtained":[{"floor":1,"key":"LetterFromLob"},{"floor":6,"key":"Mummified Hand"},{"floor":10,"key":"DemoMod:PoisonVial"},{"floor":12,"key":"Replay:Mystery Machine"},{"floor":13,"key":"StoneCalendar"}],"event_choices":[{"damage_healed":0,"gold_gain":0,"cards_transformed":["DemoMod:Strike_Huntress"],"player_choice":"Transformed","damage_taken":0,"max_hp_gain":0,"max_hp_loss":0,"event_name":"Transmorgrifier","floor":2,"gold_loss":0,"cards_obtained":["DemoMod:StickyCrossBow"]},{"damage_healed":0,"gold_gain":275,"player_choice":"Desecrate","damage_taken":0,"max_hp_gain":0,"max_hp_loss":0,"event_name":"Golden Shrine","floor":8,"gold_loss":0,"cards_obtained":["Regret"]}],"is_beta":false,"boss_relics":[{"not_picked":["testmod-Fanaticism","Pandora\u0027s Box"],"picked":"vexMod:RockOfEvil"}],"items_purged_floors":[3],"is_endless":false,"potions_floor_spawned":[1,5,10,13,14,16],"killed_by":"Chosen","ascension_level":0}}