{"host":"8u7tvcybuv0u72fd","time":1610690758,"event":{"mods":["BaseMod","BetterRewards","Colored Map","Colored Powertips","Minty Spire (QoL Compilation)","Quick Restart","Shop Mod"],"gold_per_floor":[110,110,110,210,227,227,227,227,227,253,263,281,294,308,308,407,407,424,203,128,128,143,143,162,177,226,226,238,238,238,249,249,346,346,361,377,388,388,319,319,330,330,353,207,221,221,298,311,311,311,311,311,7,36,36,36],"floor_reached":55,"language":"ENG","playtime":3255,"items_purged":["Strike_R"],"score":846,"play_id":"11365735-1208-47e4-9b4c-287e0e43b2c9","local_time":"20210115010558","is_ascension_mode":false,"campfire_choices":[{"data":"Cleave","floor":6.0,"key":"SMITH"},{"data":"Defend_R","floor":7.0,"key":"SMITH"},{"floor":8.0,"key":"REST"},{"data":"Body Slam","floor":15.0,"key":"SMITH"},{"data":"Uppercut","floor":23,"key":"SMITH"},{"data":"Double Tap","floor":27,"key":"SMITH"},{"data":"Disarm","floor":30,"key":"SMITH"},{"data":"Dropkick","floor":32,"key":"SMITH"},{"data":"Limit Break","floor":40,"key":"SMITH"},{"data":"Pummel","floor":42,"key":"SMITH"},{"floor":49,"key":"RECALL"},{"data":"Defend_R","floor":52,"key":"SMITH"}],"circlet_count":0,"master_deck":["Strike_R","Strike_R+1","Strike_R","Defend_R","Defend_R+1","Defend_R+1","Bash+1","Cleave+1","Headbutt+1","Disarm+1","Body Slam+1","Double Tap+1","Dropkick+1","Uppercut+1","Iron Wave+1","Pommel Strike+1","Limit Break+1","True Grit+1","Sword Boomerang+1","Pummel+1","Shrug It Off+1","Immolate"],"relics":["Black Blood","Turnip","Pocketwatch","Shuriken","WingedGreaves","Vajra","Happy Flower","MealTicket","MutagenicStrength","Tiny Chest","Mark of Pain","White Beast Statue","Medical Kit","Strawberry","Whetstone"],"acts_visited":["Exordium","TheCity","TheBeyond","TheEnding"],"potions_floor_usage":[44,55,55,55],"damage_taken":[{"damage":5.0,"enemies":"Small Slimes","floor":1.0,"turns":5.0},{"damage":1.0,"enemies":"Jaw Worm","floor":5.0,"turns":3.0},{"damage":14.0,"enemies":"3 Sentries","floor":10.0,"turns":4.0},{"damage":0.0,"enemies":"Cultist","floor":11.0,"turns":3.0},{"damage":0.0,"enemies":"Gremlin Gang","floor":12.0,"turns":3.0},{"damage":8.0,"enemies":"Red Slaver","floor":13.0,"turns":2.0},{"damage":3.0,"enemies":"3 Louse","floor":14.0,"turns":2.0},{"damage":18.0,"enemies":"Hexaghost","floor":16.0,"turns":7.0},{"damage":15.0,"enemies":"3 Byrds","floor":18.0,"turns":5.0},{"damage":2,"enemies":"Spheric Guardian","floor":22,"turns":3},{"damage":4,"enemies":"Centurion and Healer","floor":24,"turns":4},{"damage":13,"enemies":"Snake Plant","floor":25,"turns":4},{"damage":4,"enemies":"Snecko","floor":28,"turns":3},{"damage":6,"enemies":"3 Cultists","floor":31,"turns":3},{"damage":69,"enemies":"Collector","floor":33,"turns":7},{"damage":13,"enemies":"Orb Walker","floor":35,"turns":3},{"damage":16,"enemies":"3 Darklings","floor":36,"turns":4},{"damage":0,"enemies":"Transient","floor":37,"turns":5},{"damage":21,"enemies":"Sphere and 2 Shapes","floor":41,"turns":5},{"damage":8,"enemies":"Jaw Worm Horde","floor":45,"turns":3},{"damage":0,"enemies":"Transient","floor":48,"turns":5},{"damage":82,"enemies":"Awakened One","floor":50,"turns":12},{"damage":94,"enemies":"Shield and Spear","floor":54,"turns":8},{"damage":43,"enemies":"The Heart","floor":55,"turns":2}],"seed_played":"2924245080258141360","potions_obtained":[{"floor":10.0,"key":"Block Potion"},{"floor":13.0,"key":"ColorlessPotion"},{"floor":16.0,"key":"PowerPotion"},{"floor":22,"key":"DuplicationPotion"},{"floor":25,"key":"BlessingOfTheForge"},{"floor":31,"key":"HeartOfIron"},{"floor":48,"key":"FearPotion"}],"is_trial":false,"path_per_floor":["M","?","$","?","M","R","R","R","T","E","M","M","M","M","R","B",null,"M","$","?","?","M","R","M","M","T","R","M","?","R","M","R","B",null,"M","M","M","?","$","R","M","R","T","$","M","?","T","M","R","B",null,"R","$","E","B"],"character_chosen":"IRONCLAD","items_purchased":["Turnip","Shuriken","CultistPotion","Uppercut","MealTicket","Pummel","Fruit Juice","BlessingOfTheForge","Medical Kit","Strawberry"],"campfire_rested":1,"item_purchase_floors":[0,0,0,19,19,39,44,44,53,53],"current_hp_per_floor":[33,33,33,33,38,38,38,62,62,54,60,66,64,67,67,55,80,77,77,77,77,80,80,80,79,79,79,80,65,65,71,71,14,85,84,80,85,85,85,85,76,76,76,90,90,90,90,90,90,20,90,90,97,15,0,0],"gold":36,"neow_bonus":"","is_daily":false,"chose_seed":false,"campfire_upgraded":10,"win_rate":0.0,"timestamp":1610690758,"path_taken":["M","?","$","?","M","R","R","R","T","E","?","M","M","?","R","BOSS","M","$","?","?","M","R","M","M","T","R","M","?","R","M","R","BOSS","M","M","M","?","$","R","M","R","T","$","M","?","?","?","R","BOSS","R","$","E","BOSS"],"items_purchased_type":["Relic","Relic","Potion","Card","Relic","Card","Potion","Potion","Relic","Relic"],"build_version":"2020-12-22","purchased_purges":1,"victory":false,"max_hp_per_floor":[80,80,80,80,80,80,80,80,80,80,80,80,80,80,80,80,80,80,80,80,80,80,80,80,80,80,80,80,85,85,85,85,85,85,85,85,85,85,85,85,85,85,85,90,90,90,90,90,90,90,90,90,97,97,97,97],"card_choices":[{"not_picked":["Dropkick","Headbutt"],"picked":"Cleave","floor":1.0},{"not_picked":["Perfected Strike","Iron Wave"],"picked":"Headbutt","floor":5.0},{"not_picked":["Blood for Blood","Spot Weakness"],"picked":"Disarm","floor":10.0},{"not_picked":["Fire Breathing","Shrug It Off"],"picked":"Body Slam","floor":11.0},{"not_picked":["Clothesline","Twin Strike","Body Slam"],"picked":"SKIP","floor":12.0},{"not_picked":["Thunderclap","Clothesline","Pommel Strike"],"picked":"SKIP","floor":13.0},{"not_picked":["Blood for Blood","Sentinel","Wild Strike"],"picked":"SKIP","floor":14.0},{"not_picked":["Offering","Exhume"],"picked":"Double Tap","floor":16.0},{"not_picked":["Body Slam","Havoc"],"picked":"Dropkick","floor":18.0},{"not_picked":["Bloodletting","Clothesline"],"picked":"Iron Wave","floor":22},{"not_picked":["Dark Embrace","Headbutt","Clothesline"],"picked":"SKIP","floor":24},{"not_picked":["Havoc","Clothesline"],"picked":"Pommel Strike+1","floor":25},{"not_picked":["Pommel Strike","Evolve","Headbutt"],"picked":"SKIP","floor":28},{"not_picked":["Disarm+1","Heavy Blade","Twin Strike+1"],"picked":"SKIP","floor":31},{"not_picked":["Impervious","Juggernaut"],"picked":"Limit Break","floor":33},{"not_picked":["Rage","Iron Wave"],"picked":"True Grit+1","floor":35},{"not_picked":["Thunderclap","Wild Strike+1"],"picked":"Sword Boomerang+1","floor":36},{"not_picked":["Headbutt+1","Anger","Shockwave+1"],"picked":"SKIP","floor":37},{"not_picked":["Cleave","Sever Soul"],"picked":"Shrug It Off+1","floor":41},{"not_picked":["Havoc","Armaments","Inflame"],"picked":"SKIP","floor":45},{"not_picked":["Clash+1","Flex","Flame Barrier+1"],"picked":"SKIP","floor":48},{"not_picked":["Shockwave","Clothesline+1"],"picked":"Immolate","floor":54}],"player_experience":1323310,"relics_obtained":[{"floor":9.0,"key":"Vajra"},{"floor":10.0,"key":"Happy Flower"},{"floor":26,"key":"Tiny Chest"},{"floor":47,"key":"White Beast Statue"},{"floor":54,"key":"Whetstone"}],"event_choices":[{"damage_healed":0.0,"max_hp_gain":0.0,"max_hp_loss":0.0,"gold_gain":0.0,"event_name":"Living Wall","player_choice":"Grow","floor":2.0,"gold_loss":0.0,"damage_taken":0.0,"cards_upgraded":["Bash"]},{"damage_healed":0.0,"max_hp_gain":0.0,"max_hp_loss":0.0,"gold_gain":100.0,"event_name":"Golden Shrine","player_choice":"Pray","floor":4.0,"gold_loss":0.0,"damage_taken":0.0},{"cards_removed":["Strike_R"],"damage_healed":0.0,"max_hp_gain":0.0,"max_hp_loss":0.0,"gold_gain":0.0,"event_name":"Beggar","player_choice":"Gave Gold","floor":20.0,"gold_loss":75.0,"damage_taken":0.0},{"damage_healed":0,"gold_gain":0,"player_choice":"Inject Mutagens","damage_taken":0,"relics_obtained":["MutagenicStrength"],"max_hp_gain":0,"max_hp_loss":0,"event_name":"Drug Dealer","floor":21,"gold_loss":0},{"damage_healed":0,"gold_gain":0,"player_choice":"Shed Blood","damage_taken":20,"max_hp_gain":5,"max_hp_loss":0,"event_name":"Forgotten Altar","floor":29,"gold_loss":0},{"cards_removed":["Defend_R"],"damage_healed":0,"gold_gain":0,"player_choice":"Removed Skill","damage_taken":0,"max_hp_gain":0,"max_hp_loss":0,"event_name":"Falling","floor":38,"gold_loss":0},{"damage_healed":0,"gold_gain":0,"player_choice":"Upgraded","damage_taken":0,"max_hp_gain":0,"max_hp_loss":0,"event_name":"Upgrade Shrine","floor":46,"gold_loss":0,"cards_upgraded":["Iron Wave"]}],"is_beta":false,"boss_relics":[{"not_picked":["Philosopher\u0027s Stone","Pandora\u0027s Box"],"picked":"Black Blood"},{"not_picked":["SlaversCollar","Fusion Hammer"],"picked":"Mark of Pain"}],"items_purged_floors":[0],"is_endless":false,"potions_floor_spawned":[10,13,16,22,25,31,36,41,48,54],"killed_by":"The Heart","ascension_level":0}}