{"host":"jexbkylv34f8xu3o","time":1610731043,"event":{"mods":["AchievementEnabler","BaseMod","Colored Map","Colored Powertips","GifTheSpireLib","Highlight Path","Minty Spire (QoL Compilation)","Quick Restart","StSLib"],"gold_per_floor":[118,118,83,8,283,283,301,49,49,75,92,118,118,135,135,232,232,252,268,268,268,119,148,148,167,167,167,167],"floor_reached":27,"language":"ENG","playtime":949,"items_purged":["Strike_R","Regret","Defend_R"],"score":434,"play_id":"4e8b058d-802d-4f07-a767-9c677579dcd8","local_time":"20210115141723","is_ascension_mode":true,"campfire_choices":[{"data":"Bash","floor":6.0,"key":"SMITH"},{"data":"Pommel Strike","floor":13,"key":"SMITH"},{"data":"Iron Wave","floor":15,"key":"SMITH"},{"floor":24,"key":"REST"}],"circlet_count":0,"master_deck":["AscendersBane","Strike_R","Strike_R","Strike_R","Strike_R","Defend_R","Defend_R","Defend_R","Bash+1","Clash","Clash","Pommel Strike+1","Juggernaut","Iron Wave+1","Demon Form","Dual Wield","Body Slam+1","Iron Wave","True Grit"],"relics":["Burning Blood","NeowsBlessing","Incense Burner","PreservedInsect","Mummified Hand","Strawberry","Sundial","SacredBark","Toy Ornithopter","InkBottle","Bottled Flame"],"acts_visited":["Exordium","TheCity"],"potions_floor_usage":[14,16,23,23,25,27],"damage_taken":[{"damage":2.0,"enemies":"2 Louse","floor":1.0,"turns":2.0},{"damage":2.0,"enemies":"Small Slimes","floor":7.0,"turns":2.0},{"damage":0.0,"enemies":"Lagavulin","floor":10.0,"turns":1.0},{"damage":1.0,"enemies":"Cultist","floor":11.0,"turns":3.0},{"damage":0.0,"enemies":"Gremlin Nob","floor":12.0,"turns":2.0},{"damage":8,"enemies":"Exordium Thugs","floor":14,"turns":4},{"damage":19,"enemies":"Slime Boss","floor":16,"turns":10},{"damage":30,"enemies":"2 Thieves","floor":18,"turns":4},{"damage":25,"enemies":"Shell Parasite","floor":19,"turns":6},{"damage":31,"enemies":"Slavers","floor":23,"turns":5},{"damage":12,"enemies":"Snecko","floor":25,"turns":6},{"damage":57,"enemies":"Gremlin Leader","floor":27,"turns":4}],"seed_played":"-4497656261546435631","potions_obtained":[{"floor":10.0,"key":"FearPotion"},{"floor":11.0,"key":"PowerPotion"},{"floor":14,"key":"BlessingOfTheForge"},{"floor":19,"key":"Dexterity Potion"},{"floor":23,"key":"Block Potion"},{"floor":25,"key":"Dexterity Potion"}],"is_trial":false,"path_per_floor":["M","?","?","$","?","R","M","$","T","E","M","E","R","M","R","B",null,"M","M","?","?","$","E","R","M","T","E"],"character_chosen":"IRONCLAD","items_purchased":["PreservedInsect","Iron Wave"],"campfire_rested":1,"item_purchase_floors":[8,22],"current_hp_per_floor":[76,58,78,78,78,78,80,80,80,87,87,87,87,85,85,72,83,59,40,40,40,40,25,51,50,50,0,0],"gold":167,"neow_bonus":"THREE_ENEMY_KILL","is_daily":false,"chose_seed":false,"campfire_upgraded":3,"win_rate":0.0,"timestamp":1610731043,"path_taken":["M","?","?","$","?","R","?","?","T","E","M","E","R","M","R","BOSS","M","M","?","?","$","E","R","?","T","E"],"items_purchased_type":["Relic","Card"],"build_version":"2020-12-22","purchased_purges":3,"victory":false,"max_hp_per_floor":[80,80,80,80,80,80,80,80,80,87,87,87,87,87,87,87,87,87,87,87,87,87,87,87,87,87,87,87],"card_choices":[{"not_picked":["Armaments","Heavy Blade"],"picked":"Clash","floor":1.0},{"not_picked":["Rampage","Disarm"],"picked":"Clash","floor":7.0},{"not_picked":["Warcry","Heavy Blade"],"picked":"Pommel Strike","floor":10.0},{"not_picked":["Wild Strike","Inflame","Flex"],"picked":"SKIP","floor":11.0},{"not_picked":["Sword Boomerang","Headbutt"],"picked":"Juggernaut","floor":12.0},{"not_picked":["Flex","Perfected Strike"],"picked":"Iron Wave","floor":14},{"not_picked":["Exhume","Bludgeon"],"picked":"Demon Form","floor":16},{"not_picked":["Havoc","Warcry+1"],"picked":"Dual Wield","floor":18},{"not_picked":["Clash","Searing Blow"],"picked":"Body Slam+1","floor":19},{"not_picked":["Power Through","Reckless Charge","Anger"],"picked":"SKIP","floor":23},{"not_picked":["Heavy Blade","Twin Strike"],"picked":"True Grit","floor":25}],"player_experience":557173,"relics_obtained":[{"floor":9.0,"key":"Mummified Hand"},{"floor":10.0,"key":"Strawberry"},{"floor":12.0,"key":"Sundial"},{"floor":23,"key":"InkBottle"},{"floor":26,"key":"Bottled Flame"}],"event_choices":[{"damage_healed":0.0,"max_hp_gain":0.0,"max_hp_loss":0.0,"gold_gain":0.0,"event_name":"Scrap Ooze","player_choice":"Success","floor":2.0,"gold_loss":0.0,"damage_taken":18.0,"relics_obtained":["Incense Burner"]},{"damage_healed":20.0,"max_hp_gain":0.0,"max_hp_loss":0.0,"gold_gain":0.0,"event_name":"The Cleric","player_choice":"Healed","floor":3.0,"gold_loss":35.0,"damage_taken":0.0},{"damage_healed":0.0,"max_hp_gain":0.0,"max_hp_loss":0.0,"gold_gain":275.0,"event_name":"Golden Shrine","player_choice":"Desecrate","floor":5.0,"gold_loss":0.0,"damage_taken":0.0,"cards_obtained":["Regret"]},{"damage_healed":0,"gold_gain":0,"player_choice":"Opened","damage_taken":0,"relics_obtained":["Toy Ornithopter"],"max_hp_gain":0,"max_hp_loss":0,"event_name":"The Mausoleum","floor":20,"gold_loss":0},{"damage_healed":0,"gold_gain":0,"player_choice":"Ignored","damage_taken":0,"max_hp_gain":0,"max_hp_loss":0,"event_name":"Vampires","floor":21,"gold_loss":0}],"is_beta":false,"boss_relics":[{"not_picked":["Ectoplasm","Runic Dome"],"picked":"SacredBark"}],"items_purged_floors":[4,8,22],"is_endless":false,"potions_floor_spawned":[10,11,14,19,23,25],"killed_by":"Gremlin Leader","ascension_level":10}}