{"host":"1xbm3ney5cpi8dx3","time":1610723194,"event":{"mods":["BaseMod","Curses Come First","Duelist Mod","GifTheSpireLib","Hero for Fun","Highlight Path","Minty Spire (QoL Compilation)","READ ME - Guardian Mod","Random Character Button","Relic Sorter","Shop Mod","StSLib","The Cursed"],"gold_per_floor":[368,388,388,400,445,445,472,472,472,485,485,485,485],"floor_reached":12,"language":"ENG","playtime":371,"items_purged":[],"score":113,"play_id":"d03c82ef-34d8-4349-8dc8-cd4e11e89b32","local_time":"20210115160634","is_ascension_mode":true,"campfire_choices":[{"data":"Heavy Blade","floor":6,"key":"SMITH"},{"floor":8,"key":"REST"}],"circlet_count":0,"master_deck":["Strike_R","Strike_R","Strike_R","Strike_R","Strike_R","Defend_R+1","Defend_R","Defend_R","Defend_R+1","Bash","Regret","Heavy Blade+1","Inflame+1","Havoc+1","Iron Wave","Seeing Red"],"relics":["Burning Blood","War Paint","Self Forming Clay","Pear","Paper Frog"],"acts_visited":["Exordium"],"potions_floor_usage":[12,12],"damage_taken":[{"damage":11,"enemies":"2 Louse","floor":1,"turns":4},{"damage":13,"enemies":"Jaw Worm","floor":2,"turns":4},{"damage":6,"enemies":"Small Slimes","floor":4,"turns":4},{"damage":30,"enemies":"3 Sentries","floor":7,"turns":6},{"damage":11,"enemies":"3 Louse","floor":10,"turns":3},{"damage":42,"enemies":"Gremlin Nob","floor":12,"turns":4}],"seed_played":"4550349455378121757","potions_obtained":[{"floor":1,"key":"DistilledChaos"},{"floor":7,"key":"Strength Potion"}],"is_trial":false,"path_per_floor":["M","M","?","M","T","R","E","R","T","M","?","E"],"character_chosen":"IRONCLAD","items_purchased":[],"campfire_rested":1,"item_purchase_floors":[],"current_hp_per_floor":[67,60,44,44,44,44,20,44,54,49,42,0,0],"gold":485,"neow_bonus":"TWO_FIFTY_GOLD","is_daily":false,"chose_seed":false,"campfire_upgraded":1,"win_rate":0.0,"timestamp":1610723194,"path_taken":["M","M","?","M","?","R","E","R","T","M","?","E"],"items_purchased_type":[],"build_version":"2020-12-22","purchased_purges":0,"victory":false,"max_hp_per_floor":[80,80,80,80,80,80,80,80,90,90,90,90,90],"card_choices":[{"not_picked":["Sword Boomerang","Warcry"],"picked":"Heavy Blade","floor":1},{"not_picked":["Fire Breathing","Disarm"],"picked":"Inflame","floor":2},{"not_picked":["Sentinel","Rampage"],"picked":"Havoc","floor":4},{"not_picked":["Carnage","Perfected Strike"],"picked":"Iron Wave","floor":7},{"not_picked":["Intimidate","Burning Pact"],"picked":"Seeing Red","floor":10}],"player_experience":220614,"relics_obtained":[{"floor":5,"key":"War Paint"},{"floor":7,"key":"Self Forming Clay"},{"floor":9,"key":"Pear"}],"event_choices":[{"damage_healed":0,"gold_gain":0,"player_choice":"Entered Light","damage_taken":16,"max_hp_gain":0,"max_hp_loss":0,"event_name":"Shining Light","floor":3,"gold_loss":0,"cards_upgraded":["Inflame","Defend_R"]},{"damage_healed":0,"gold_gain":0,"player_choice":"Success","damage_taken":7,"relics_obtained":["Paper Frog"],"max_hp_gain":0,"max_hp_loss":0,"event_name":"Scrap Ooze","floor":11,"gold_loss":0}],"is_beta":false,"boss_relics":[],"items_purged_floors":[],"is_endless":false,"potions_floor_spawned":[1,7],"killed_by":"Gremlin Nob","ascension_level":9}}