{"host":"ecaj4hn004xnnrw9","time":1610709243,"event":{"mods":["AchievementEnabler","BaseMod","Better Third Choice","Hermit","Hubris","Infinite Spire","Jorbs\u0027s Wanderer Trilogy","Minty Spire (QoL Compilation)","Quick Restart","Shop Mod","StSLib","The Construct","The Jungle","The Runesmith"],"gold_per_floor":[112,112,133,133,157,190,190,89,144,219,219,243,243,268,268,268,268],"floor_reached":16,"language":"ENG","playtime":185,"items_purged":["Strike_P"],"score":131,"play_id":"5a6ee170-061e-4aa8-a524-c1f87ecf5a35","local_time":"20210115111403","is_ascension_mode":true,"campfire_choices":[{"data":"CrushJoints","floor":11,"key":"SMITH"},{"data":"Tantrum","floor":15,"key":"SMITH"}],"circlet_count":0,"master_deck":["Blasphemy+1","Strike_P","Strike_P","Defend_P","Defend_P","Defend_P","Defend_P","Eruption+1","Vigilance","Meditate","BowlingBash","Halt","CrushJoints+1","FollowUp","Parasite","Tantrum+1"],"relics":["hubris:ScarierMask","Golden Idol","infinitespire:BottledMercury","Centennial Puzzle"],"acts_visited":["Exordium"],"potions_floor_usage":[],"damage_taken":[{"damage":0,"enemies":"Jaw Worm","floor":1,"turns":2},{"damage":0,"enemies":"2 Louse","floor":3,"turns":2},{"damage":0,"enemies":"Small Slimes","floor":5,"turns":3},{"damage":0,"enemies":"Gremlin Nob","floor":6,"turns":2},{"damage":0,"enemies":"2 Fungi Beasts","floor":12,"turns":1},{"damage":0,"enemies":"Large Slime","floor":14,"turns":2},{"damage":0,"enemies":"Slime Boss","floor":16,"turns":1}],"seed_played":"-1567639892781324097","potions_obtained":[{"floor":1,"key":"PowerPotion"},{"floor":6,"key":"StancePotion"},{"floor":12,"key":"construct:ShiftPotion"}],"is_trial":false,"path_per_floor":["M","?","M","?","M","E","?","$","T","?","R","M","?","M","R","B"],"character_chosen":"WATCHER","items_purchased":["CrushJoints"],"campfire_rested":0,"item_purchase_floors":[8],"current_hp_per_floor":[72,54,54,47,47,47,47,47,47,36,36,36,54,54,54,54,54],"gold":268,"neow_bonus":"BOSS_RELIC","is_daily":false,"chose_seed":false,"campfire_upgraded":2,"win_rate":0.0,"timestamp":1610709243,"path_taken":["M","?","M","?","M","E","?","$","T","?","R","M","?","M","R","BOSS"],"items_purchased_type":["Card"],"build_version":"2020-12-22","purchased_purges":1,"victory":false,"max_hp_per_floor":[72,72,72,72,72,72,72,72,72,72,72,72,72,72,72,72,72],"card_choices":[{"not_picked":["CutThroughFate","ClearTheMind"],"picked":"Meditate","floor":1},{"not_picked":["SignatureMove","PathToVictory"],"picked":"BowlingBash","floor":3},{"not_picked":["ThirdEye","EmptyFist"],"picked":"Halt","floor":5},{"not_picked":["WaveOfTheHand","ClearTheMind","Protect"],"picked":"SKIP","floor":6},{"not_picked":["ConjureBlade","SignatureMove"],"picked":"FollowUp","floor":12},{"not_picked":["CrushJoints","Pray"],"picked":"Tantrum","floor":14}],"player_experience":348968,"relics_obtained":[{"floor":6,"key":"infinitespire:BottledMercury"},{"floor":9,"key":"Centennial Puzzle"}],"event_choices":[{"damage_healed":0,"gold_gain":0,"player_choice":"Take Damage","damage_taken":18,"relics_obtained":["Golden Idol"],"max_hp_gain":0,"max_hp_loss":0,"event_name":"Golden Idol","floor":2,"gold_loss":0},{"cards_removed":["Strike_P"],"damage_healed":0,"gold_gain":0,"player_choice":"Card Removal","damage_taken":7,"max_hp_gain":0,"max_hp_loss":0,"event_name":"Golden Wing","floor":4,"gold_loss":0},{"damage_healed":0,"gold_gain":0,"player_choice":"Grow","damage_taken":0,"max_hp_gain":0,"max_hp_loss":0,"event_name":"Living Wall","floor":7,"gold_loss":0,"cards_upgraded":["Eruption"]},{"damage_healed":0,"gold_gain":75,"player_choice":"Gold","damage_taken":11,"max_hp_gain":0,"max_hp_loss":0,"event_name":"betterThird:BetterGoop","floor":10,"gold_loss":0},{"damage_healed":18,"gold_gain":0,"player_choice":"Healed and dodged fight","damage_taken":0,"max_hp_gain":0,"max_hp_loss":0,"event_name":"Mushrooms","floor":13,"gold_loss":0,"cards_obtained":["Parasite"]}],"is_beta":false,"boss_relics":[],"items_purged_floors":[8],"is_endless":false,"potions_floor_spawned":[1,6,12],"killed_by":"Slime Boss","ascension_level":1}}