{"host":"a5lz0e76zb3fcwkm","time":1610719230,"event":{"mods":["AchievementEnabler","BaseMod","Colored Map","Colored Powertips","Minty Spire (QoL Compilation)","StSLib","SuperFastMode"],"gold_per_floor":[12,28,28,41,56,56,73,73,73,73,73,155,155,186,186,258,258,274,293,293,218,235,235,235,235,289,289,305,316,335,102,102,173,173,189,201,220,120,137,137,167,167,244,255,255,280,280,280,280,280,280,280],"floor_reached":51,"language":"KOR","playtime":8390,"items_purged":["Defend_G","Defend_G"],"score":1354,"play_id":"31886e85-ad9f-4a70-88f5-05f6900698f5","local_time":"20210115230030","is_ascension_mode":true,"campfire_choices":[{"data":"Deadly Poison","floor":6.0,"key":"SMITH"},{"data":"Crippling Poison","floor":11.0,"key":"SMITH"},{"data":"Bane","floor":13.0,"key":"SMITH"},{"data":"Acrobatics","floor":15.0,"key":"SMITH"},{"data":"Venomology","floor":23.0,"key":"SMITH"},{"floor":25.0,"key":"RECALL"},{"data":"Blur","floor":27.0,"key":"SMITH"},{"data":"Prepared","floor":32.0,"key":"SMITH"},{"data":"Adrenaline","floor":40,"key":"SMITH"},{"data":"Backflip","floor":42,"key":"SMITH"},{"data":"Survivor","floor":45,"key":"SMITH"},{"data":"Defend_G","floor":47,"key":"SMITH"},{"data":"Defend_G","floor":49,"key":"SMITH"}],"circlet_count":0,"master_deck":["AscendersBane","Defend_G+1","Defend_G+1","Survivor+1","Neutralize","Deadly Poison+1","Crippling Poison+1","Acrobatics+1","Bane+1","Blur+1","PiercingWail","Venomology+1","Footwork+1","Backflip+1","Prepared+1","Adrenaline+1","Tactician+1","Backflip+1","Prepared+1","Eviscerate+1"],"relics":["Ring of the Snake","White Beast Statue","Mummified Hand","Coffee Dripper","Snake Skull","Blood Vial","Runic Dome","Frozen Egg 2","Bottled Lightning","Pocketwatch","Eternal Feather"],"acts_visited":["Exordium","TheCity","TheBeyond"],"potions_floor_usage":[37,39,41,44,46,50,50,51],"damage_taken":[{"damage":1.0,"enemies":"Small Slimes","floor":1.0,"turns":3.0},{"damage":0.0,"enemies":"Cultist","floor":2.0,"turns":4.0},{"damage":0.0,"enemies":"2 Louse","floor":4.0,"turns":2.0},{"damage":14.0,"enemies":"Large Slime","floor":5.0,"turns":7.0},{"damage":4.0,"enemies":"Blue Slaver","floor":7.0,"turns":5.0},{"damage":15.0,"enemies":"Lagavulin","floor":14.0,"turns":6.0},{"damage":9.0,"enemies":"Hexaghost","floor":16.0,"turns":9.0},{"damage":13.0,"enemies":"Chosen","floor":18.0,"turns":5.0},{"damage":1.0,"enemies":"2 Thieves","floor":19.0,"turns":4.0},{"damage":0.0,"enemies":"Sentry and Sphere","floor":22.0,"turns":5.0},{"damage":0.0,"enemies":"Shelled Parasite and Fungi","floor":28.0,"turns":5.0},{"damage":5.0,"enemies":"Chosen and Byrds","floor":29.0,"turns":6.0},{"damage":0.0,"enemies":"Centurion and Healer","floor":30.0,"turns":5.0},{"damage":1.0,"enemies":"Automaton","floor":33.0,"turns":13.0},{"damage":0.0,"enemies":"3 Shapes","floor":35.0,"turns":3.0},{"damage":0.0,"enemies":"Orb Walker","floor":36.0,"turns":4.0},{"damage":1,"enemies":"4 Shapes","floor":37,"turns":7},{"damage":0,"enemies":"Sphere and 2 Shapes","floor":39,"turns":4},{"damage":2,"enemies":"Nemesis","floor":41,"turns":7},{"damage":0,"enemies":"Transient","floor":44,"turns":6},{"damage":0,"enemies":"Mind Bloom Boss Battle","floor":46,"turns":5},{"damage":0,"enemies":"Donu and Deca","floor":50,"turns":12},{"damage":114,"enemies":"Time Eater","floor":51,"turns":16}],"seed_played":"221188711394644449","potions_obtained":[{"floor":2.0,"key":"SneckoOil"},{"floor":14.0,"key":"GamblersBrew"},{"floor":16.0,"key":"Fruit Juice"},{"floor":18.0,"key":"EntropicBrew"},{"floor":19.0,"key":"SteroidPotion"},{"floor":22.0,"key":"Energy Potion"},{"floor":28.0,"key":"LiquidBronze"},{"floor":29.0,"key":"Poison Potion"},{"floor":33.0,"key":"AttackPotion"},{"floor":36.0,"key":"Swift Potion"},{"floor":37,"key":"SkillPotion"},{"floor":41,"key":"Dexterity Potion"},{"floor":44,"key":"ColorlessPotion"}],"is_trial":false,"path_per_floor":["M","M","?","M","M","R","M","?","T","?","R","T","R","E","R","B",null,"M","M","?","?","M","R","?","R","T","R","M","M","M","$","R","B",null,"M","M","M","$","M","R","E","R","T","M","R","?","R","T","R","B","B"],"character_chosen":"THE_SILENT","items_purchased":["Blood Vial"],"campfire_rested":0,"item_purchase_floors":[31],"current_hp_per_floor":[58,58,58,58,44,44,40,40,40,40,40,40,40,25,25,16,59,46,45,45,45,45,45,45,45,45,45,45,40,40,40,40,41,64,66,71,70,70,71,71,69,69,69,71,71,71,71,71,71,71,0,0],"gold":280,"neow_bonus":"TRANSFORM_TWO_CARDS","is_daily":false,"chose_seed":false,"campfire_upgraded":12,"win_rate":0.0,"timestamp":1610719230,"path_taken":["M","M","?","M","?","R","M","?","T","?","R","?","R","E","R","BOSS","M","M","?","?","M","R","?","R","T","R","M","M","?","$","R","BOSS","M","M","M","$","M","R","E","R","T","M","R","?","R","?","R","BOSS","BOSS"],"items_purchased_type":["Relic"],"build_version":"2020-12-22","purchased_purges":2,"victory":false,"max_hp_per_floor":[66,66,66,66,66,66,66,66,66,66,66,66,66,66,66,66,71,71,71,71,71,71,71,71,71,71,71,71,71,71,71,71,71,71,71,71,71,71,71,71,71,71,71,71,71,71,71,71,71,71,71,71],"card_choices":[{"not_picked":["Blade Dance","Dagger Throw","Distraction"],"picked":"SKIP","floor":1.0},{"not_picked":["Outmaneuver","Prepared","Dash"],"picked":"SKIP","floor":2.0},{"not_picked":["Endless Agony","Dodge and Roll"],"picked":"Acrobatics","floor":4.0},{"not_picked":["Dagger Throw","Dagger Spray"],"picked":"Bane","floor":5.0},{"not_picked":["Flying Knee","Dodge and Roll"],"picked":"Blur","floor":7.0},{"not_picked":["Infinite Blades","Storm of Steel"],"picked":"PiercingWail","floor":14.0},{"not_picked":["After Image","Phantasmal Killer"],"picked":"Venomology","floor":16.0},{"not_picked":["Slice","Flying Knee","Skewer"],"picked":"SKIP","floor":18.0},{"not_picked":["Heel Hook","Blur"],"picked":"Footwork+1","floor":19.0},{"not_picked":["Well Laid Plans","Outmaneuver"],"picked":"Backflip","floor":22.0},{"not_picked":["Blade Dance+1","Expertise+1"],"picked":"Prepared","floor":28.0},{"not_picked":["Dash","Finisher","Blur"],"picked":"SKIP","floor":29.0},{"not_picked":["Deadly Poison","Sucker Punch","Envenom"],"picked":"SKIP","floor":30.0},{"not_picked":["Envenom","Tools of the Trade"],"picked":"Adrenaline","floor":33.0},{"not_picked":["Flying Knee","Deflect"],"picked":"Tactician+1","floor":35.0},{"not_picked":["Slice","Crippling Poison","Accuracy"],"picked":"SKIP","floor":36.0},{"not_picked":["Bane+1","Flying Knee"],"picked":"Backflip+1","floor":37},{"not_picked":["Skewer","Underhanded Strike","Dagger Spray"],"picked":"SKIP","floor":39},{"not_picked":["Tools of the Trade+1","Sucker Punch"],"picked":"Prepared+1","floor":41},{"not_picked":["Eviscerate+1","Deadly Poison","Slice"],"picked":"SKIP","floor":44},{"not_picked":["Deadly Poison","Slice"],"picked":"Eviscerate+1","floor":44}],"player_experience":1738159,"relics_obtained":[{"floor":12.0,"key":"White Beast Statue"},{"floor":14.0,"key":"Mummified Hand"},{"floor":26.0,"key":"Snake Skull"},{"floor":41,"key":"Frozen Egg 2"},{"floor":43,"key":"Bottled Lightning"},{"floor":46,"key":"Pocketwatch"},{"floor":48,"key":"Eternal Feather"}],"event_choices":[{"cards_removed":["Strike_G"],"damage_healed":0.0,"max_hp_gain":0.0,"max_hp_loss":0.0,"gold_gain":0.0,"event_name":"Purifier","player_choice":"Purged","floor":3.0,"gold_loss":0.0,"damage_taken":0.0},{"cards_removed":["Strike_G"],"damage_healed":0.0,"max_hp_gain":0.0,"max_hp_loss":0.0,"gold_gain":0.0,"event_name":"Living Wall","player_choice":"Forget","floor":8.0,"gold_loss":0.0,"damage_taken":0.0},{"damage_healed":0.0,"max_hp_gain":0.0,"max_hp_loss":0.0,"gold_gain":0.0,"event_name":"Liars Game","player_choice":"Ignored","floor":10.0,"gold_loss":0.0,"damage_taken":0.0},{"damage_healed":0.0,"max_hp_gain":0.0,"max_hp_loss":0.0,"gold_gain":0.0,"event_name":"Vampires","player_choice":"Ignored","floor":20.0,"gold_loss":0.0,"damage_taken":0.0},{"cards_removed":["Strike_G"],"damage_healed":0.0,"max_hp_gain":0.0,"max_hp_loss":0.0,"gold_gain":0.0,"event_name":"Beggar","player_choice":"Gave Gold","floor":21.0,"gold_loss":75.0,"damage_taken":0.0},{"cards_removed":["Strike_G"],"damage_healed":0.0,"max_hp_gain":0.0,"max_hp_loss":0.0,"gold_gain":0.0,"event_name":"Bonfire Elementals","player_choice":"Offered Basic","floor":24.0,"gold_loss":0.0,"damage_taken":0.0},{"damage_healed":0,"gold_gain":0,"player_choice":"Fight","damage_taken":0,"max_hp_gain":0,"max_hp_loss":0,"event_name":"MindBloom","floor":46,"gold_loss":0}],"is_beta":false,"boss_relics":[{"not_picked":["SlaversCollar","Pandora\u0027s Box"],"picked":"Coffee Dripper"},{"not_picked":["Sozu","Astrolabe"],"picked":"Runic Dome"}],"items_purged_floors":[31,38],"is_endless":false,"potions_floor_spawned":[2,14,16,18,19,22,28,29,30,33,35,36,37,39,41,44,46],"killed_by":"Time Eater","ascension_level":20}}