{"host":"lxihx0b6awoz2w1j","time":1610717224,"event":{"mods":["Aspiration","BaseMod","Better Third Choice","CapriCore","Colored Powertips","Downfall","Hermit","Hubris","Infinite Spire","JesterMod","Luminous","Marisa????????","Melee Mod","Minty Spire (QoL Compilation)","Prisma Mod","Quick Restart","Relic Stats","Replay The Spire","Shade Mod","Spicy Shops","StSLib","The Alterego","The Blue Laboratory","The Cursed","The Disciple","The Forsaken","The Immortal","The Jungle","The Marked","The Runesmith","The Senshi","The Servant 0.9.4","Waifu the Spire"],"gold_per_floor":[111,129,129,145,156,156,182,182,182,201,201,211,226,245,245,349,349,365,365,384,384,404,437,437,437,464,464,475,235,595,609,609,708,708,723,723,736,136,181,208,208,234,246,258,270,310,422,434,446,557,569,581,581],"floor_reached":52,"language":"ENG","playtime":3537,"items_purged":["Injury"],"score":835,"play_id":"d53f786c-4dd4-42a8-bf17-00746e80f435","local_time":"20210115142704","is_ascension_mode":false,"campfire_choices":[{"data":"theSenshi:MoonGorgeousMeditation","floor":6.0,"key":"SMITH"},{"data":"theSenshi:TuxedoSmokingBomber","floor":8.0,"key":"SMITH"},{"floor":15.0,"key":"DIG"},{"floor":25.0,"key":"REST"},{"data":"infinitespire:SevenWalls","floor":27.0,"key":"SMITH"},{"data":"theSenshi:MoonCosmicPowerMakeUp","floor":32.0,"key":"SMITH"},{"floor":41.0,"key":"REST"},{"floor":44.0,"key":"REST"},{"data":"theSenshi:CrisisMakeUp","floor":49.0,"key":"SMITH"}],"circlet_count":0,"master_deck":["theSenshi:SailorKick","theSenshi:SailorKick","theSenshi:SailorKick","theSenshi:SailorKick","theSenshi:SailorBlock","theSenshi:SailorBlock","theSenshi:SailorBlock","theSenshi:SailorBlock","theSenshi:RoseThrow+1","theSenshi:MoonPrismPowerMakeUp","theSenshi:MoonPunch","theSenshi:MercurysCunning","theSenshi:SailorMercuryAssists","theSenshi:MoonGorgeousMeditation+1","theSenshi:TuxedoSmokingBomber+1","theSenshi:SailorJupiterAssists","theSenshi:RainbowMoonHeartAche","theSenshi:InTheNickOfTime+1","theSenshi:EncouragingSpeech+1","theSenshi:FatedKiss","AbeCurse","theSenshi:SailorVenusAssists","theSenshi:MoonCrisisMakeUp+1","infinitespire:SevenWalls+1","theSenshi:SailorSaturnAssists","theSenshi:Sidestep+1","theSenshi:SailorJupiterAssists","theSenshi:MoonCosmicPowerMakeUp+1","Replay:SS_hec_2","expansioncontent:HyperBeam","theSenshi:MoonPrincessHalation","theSenshi:SilverMoonCrystalPowerKiss","infinitespire:Punishment","theSenshi:SailorStarMakerAssists+1","theSenshi:GatheringStrength+1","theSenshi:LunaWiseMentor+1","theSenshi:SailorChibiMoonAssists+1","theSenshi:UranusStrength+1","theSenshi:SailorStarFighterAssists+1","infinitespire:Collect+1","theSenshi:CrisisMakeUp+1","theSenshi:JupitersPower"],"relics":["theSenshi:TransformationBroochRelic","theSenshi:FeatherClipsRelic","Incense Burner","Toxic Egg 2","Strawberry","Abe\u0027s Treasure","Shade:YorickSkull","Replay:Bottled Steam","hubris:Potato","alterego_mod:SomeoneToFightFor","theSenshi:RoseRelic","SlaversCollar","Sundial","ReplayFunnel","infinitespire:BottledMercury","WingedGreaves","hubris:SphereOfDissonance","MawBank","theSenshi:CutieMoonRodRelic","Black Star","aspiration:SeaSaltIceCream","Painkiller Herb","theForsaken:HumbleEgg","hubris:CuriousFeather","hubris:Icosahedron","SacredBark"],"acts_visited":["Exordium","TheCity","TheBeyond","Exordium"],"potions_floor_usage":[],"damage_taken":[{"damage":0.0,"enemies":"Cultist","floor":1.0,"turns":4.0},{"damage":0.0,"enemies":"2 Louse","floor":2.0,"turns":3.0},{"damage":0.0,"enemies":"Jaw Worm","floor":4.0,"turns":4.0},{"damage":0.0,"enemies":"Looter","floor":5.0,"turns":4.0},{"damage":6.0,"enemies":"3 Sentries","floor":7.0,"turns":7.0},{"damage":0.0,"enemies":"Exordium Thugs","floor":10.0,"turns":5.0},{"damage":0.0,"enemies":"Blue Slaver","floor":12.0,"turns":3.0},{"damage":0.0,"enemies":"Large Slime","floor":13.0,"turns":4.0},{"damage":0.0,"enemies":"Looter","floor":14.0,"turns":4.0},{"damage":47.0,"enemies":"Slime Boss","floor":16.0,"turns":14.0},{"damage":26.0,"enemies":"3 Byrds","floor":18.0,"turns":7.0},{"damage":16.0,"enemies":"Spheric Guardian","floor":20.0,"turns":6.0},{"damage":30.0,"enemies":"Snake Plant","floor":22.0,"turns":5.0},{"damage":14.0,"enemies":"Nightmare","floor":23.0,"turns":11.0},{"damage":0.0,"enemies":"Cultist and Chosen","floor":28.0,"turns":8.0},{"damage":14.0,"enemies":"3 Cultists","floor":31.0,"turns":6.0},{"damage":30.0,"enemies":"Automaton","floor":33.0,"turns":15.0},{"damage":0.0,"enemies":"Orb Walker","floor":35.0,"turns":5.0},{"damage":0.0,"enemies":"3 Shapes","floor":37.0,"turns":5.0},{"damage":47.0,"enemies":"2 Orb Walkers","floor":39.0,"turns":9.0},{"damage":19.0,"enemies":"Nemesis","floor":40.0,"turns":9.0},{"damage":31.0,"enemies":"Reptomancer","floor":42.0,"turns":6.0},{"damage":41.0,"enemies":"Nemesis","floor":46.0,"turns":7.0},{"damage":0.0,"enemies":"infinitespire:Three Voidlings","floor":47.0,"turns":4.0},{"damage":0.0,"enemies":"Nightmare_Alpha","floor":47.0,"turns":12.0},{"damage":26.0,"enemies":"Awakened One","floor":50.0,"turns":10.0},{"damage":0,"enemies":"2 Louse","floor":52,"turns":1}],"seed_played":"-6710640222821449155","potions_obtained":[{"floor":1.0,"key":"blueLaboratory:BottleOfVodka"},{"floor":2.0,"key":"blueLaboratory:RecallPotion"},{"floor":4.0,"key":"Regen Potion"},{"floor":12.0,"key":"blueLaboratory:PolymorphPotion"},{"floor":20.0,"key":"Energy Potion"},{"floor":39.0,"key":"blueLaboratory:PolymorphPotion"},{"floor":46.0,"key":"BlessingOfTheForge"},{"floor":47.0,"key":"Swift Potion"}],"is_trial":false,"path_per_floor":["M","M","?","M","M","R","E","R","T","M","?","M","M","M","R","B",null,"M","?","M","AVR","M","NM","?","R","T","R","M","$","?","M","R","B",null,"M","?","M","$","?","E","R","E","T","R","AVR","E","?","?","T","B",null,"?"],"character_chosen":"THE_SENSHI","items_purchased":["theSenshi:MoonCosmicPowerMakeUp","Replay:SS_hec_2","Sundial","ReplayFunnel","infinitespire:BottledMercury","theSenshi:GatheringStrength+1"],"campfire_rested":3,"item_purchase_floors":[29,29,38,38,38,38],"current_hp_per_floor":[75,75,75,75,75,75,69,69,69,75,75,75,75,75,82,41,82,62,62,52,52,42,44,44,68,68,68,82,82,40,37,37,44,82,82,62,82,82,60,52,76,56,56,80,80,55,82,82,82,67,82,82,82],"gold":581,"neow_bonus":"RANDOM_EVENT","is_daily":false,"chose_seed":false,"campfire_upgraded":5,"win_rate":0.0,"timestamp":1610717224,"path_taken":["M","M","?","M","M","R","E","R","T","M","?","M","M","M","R","BOSS","M","?","M","AVR","M","NM","?","R","T","R","M","$","?","M","R","BOSS","M","?","M","$","?","E","R","E","T","R","AVR","E","?","?","T","BOSS","?"],"items_purchased_type":["Card","Card","Relic","Relic","Relic","Card"],"build_version":"2020-12-22","purchased_purges":1,"victory":false,"max_hp_per_floor":[75,75,75,75,75,75,75,75,75,75,75,75,75,75,82,82,82,82,82,82,82,82,82,82,82,82,82,82,82,82,82,82,82,82,82,82,82,82,82,82,82,82,82,82,82,82,82,82,82,82,82,82,82],"relic_stats":{"counters":[27,178],"Sundial":[4],"Black Star":1,"MawBank":120,"obtain_stats":[{"ReplayFunnel":38,"theSenshi:CutieMoonRodRelic":43,"infinitespire:BottledMercury":38,"Shade:YorickSkull":19,"SacredBark":51,"Painkiller Herb":46,"theSenshi:FeatherClipsRelic":7,"Incense Burner":9,"alterego_mod:SomeoneToFightFor":24,"theForsaken:HumbleEgg":46,"hubris:Icosahedron":48,"Sundial":38,"Strawberry":15,"theSenshi:RoseRelic":26,"WingedGreaves":39,"hubris:CuriousFeather":47,"Toxic Egg 2":11,"Replay:Bottled Steam":21,"hubris:SphereOfDissonance":40,"aspiration:SeaSaltIceCream":46,"MawBank":42,"SlaversCollar":34,"theSenshi:TransformationBroochRelic":0,"Black Star":45,"Abe\u0027s Treasure":17,"hubris:Potato":23},{"ReplayFunnel":19,"theSenshi:CutieMoonRodRelic":22,"infinitespire:BottledMercury":19,"Shade:YorickSkull":11,"SacredBark":26,"Painkiller Herb":23,"theSenshi:FeatherClipsRelic":5,"Incense Burner":5,"alterego_mod:SomeoneToFightFor":14,"theForsaken:HumbleEgg":23,"hubris:Icosahedron":25,"Sundial":19,"Strawberry":9,"theSenshi:RoseRelic":14,"WingedGreaves":20,"hubris:CuriousFeather":25,"Toxic Egg 2":6,"Replay:Bottled Steam":12,"hubris:SphereOfDissonance":21,"aspiration:SeaSaltIceCream":23,"MawBank":22,"SlaversCollar":17,"theSenshi:TransformationBroochRelic":0,"Black Star":22,"Abe\u0027s Treasure":10,"hubris:Potato":14},{"ReplayFunnel":120,"theSenshi:CutieMoonRodRelic":144,"infinitespire:BottledMercury":120,"Shade:YorickSkull":59,"SacredBark":177,"Painkiller Herb":151,"theSenshi:FeatherClipsRelic":22,"Incense Burner":22,"alterego_mod:SomeoneToFightFor":81,"theForsaken:HumbleEgg":151,"hubris:Icosahedron":167,"Sundial":120,"Strawberry":38,"theSenshi:RoseRelic":81,"WingedGreaves":129,"hubris:CuriousFeather":167,"Toxic Egg 2":27,"Replay:Bottled Steam":65,"hubris:SphereOfDissonance":138,"aspiration:SeaSaltIceCream":151,"MawBank":144,"SlaversCollar":110,"theSenshi:TransformationBroochRelic":0,"Black Star":144,"Abe\u0027s Treasure":52,"hubris:Potato":81}]},"card_choices":[{"not_picked":["theSenshi:EncouragingSpeech","theSenshi:SupersonicWaves"],"picked":"theSenshi:MoonPunch","floor":1.0},{"not_picked":["theSenshi:Overload","theSenshi:MoonTwilightFlash"],"picked":"theSenshi:MercurysCunning","floor":2.0},{"not_picked":["theSenshi:MoonPunch","theSenshi:SailorV"],"picked":"theSenshi:SailorMercuryAssists","floor":4.0},{"not_picked":["theSenshi:SailorMercuryAssists","theSenshi:YouCanTalk"],"picked":"theSenshi:MoonGorgeousMeditation","floor":5.0},{"not_picked":["theSenshi:LunasBite","theSenshi:MoonGorgeousMeditation"],"picked":"theSenshi:TuxedoSmokingBomber","floor":7.0},{"not_picked":["theSenshi:RainbowMoonHeartAche","theSenshi:LunasBite"],"picked":"theSenshi:SailorJupiterAssists","floor":10.0},{"not_picked":["theSenshi:HesSoDreamy+1","theSenshi:SchoolBag+1"],"picked":"theSenshi:RainbowMoonHeartAche","floor":12.0},{"not_picked":["theSenshi:SupersonicWaves","theSenshi:MoonTwilightFlash"],"picked":"theSenshi:InTheNickOfTime+1","floor":13.0},{"not_picked":["theSenshi:MoonsReflection+1","theSenshi:MoonPunch"],"picked":"theSenshi:EncouragingSpeech+1","floor":14.0},{"not_picked":["theSenshi:GlimpseOfThePast","theSenshi:SailorStarHealerAssists+1"],"picked":"theSenshi:FatedKiss","floor":16.0},{"not_picked":["theSenshi:LateForSchool+1","theSenshi:LunasBite"],"picked":"theSenshi:SailorVenusAssists","floor":18.0},{"not_picked":["theSenshi:SailorMarsAssists+1","theSenshi:TallSilhouette+1"],"picked":"theSenshi:MoonCrisisMakeUp+1","floor":20.0},{"not_picked":["theSenshi:NeptunesGrace","theSenshi:TuxedoMaskAssists"],"picked":"theSenshi:SailorSaturnAssists","floor":22.0},{"not_picked":["theSenshi:MoonTiaraMagic+1","theSenshi:MercurysCunning"],"picked":"theSenshi:Sidestep+1","floor":23.0},{"not_picked":["theSenshi:SailorChibiMoonAssists","theSenshi:SailorNeptuneAssists+1"],"picked":"theSenshi:SailorJupiterAssists","floor":28.0},{"not_picked":["theSenshi:NeptunesGrace","theSenshi:SailorChibiMoonAssists"],"picked":"theSenshi:MoonPrincessHalation","floor":31.0},{"not_picked":["theSenshi:GlimpseOfThePast","theSenshi:FatedKiss"],"picked":"theSenshi:SilverMoonCrystalPowerKiss","floor":33.0},{"not_picked":["theSenshi:MoonTiaraMagic+1","theSenshi:SailorVenusAssists","theSenshi:LateForSchool+1"],"picked":"SKIP","floor":35.0},{"not_picked":["infinitespire:FinalStrike","infinitespire:Menacing"],"picked":"infinitespire:Punishment","floor":36.0},{"not_picked":["theSenshi:MoonPower","theSenshi:Sidestep+1"],"picked":"theSenshi:SailorStarMakerAssists+1","floor":37.0},{"not_picked":["theSenshi:RainbowMoonHeartAche","theSenshi:Sidestep+1"],"picked":"theSenshi:LunaWiseMentor+1","floor":39.0},{"not_picked":["theSenshi:SupersonicWaves","theSenshi:SchoolBag+1"],"picked":"theSenshi:SailorChibiMoonAssists+1","floor":40.0},{"not_picked":["theSenshi:SteeledNerves","theSenshi:MoonKick+1"],"picked":"theSenshi:UranusStrength+1","floor":42.0},{"not_picked":["theSenshi:SaturnsMystery","theSenshi:MoonKick+1"],"picked":"theSenshi:SailorStarFighterAssists+1","floor":46.0},{"not_picked":["ReplayTheSpireMod:Haul","infinitespire:Punishment"],"picked":"infinitespire:Collect","floor":47.0},{"not_picked":["theSenshi:StudyParty","theSenshi:MoonSpiralHeartAttack+1"],"picked":"theSenshi:CrisisMakeUp","floor":47.0},{"not_picked":["theSenshi:InTheNameOfTheMoon+1","theSenshi:SailorPlutoAssists"],"picked":"theSenshi:JupitersPower","floor":50.0}],"player_experience":609086,"relics_obtained":[{"floor":7.0,"key":"theSenshi:FeatherClipsRelic"},{"floor":9.0,"key":"Incense Burner"},{"floor":15.0,"key":"Strawberry"},{"floor":23.0,"key":"hubris:Potato"},{"floor":26.0,"key":"theSenshi:RoseRelic"},{"floor":39.0,"key":"WingedGreaves"},{"floor":40.0,"key":"hubris:SphereOfDissonance"},{"floor":42.0,"key":"MawBank"},{"floor":43.0,"key":"theSenshi:CutieMoonRodRelic"},{"floor":46.0,"key":"aspiration:SeaSaltIceCream"},{"floor":46.0,"key":"theForsaken:HumbleEgg"},{"floor":47.0,"key":"hubris:CuriousFeather"}],"event_choices":[{"damage_healed":0.0,"max_hp_gain":0.0,"max_hp_loss":0.0,"gold_gain":0.0,"event_name":"Secret Garden","player_choice":"Choice 2","floor":24.0,"gold_loss":0.0,"damage_taken":0.0,"relics_obtained":["alterego_mod:SomeoneToFightFor"]},{"damage_healed":0.0,"max_hp_gain":0.0,"max_hp_loss":0.0,"gold_gain":360.0,"event_name":"Knowing Skull","player_choice":"CARD GOLD GOLD GOLD GOLD ","floor":30.0,"potions_obtained":[],"gold_loss":0.0,"damage_taken":42.0,"cards_obtained":["expansioncontent:HyperBeam"]},{"damage_healed":0.0,"max_hp_gain":0.0,"max_hp_loss":0.0,"gold_gain":0.0,"event_name":"Mysterious Sphere","player_choice":"Fight","floor":39.0,"gold_loss":0.0,"damage_taken":0.0}],"is_beta":false,"boss_relics":[{"not_picked":["Runic Pyramid","hubris:CrackedHourglass"],"picked":"Abe\u0027s Treasure"},{"not_picked":["Runesmith:UraniumAnvil","Velvet Choker"],"picked":"SlaversCollar"},{"not_picked":["Replay:Drink Me","aspiration:RunicSpoon"],"picked":"SacredBark"}],"items_purged_floors":[29],"is_endless":true,"potions_floor_spawned":[1,2,4,5,12,20,39,46,47],"killed_by":"2 Louse","ascension_level":0}}