{"host":"vzugls1u57eppbds","time":1610737268,"event":{"mods":["AchievementEnabler","BaseMod","Better Third Choice","Minty Spire (QoL Compilation)","Relic Stats","Shop Mod","StSLib","The IronCluck"],"gold_per_floor":[114,114,129,129,304,304,332,332,357,357,390,400,410,485,485,587,587,599,599,514,514,514,514],"floor_reached":22,"language":"ENG","playtime":370,"items_purged":[],"score":312,"play_id":"381e0d0c-d637-4c44-89ea-b94575b5f19a","local_time":"20210115200108","is_ascension_mode":true,"campfire_choices":[{"data":"Demon Form","floor":6,"key":"SMITH"},{"data":"Pummel","floor":8,"key":"SMITH"},{"data":"Defend_R","floor":10,"key":"SMITH"},{"floor":15,"key":"REST"}],"circlet_count":0,"master_deck":["Strike_R","Strike_R","Strike_R","Strike_R","Strike_R","Defend_R","Defend_R","Defend_R","Defend_R+1","Bash","Cleave","Demon Form+1","Pummel+1","Doubt","Cleave","Rampage","Body Slam","Pommel Strike","Reaper","Cleave+1"],"relics":["Burning Blood","NeowsBlessing","Bird Faced Urn","Bag of Preparation","Boot","SacredBark","Smiling Mask"],"acts_visited":["Exordium","TheCity"],"potions_floor_usage":[11,16,16],"damage_taken":[{"damage":0,"enemies":"Jaw Worm","floor":1,"turns":1},{"damage":0,"enemies":"Cultist","floor":3,"turns":1},{"damage":0,"enemies":"Lagavulin","floor":7,"turns":1},{"damage":45,"enemies":"3 Sentries","floor":11,"turns":5},{"damage":14,"enemies":"2 Louse","floor":12,"turns":3},{"damage":12,"enemies":"2 Fungi Beasts","floor":13,"turns":3},{"damage":28,"enemies":"Slime Boss","floor":16,"turns":8},{"damage":36,"enemies":"3 Byrds","floor":18,"turns":6},{"damage":26,"enemies":"Shell Parasite","floor":22,"turns":2}],"seed_played":"7803286770041193175","potions_obtained":[{"floor":1,"key":"GamblersBrew"},{"floor":7,"key":"Fruit Juice"},{"floor":13,"key":"GamblersBrew"},{"floor":16,"key":"DistilledChaos"}],"is_trial":false,"path_per_floor":["M","?","M","$","?","R","E","R","T","R","E","M","M","?","R","B",null,"M","?","?","?","M"],"character_chosen":"IRONCLAD","items_purchased":[],"campfire_rested":1,"item_purchase_floors":[],"current_hp_per_floor":[78,78,80,80,80,80,80,80,80,80,48,42,38,27,52,32,72,42,42,42,26,0,0],"gold":514,"neow_bonus":"THREE_ENEMY_KILL","is_daily":false,"chose_seed":false,"campfire_upgraded":3,"win_rate":0.0,"timestamp":1610737268,"path_taken":["M","?","?","$","?","R","E","R","T","R","E","M","M","?","R","BOSS","M","?","?","?","M"],"items_purchased_type":[],"build_version":"2020-12-22","purchased_purges":0,"victory":false,"max_hp_per_floor":[80,80,80,80,80,80,80,80,80,80,85,85,85,85,85,85,85,85,85,85,90,90,90],"relic_stats":{"counters":[9,30],"Bird Faced Urn":[8],"Bag of Preparation":[12],"Boot":[45],"Smiling Mask":0,"obtain_stats":[{"NeowsBlessing":0,"Bird Faced Urn":7,"SacredBark":17,"Bag of Preparation":9,"Boot":11,"Smiling Mask":20,"Burning Blood":0},{"NeowsBlessing":0,"Bird Faced Urn":3,"SacredBark":7,"Bag of Preparation":3,"Boot":4,"Smiling Mask":8,"Burning Blood":0},{"NeowsBlessing":0,"Bird Faced Urn":3,"SacredBark":22,"Bag of Preparation":3,"Boot":8,"Smiling Mask":28,"Burning Blood":0}],"Burning Blood":38},"card_choices":[{"not_picked":["Searing Blow","Body Slam"],"picked":"Cleave","floor":1},{"not_picked":["Warcry","Flex"],"picked":"Pummel","floor":3},{"not_picked":["Clash","Warcry"],"picked":"Cleave","floor":7},{"not_picked":["Havoc","Pommel Strike"],"picked":"Rampage","floor":11},{"not_picked":["Clash","Thunderclap"],"picked":"Body Slam","floor":12},{"not_picked":["Juggernaut","Uppercut"],"picked":"Pommel Strike","floor":13},{"not_picked":["Exhume","Bludgeon"],"picked":"Reaper","floor":16},{"not_picked":["Twin Strike","Armaments"],"picked":"Cleave+1","floor":18}],"player_experience":230847,"relics_obtained":[{"floor":7,"key":"Bird Faced Urn"},{"floor":9,"key":"Bag of Preparation"},{"floor":11,"key":"Boot"}],"event_choices":[{"damage_healed":0,"gold_gain":0,"player_choice":"1 cards matched","damage_taken":0,"max_hp_gain":0,"max_hp_loss":0,"event_name":"Match and Keep!","floor":2,"gold_loss":0,"cards_obtained":["Demon Form"]},{"damage_healed":0,"gold_gain":175,"player_choice":"AGREE","damage_taken":129,"max_hp_gain":0,"max_hp_loss":0,"event_name":"betterThird:BetterSerpent","floor":5,"gold_loss":0},{"damage_healed":0,"gold_gain":75,"player_choice":"Gold","damage_taken":11,"max_hp_gain":1,"max_hp_loss":0,"event_name":"betterThird:BetterGoop","floor":14,"gold_loss":0},{"damage_healed":0,"gold_gain":0,"player_choice":"Ignored","damage_taken":0,"max_hp_gain":0,"max_hp_loss":0,"event_name":"Beggar","floor":19,"gold_loss":0},{"damage_healed":0,"gold_gain":0,"player_choice":"Obtained Relic","damage_taken":0,"relics_obtained":["Smiling Mask"],"max_hp_gain":0,"max_hp_loss":0,"event_name":"Addict","floor":20,"gold_loss":85},{"damage_healed":0,"gold_gain":0,"player_choice":"Shed Blood","damage_taken":21,"max_hp_gain":5,"max_hp_loss":0,"event_name":"Forgotten Altar","floor":21,"gold_loss":0}],"is_beta":false,"boss_relics":[{"not_picked":["Black Star","Pandora\u0027s Box"],"picked":"SacredBark"}],"items_purged_floors":[],"is_endless":false,"potions_floor_spawned":[1,7,13,16],"killed_by":"Shell Parasite","ascension_level":9}}