{"host":"utcbn1j9ebmpc40m","time":1610669739,"event":{"mods":["BaseMod","Better Altar","Better Match","GifTheSpireLib","Minty Spire (QoL Compilation)","Poor People Problems","StSLib","SuperFastMode","The IronCluck","The Servant 0.9.4"],"gold_per_floor":[119,25,100,116,291,291,325,325,395,421,438,450,469,485,485,589,589,608,129,140,150,150,150,182,197,223,223,256,256,290,306,306,306,306],"floor_reached":33,"language":"ENG","playtime":692,"items_purged":["Strike_R"],"score":507,"play_id":"13f403aa-16a9-4653-9464-1bb588d43d56","local_time":"20210114191539","is_ascension_mode":true,"campfire_choices":[{"data":"Inflame","floor":6,"key":"SMITH"},{"floor":8,"key":"REST"},{"floor":15,"key":"REST"},{"floor":23,"key":"REST"},{"floor":29,"key":"REST"},{"data":"Armaments","floor":32,"key":"SMITH"}],"circlet_count":0,"master_deck":["AscendersBane","Strike_R","Strike_R","Strike_R","Strike_R","Defend_R","Defend_R","Defend_R","Defend_R","Bash","Ghostly Armor","Shrug It Off","Inflame+1","Doubt","Body Slam","Flame Barrier","Battle Trance","Body Slam+1","Cleave+1","Offering","Flex","Wild Strike+1","Shame","Armaments+1","Sword Boomerang+1","Body Slam+1"],"relics":["Busted Crown","Regal Pillow","InkBottle","Molten Egg 2","Mark of Pain","Letter Opener","OrangePellets","Eternal Feather","Nunchaku","Strawberry","Vajra","Pen Nib","Calipers"],"acts_visited":["Exordium","TheCity"],"potions_floor_usage":[7,16,20,28,33,33],"damage_taken":[{"damage":0,"enemies":"Small Slimes","floor":1,"turns":3},{"damage":2,"enemies":"Jaw Worm","floor":4,"turns":3},{"damage":28,"enemies":"Lagavulin","floor":7,"turns":8},{"damage":30,"enemies":"Gremlin Nob","floor":10,"turns":4},{"damage":0,"enemies":"Cultist","floor":11,"turns":3},{"damage":1,"enemies":"Blue Slaver","floor":12,"turns":4},{"damage":6,"enemies":"Looter","floor":13,"turns":3},{"damage":1,"enemies":"Exordium Wildlife","floor":14,"turns":4},{"damage":9,"enemies":"Slime Boss","floor":16,"turns":9},{"damage":16,"enemies":"3 Byrds","floor":18,"turns":4},{"damage":4,"enemies":"Chosen","floor":20,"turns":4},{"damage":13,"enemies":"Snake Plant","floor":21,"turns":2},{"damage":15,"enemies":"Gremlin Leader","floor":24,"turns":8},{"damage":7,"enemies":"Centurion and Healer","floor":25,"turns":5},{"damage":36,"enemies":"Book of Stabbing","floor":28,"turns":4},{"damage":25,"enemies":"Slavers","floor":30,"turns":4},{"damage":7,"enemies":"Chosen and Byrds","floor":31,"turns":4},{"damage":72,"enemies":"Automaton","floor":33,"turns":8}],"seed_played":"7064952589374112595","potions_obtained":[{"floor":1,"key":"BlessingOfTheForge"},{"floor":4,"key":"DistilledChaos"},{"floor":7,"key":"Swift Potion"},{"floor":16,"key":"AttackPotion"},{"floor":18,"key":"FearPotion"},{"floor":24,"key":"PowerPotion"},{"floor":30,"key":"Ancient Potion"}],"is_trial":false,"path_per_floor":["M","$","?","M","?","R","E","R","T","E","M","M","M","M","R","B",null,"M","$","M","M","?","R","E","M","T","T","E","R","E","M","R","B"],"character_chosen":"IRONCLAD","items_purchased":["Shrug It Off","Inflame","Letter Opener","OrangePellets"],"campfire_rested":4,"item_purchase_floors":[2,2,19,19],"current_hp_per_floor":[72,72,61,59,59,59,31,70,70,40,40,39,33,32,71,62,76,60,60,56,43,43,80,65,58,65,65,29,85,60,53,68,0,0],"gold":306,"neow_bonus":"BOSS_RELIC","is_daily":false,"chose_seed":false,"campfire_upgraded":2,"win_rate":0.0,"timestamp":1610669739,"path_taken":["M","$","?","M","?","R","E","R","T","E","?","M","M","M","R","BOSS","M","$","M","M","?","R","E","M","T","?","E","R","E","M","R","BOSS"],"items_purchased_type":["Card","Card","Relic","Relic"],"build_version":"2020-12-22","purchased_purges":1,"victory":false,"max_hp_per_floor":[80,80,80,80,80,80,80,80,80,80,80,80,80,80,80,80,80,80,80,80,80,80,80,80,80,87,87,87,87,87,87,87,87,87],"card_choices":[{"not_picked":[],"picked":"Ghostly Armor","floor":1},{"not_picked":["Havoc"],"picked":"SKIP","floor":4},{"not_picked":[],"picked":"Body Slam","floor":7},{"not_picked":[],"picked":"Flame Barrier","floor":10},{"not_picked":[],"picked":"Battle Trance","floor":11},{"not_picked":[],"picked":"Body Slam+1","floor":12},{"not_picked":[],"picked":"Cleave+1","floor":13},{"not_picked":["Fire Breathing"],"picked":"SKIP","floor":14},{"not_picked":[],"picked":"Offering","floor":16},{"not_picked":[],"picked":"Flex","floor":18},{"not_picked":["Clash+1"],"picked":"SKIP","floor":20},{"not_picked":[],"picked":"Wild Strike+1","floor":21},{"not_picked":[],"picked":"Armaments","floor":24},{"not_picked":[],"picked":"Sword Boomerang+1","floor":25},{"not_picked":["Clash+1"],"picked":"SKIP","floor":28},{"not_picked":["Wild Strike+1"],"picked":"SKIP","floor":30},{"not_picked":[],"picked":"Body Slam+1","floor":31}],"player_experience":487115,"relics_obtained":[{"floor":7,"key":"Regal Pillow"},{"floor":9,"key":"InkBottle"},{"floor":10,"key":"Molten Egg 2"},{"floor":24,"key":"Nunchaku"},{"floor":26,"key":"Strawberry"},{"floor":27,"key":"Vajra"},{"floor":28,"key":"Pen Nib"},{"floor":30,"key":"Calipers"}],"event_choices":[{"damage_healed":0,"gold_gain":75,"player_choice":"Gather Gold","damage_taken":11,"max_hp_gain":0,"max_hp_loss":0,"event_name":"World of Goop","floor":3,"gold_loss":0},{"damage_healed":0,"gold_gain":175,"player_choice":"AGREE","damage_taken":0,"max_hp_gain":0,"max_hp_loss":0,"event_name":"Liars Game","floor":5,"gold_loss":0,"cards_obtained":["Doubt"]},{"damage_healed":0,"gold_gain":0,"player_choice":"Stole Relic","damage_taken":0,"relics_obtained":["Eternal Feather"],"max_hp_gain":0,"max_hp_loss":0,"event_name":"Addict","floor":22,"gold_loss":0,"cards_obtained":["Shame"]}],"is_beta":false,"boss_relics":[{"not_picked":["Empty Cage","SlaversCollar"],"picked":"Mark of Pain"}],"items_purged_floors":[19],"is_endless":false,"potions_floor_spawned":[1,4,7,16,18,24,30],"killed_by":"Automaton","ascension_level":12}}