{"host":"ttzdpsscxkem3xrs","time":1610668819,"event":{"mods":["BaseMod","Colored Map","Downfall","Minty Spire (QoL Compilation)","Replay The Spire","StSLib","The Cursed","The Hierophant"],"gold_per_floor":[119,119,135,178,253,291,300,270,270,305,46,46,46,50,50,121,148,114,14,0,0,0,0,99,85,85,35,21,1,1],"floor_reached":29,"language":"ENG","playtime":1456,"items_purged":["hierophant:Strike_Hierophant","hierophant:Defend_Hierophant","hierophant:Strike_Hierophant"],"score":281,"play_id":"2b615112-b366-416d-8b3a-5bf4fc5b2882","local_time":"20210114160019","is_ascension_mode":false,"campfire_choices":[{"floor":15,"key":"REST"},{"data":"hierophant:SolarFlare","floor":23,"key":"SMITH"}],"circlet_count":0,"master_deck":["hierophant:Strike_Hierophant","hierophant:Punish","hierophant:ChurchCoffers","hierophant:Glossolalia+1","hierophant:Sermon","hierophant:OrnateBuckler","hierophant:FlamingChariot","hierophant:SolarFlare+1","hierophant:OrnateBuckler","hierophant:DisplayOfPower","hierophant:ArchangelShield","hierophant:Anathema+1","hierophant:Empathy+1","hierophant:Patience+1","hierophant:FlamingChariot"],"relics":["hierophant:PropheticMaskRelic","NeowsBlessing","Kunai","Snack Pack","Odd Mushroom","Replay:Bottled Steam","CeramicFish","Omamori","Replay:WaspNest","Astrolabe","Smiling Mask"],"acts_visited":["Exordium","TheCity"],"potions_floor_usage":[16,25,29,29],"damage_taken":[{"damage":0,"enemies":"2 Louse","floor":1,"turns":2},{"damage":0,"enemies":"Cultist","floor":3,"turns":1},{"damage":0,"enemies":"3 Sentries","floor":6,"turns":2},{"damage":10,"enemies":"The Mushroom Lair","floor":7,"turns":4},{"damage":0,"enemies":"Lagavulin","floor":8,"turns":3},{"damage":8,"enemies":"Small Slimes","floor":10,"turns":3},{"damage":0,"enemies":"3 Louse","floor":12,"turns":3},{"damage":3,"enemies":"2 Fungi Beasts","floor":14,"turns":3},{"damage":12,"enemies":"Hexaghost","floor":16,"turns":7},{"damage":0,"enemies":"Spheric Guardian","floor":18,"turns":2},{"damage":6,"enemies":"3 Byrds","floor":25,"turns":3},{"damage":30,"enemies":"Cultist and Chosen","floor":28,"turns":8},{"damage":24,"enemies":"Slavers","floor":29,"turns":3}],"seed_played":"-4446262118977132907","potions_obtained":[{"floor":1,"key":"SkillPotion"},{"floor":10,"key":"champ:CounterPotion"},{"floor":25,"key":"PowerPotion"},{"floor":28,"key":"LiquidBronze"}],"is_trial":false,"path_per_floor":["M","?","M","?","?","E","?","E","T","M","$","M","?","M","R","B",null,"M","$","?","?","?","R","?","M","T","$","M","E"],"character_chosen":"HIEROPHANT","items_purchased":["Omamori","hierophant:ArchangelShield"],"campfire_rested":1,"item_purchase_floors":[11,11],"current_hp_per_floor":[75,75,75,75,64,64,54,56,56,48,48,48,48,45,67,57,75,75,75,75,75,75,75,75,69,69,69,39,15,15],"gold":1,"neow_bonus":"THREE_ENEMY_KILL","is_daily":false,"chose_seed":false,"campfire_upgraded":1,"win_rate":0.0,"timestamp":1610668819,"path_taken":["M","?","?","?","?","E","?","E","T","?","$","M","?","?","R","BOSS","M","$","?","?","?","R","?","M","T","?","?","E"],"items_purchased_type":["Relic","Card"],"build_version":"2020-12-22","purchased_purges":3,"victory":false,"max_hp_per_floor":[75,75,75,75,75,75,75,75,75,75,75,75,75,75,75,75,75,75,75,75,75,75,75,75,75,75,75,75,75,75],"card_choices":[{"not_picked":["hierophant:Martyrdom","hierophant:MorningPrayer"],"picked":"hierophant:Glossolalia","floor":1},{"not_picked":["hierophant:EyeForCoin","hierophant:ThreeLashes"],"picked":"hierophant:Mercenaries","floor":3},{"not_picked":["hierophant:Embezzle","hierophant:PristineSoul"],"picked":"hierophant:Sermon","floor":4},{"not_picked":["hierophant:Refuge","hierophant:Endure"],"picked":"hierophant:OrnateBuckler","floor":4},{"not_picked":["hierophant:PristineSoul","hierophant:TollTheBells"],"picked":"hierophant:FlamingChariot","floor":6},{"not_picked":["hierophant:Bribe","hierophant:FieryStrike"],"picked":"hierophant:SolarFlare","floor":7},{"not_picked":["hierophant:PassingBell","hierophant:Endure"],"picked":"hierophant:OrnateBuckler","floor":8},{"not_picked":["hierophant:Smite","hierophant:OrnateJavelin"],"picked":"hierophant:DisplayOfPower","floor":10},{"not_picked":["hierophant:Doubloon","hierophant:Shelter","hierophant:ThreeLashes"],"picked":"SKIP","floor":12},{"not_picked":["hierophant:MintersHammer","hierophant:Sermon","hierophant:AuricBeam"],"picked":"SKIP","floor":14},{"not_picked":["hierophant:Alms","hierophant:Zeal","hierophant:Sermon"],"picked":"SKIP","floor":18},{"not_picked":["hierophant:Remorse","hierophant:Sermon"],"picked":"hierophant:FlamingChariot","floor":25},{"not_picked":["hierophant:Encroach","hierophant:RepressedViolence","hierophant:Smite+1"],"picked":"SKIP","floor":28}],"player_experience":1374168,"relics_obtained":[{"floor":4,"key":"Kunai"},{"floor":6,"key":"Snack Pack"},{"floor":7,"key":"Odd Mushroom"},{"floor":8,"key":"Replay:Bottled Steam"},{"floor":9,"key":"CeramicFish"},{"floor":26,"key":"Smiling Mask"}],"event_choices":[{"damage_healed":0,"gold_gain":0,"player_choice":"Forge","damage_taken":0,"max_hp_gain":0,"max_hp_loss":0,"event_name":"Accursed Blacksmith","floor":2,"gold_loss":0,"cards_upgraded":["hierophant:Glossolalia"]},{"damage_healed":0,"gold_gain":75,"player_choice":"Gather Gold","damage_taken":11,"max_hp_gain":0,"max_hp_loss":0,"event_name":"World of Goop","floor":5,"gold_loss":0},{"damage_healed":0,"gold_gain":0,"player_choice":"Fought Mushrooms","damage_taken":0,"max_hp_gain":0,"max_hp_loss":0,"event_name":"Mushrooms","floor":7,"gold_loss":0},{"cards_removed":["hierophant:Mercenaries"],"damage_healed":0,"gold_gain":0,"player_choice":"Gave Card","damage_taken":0,"relics_obtained":["Replay:WaspNest"],"max_hp_gain":0,"max_hp_loss":0,"event_name":"WeMeetAgain","floor":13,"gold_loss":0},{"damage_healed":0,"gold_gain":0,"player_choice":"Paid Fearfully","damage_taken":0,"max_hp_gain":0,"max_hp_loss":0,"event_name":"Masked Bandits","floor":20,"gold_loss":14},{"cards_removed":["hierophant:Defend_Hierophant"],"damage_healed":0,"gold_gain":0,"player_choice":"Elegance","damage_taken":0,"max_hp_gain":0,"max_hp_loss":0,"event_name":"Back to Basics","floor":22,"gold_loss":0},{"damage_healed":0,"gold_gain":99,"player_choice":"Stole From Cult","damage_taken":0,"max_hp_gain":0,"max_hp_loss":0,"event_name":"Nest","floor":24,"gold_loss":0}],"is_beta":false,"boss_relics":[{"not_picked":["Replay:Bronze Core","Replay:Drink Me"],"picked":"Astrolabe"}],"items_purged_floors":[11,19,27],"is_endless":false,"potions_floor_spawned":[1,10,25,28],"killed_by":"Slavers","ascension_level":0}}