{"host":"j4g6ia6asvpyu2b0","time":1610725104,"event":{"mods":["BaseMod","Colored Map","Minty Spire (QoL Compilation)","Permanent Neow","Quick Restart","Relic Stats","StSLib","Unceasing Turn Reminder"],"gold_per_floor":[118,137,151,167,180,207,207,236,283,313,331,506,538,538,538,641,641,658,678,697,612,624,624,641,667,667,700,715,715,741,741,741,741,741],"floor_reached":33,"language":"ENG","playtime":1040,"items_purged":[],"score":657,"play_id":"3e12cfa2-0539-4f2c-b57f-1ff32ee7cabc","local_time":"20210115083824","is_ascension_mode":true,"campfire_choices":[{"floor":7.0,"key":"REST"},{"data":"Footwork","floor":15.0,"key":"SMITH"},{"data":"Noxious Fumes","floor":23.0,"key":"SMITH"},{"data":"Footwork","floor":29.0,"key":"SMITH"},{"floor":32.0,"key":"REST"}],"circlet_count":0,"master_deck":["AscendersBane","Strike_G","Strike_G","Strike_G","Strike_G","Strike_G","Defend_G","Defend_G","Defend_G+1","Defend_G+1","Defend_G","Survivor","Neutralize","Slice","All Out Attack","Dash","Backflip","Blade Dance","Blade Dance","Dash","Footwork+1","Accuracy","Blade Dance","Infinite Blades","Phantasmal Killer+1","Deadly Poison+1","Backflip+1","Noxious Fumes+1","Blade Dance+1","Backflip+1","Doppelganger+1","Poisoned Stab","Footwork+1","Poisoned Stab","Acrobatics+1"],"relics":["Black Star","Dream Catcher","Bronze Scales","Pear","War Paint","Lantern","Darkstone Periapt","Ninja Scroll","Ornamental Fan","Toxic Egg 2","Philosopher\u0027s Stone","Torii","Vajra","Bottled Lightning","Paper Crane","Ginger","Pen Nib","PreservedInsect","Oddly Smooth Stone"],"acts_visited":["Exordium","TheCity"],"potions_floor_usage":[],"damage_taken":[{"damage":10.0,"enemies":"Cultist","floor":1.0,"turns":5.0},{"damage":6.0,"enemies":"2 Louse","floor":2.0,"turns":3.0},{"damage":0.0,"enemies":"Jaw Worm","floor":3.0,"turns":5.0},{"damage":0.0,"enemies":"Large Slime","floor":4.0,"turns":6.0},{"damage":2.0,"enemies":"2 Fungi Beasts","floor":5.0,"turns":4.0},{"damage":22.0,"enemies":"Lagavulin","floor":6.0,"turns":9.0},{"damage":24.0,"enemies":"Gremlin Nob","floor":8.0,"turns":4.0},{"damage":0.0,"enemies":"3 Sentries","floor":10.0,"turns":5.0},{"damage":6.0,"enemies":"Exordium Thugs","floor":11.0,"turns":4.0},{"damage":16.0,"enemies":"Gremlin Nob","floor":13.0,"turns":3.0},{"damage":14.0,"enemies":"Hexaghost","floor":16.0,"turns":9.0},{"damage":3.0,"enemies":"3 Byrds","floor":18.0,"turns":3.0},{"damage":0.0,"enemies":"Spheric Guardian","floor":19.0,"turns":3.0},{"damage":1.0,"enemies":"Snake Plant","floor":20.0,"turns":3.0},{"damage":1.0,"enemies":"Cultist and Chosen","floor":22.0,"turns":6.0},{"damage":0.0,"enemies":"Shelled Parasite and Fungi","floor":24.0,"turns":4.0},{"damage":1.0,"enemies":"Book of Stabbing","floor":25.0,"turns":4.0},{"damage":24.0,"enemies":"Slavers","floor":27.0,"turns":4.0},{"damage":11.0,"enemies":"Snake Plant","floor":28.0,"turns":3.0},{"damage":15.0,"enemies":"Book of Stabbing","floor":30.0,"turns":4.0},{"damage":57,"enemies":"Collector","floor":33,"turns":6}],"seed_played":"5680884899350764848","potions_obtained":[{"floor":2.0,"key":"DuplicationPotion"},{"floor":5.0,"key":"Regen Potion"},{"floor":10.0,"key":"DuplicationPotion"},{"floor":11.0,"key":"ColorlessPotion"},{"floor":16.0,"key":"Dexterity Potion"},{"floor":22.0,"key":"DistilledChaos"},{"floor":28.0,"key":"LiquidMemories"}],"is_trial":false,"path_per_floor":["M","M","M","M","M","E","R","E","T","E","M","?","E","?","R","B",null,"M","M","M","?","M","R","M","E","T","E","M","R","E","?","R","B"],"character_chosen":"THE_SILENT","items_purchased":[],"campfire_rested":2,"item_purchase_floors":[],"current_hp_per_floor":[53,47,47,47,45,38,59,45,45,45,39,45,29,34,34,20,73,70,70,69,69,68,68,68,67,67,43,32,32,17,17,44,0,0],"gold":741,"neow_bonus":"BOSS_RELIC","is_daily":false,"chose_seed":false,"campfire_upgraded":3,"win_rate":0.0,"timestamp":1610725104,"path_taken":["M","M","?","M","M","E","R","E","T","E","M","?","E","?","R","BOSS","M","M","M","?","M","R","M","E","T","E","M","R","E","?","R","BOSS"],"items_purchased_type":[],"build_version":"2020-12-22","purchased_purges":0,"victory":false,"max_hp_per_floor":[70,70,70,70,70,70,70,80,80,80,80,86,86,91,91,91,91,91,91,91,91,91,91,91,91,91,91,91,91,91,91,91,91,91],"relic_stats":{"Darkstone Periapt":6,"Dream Catcher":2,"Torii":10,"counters":[21,97],"Ornamental Fan":[208],"Bronze Scales":[218],"Pen Nib":[5],"PreservedInsect":0,"Black Star":7,"Ginger":[3],"War Paint":["Defend_G","Defend_G"],"obtain_stats":[{"Darkstone Periapt":10,"Lantern":9,"Pear":8,"Torii":21,"Vajra":25,"Oddly Smooth Stone":30,"Pen Nib":27,"PreservedInsect":30,"Ginger":27,"War Paint":8,"Paper Crane":26,"Dream Catcher":6,"Ninja Scroll":10,"Ornamental Fan":13,"Bronze Scales":6,"Philosopher\u0027s Stone":17,"Black Star":0,"Bottled Lightning":25,"Toxic Egg 2":13,"Ring of the Snake":0},{"Darkstone Periapt":8,"Lantern":7,"Pear":7,"Torii":14,"Vajra":17,"Oddly Smooth Stone":20,"Pen Nib":18,"PreservedInsect":20,"Ginger":18,"War Paint":7,"Paper Crane":17,"Dream Catcher":6,"Ninja Scroll":8,"Ornamental Fan":10,"Bronze Scales":6,"Philosopher\u0027s Stone":11,"Black Star":0,"Bottled Lightning":17,"Toxic Egg 2":10,"Ring of the Snake":0},{"Darkstone Periapt":41,"Lantern":36,"Pear":36,"Torii":66,"Vajra":80,"Oddly Smooth Stone":91,"Pen Nib":84,"PreservedInsect":91,"Ginger":84,"War Paint":36,"Paper Crane":80,"Dream Catcher":32,"Ninja Scroll":41,"Ornamental Fan":48,"Bronze Scales":32,"Philosopher\u0027s Stone":57,"Black Star":0,"Bottled Lightning":80,"Toxic Egg 2":48,"Ring of the Snake":0}]},"card_choices":[{"not_picked":["Underhanded Strike","Dodge and Roll"],"picked":"Slice","floor":1.0},{"not_picked":["Poisoned Stab","PiercingWail"],"picked":"All Out Attack","floor":2.0},{"not_picked":["Quick Slash","Expertise"],"picked":"Dash","floor":3.0},{"not_picked":["Reflex","Masterful Stab"],"picked":"Backflip","floor":4.0},{"not_picked":["Reflex","Masterful Stab"],"picked":"Blade Dance","floor":5.0},{"not_picked":["Dagger Throw","Blur"],"picked":"Blade Dance","floor":6.0},{"not_picked":["Deflect","Bane"],"picked":"Dash","floor":7.0},{"not_picked":["Expertise","Burst"],"picked":"Footwork","floor":8.0},{"not_picked":["Escape Plan","Quick Slash"],"picked":"Accuracy","floor":10.0},{"not_picked":["Expertise","Acrobatics"],"picked":"Blade Dance","floor":11.0},{"not_picked":["Quick Slash","Endless Agony"],"picked":"Infinite Blades","floor":13.0},{"not_picked":["Die Die Die","Tools of the Trade"],"picked":"Phantasmal Killer+1","floor":16.0},{"not_picked":["Flying Knee","Bane"],"picked":"Deadly Poison+1","floor":18.0},{"not_picked":["Distraction+1","Sucker Punch"],"picked":"Backflip+1","floor":19.0},{"not_picked":["Blade Dance+1","Prepared+1"],"picked":"Noxious Fumes","floor":20.0},{"not_picked":["Predator","Deflect+1"],"picked":"Blade Dance+1","floor":22.0},{"not_picked":["Expertise+1","Deflect+1"],"picked":"Backflip+1","floor":24.0},{"not_picked":["Dodge and Roll+1","Bane"],"picked":"Doppelganger+1","floor":25.0},{"not_picked":["Endless Agony","Bullet Time+1"],"picked":"Poisoned Stab","floor":27.0},{"not_picked":["Prepared+1","Slice+1"],"picked":"Footwork","floor":28.0},{"not_picked":["Heel Hook","Slice"],"picked":"Poisoned Stab","floor":30.0},{"not_picked":["Dagger Throw+1","Deadly Poison+1"],"picked":"Acrobatics+1","floor":32.0}],"player_experience":856934,"relics_obtained":[{"floor":6.0,"key":"Dream Catcher"},{"floor":6.0,"key":"Bronze Scales"},{"floor":8.0,"key":"Pear"},{"floor":8.0,"key":"War Paint"},{"floor":9.0,"key":"Lantern"},{"floor":10.0,"key":"Darkstone Periapt"},{"floor":10.0,"key":"Ninja Scroll"},{"floor":13.0,"key":"Ornamental Fan"},{"floor":13.0,"key":"Toxic Egg 2"},{"floor":25.0,"key":"Vajra"},{"floor":25.0,"key":"Bottled Lightning"},{"floor":26.0,"key":"Paper Crane"},{"floor":27.0,"key":"Ginger"},{"floor":27.0,"key":"Pen Nib"},{"floor":30.0,"key":"PreservedInsect"},{"floor":30.0,"key":"Oddly Smooth Stone"}],"event_choices":[{"damage_healed":0.0,"max_hp_gain":0.0,"max_hp_loss":0.0,"gold_gain":175.0,"event_name":"Liars Game","player_choice":"AGREE","floor":12.0,"gold_loss":0.0,"damage_taken":0.0,"cards_obtained":["Doubt"]},{"damage_healed":0.0,"max_hp_gain":5.0,"max_hp_loss":0.0,"gold_gain":0.0,"event_name":"Big Fish","player_choice":"Donut","floor":14.0,"gold_loss":0.0,"damage_taken":0.0},{"damage_healed":0.0,"max_hp_gain":0.0,"max_hp_loss":0.0,"gold_gain":0.0,"event_name":"Addict","player_choice":"Obtained Relic","floor":21.0,"gold_loss":85.0,"damage_taken":0.0,"relics_obtained":["Torii"]},{"cards_removed":["Doubt"],"damage_healed":0.0,"max_hp_gain":0.0,"max_hp_loss":0.0,"gold_gain":0.0,"event_name":"Fountain of Cleansing","player_choice":"Removed Curses","floor":31.0,"gold_loss":0.0,"damage_taken":0.0}],"is_beta":false,"boss_relics":[{"not_picked":["Calling Bell","Astrolabe"],"picked":"Philosopher\u0027s Stone"}],"items_purged_floors":[],"is_endless":false,"potions_floor_spawned":[2,5,10,11,16,19,22,28],"killed_by":"Collector","ascension_level":12}}