{"host":"cjhtzh7tp54jdfyv","time":1610744281,"event":{"mods":["AchievementEnabler","BaseMod","Colored Map","Colored Powertips","Curses Come First","DeckTracker","Filter the Spire","Minty Spire (QoL Compilation)","RNG Fix","Relic Sorter","Relic Stats","StSLib","UnlockEverythingMod","ojb\u0027s Better Paths Mod","ojb\u0027s Info Mod"],"gold_per_floor":[14,14,34,52,67,67,83,110,135,166,178,212,212,251,251,334,334,352,375,300,323,339,383,383,423,423,439,464,464,495,510,510,591,591,614,634,634,339,365,402,402,437,437,459,478,432,450,474,474,474,474,474],"floor_reached":51,"language":"ENG","playtime":4517,"items_purged":["Strike_G","Strike_G"],"score":1581,"play_id":"acea52d8-92ec-4543-a0bc-f82b3360918d","local_time":"20210115155801","is_ascension_mode":true,"campfire_choices":[{"data":"Bouncing Flask","floor":6.0,"key":"SMITH"},{"data":"Calculated Gamble","floor":15.0,"key":"SMITH"},{"floor":24.0,"key":"REST"},{"floor":29,"key":"REST"},{"floor":32,"key":"REST"},{"floor":41,"key":"REST"},{"floor":49,"key":"RECALL"}],"circlet_count":0,"master_deck":["AscendersBane","Strike_G","Strike_G","Strike_G","Defend_G","Defend_G","Defend_G","Defend_G","Defend_G","Survivor","Neutralize","Sadistic Nature+1","Poisoned Stab","Blade Dance","Poisoned Stab","Bouncing Flask+1","PiercingWail","Night Terror","Calculated Gamble+1","Leg Sweep","Die Die Die","Endless Agony","Backflip","Envenom+1","Dagger Spray","PiercingWail","Venomology","PiercingWail+1","Noxious Fumes+1","Well Laid Plans+1","Calculated Gamble","Blur+1","Calculated Gamble","Terror","Backflip","Acrobatics","Madness","Mayhem+1","Blade Dance"],"relics":["Ring of the Snake","InkBottle","Regal Pillow","StoneCalendar","Ornamental Fan","CeramicFish","Fusion Hammer","Frozen Egg 2","Orichalcum","Pocketwatch","Omamori","SlaversCollar","OrangePellets","Unceasing Top","Dream Catcher"],"acts_visited":["Exordium","TheCity","TheBeyond"],"potions_floor_usage":[33,35,36,40,42,42,44,48,48,50,50],"damage_taken":[{"damage":4.0,"enemies":"Small Slimes","floor":1.0,"turns":4.0},{"damage":2.0,"enemies":"2 Louse","floor":3.0,"turns":3.0},{"damage":2.0,"enemies":"Jaw Worm","floor":4.0,"turns":3.0},{"damage":2.0,"enemies":"Large Slime","floor":5.0,"turns":7.0},{"damage":12.0,"enemies":"3 Louse","floor":7.0,"turns":4.0},{"damage":11.0,"enemies":"Lagavulin","floor":8.0,"turns":7.0},{"damage":11.0,"enemies":"Gremlin Nob","floor":10.0,"turns":3.0},{"damage":0.0,"enemies":"Blue Slaver","floor":11.0,"turns":2.0},{"damage":0.0,"enemies":"Lagavulin","floor":12.0,"turns":4.0},{"damage":10.0,"enemies":"3 Sentries","floor":14.0,"turns":6.0},{"damage":1.0,"enemies":"Hexaghost","floor":16.0,"turns":6.0},{"damage":10.0,"enemies":"2 Thieves","floor":18.0,"turns":4.0},{"damage":0.0,"enemies":"3 Byrds","floor":19.0,"turns":3.0},{"damage":11.0,"enemies":"Cultist and Chosen","floor":21.0,"turns":5.0},{"damage":0.0,"enemies":"Snake Plant","floor":22.0,"turns":2.0},{"damage":32.0,"enemies":"Slavers","floor":23.0,"turns":7.0},{"damage":25,"enemies":"Gremlin Leader","floor":25,"turns":4},{"damage":6,"enemies":"Centurion and Healer","floor":27,"turns":5},{"damage":0,"enemies":"Chosen and Byrds","floor":28,"turns":3},{"damage":6,"enemies":"Book of Stabbing","floor":30,"turns":4},{"damage":2,"enemies":"Snecko","floor":31,"turns":3},{"damage":21,"enemies":"Collector","floor":33,"turns":5},{"damage":0,"enemies":"3 Shapes","floor":35,"turns":3},{"damage":4,"enemies":"Orb Walker","floor":36,"turns":3},{"damage":18,"enemies":"Sphere and 2 Shapes","floor":39,"turns":5},{"damage":17,"enemies":"Nemesis","floor":40,"turns":5},{"damage":10,"enemies":"Reptomancer","floor":42,"turns":7},{"damage":0,"enemies":"Transient","floor":44,"turns":6},{"damage":6,"enemies":"Spire Growth","floor":45,"turns":6},{"damage":7,"enemies":"Writhing Mass","floor":48,"turns":6},{"damage":19,"enemies":"Awakened One","floor":50,"turns":9},{"damage":7,"enemies":"Donu and Deca","floor":51,"turns":3}],"seed_played":"1093666664098027126","potions_obtained":[{"floor":3.0,"key":"Regen Potion"},{"floor":4.0,"key":"GhostInAJar"},{"floor":7.0,"key":"Explosive Potion"},{"floor":10.0,"key":"DistilledChaos"},{"floor":14.0,"key":"ColorlessPotion"},{"floor":21.0,"key":"Explosive Potion"},{"floor":22.0,"key":"Fire Potion"},{"floor":25,"key":"CultistPotion"},{"floor":27,"key":"CunningPotion"},{"floor":33,"key":"GhostInAJar"},{"floor":36,"key":"Swift Potion"},{"floor":45,"key":"Swift Potion"}],"is_trial":false,"path_per_floor":["M","?","M","M","M","R","M","E","T","E","M","E","?","E","R","B",null,"M","M","$","M","M","E","R","E","T","M","M","R","E","M","R","B",null,"M","M","?","$","M","E","R","E","T","M","M","$","?","M","R","B","B"],"character_chosen":"THE_SILENT","items_purchased":["Well Laid Plans+1","OrangePellets","Acrobatics"],"campfire_rested":4,"item_purchase_floors":[38,38,46],"current_hp_per_floor":[55,55,53,51,64,64,52,41,41,30,30,30,66,56,56,55,63,53,53,53,42,42,10,44,19,19,13,13,47,41,39,66,45,61,61,57,57,57,39,22,56,46,46,46,40,40,30,23,23,4,0,0],"gold":474,"neow_bonus":"RANDOM_COLORLESS_2","is_daily":false,"chose_seed":false,"campfire_upgraded":2,"win_rate":0.0,"timestamp":1610744281,"path_taken":["M","?","M","M","M","R","M","E","T","E","M","E","?","E","R","BOSS","M","M","$","?","M","E","R","E","T","M","M","R","E","M","R","BOSS","M","M","?","$","M","E","R","E","T","M","?","$","?","?","R","BOSS","BOSS"],"items_purchased_type":["Card","Relic","Card"],"build_version":"2020-12-22","purchased_purges":2,"victory":false,"max_hp_per_floor":[66,66,66,66,66,66,66,66,66,66,66,66,66,66,66,66,66,66,66,66,66,66,66,66,66,66,66,66,66,66,66,66,66,66,66,66,66,66,66,66,66,66,66,66,66,66,66,66,66,66,66,66],"relic_stats":{"Regal Pillow":53,"counters":[32,147],"CeramicFish":180,"StoneCalendar":[52],"Orichalcum":[90],"OrangePellets":[5],"Dream Catcher":0,"Ornamental Fan":[236],"obtain_stats":[{"Regal Pillow":9,"CeramicFish":14,"StoneCalendar":10,"Omamori":30,"Frozen Egg 2":23,"Orichalcum":25,"SlaversCollar":34,"OrangePellets":38,"Dream Catcher":42,"Ornamental Fan":12,"Fusion Hammer":17,"InkBottle":8,"Unceasing Top":40,"Ring of the Snake":0,"Pocketwatch":26},{"Regal Pillow":6,"CeramicFish":10,"StoneCalendar":7,"Omamori":20,"Frozen Egg 2":16,"Orichalcum":17,"SlaversCollar":22,"OrangePellets":24,"Dream Catcher":27,"Ornamental Fan":9,"Fusion Hammer":11,"InkBottle":6,"Unceasing Top":26,"Ring of the Snake":0,"Pocketwatch":17},{"Regal Pillow":28,"CeramicFish":43,"StoneCalendar":31,"Omamori":86,"Frozen Egg 2":70,"Orichalcum":74,"SlaversCollar":94,"OrangePellets":100,"Dream Catcher":117,"Ornamental Fan":37,"Fusion Hammer":49,"InkBottle":28,"Unceasing Top":110,"Ring of the Snake":0,"Pocketwatch":74}],"InkBottle":[60],"Unceasing Top":[2],"Ring of the Snake":[64],"Pocketwatch":[45]},"card_choices":[{"not_picked":["Secret Technique","The Bomb"],"picked":"Sadistic Nature","floor":0.0},{"not_picked":["Dagger Spray","Slice"],"picked":"Poisoned Stab","floor":1.0},{"not_picked":["Acrobatics","Prepared"],"picked":"Blade Dance","floor":3.0},{"not_picked":["Sucker Punch","Skewer"],"picked":"Poisoned Stab","floor":4.0},{"not_picked":["Prepared","Distraction"],"picked":"Bouncing Flask","floor":5.0},{"not_picked":["Quick Slash","Caltrops"],"picked":"PiercingWail","floor":7.0},{"not_picked":["Reflex","Doppelganger","Prepared"],"picked":"SKIP","floor":8.0},{"not_picked":["Infinite Blades","Cloak And Dagger"],"picked":"Night Terror","floor":10.0},{"not_picked":["Deflect","Poisoned Stab","Reflex"],"picked":"SKIP","floor":11.0},{"not_picked":["Dagger Spray","A Thousand Cuts"],"picked":"Calculated Gamble","floor":12.0},{"not_picked":["Backflip","Bane"],"picked":"Leg Sweep","floor":14.0},{"not_picked":["Grand Finale","A Thousand Cuts"],"picked":"Die Die Die","floor":16.0},{"not_picked":["Dodge and Roll","Prepared","Eviscerate"],"picked":"SKIP","floor":18.0},{"not_picked":["Quick Slash","Sucker Punch"],"picked":"Endless Agony","floor":19.0},{"not_picked":["Finisher","Flying Knee"],"picked":"Backflip","floor":21.0},{"not_picked":["Sucker Punch","Deadly Poison","Slice"],"picked":"SKIP","floor":22.0},{"not_picked":["Quick Slash","Endless Agony"],"picked":"Envenom+1","floor":23.0},{"not_picked":["Blade Dance","Underhanded Strike"],"picked":"Dagger Spray","floor":25},{"not_picked":["Slice","Infinite Blades+1","Underhanded Strike"],"picked":"SKIP","floor":27},{"not_picked":["Expertise","Slice"],"picked":"PiercingWail","floor":28},{"not_picked":["Bouncing Flask","Concentrate","Accuracy+1"],"picked":"SKIP","floor":30},{"not_picked":["Endless Agony","Outmaneuver","Dagger Throw+1"],"picked":"SKIP","floor":31},{"not_picked":["Unload","A Thousand Cuts+1"],"picked":"Venomology","floor":33},{"not_picked":["Outmaneuver","Blur"],"picked":"PiercingWail+1","floor":35},{"not_picked":["Bouncing Flask","Predator"],"picked":"Noxious Fumes+1","floor":36},{"not_picked":["Slice+1","Dodge and Roll"],"picked":"Calculated Gamble","floor":39},{"not_picked":["Finisher","Noxious Fumes+1"],"picked":"Blur+1","floor":40},{"not_picked":["Underhanded Strike","Slice"],"picked":"Calculated Gamble","floor":42},{"not_picked":["Bane","Calculated Gamble"],"picked":"Terror","floor":44},{"not_picked":["Caltrops+1","Poisoned Stab"],"picked":"Backflip","floor":45},{"not_picked":["Jack Of All Trades","Good Instincts"],"picked":"Madness","floor":47},{"not_picked":["Thinking Ahead","The Bomb"],"picked":"Mayhem+1","floor":47},{"not_picked":["Heel Hook","Deadly Poison"],"picked":"Blade Dance","floor":48}],"player_experience":4561165,"relics_obtained":[{"floor":8.0,"key":"InkBottle"},{"floor":9.0,"key":"Regal Pillow"},{"floor":10.0,"key":"StoneCalendar"},{"floor":12.0,"key":"Ornamental Fan"},{"floor":14.0,"key":"CeramicFish"},{"floor":23.0,"key":"Frozen Egg 2"},{"floor":25,"key":"Orichalcum"},{"floor":26,"key":"Pocketwatch"},{"floor":30,"key":"Omamori"},{"floor":40,"key":"Unceasing Top"},{"floor":42,"key":"Dream Catcher"}],"event_choices":[{"damage_healed":0.0,"max_hp_gain":0.0,"max_hp_loss":0.0,"gold_gain":0.0,"event_name":"Upgrade Shrine","player_choice":"Upgraded","floor":2.0,"gold_loss":0.0,"damage_taken":0.0,"cards_upgraded":["Sadistic Nature"]},{"damage_healed":36.0,"max_hp_gain":0.0,"max_hp_loss":0.0,"gold_gain":0.0,"event_name":"Wheel of Change","player_choice":"Full Heal","floor":13.0,"gold_loss":0.0,"damage_taken":0.0},{"damage_healed":0,"gold_gain":0,"player_choice":"Ignored","damage_taken":0,"max_hp_gain":0,"max_hp_loss":0,"event_name":"Tomb of Lord Red Mask","floor":37,"gold_loss":0},{"damage_healed":0,"gold_gain":0,"player_choice":"Memory 3","damage_taken":10,"max_hp_gain":0,"max_hp_loss":0,"event_name":"SensoryStone","floor":47,"gold_loss":0}],"is_beta":false,"boss_relics":[{"not_picked":["SacredBark","Velvet Choker"],"picked":"Fusion Hammer"},{"not_picked":["WristBlade","Philosopher\u0027s Stone"],"picked":"SlaversCollar"}],"items_purged_floors":[20,38],"is_endless":false,"potions_floor_spawned":[3,4,7,10,14,21,22,25,27,28,33,36,40,45],"killed_by":"Donu and Deca","ascension_level":20}}