{"host":"yuoancq4cku3x8wq","time":1610722350,"event":{"mods":["AchievementEnabler","BaseMod","Minty Spire (QoL Compilation)","Quick Restart","StSLib","SuperFastMode"],"gold_per_floor":[117,117,117,133,133,163,163,196,219,219,34,48,48,73,73,151,151,168,183,183,98,118,118,58,58,82,100,133,133,233,233,233,312,312,328,353,141,157,177,509,280,315,341,382,382,403,436,436,436,436,436,436,436,72,109,109],"floor_reached":57,"language":"ZHS","playtime":2156,"items_purged":["Defend_P","Strike_P","Strike_P","Defend_P"],"score":3079,"play_id":"f7102c31-3c82-4994-9908-d7070bdb62ba","local_time":"20210115225230","is_ascension_mode":true,"campfire_choices":[{"data":"Eruption","floor":7.0,"key":"SMITH"},{"data":"TalkToTheHand","floor":10.0,"key":"SMITH"},{"data":"Apotheosis","floor":15.0,"key":"SMITH"},{"data":"Scrawl","floor":23.0,"key":"SMITH"},{"floor":29.0,"key":"RECALL"},{"floor":32.0,"key":"REST"},{"floor":45.0,"key":"REST"},{"floor":49.0,"key":"REST"},{"floor":53.0,"key":"REST"}],"circlet_count":0,"master_deck":["AscendersBane","Strike_P","Defend_P","Eruption+1","Vigilance","FearNoEvil","TalkToTheHand+1","CutThroughFate","WheelKick","Apotheosis+1","FlurryOfBlows","Prostrate","Scrawl+1","Crescendo","Study","Adaptation","Vault","Indignation","Prostrate+1","DevaForm","InnerPeace+1","Scrawl"],"relics":["PureWater","NeowsBlessing","Bronze Scales","Ancient Tea Set","Akabeko","Shuriken","Runic Pyramid","The Courier","Juzu Bracelet","Art of War","Du-Vu Doll","White Beast Statue","Fusion Hammer","Torii","TheAbacus","Old Coin","Omamori","Singing Bowl","CeramicFish","StrikeDummy","PreservedInsect","Anchor","Bag of Preparation","Lantern"],"acts_visited":["Exordium","TheCity","TheBeyond","TheEnding"],"potions_floor_usage":[56],"damage_taken":[{"damage":0.0,"enemies":"Small Slimes","floor":1.0,"turns":1.0},{"damage":0.0,"enemies":"Cultist","floor":4.0,"turns":1.0},{"damage":0.0,"enemies":"Gremlin Nob","floor":6.0,"turns":1.0},{"damage":27.0,"enemies":"3 Sentries","floor":8.0,"turns":6.0},{"damage":1.0,"enemies":"Jaw Worm","floor":12.0,"turns":2.0},{"damage":7.0,"enemies":"Gremlin Nob","floor":14.0,"turns":3.0},{"damage":20.0,"enemies":"The Guardian","floor":16.0,"turns":6.0},{"damage":1.0,"enemies":"Shell Parasite","floor":18.0,"turns":2.0},{"damage":0.0,"enemies":"Spheric Guardian","floor":19.0,"turns":1.0},{"damage":13.0,"enemies":"Shelled Parasite and Fungi","floor":22.0,"turns":3.0},{"damage":8.0,"enemies":"Cultist and Chosen","floor":27.0,"turns":3.0},{"damage":5.0,"enemies":"Slavers","floor":28.0,"turns":4.0},{"damage":0.0,"enemies":"Colosseum Slavers","floor":30.0,"turns":3.0},{"damage":2.0,"enemies":"Colosseum Nobs","floor":30.0,"turns":3.0},{"damage":11.0,"enemies":"Collector","floor":33.0,"turns":4.0},{"damage":0.0,"enemies":"Orb Walker","floor":35.0,"turns":2.0},{"damage":0.0,"enemies":"Mind Bloom Boss Battle","floor":36.0,"turns":5.0},{"damage":0.0,"enemies":"3 Darklings","floor":38.0,"turns":2.0},{"damage":11.0,"enemies":"4 Shapes","floor":39.0,"turns":4.0},{"damage":0.0,"enemies":"Giant Head","floor":40.0,"turns":4.0},{"damage":1.0,"enemies":"Reptomancer","floor":42.0,"turns":3.0},{"damage":0.0,"enemies":"Giant Head","floor":44.0,"turns":3.0},{"damage":0.0,"enemies":"Jaw Worm Horde","floor":46.0,"turns":3.0},{"damage":10.0,"enemies":"Reptomancer","floor":47.0,"turns":3.0},{"damage":23.0,"enemies":"Time Eater","floor":50.0,"turns":5.0},{"damage":13.0,"enemies":"Awakened One","floor":51.0,"turns":5.0},{"damage":0.0,"enemies":"Shield and Spear","floor":55.0,"turns":2.0},{"damage":19,"enemies":"The Heart","floor":56,"turns":6}],"seed_played":"-3307662180036439065","potions_obtained":[{"floor":4.0,"key":"Dexterity Potion"},{"floor":6.0,"key":"BottledMiracle"},{"floor":14.0,"key":"Fire Potion"},{"floor":22.0,"key":"LiquidMemories"},{"floor":30.0,"key":"SpeedPotion"},{"floor":33.0,"key":"PowerPotion"},{"floor":38.0,"key":"Weak Potion"},{"floor":39.0,"key":"SneckoOil"},{"floor":44.0,"key":"GamblersBrew"}],"is_trial":false,"path_per_floor":["M","?","?","M","?","E","R","E","T","R","$","M","?","E","R","B",null,"M","M","T","?","M","R","$","?","T","M","E","R","?","?","R","B",null,"M","?","$","M","M","E","$","E","T","E","R","M","E","?","R","B","B",null,"R","$","E","B",null],"character_chosen":"WATCHER","items_purchased":["Apotheosis","TheAbacus","Omamori","Anchor","Bag of Preparation"],"campfire_rested":4,"item_purchase_floors":[11,37,41,54,54],"current_hp_per_floor":[61,61,61,61,66,66,66,39,39,39,39,38,38,31,31,11,58,57,57,57,57,44,44,44,44,44,36,31,31,29,29,50,39,65,65,65,65,65,54,54,54,53,53,53,73,73,65,65,75,52,39,66,75,75,75,56],"gold":109,"neow_bonus":"THREE_ENEMY_KILL","is_daily":false,"chose_seed":false,"campfire_upgraded":4,"win_rate":0.0,"timestamp":1610722350,"path_taken":["M","?","?","?","?","E","R","E","T","R","$","M","?","E","R","BOSS","M","?","?","?","M","R","$","?","T","M","E","R","?","?","R","BOSS","M","?","$","M","M","E","$","E","T","E","R","M","E","?","R","BOSS","BOSS","R","$","E","BOSS"],"items_purchased_type":["Card","Relic","Relic","Relic","Relic"],"build_version":"2020-12-22","purchased_purges":4,"victory":true,"max_hp_per_floor":[68,68,68,68,73,73,73,73,73,73,73,73,73,73,73,73,73,73,73,73,73,73,73,73,73,73,73,73,73,73,73,73,73,73,73,73,73,73,73,73,73,73,73,73,73,73,75,75,75,75,75,75,75,75,75,75],"card_choices":[{"not_picked":["EmptyFist","BowlingBash"],"picked":"FearNoEvil","floor":1.0},{"not_picked":["Study","FlyingSleeves"],"picked":"TalkToTheHand","floor":4.0},{"not_picked":["Pray","EmptyBody"],"picked":"CutThroughFate","floor":6.0},{"not_picked":["Consecrate","Collect"],"picked":"WheelKick","floor":8.0},{"not_picked":["PathToVictory","Weave"],"picked":"FlurryOfBlows","floor":12.0},{"not_picked":["ThirdEye","CarveReality"],"picked":"Prostrate","floor":14.0},{"not_picked":["DevaForm","Devotion"],"picked":"Scrawl","floor":16.0},{"not_picked":["Evaluate","FlurryOfBlows","WreathOfFlame"],"picked":"SKIP","floor":18.0},{"not_picked":["CrushJoints","ClearTheMind"],"picked":"Crescendo","floor":19.0},{"not_picked":["ThirdEye","BowlingBash","Prostrate"],"picked":"SKIP","floor":22.0},{"not_picked":["Sanctity","JustLucky","Omniscience"],"picked":"SKIP","floor":27.0},{"not_picked":["Perseverance","WheelKick"],"picked":"Study","floor":28.0},{"not_picked":["MasterReality","Establishment"],"picked":"Vault","floor":33.0},{"not_picked":["CrushJoints","ClearTheMind+1","Consecrate"],"picked":"SKIP","floor":35.0},{"not_picked":["PathToVictory","SandsOfTime+1","Evaluate"],"picked":"SKIP","floor":38.0},{"not_picked":["EmptyFist","Halt"],"picked":"Indignation","floor":39.0},{"not_picked":["Vengeance","ReachHeaven","FlyingSleeves"],"picked":"SKIP","floor":40.0},{"not_picked":["SashWhip","CarveReality+1"],"picked":"Prostrate+1","floor":42.0},{"not_picked":["CarveReality","Indignation"],"picked":"DevaForm","floor":44.0},{"not_picked":["Evaluate","CutThroughFate"],"picked":"InnerPeace+1","floor":46.0},{"not_picked":["Judgement","Study+1","WaveOfTheHand"],"picked":"Singing Bowl","floor":47.0},{"not_picked":["Consecrate","Evaluate"],"picked":"Scrawl","floor":55.0}],"player_experience":274311,"relics_obtained":[{"floor":6.0,"key":"Bronze Scales"},{"floor":8.0,"key":"Ancient Tea Set"},{"floor":9.0,"key":"Akabeko"},{"floor":14.0,"key":"Shuriken"},{"floor":20.0,"key":"The Courier"},{"floor":28.0,"key":"Art of War"},{"floor":30.0,"key":"Du-Vu Doll"},{"floor":30.0,"key":"White Beast Statue"},{"floor":36.0,"key":"Torii"},{"floor":40.0,"key":"Old Coin"},{"floor":42.0,"key":"Singing Bowl"},{"floor":43.0,"key":"CeramicFish"},{"floor":44.0,"key":"StrikeDummy"},{"floor":47.0,"key":"PreservedInsect"},{"floor":55.0,"key":"Lantern"}],"event_choices":[{"damage_healed":0.0,"max_hp_gain":0.0,"max_hp_loss":0.0,"gold_gain":0.0,"event_name":"Shining Light","player_choice":"Ignored","floor":2.0,"gold_loss":0.0,"damage_taken":0.0},{"cards_removed":["Defend_P"],"damage_healed":0.0,"max_hp_gain":0.0,"max_hp_loss":0.0,"gold_gain":0.0,"event_name":"Purifier","player_choice":"Purged","floor":3.0,"gold_loss":0.0,"damage_taken":0.0},{"damage_healed":0.0,"max_hp_gain":5.0,"max_hp_loss":0.0,"gold_gain":0.0,"event_name":"Big Fish","player_choice":"Donut","floor":5.0,"gold_loss":0.0,"damage_taken":0.0},{"damage_healed":0.0,"max_hp_gain":0.0,"max_hp_loss":0.0,"gold_gain":0.0,"event_name":"Match and Keep!","player_choice":"0 cards matched","floor":13.0,"gold_loss":0.0,"damage_taken":0.0,"cards_obtained":[]},{"damage_healed":0.0,"max_hp_gain":0.0,"max_hp_loss":0.0,"gold_gain":0.0,"event_name":"Addict","player_choice":"Obtained Relic","floor":21.0,"gold_loss":85.0,"damage_taken":0.0,"relics_obtained":["Juzu Bracelet"]},{"damage_healed":0.0,"max_hp_gain":0.0,"max_hp_loss":0.0,"gold_gain":0.0,"event_name":"The Mausoleum","player_choice":"Ignored","floor":25.0,"gold_loss":0.0,"damage_taken":0.0},{"damage_healed":0.0,"max_hp_gain":0.0,"max_hp_loss":0.0,"gold_gain":0.0,"event_name":"Colosseum","player_choice":"Fight","floor":30.0,"gold_loss":0.0,"damage_taken":0.0},{"damage_healed":0.0,"max_hp_gain":0.0,"max_hp_loss":0.0,"gold_gain":0.0,"event_name":"Colosseum","player_choice":"Fought Nobs","floor":30.0,"gold_loss":0.0,"damage_taken":0.0},{"damage_healed":0.0,"max_hp_gain":0.0,"max_hp_loss":0.0,"gold_gain":0.0,"event_name":"The Library","player_choice":"Read","floor":31.0,"gold_loss":0.0,"damage_taken":0.0,"cards_obtained":["Adaptation"]},{"damage_healed":0.0,"max_hp_gain":0.0,"max_hp_loss":0.0,"gold_gain":0.0,"event_name":"MindBloom","player_choice":"Fight","floor":36.0,"gold_loss":0.0,"damage_taken":0.0},{"cards_removed":["Strike_P"],"damage_healed":0.0,"max_hp_gain":0.0,"max_hp_loss":0.0,"gold_gain":0.0,"event_name":"Purifier","player_choice":"Purged","floor":48.0,"gold_loss":0.0,"damage_taken":0.0}],"is_beta":false,"boss_relics":[{"not_picked":["Calling Bell","Ectoplasm"],"picked":"Runic Pyramid"},{"not_picked":["Velvet Choker","SlaversCollar"],"picked":"Fusion Hammer"}],"items_purged_floors":[24,37,41,54],"is_endless":false,"potions_floor_spawned":[4,6,14,22,28,30,33,35,36,38,39,40,42,44,46,47,55],"ascension_level":20}}