{"host":"krqozg1tp0zpuvz3","time":1610710301,"event":{"mods":["AchievementEnabler","BaseMod","Better Altar","Better Match","Better Note","Better Sensory Stone","Better Third Choice","BetterRewards","Colored Map","DeckTracker","Keyboard Shortcuts","Minty Spire (QoL Compilation)","Permanent Neow","Relic Stats","Shop Mod","StSLib","SuperFastMode"],"gold_per_floor":[113,128,128,78,7,40,40,40,40,68,68,91,91,116,116,245,308,332,332,232,271,296,296,319,319,319,343,368,368,391,405,405,530,530,554,275,298,311,332,332,350,350,350,350,572,635,654,31,31,31],"floor_reached":51,"language":"KOR","playtime":2794,"items_purged":["Strike_P","Defend_P","Defend_P","Regret"],"score":774,"play_id":"354ca321-a6b6-43a3-8397-b06991143221","local_time":"20210115203141","is_ascension_mode":false,"campfire_choices":[{"floor":7,"key":"REST"},{"data":"Adaptation","floor":11,"key":"SMITH"},{"data":"Eruption","floor":13,"key":"SMITH"},{"data":"Indignation","floor":15,"key":"SMITH"},{"data":"Scrawl","floor":23,"key":"SMITH"},{"floor":25,"key":"REST"},{"data":"Vigilance","floor":29,"key":"SMITH"},{"floor":32,"key":"REST"},{"data":"Strike_P","floor":40,"key":"SMITH"},{"floor":42,"key":"REST"},{"floor":44,"key":"REST"},{"floor":49,"key":"REST"}],"circlet_count":0,"master_deck":["Strike_P+1","Strike_P","Defend_P","Defend_P","Eruption+1","Vigilance+1","FlurryOfBlows+1","Meditate","Indignation+1","Adaptation+1","Scrawl+1","ClearTheMind"],"relics":["PureWater","Bag of Preparation","Gambling Chip","Pen Nib","HandDrill","Golden Idol","Nunchaku","Mango","Odd Mushroom","Tiny House","Red Mask","Sundial","Cursed Key","Dream Catcher","Bottled Flame","Peace Pipe","Strange Spoon","Ginger"],"acts_visited":["Exordium","TheCity","TheBeyond"],"potions_floor_usage":[10,10,33,46,46],"damage_taken":[{"damage":0.0,"enemies":"Small Slimes","floor":1.0,"turns":2.0},{"damage":0.0,"enemies":"2 Louse","floor":2.0,"turns":1.0},{"damage":10,"enemies":"Gremlin Nob","floor":6,"turns":3},{"damage":0,"enemies":"The Mushroom Lair","floor":10,"turns":2},{"damage":0,"enemies":"Jaw Worm","floor":12,"turns":2},{"damage":0,"enemies":"3 Louse","floor":14,"turns":2},{"damage":36,"enemies":"The Guardian","floor":16,"turns":9},{"damage":24,"enemies":"Shell Parasite","floor":18,"turns":2},{"damage":0,"enemies":"Masked Bandits","floor":21,"turns":2},{"damage":0,"enemies":"Spheric Guardian","floor":22,"turns":3},{"damage":17,"enemies":"Snecko","floor":24,"turns":4},{"damage":7,"enemies":"Snake Plant","floor":27,"turns":2},{"damage":0,"enemies":"3 Cultists","floor":28,"turns":2},{"damage":0,"enemies":"Chosen and Byrds","floor":30,"turns":2},{"damage":0,"enemies":"Snecko","floor":31,"turns":1},{"damage":6,"enemies":"Automaton","floor":33,"turns":4},{"damage":0,"enemies":"3 Darklings","floor":35,"turns":3},{"damage":0,"enemies":"3 Shapes","floor":37,"turns":1},{"damage":0,"enemies":"3 Darklings","floor":38,"turns":3},{"damage":0,"enemies":"Sphere and 2 Shapes","floor":39,"turns":2},{"damage":0,"enemies":"Writhing Mass","floor":41,"turns":2},{"damage":31,"enemies":"Mind Bloom Boss Battle","floor":46,"turns":3},{"damage":6,"enemies":"4 Shapes","floor":47,"turns":2},{"damage":45,"enemies":"Awakened One","floor":50,"turns":8}],"seed_played":"-6587862314933619462","potions_obtained":[{"floor":1.0,"key":"SneckoOil"},{"floor":2.0,"key":"Ambrosia"},{"floor":6,"key":"Swift Potion"},{"floor":16,"key":"ColorlessPotion"},{"floor":17,"key":"Strength Potion"},{"floor":28,"key":"BottledMiracle"},{"floor":33,"key":"SkillPotion"}],"is_trial":false,"path_per_floor":["M","M","?","?","$","E","R","?","T","?","R","M","R","M","R","B",null,"M","?","$","?","M","R","M","R","T","M","M","R","M","M","R","B",null,"M","$","M","M","M","R","M","R","T","R","?","?","M","$","R","B",null],"character_chosen":"WATCHER","items_purchased":["FlurryOfBlows","Bag of Preparation","Pen Nib","HandDrill","Adaptation","Dream Catcher","ClearTheMind","Strange Spoon","Ginger"],"campfire_rested":6,"item_purchase_floors":[0,0,0,0,5,36,48,48,48],"current_hp_per_floor":[40,40,40,40,40,30,50,50,64,64,64,64,64,64,64,28,86,62,62,62,62,62,62,45,70,70,63,63,63,63,63,86,80,86,86,86,86,86,86,86,86,86,86,86,86,55,49,49,74,29],"gold":31,"neow_bonus":"","is_daily":false,"chose_seed":false,"campfire_upgraded":6,"win_rate":0.0,"timestamp":1610710301,"path_taken":["M","M","?","?","$","E","R","?","T","?","R","M","R","M","R","BOSS","M","?","$","?","?","R","M","R","T","M","M","R","M","M","R","BOSS","M","$","M","M","M","R","M","R","T","R","?","?","M","$","R","BOSS"],"items_purchased_type":["Card","Relic","Relic","Relic","Card","Relic","Card","Relic","Relic"],"build_version":"2020-12-22","purchased_purges":4,"victory":true,"max_hp_per_floor":[72,72,67,67,67,67,67,67,81,81,81,81,81,81,81,81,86,86,86,86,86,86,86,86,86,86,86,86,86,86,86,86,86,86,86,86,86,86,86,86,86,86,86,86,86,86,86,86,86,86],"relic_stats":{"counters":[46,141],"Golden Idol":192,"Pen Nib":[31],"Bag of Preparation":[48],"Ginger":[0],"Cursed Key":1,"Peace Pipe":0,"Strange Spoon":[1],"Nunchaku":[30],"Dream Catcher":3,"Sundial":[48],"Gambling Chip":[60],"HandDrill":[64],"obtain_stats":[{"Tiny House":17,"Melange":0,"Mango":9,"Incense Burner":0,"Bag of Preparation":0,"Ginger":48,"Cursed Key":34,"Nunchaku":6,"Dream Catcher":36,"Sundial":22,"Gambling Chip":0,"HandDrill":0,"Red Mask":21,"Pear":26,"Golden Idol":3,"Astrolabe":17,"Dead Branch":0,"Pen Nib":0,"Frozen Egg 2":24,"Orichalcum":9,"Odd Mushroom":10,"White Beast Statue":9,"Peace Pipe":46,"Strange Spoon":48,"Bottled Flame":43,"PureWater":0},{"Tiny House":29,"Melange":16,"Mango":25,"Incense Burner":16,"Bag of Preparation":22,"Ginger":45,"Cursed Key":38,"Nunchaku":25,"Dream Catcher":39,"Sundial":11,"Gambling Chip":22,"HandDrill":22,"Red Mask":31,"Pear":13,"Golden Idol":24,"Astrolabe":8,"Dead Branch":22,"Pen Nib":22,"Frozen Egg 2":12,"Orichalcum":21,"Odd Mushroom":26,"White Beast Statue":5,"Peace Pipe":44,"Strange Spoon":45,"Bottled Flame":43,"PureWater":0},{"Tiny House":95,"Melange":52,"Mango":80,"Incense Burner":52,"Bag of Preparation":74,"Ginger":133,"Cursed Key":117,"Nunchaku":80,"Dream Catcher":120,"Sundial":35,"Gambling Chip":74,"HandDrill":74,"Red Mask":99,"Pear":43,"Golden Idol":77,"Astrolabe":28,"Dead Branch":74,"Pen Nib":74,"Frozen Egg 2":39,"Orichalcum":73,"Odd Mushroom":82,"White Beast Statue":15,"Peace Pipe":131,"Strange Spoon":133,"Bottled Flame":128,"PureWater":0}]},"card_choices":[{"not_picked":["FlyingSleeves","Halt"],"picked":"Meditate","floor":1.0},{"not_picked":["SashWhip","CarveReality"],"picked":"Indignation","floor":2.0},{"not_picked":["DeceiveReality","EmptyMind","FlyingSleeves"],"picked":"SKIP","floor":6},{"not_picked":["Tantrum","Meditate","Wallop"],"picked":"SKIP","floor":12},{"not_picked":["Devotion","WaveOfTheHand","LikeWater"],"picked":"SKIP","floor":14},{"not_picked":["DevaForm","DeusExMachina"],"picked":"Scrawl","floor":16},{"not_picked":["BowlingBash","ReachHeaven","Meditate"],"picked":"SKIP","floor":18},{"not_picked":["Prostrate","PathToVictory+1","FollowUp"],"picked":"SKIP","floor":22},{"not_picked":["BowlingBash+1","Conclude","Consecrate"],"picked":"SKIP","floor":24},{"not_picked":["JustLucky","FlurryOfBlows+1","FollowUp+1"],"picked":"SKIP","floor":27},{"not_picked":["BowlingBash","ThirdEye","WaveOfTheHand"],"picked":"SKIP","floor":28},{"not_picked":["CrushJoints+1","BattleHymn","Halt+1"],"picked":"SKIP","floor":30},{"not_picked":["DeceiveReality+1","Evaluate","Worship"],"picked":"SKIP","floor":31},{"not_picked":["Worship+1","Tantrum+1","Protect"],"picked":"SKIP","floor":35},{"not_picked":["Protect","CutThroughFate","CrushJoints+1"],"picked":"SKIP","floor":37},{"not_picked":["BowlingBash","WreathOfFlame","Pray+1"],"picked":"SKIP","floor":38},{"not_picked":["FlyingSleeves","SashWhip","Nirvana+1"],"picked":"SKIP","floor":39},{"not_picked":["Crescendo","WaveOfTheHand","Prostrate"],"picked":"SKIP","floor":41},{"not_picked":["Pray","Prostrate+1","Scrawl"],"picked":"SKIP","floor":47}],"player_experience":294256,"relics_obtained":[{"floor":6,"key":"Nunchaku"},{"floor":9,"key":"Mango"},{"floor":10,"key":"Odd Mushroom"},{"floor":21,"key":"Red Mask"},{"floor":26,"key":"Sundial"},{"floor":43,"key":"Bottled Flame"},{"floor":46,"key":"Peace Pipe"}],"event_choices":[{"damage_healed":0.0,"max_hp_gain":0.0,"max_hp_loss":5.0,"gold_gain":0.0,"event_name":"Golden Idol","player_choice":"Lose Max HP","floor":3.0,"gold_loss":0.0,"damage_taken":0.0,"relics_obtained":["Golden Idol"]},{"cards_removed":["Strike_P"],"damage_healed":0.0,"max_hp_gain":0.0,"max_hp_loss":0.0,"gold_gain":0.0,"event_name":"The Cleric","player_choice":"Card Removal","floor":4.0,"gold_loss":50.0,"damage_taken":0.0},{"damage_healed":0,"gold_gain":0,"player_choice":"Left","damage_taken":0,"max_hp_gain":1,"max_hp_loss":0,"event_name":"betterThird:BetterGoop","floor":8,"gold_loss":0},{"damage_healed":0,"gold_gain":0,"player_choice":"Fought Mushrooms","damage_taken":0,"max_hp_gain":0,"max_hp_loss":0,"event_name":"Mushrooms","floor":10,"gold_loss":0},{"cards_removed":["Adaptation"],"damage_healed":0,"gold_gain":0,"player_choice":"Give","damage_taken":0,"max_hp_gain":0,"max_hp_loss":0,"event_name":"betterNote:BetterNote","floor":19,"gold_loss":0,"cards_obtained":["Strike_R"]},{"damage_healed":0,"gold_gain":0,"player_choice":"Fought Bandits","damage_taken":0,"max_hp_gain":0,"max_hp_loss":0,"event_name":"Masked Bandits","floor":21,"gold_loss":0},{"damage_healed":0,"gold_gain":222,"player_choice":"Wore Mask","damage_taken":0,"max_hp_gain":0,"max_hp_loss":0,"event_name":"Tomb of Lord Red Mask","floor":45,"gold_loss":0},{"damage_healed":0,"gold_gain":0,"player_choice":"Fight","damage_taken":0,"max_hp_gain":0,"max_hp_loss":0,"event_name":"MindBloom","floor":46,"gold_loss":0}],"is_beta":false,"boss_relics":[{"not_picked":["Coffee Dripper","Ectoplasm"],"picked":"Tiny House"},{"not_picked":["Fusion Hammer","Snecko Eye"],"picked":"Cursed Key"}],"items_purged_floors":[0,20,36,48],"is_endless":false,"potions_floor_spawned":[1,2,6,16,18,27,28,33,37,39,41],"ascension_level":0}}