{"host":"jsotgj2qozl5dtu2","time":1610679180,"event":{"mods":["BaseMod","Minty Spire (QoL Compilation)","StSLib","The Marked"],"gold_per_floor":[111,111,130,147,159,159,175,195,195,214,245,245,245,280,280,384,384,404,144,156,156,174,174,273,273,273,273,284,316,316,333,333,333,333],"floor_reached":33,"language":"ENG","playtime":1698,"items_purged":["theMarked:Strike"],"score":304,"play_id":"4224bc4e-36be-4429-ad4e-edb0b1534b47","local_time":"20210114185300","is_ascension_mode":false,"campfire_choices":[{"data":"theMarked:TwofoldDefense","floor":6,"key":"SMITH"},{"data":"theMarked:SelfDefenseTraining","floor":13,"key":"SMITH"},{"data":"theMarked:TunnelVision","floor":15,"key":"SMITH"},{"data":"theMarked:Improvise","floor":23,"key":"SMITH"},{"data":"theMarked:Generate","floor":27,"key":"SMITH"},{"data":"theMarked:ReduceFriction","floor":30,"key":"SMITH"},{"data":"theMarked:TakeOffHeels","floor":32,"key":"SMITH"}],"circlet_count":0,"master_deck":["theMarked:Strike","theMarked:Strike","theMarked:Strike","theMarked:Strike","theMarked:Defend","theMarked:Defend","theMarked:Defend","theMarked:Defend","theMarked:SoldierOfQuellstein+1","theMarked:ChainLightning","theMarked:TwofoldDefense+1","theMarked:ReduceFriction+1","theMarked:Improvise+1","theMarked:PowerFlow","theMarked:SelfDefenseTraining+1","theMarked:TwofoldDefense","theMarked:TunnelVision+1","theMarked:TakeOffHeels+1","theMarked:Generate+1","theMarked:TakeOffHeels","theMarked:TakeOffHeels","theMarked:ResourceFulStrike+1"],"relics":["theMarked:ArtifactOfAir","Bottled Flame","Vajra","Pocketwatch","Coffee Dripper","DollysMirror","Singing Bowl","Calipers","Molten Egg 2"],"acts_visited":["Exordium","TheCity"],"potions_floor_usage":[14,22,29,29,29,31],"damage_taken":[{"damage":5,"enemies":"2 Louse","floor":1,"turns":3},{"damage":0,"enemies":"Cultist","floor":3,"turns":3},{"damage":0,"enemies":"Small Slimes","floor":4,"turns":3},{"damage":2,"enemies":"2 Fungi Beasts","floor":5,"turns":3},{"damage":1,"enemies":"Lots of Slimes","floor":7,"turns":3},{"damage":7,"enemies":"Exordium Wildlife","floor":8,"turns":6},{"damage":5,"enemies":"Exordium Thugs","floor":10,"turns":4},{"damage":18,"enemies":"Gremlin Nob","floor":11,"turns":4},{"damage":6,"enemies":"3 Sentries","floor":14,"turns":7},{"damage":1,"enemies":"Hexaghost","floor":16,"turns":8},{"damage":5,"enemies":"Chosen","floor":18,"turns":3},{"damage":18,"enemies":"2 Thieves","floor":20,"turns":4},{"damage":27,"enemies":"Cultist and Chosen","floor":22,"turns":6},{"damage":5,"enemies":"Sentry and Sphere","floor":28,"turns":6},{"damage":0,"enemies":"Gremlin Leader","floor":29,"turns":5},{"damage":8,"enemies":"Snake Plant","floor":31,"turns":3},{"damage":40,"enemies":"Automaton","floor":33,"turns":6}],"seed_played":"2755435068329977314","potions_obtained":[{"floor":3,"key":"PowerPotion"},{"floor":5,"key":"theMarked:ChargePotion"},{"floor":16,"key":"BlessingOfTheForge"},{"floor":18,"key":"Weak Potion"},{"floor":20,"key":"EntropicBrew"},{"floor":31,"key":"LiquidBronze"}],"is_trial":false,"path_per_floor":["M","?","M","M","M","R","M","M","T","M","E","?","R","E","R","B",null,"M","$","M","?","M","R","?","T","T","R","M","E","R","M","R","B"],"character_chosen":"THE_DEFAULT","items_purchased":["theMarked:Generate","DollysMirror"],"campfire_rested":0,"item_purchase_floors":[19,19],"current_hp_per_floor":[72,72,72,72,70,70,69,62,62,57,39,39,39,33,33,32,77,72,72,54,54,27,27,27,27,27,27,24,24,24,18,18,0,0],"gold":333,"neow_bonus":"TEN_PERCENT_HP_BONUS","is_daily":false,"chose_seed":false,"campfire_upgraded":7,"win_rate":0.0,"timestamp":1610679180,"path_taken":["M","?","M","M","?","R","M","M","T","M","E","?","R","E","R","BOSS","M","$","M","?","?","R","?","?","T","R","M","E","R","M","R","BOSS"],"items_purchased_type":["Card","Relic"],"build_version":"2020-12-22","purchased_purges":1,"victory":false,"max_hp_per_floor":[77,77,77,77,77,77,77,77,77,77,77,77,77,77,77,77,77,77,77,77,77,77,77,77,77,77,77,79,79,79,81,81,81,81],"card_choices":[{"not_picked":["theMarked:Aftermath","theMarked:ContemptForTheProud"],"picked":"theMarked:ChainLightning","floor":1},{"not_picked":["theMarked:EmpowerWeapon","theMarked:Overthink"],"picked":"theMarked:TwofoldDefense","floor":3},{"not_picked":["theMarked:ChainLightning","theMarked:ContemptForTheProud"],"picked":"theMarked:ReduceFriction","floor":4},{"not_picked":["theMarked:Frustration","theMarked:WastefulAttack","theMarked:AttractMetal"],"picked":"SKIP","floor":5},{"not_picked":["theMarked:Parkour","theMarked:WastefulAttack"],"picked":"theMarked:Improvise","floor":7},{"not_picked":["theMarked:Aftermath","theMarked:WastefulDefense"],"picked":"theMarked:PowerFlow","floor":8},{"not_picked":["theMarked:ResourceFulStrike","theMarked:Parkour"],"picked":"theMarked:SelfDefenseTraining","floor":10},{"not_picked":["theMarked:WardOff","theMarked:Improvise"],"picked":"theMarked:TwofoldDefense","floor":11},{"not_picked":["theMarked:BanishingStrike","theMarked:ElectricStrings"],"picked":"theMarked:TunnelVision","floor":14},{"not_picked":["theMarked:UnarmedFury","theMarked:Defy"],"picked":"theMarked:TakeOffHeels","floor":16},{"not_picked":["theMarked:TwofoldDefense","theMarked:HeightenedSenses","theMarked:ChainLightning"],"picked":"SKIP","floor":18},{"not_picked":["theMarked:Seal","theMarked:Static","theMarked:Frustration+1"],"picked":"SKIP","floor":20},{"not_picked":["theMarked:HeightenedSenses+1","theMarked:WastefulAttack","theMarked:EmpowerWeapon+1"],"picked":"SKIP","floor":22},{"not_picked":["theMarked:KeepCalmAndFightOn","theMarked:SwordAndMagic","theMarked:GodGivenPower"],"picked":"Singing Bowl","floor":28},{"not_picked":["theMarked:ChainLightning+1","theMarked:LightningStrikesTwice+1"],"picked":"theMarked:ResourceFulStrike+1","floor":29},{"not_picked":["theMarked:Aftermath+1","theMarked:Frustration+1","theMarked:RepellingDischarge"],"picked":"Singing Bowl","floor":31}],"player_experience":456610,"relics_obtained":[{"floor":9,"key":"Bottled Flame"},{"floor":11,"key":"Vajra"},{"floor":14,"key":"Pocketwatch"},{"floor":25,"key":"Singing Bowl"},{"floor":26,"key":"Calipers"},{"floor":29,"key":"Molten Egg 2"}],"event_choices":[{"damage_healed":0,"gold_gain":0,"player_choice":"Upgraded","damage_taken":0,"max_hp_gain":0,"max_hp_loss":0,"event_name":"Upgrade Shrine","floor":2,"gold_loss":0,"cards_upgraded":["theMarked:SoldierOfQuellstein"]},{"damage_healed":0,"gold_gain":0,"player_choice":"Ignored","damage_taken":0,"max_hp_gain":0,"max_hp_loss":0,"event_name":"Liars Game","floor":12,"gold_loss":0},{"damage_healed":0,"gold_gain":0,"player_choice":"Copied","damage_taken":0,"max_hp_gain":0,"max_hp_loss":0,"event_name":"Duplicator","floor":21,"gold_loss":0,"cards_obtained":["theMarked:TakeOffHeels"]},{"damage_healed":0,"gold_gain":99,"player_choice":"Stole From Cult","damage_taken":0,"max_hp_gain":0,"max_hp_loss":0,"event_name":"Nest","floor":24,"gold_loss":0}],"is_beta":false,"boss_relics":[{"not_picked":["SacredBark","Busted Crown"],"picked":"Coffee Dripper"}],"items_purged_floors":[19],"is_endless":false,"potions_floor_spawned":[3,5,16,18,20,31],"killed_by":"Automaton","ascension_level":0}}