{"host":"j4g6ia6asvpyu2b0","time":1610711164,"event":{"mods":["BaseMod","Colored Map","Minty Spire (QoL Compilation)","Permanent Neow","Quick Restart","Relic Stats","StSLib","Unceasing Turn Reminder"],"gold_per_floor":[116,191,211,211,228,228,262,262,262,294,294,307,332,352,352,451,451,391,391],"floor_reached":18,"language":"ENG","playtime":477,"items_purged":[],"score":288,"play_id":"7849668f-236c-4028-8bb1-d5eaf18635b8","local_time":"20210115044604","is_ascension_mode":true,"campfire_choices":[{"data":"Barricade","floor":6.0,"key":"SMITH"},{"data":"Anger","floor":8.0,"key":"SMITH"},{"floor":11.0,"key":"REST"},{"data":"Inflame","floor":15.0,"key":"SMITH"}],"circlet_count":0,"master_deck":["AscendersBane","Strike_R","Strike_R","Strike_R","Strike_R","Strike_R","Defend_R","Defend_R","Defend_R","Defend_R","Bash","Master of Strategy","Anger+1","Clothesline","Barricade+1","Twin Strike","Metallicize","Evolve","Inflame+1","Sword Boomerang","Offering"],"relics":["Burning Blood","Peace Pipe","WingedGreaves","Ginger","Akabeko","Philosopher\u0027s Stone"],"acts_visited":["Exordium","TheCity"],"potions_floor_usage":[18],"damage_taken":[{"damage":5.0,"enemies":"2 Louse","floor":1.0,"turns":3.0},{"damage":2.0,"enemies":"Cultist","floor":3.0,"turns":3.0},{"damage":1.0,"enemies":"Small Slimes","floor":5.0,"turns":3.0},{"damage":43.0,"enemies":"Lagavulin","floor":7.0,"turns":9.0},{"damage":31.0,"enemies":"Gremlin Nob","floor":10.0,"turns":4.0},{"damage":4.0,"enemies":"3 Louse","floor":12.0,"turns":4.0},{"damage":21.0,"enemies":"3 Sentries","floor":13.0,"turns":7.0},{"damage":7.0,"enemies":"Blue Slaver","floor":14.0,"turns":3.0},{"damage":16.0,"enemies":"Hexaghost","floor":16.0,"turns":9.0},{"damage":24,"enemies":"2 Thieves","floor":18,"turns":4}],"seed_played":"7510280878347747952","potions_obtained":[{"floor":7.0,"key":"SneckoOil"},{"floor":10.0,"key":"LiquidBronze"},{"floor":12.0,"key":"Explosive Potion"},{"floor":13.0,"key":"Block Potion"}],"is_trial":false,"path_per_floor":["M","?","M","?","M","R","E","R","T","E","R","M","E","M","R","B",null,"M"],"character_chosen":"IRONCLAD","items_purchased":[],"campfire_rested":1,"item_purchase_floors":[],"current_hp_per_floor":[73,65,69,69,74,74,37,37,37,12,36,38,23,22,22,12,63,39,39],"gold":391,"neow_bonus":"RANDOM_COLORLESS_2","is_daily":false,"chose_seed":false,"campfire_upgraded":3,"win_rate":0.0,"timestamp":1610711164,"path_taken":["M","?","?","?","M","R","E","R","T","E","R","M","E","M","R","BOSS","M"],"items_purchased_type":[],"build_version":"2020-12-22","purchased_purges":0,"victory":false,"max_hp_per_floor":[80,80,80,80,80,80,80,80,80,80,80,80,80,80,80,80,80,80,80],"relic_stats":{"Peace Pipe":0,"counters":[10,49],"Ginger":[3],"obtain_stats":[{"Peace Pipe":7,"Philosopher\u0027s Stone":17,"WingedGreaves":9,"Ginger":10,"Burning Blood":0,"Akabeko":13},{"Peace Pipe":4,"Philosopher\u0027s Stone":9,"WingedGreaves":4,"Ginger":5,"Burning Blood":0,"Akabeko":7},{"Peace Pipe":18,"Philosopher\u0027s Stone":45,"WingedGreaves":18,"Ginger":22,"Burning Blood":0,"Akabeko":33}],"Burning Blood":54},"card_choices":[{"not_picked":["The Bomb","Panache"],"picked":"Master of Strategy","floor":0.0},{"not_picked":["Sword Boomerang","Armaments"],"picked":"Anger","floor":1.0},{"not_picked":["Entrench","Pommel Strike"],"picked":"Clothesline","floor":3.0},{"not_picked":["Bloodletting","Inflame"],"picked":"Barricade","floor":5.0},{"not_picked":["Havoc","Rupture"],"picked":"Twin Strike","floor":7.0},{"not_picked":["True Grit","Clash"],"picked":"Metallicize","floor":10.0},{"not_picked":["Warcry","Battle Trance"],"picked":"Evolve","floor":12.0},{"not_picked":["Flex","Dark Embrace"],"picked":"Inflame","floor":13.0},{"not_picked":["Cleave","Second Wind"],"picked":"Sword Boomerang","floor":14.0},{"not_picked":["Impervious","Double Tap"],"picked":"Offering","floor":16.0}],"player_experience":851979,"relics_obtained":[{"floor":7.0,"key":"Peace Pipe"},{"floor":9.0,"key":"WingedGreaves"},{"floor":10.0,"key":"Ginger"},{"floor":13.0,"key":"Akabeko"}],"event_choices":[{"damage_healed":0.0,"max_hp_gain":0.0,"max_hp_loss":0.0,"gold_gain":75.0,"event_name":"FaceTrader","player_choice":"Touch","floor":2.0,"gold_loss":0.0,"damage_taken":8.0},{"cards_removed":["Regret"],"damage_healed":0.0,"max_hp_gain":0.0,"max_hp_loss":0.0,"gold_gain":0.0,"event_name":"Purifier","player_choice":"Purged","floor":4.0,"gold_loss":0.0,"damage_taken":0.0}],"is_beta":false,"boss_relics":[{"not_picked":["Runic Dome","Calling Bell"],"picked":"Philosopher\u0027s Stone"}],"items_purged_floors":[],"is_endless":false,"potions_floor_spawned":[7,10,12,13],"killed_by":"2 Thieves","ascension_level":12}}