{"host":"vje6bedaj0fhalec","time":1610730534,"event":{"mods":["Act Like it!","BaseMod","Minty Spire (QoL Compilation)","Quick Restart","StSLib"],"gold_per_floor":[115,115,290,302,42,75,75,91,117,133,164,176,202,164,176,289,301,301,301,301,301,226,226,226,226,226,226,226,226,0,0,0,0,0],"floor_reached":33,"language":"ZHS","playtime":2200,"items_purged":["Doubt"],"score":384,"play_id":"bfc88c1d-4bee-4c00-b3dd-969e792fccec","local_time":"20210116010854","is_ascension_mode":true,"campfire_choices":[{"data":"Apotheosis","floor":7.0,"key":"SMITH"},{"data":"Loop","floor":15,"key":"SMITH"},{"data":"Zap","floor":24,"key":"SMITH"},{"data":"Capacitor","floor":32,"key":"SMITH"}],"circlet_count":0,"master_deck":["Strike_B","Strike_B","Defend_B","Defend_B","Zap+1","Dualcast","Loop+1","Conserve Battery","Apotheosis+1","Glacier","Fusion","Compile Driver","Chill","Force Field","Electrodynamics","Turbo","Self Repair","Aggregate+1","Aggregate","Hologram","Reboot","Capacitor+1"],"relics":["Cracked Core","NeowsBlessing","Nunchaku","Orichalcum","MawBank","Ectoplasm","Juzu Bracelet","Lantern","Bronze Scales","Toxic Egg 2"],"acts_visited":["Exordium","TheCity"],"potions_floor_usage":[23],"damage_taken":[{"damage":0.0,"enemies":"Jaw Worm","floor":1.0,"turns":1.0},{"damage":0.0,"enemies":"2 Louse","floor":4.0,"turns":1.0},{"damage":0.0,"enemies":"Lagavulin","floor":6.0,"turns":1.0},{"damage":8.0,"enemies":"Small Slimes","floor":8.0,"turns":3.0},{"damage":6.0,"enemies":"Blue Slaver","floor":10.0,"turns":3.0},{"damage":12.0,"enemies":"Gremlin Nob","floor":11.0,"turns":3.0},{"damage":7.0,"enemies":"3 Louse","floor":13.0,"turns":4.0},{"damage":4,"enemies":"The Guardian","floor":16,"turns":14},{"damage":8,"enemies":"Shell Parasite","floor":18,"turns":7},{"damage":4,"enemies":"Chosen","floor":19,"turns":7},{"damage":6,"enemies":"Book of Stabbing","floor":23,"turns":8},{"damage":3,"enemies":"Snecko","floor":25,"turns":7},{"damage":6,"enemies":"3 Cultists","floor":28,"turns":5},{"damage":12,"enemies":"Snake Plant","floor":29,"turns":4},{"damage":47,"enemies":"Gremlin Leader","floor":31,"turns":7},{"damage":34,"enemies":"Collector","floor":33,"turns":10}],"seed_played":"-453724061098079707","potions_obtained":[{"floor":8.0,"key":"ColorlessPotion"},{"floor":10.0,"key":"DistilledChaos"},{"floor":11.0,"key":"FairyPotion"},{"floor":13.0,"key":"ColorlessPotion"},{"floor":18,"key":"FearPotion"},{"floor":19,"key":"FocusPotion"},{"floor":23,"key":"EssenceOfDarkness"}],"is_trial":false,"path_per_floor":["M","?","?","M","$","E","R","M","T","M","E","?","M","?","R","B",null,"M","M","?","T","?","E","R","M","T","?","M","M","$","E","R","B"],"character_chosen":"DEFECT","items_purchased":["Apotheosis","Reboot","Capacitor"],"campfire_rested":0,"item_purchase_floors":[5,30,30],"current_hp_per_floor":[75,75,75,75,75,75,75,67,67,61,49,42,35,35,35,31,75,67,63,63,63,63,67,67,71,71,71,75,73,73,36,36,2,2],"gold":0,"neow_bonus":"THREE_ENEMY_KILL","is_daily":false,"chose_seed":false,"campfire_upgraded":4,"win_rate":0.0,"timestamp":1610730534,"path_taken":["M","?","?","M","?","E","R","M","T","M","E","?","?","?","R","BOSS","M","M","?","?","?","E","R","M","T","?","M","M","$","E","R","BOSS"],"items_purchased_type":["Card","Card","Card"],"build_version":"2020-12-22","purchased_purges":1,"victory":false,"max_hp_per_floor":[75,75,75,75,75,75,75,75,75,75,75,75,75,75,75,75,75,75,75,75,75,75,75,75,75,75,75,75,75,75,75,75,75,75],"card_choices":[{"not_picked":["Compile Driver","Rip and Tear"],"picked":"Loop","floor":1.0},{"not_picked":["Steam Power","Doom and Gloom"],"picked":"Conserve Battery","floor":4.0},{"not_picked":["Fission","Rip and Tear"],"picked":"Glacier","floor":6.0},{"not_picked":["Reprogram","Stack"],"picked":"Fusion","floor":8.0},{"not_picked":["Redo","Barrage"],"picked":"Compile Driver","floor":10.0},{"not_picked":["Darkness","Meteor Strike"],"picked":"Chill","floor":11.0},{"not_picked":["Cold Snap","Consume"],"picked":"Force Field","floor":13.0},{"not_picked":["Machine Learning","Echo Form"],"picked":"Electrodynamics","floor":16},{"not_picked":["Barrage","Gash"],"picked":"Turbo","floor":18},{"not_picked":["Ball Lightning","Go for the Eyes+1"],"picked":"Self Repair","floor":19},{"not_picked":["Leap","Force Field+1"],"picked":"Aggregate+1","floor":23},{"not_picked":["Steam+1","Melter"],"picked":"Aggregate","floor":25},{"not_picked":["Doom and Gloom+1","Compile Driver"],"picked":"Hologram","floor":28},{"not_picked":["Gash","Lockon","Rebound"],"picked":"SKIP","floor":29},{"not_picked":["Streamline","Melter","Cold Snap+1"],"picked":"SKIP","floor":31}],"player_experience":121397,"relics_obtained":[{"floor":6.0,"key":"Nunchaku"},{"floor":9.0,"key":"Orichalcum"},{"floor":11.0,"key":"MawBank"},{"floor":21,"key":"Juzu Bracelet"},{"floor":23,"key":"Lantern"},{"floor":26,"key":"Bronze Scales"},{"floor":31,"key":"Toxic Egg 2"}],"event_choices":[{"cards_removed":["Defend_B"],"damage_healed":0.0,"max_hp_gain":0.0,"max_hp_loss":0.0,"gold_gain":0.0,"event_name":"Living Wall","player_choice":"Forget","floor":2.0,"gold_loss":0.0,"damage_taken":0.0},{"damage_healed":0.0,"max_hp_gain":0.0,"max_hp_loss":0.0,"gold_gain":175.0,"event_name":"Liars Game","player_choice":"AGREE","floor":3.0,"gold_loss":0.0,"damage_taken":0.0,"cards_obtained":["Doubt"]},{"cards_removed":["Strike_B"],"damage_healed":0.0,"max_hp_gain":0.0,"max_hp_loss":0.0,"gold_gain":0.0,"event_name":"Golden Wing","player_choice":"Card Removal","floor":12.0,"gold_loss":0.0,"damage_taken":7.0},{"cards_removed":["Strike_B"],"damage_healed":0.0,"max_hp_gain":0.0,"max_hp_loss":0.0,"gold_gain":0.0,"event_name":"The Cleric","player_choice":"Card Removal","floor":14.0,"gold_loss":50.0,"damage_taken":0.0},{"damage_healed":0,"gold_gain":99,"player_choice":"Stole From Cult","damage_taken":0,"max_hp_gain":0,"max_hp_loss":0,"event_name":"Nest","floor":20,"gold_loss":0},{"cards_removed":["Defend_B"],"damage_healed":0,"gold_gain":0,"player_choice":"Gave Gold","damage_taken":0,"max_hp_gain":0,"max_hp_loss":0,"event_name":"Beggar","floor":22,"gold_loss":75},{"damage_healed":0,"gold_gain":0,"player_choice":"Ignored","damage_taken":0,"max_hp_gain":0,"max_hp_loss":0,"event_name":"Vampires","floor":27,"gold_loss":0}],"is_beta":false,"boss_relics":[{"not_picked":["Black Star","Cursed Key"],"picked":"Ectoplasm"}],"items_purged_floors":[5],"is_endless":false,"potions_floor_spawned":[8,10,11,13,18,19,23,31],"killed_by":"Collector","ascension_level":4}}