{"host":"tqat8h9oealf2qov","time":1610722873,"event":{"mods":["Aspiration","BaseMod","Downfall","Hermit","Minty Spire (QoL Compilation)","Quick Restart","READ ME - Guardian Mod","Remilia£®¿Ÿ√◊¿Ú—«£©","Replay The Spire","StSLib","The Cursed","Youmu£®ªÍ∆«—˝√Œ£©"],"gold_per_floor":[99,199,211,240,3,3,3,0,26,26,35,35,50,76,95,95,95,95],"floor_reached":16,"language":"ZHS","playtime":631,"items_purged":[],"score":100,"play_id":"04272031-a099-40d4-8b7e-575a752d0154","local_time":"20210115230113","is_ascension_mode":false,"campfire_choices":[{"floor":1.0,"key":"DIG"},{"data":"Slimebound:CorrosiveSpit","floor":10,"key":"SMITH"},{"data":"Slimebound:SlimeTap","floor":12,"key":"SMITH"}],"circlet_count":0,"master_deck":["Slimebound:Strike_Slimebound","Slimebound:Strike_Slimebound","Slimebound:Tackle","Slimebound:Defend_Slimebound","Slimebound:Defend_Slimebound","Slimebound:Defend_Slimebound","Slimebound:Split","Slimebound:CorrosiveSpit+1","Slimebound:MinionMaster","Slimebound:DivideAndConquer","Slimebound:SlimeTap+1","Slimebound:SplitLeeching","Slimebound:SlimeSpikes","Slimebound:SplitLeeching"],"relics":["Slimebound:AbsorbEndCombat","CeramicFish","Slimebound:AggressiveSlimeRelic","Ice Cream"],"acts_visited":["Exordium"],"potions_floor_usage":[14],"damage_taken":[{"damage":21.0,"enemies":"Jaw Worm","floor":3.0,"turns":3.0},{"damage":11.0,"enemies":"Cultist","floor":4.0,"turns":3.0},{"damage":12.0,"enemies":"downfall:FleeingMerchant","floor":5.0,"turns":4.0},{"damage":18,"enemies":"downfall:FleeingMerchant","floor":8,"turns":4},{"damage":13,"enemies":"2 Louse","floor":9,"turns":2},{"damage":27,"enemies":"Exordium Wildlife","floor":13,"turns":4},{"damage":27,"enemies":"Gremlin Nob","floor":14,"turns":2},{"damage":25,"enemies":"2 Fungi Beasts","floor":15,"turns":3},{"damage":27,"enemies":"downfall:Silent","floor":16,"turns":2}],"seed_played":"-1494578684328646283","potions_obtained":[{"floor":9,"key":"SkillPotion"},{"floor":15,"key":"Explosive Potion"}],"is_trial":false,"path_per_floor":["R","?","M","M","$","?","T","$","M","R","?","R","M","E","M","B"],"character_chosen":"SLIMEBOUND","items_purchased":["Slimebound:SlimeTap","Slimebound:AggressiveSlimeRelic"],"campfire_rested":0,"item_purchase_floors":[5,5],"current_hp_per_floor":[60,60,47,48,48,48,48,46,45,45,45,45,38,27,14,0,0,0],"gold":95,"neow_bonus":"ONE_RANDOM_RARE_CARD","is_daily":false,"chose_seed":false,"campfire_upgraded":2,"win_rate":0.0,"timestamp":1610722873,"path_taken":["R","?","?","M","$","?","T","?","M","R","?","R","?","E","M","BOSS"],"items_purchased_type":["Card","Relic"],"build_version":"2020-12-22","purchased_purges":0,"victory":false,"max_hp_per_floor":[60,60,60,60,60,60,60,60,60,60,60,60,60,60,60,60,60,60],"card_choices":[{"not_picked":["Slimebound:GrowthPunch","Slimebound:RainOfGoop","Slimebound:SlimeSpikes"],"picked":"SKIP","floor":3.0},{"not_picked":["Slimebound:RollThrough","Slimebound:MegaLick"],"picked":"Slimebound:DivideAndConquer","floor":4.0},{"not_picked":["Slimebound:DuplicatedForm","Slimebound:ForwardTackle","Slimebound:GoopSpray"],"picked":"SKIP","floor":5.0},{"not_picked":["Slimebound:FinishingTackle","Slimebound:SpikyOuterGoop","Slimebound:SlimeSpikes"],"picked":"SKIP","floor":8},{"not_picked":["Slimebound:DivideAndConquer","Slimebound:FormOfPuddle"],"picked":"Slimebound:SplitLeeching","floor":9},{"not_picked":["Slimebound:HauntingLick","Slimebound:ItLooksTasty","Slimebound:SlimeSpikes"],"picked":"SKIP","floor":13},{"not_picked":["Slimebound:FinishingTackle","Slimebound:DivideAndConquer","Slimebound:Grow"],"picked":"SKIP","floor":14},{"not_picked":["Slimebound:RollThrough","Slimebound:SpikyOuterGoop"],"picked":"Slimebound:SplitLeeching","floor":15}],"player_experience":318954,"relics_obtained":[{"floor":1.0,"key":"CeramicFish"},{"floor":14,"key":"Ice Cream"}],"event_choices":[{"damage_healed":0,"gold_gain":0,"cards_transformed":["Slimebound:Defend_Slimebound"],"player_choice":"Transformed","damage_taken":0,"max_hp_gain":0,"max_hp_loss":0,"event_name":"Transmorgrifier","floor":11,"gold_loss":0,"cards_obtained":["Slimebound:SlimeSpikes"]}],"is_beta":false,"boss_relics":[],"items_purged_floors":[],"is_endless":false,"potions_floor_spawned":[9,15],"killed_by":"downfall:Silent","ascension_level":0}}