{"host":"dqv8oo4v229c1o2l","time":1610753197,"event":{"mods":["AchievementEnabler","BaseMod","Colored Map","Colored Powertips","Minty Spire (QoL Compilation)","Quick Restart","Rare Cards Sparkle","StSLib","Synergy Search"],"gold_per_floor":[112,112,128,128,145,173,173,207,232,243,343,356,74,92,92,92,92],"floor_reached":16,"language":"ENG","playtime":633,"items_purged":["Strike_R"],"score":203,"play_id":"ae455180-98ee-42a7-87a8-1439c3d39d73","local_time":"20210115152637","is_ascension_mode":true,"campfire_choices":[{"data":"Armaments","floor":15,"key":"SMITH"}],"circlet_count":0,"master_deck":["Strike_R","Strike_R+1","Strike_R","Strike_R+1","Defend_R","Defend_R","Defend_R","Defend_R","Bash","Heavy Blade","Shockwave","Bash","Body Slam","Pommel Strike","Heavy Blade","Inflame","Immolate","Body Slam","Armaments+1"],"relics":["Burning Blood","Omamori","Potion Belt","MealTicket","PreservedInsect"],"acts_visited":["Exordium"],"potions_floor_usage":[16,16],"damage_taken":[{"damage":3,"enemies":"Jaw Worm","floor":1,"turns":4},{"damage":10,"enemies":"Small Slimes","floor":3,"turns":3},{"damage":4,"enemies":"Cultist","floor":5,"turns":3},{"damage":24,"enemies":"Gremlin Nob","floor":6,"turns":4},{"damage":38,"enemies":"3 Sentries","floor":8,"turns":7},{"damage":10,"enemies":"Exordium Wildlife","floor":10,"turns":3},{"damage":4,"enemies":"3 Louse","floor":12,"turns":4},{"damage":12,"enemies":"Lots of Slimes","floor":14,"turns":2}],"seed_played":"-6401822689913561536","potions_obtained":[{"floor":1,"key":"Block Potion"},{"floor":3,"key":"FearPotion"},{"floor":10,"key":"ColorlessPotion"}],"is_trial":false,"path_per_floor":["M","?","M","?","M","E","?","E","T","M","?","M","$","M","R","B"],"character_chosen":"IRONCLAD","items_purchased":["Body Slam","PreservedInsect"],"campfire_rested":0,"item_purchase_floors":[13,13],"current_hp_per_floor":[80,64,60,60,62,44,70,38,38,34,34,36,51,45,45,0,0],"gold":92,"neow_bonus":"THREE_CARDS","is_daily":false,"chose_seed":false,"campfire_upgraded":1,"win_rate":0.0,"timestamp":1610753197,"path_taken":["M","?","M","?","?","E","?","E","T","M","?","?","$","M","R","BOSS"],"items_purchased_type":["Card","Relic"],"build_version":"2020-12-22","purchased_purges":1,"victory":false,"max_hp_per_floor":[80,80,80,80,80,80,80,80,80,80,80,80,80,80,80,80,80],"card_choices":[{"not_picked":["Combust","Armaments"],"picked":"Heavy Blade","floor":0},{"not_picked":["Disarm","Metallicize","Combust"],"picked":"SKIP","floor":1},{"not_picked":["Fire Breathing","Bloodletting","Anger"],"picked":"SKIP","floor":3},{"not_picked":["Feel No Pain","Sword Boomerang"],"picked":"Pommel Strike","floor":5},{"not_picked":["Pommel Strike","Headbutt"],"picked":"Heavy Blade","floor":6},{"not_picked":["Iron Wave","Clash","Sword Boomerang"],"picked":"SKIP","floor":8},{"not_picked":["Thunderclap","Headbutt"],"picked":"Inflame","floor":10},{"not_picked":["Pommel Strike","Rampage"],"picked":"Immolate","floor":12},{"not_picked":["Infernal Blade","Wild Strike"],"picked":"Armaments","floor":14}],"player_experience":281444,"relics_obtained":[{"floor":6,"key":"Omamori"},{"floor":8,"key":"Potion Belt"},{"floor":9,"key":"MealTicket"}],"event_choices":[{"damage_healed":0,"gold_gain":0,"player_choice":"Entered Light","damage_taken":16,"max_hp_gain":0,"max_hp_loss":0,"event_name":"Shining Light","floor":2,"gold_loss":0,"cards_upgraded":["Strike_R","Strike_R"]},{"damage_healed":0,"gold_gain":0,"player_choice":"3 cards matched","damage_taken":0,"max_hp_gain":0,"max_hp_loss":0,"event_name":"Match and Keep!","floor":4,"gold_loss":0,"cards_obtained":["Shockwave","Bash","Body Slam"]},{"damage_healed":26,"gold_gain":0,"player_choice":"Banana","damage_taken":0,"max_hp_gain":0,"max_hp_loss":0,"event_name":"Big Fish","floor":7,"gold_loss":0},{"damage_healed":0,"gold_gain":100,"player_choice":"Pray","damage_taken":0,"max_hp_gain":0,"max_hp_loss":0,"event_name":"Golden Shrine","floor":11,"gold_loss":0}],"is_beta":false,"boss_relics":[],"items_purged_floors":[13],"is_endless":false,"potions_floor_spawned":[1,3,10],"killed_by":"The Guardian","ascension_level":5}}