{"host":"5waj3nq586zfb9qv","time":1610721689,"event":{"mods":["BaseMod","Better Vampires","Colored Map","Colored Powertips","GifTheSpireLib","Highlight Path","Marisa£®ÏF”Í°°ƒß¿Ì…≥£©","Minty Spire (QoL Compilation)","Quick Restart","Shop Mod","StSLib","SuperFastMode","The Servant 0.9.4","Waifu the Spire"],"gold_per_floor":[110,121,196,371,371,402,402,414,414,414,414,21,61,20,20,146,146,171,40,40,56,56,92,111,130,130,154,30,30,69,82,82,213,213,232,232,232,248,18,18,358,358,358,358,45,78,102,115,115,115],"floor_reached":51,"language":"ZHS","playtime":4128,"items_purged":["Doubt","Strike_S","Strike_S","Wraith","Strike_S"],"score":851,"play_id":"4b1a4f46-45fb-4b7b-8305-2abd68316104","local_time":"20210115224129","is_ascension_mode":false,"campfire_choices":[{"floor":7.0,"key":"REST"},{"floor":10.0,"key":"REST"},{"floor":15.0,"key":"REST"},{"floor":29.0,"key":"REST"},{"floor":32.0,"key":"REST"},{"floor":40.0,"key":"REST"},{"floor":42.0,"key":"REST"},{"floor":49,"key":"REST"}],"circlet_count":0,"master_deck":["Strike_S","Defend_S","Defend_S","Defend_S","Defend_S","KidneyShot","Exchange","BottledTime+1","Rearm","TimeWarp","Moondial","Spin","Starlight","Sabotage","ShiftingGears+1","FloweringNight","StarChef","BestPractice","Rewind","Defy","Embodiment","Unruled","Ricochet","DualDimension","Pain","Gouge","SilverBlades","FastForward+1","ShatteredReality+1","LightFlow","GearUp","Barrier+1","Luminosity","PendulumOfEternity","RealityMarble","MoonPhase+1","Desolation","BottledTime","InstantArmor","Panacea","InstantArmor","SilverBlades","DoubleEdge","Moondial","Parasite","SoulSculpture","Desolation+1"],"relics":["Uniform","NeowsBlessing","Thread and Needle","Dream Catcher","Torii","Golden Idol","Membership Card","Bag of Preparation","War Paint","SacredBark","WarpedTongs","MealTicket","The Courier","Pen Nib","Anchor","Fusion Hammer","WingedGreaves","Old Coin","Meat on the Bone","Strange Spoon","Shuriken","Art of War"],"acts_visited":["Exordium","TheCity","TheBeyond"],"potions_floor_usage":[50,50,50,50,50],"damage_taken":[{"damage":0.0,"enemies":"2 Louse","floor":1.0,"turns":1.0},{"damage":0.0,"enemies":"Small Slimes","floor":2.0,"turns":1.0},{"damage":0.0,"enemies":"3 Sentries","floor":6.0,"turns":2.0},{"damage":0.0,"enemies":"Cultist","floor":8.0,"turns":3.0},{"damage":5.0,"enemies":"Lagavulin","floor":13.0,"turns":5.0},{"damage":4.0,"enemies":"Hexaghost","floor":16.0,"turns":11.0},{"damage":1.0,"enemies":"3 Byrds","floor":18.0,"turns":5.0},{"damage":1.0,"enemies":"Chosen","floor":21.0,"turns":6.0},{"damage":0.0,"enemies":"Gremlin Leader","floor":23.0,"turns":7.0},{"damage":5.0,"enemies":"Centurion and Healer","floor":24.0,"turns":5.0},{"damage":2.0,"enemies":"Snake Plant","floor":25.0,"turns":7.0},{"damage":0.0,"enemies":"Sentry and Sphere","floor":27.0,"turns":5.0},{"damage":0.0,"enemies":"Slavers","floor":30.0,"turns":3.0},{"damage":1.0,"enemies":"Chosen and Byrds","floor":31.0,"turns":3.0},{"damage":15.0,"enemies":"Champ","floor":33.0,"turns":8.0},{"damage":3.0,"enemies":"3 Shapes","floor":35.0,"turns":4.0},{"damage":20.0,"enemies":"Orb Walker","floor":38.0,"turns":5.0},{"damage":0.0,"enemies":"Giant Head","floor":41.0,"turns":7.0},{"damage":24,"enemies":"Nemesis","floor":46,"turns":7},{"damage":1,"enemies":"Writhing Mass","floor":47,"turns":6},{"damage":7,"enemies":"4 Shapes","floor":48,"turns":4},{"damage":51,"enemies":"Awakened One","floor":50,"turns":10}],"seed_played":"1644776944512190987","potions_obtained":[{"floor":2.0,"key":"SkillPotion"},{"floor":13.0,"key":"EntropicBrew"},{"floor":16.0,"key":"AttackPotion"},{"floor":23.0,"key":"Strength Potion"},{"floor":24.0,"key":"DistilledChaos"},{"floor":25.0,"key":"PowerPotion"},{"floor":30.0,"key":"ColorlessPotion"},{"floor":31.0,"key":"PowerPotion"},{"floor":33.0,"key":"DuplicationPotion"},{"floor":41.0,"key":"ColorlessPotion"},{"floor":47,"key":"FearPotion"}],"is_trial":false,"path_per_floor":["M","M","?","?","?","E","R","M","T","R","?","$","E","$","R","B",null,"M","$","?","M","?","E","M","M","T","M","$","R","E","M","R","B",null,"M","?","?","M","$","R","E","R","T","?","$","E","M","M","R","B",null],"character_chosen":"THE_SERVANT","items_purchased":["Membership Card","Sabotage","ShiftingGears","Bag of Preparation","FloweringNight","BestPractice","Rewind","Advance","Ricochet","DualDimension","Pen Nib","WingedGreaves","Desolation","InstantArmor","SilverBlades","DoubleEdge","Strange Spoon","Shuriken"],"campfire_rested":8,"item_purchase_floors":[12,12,12,12,12,14,14,19,19,19,28,39,39,45,45,45,45,45],"current_hp_per_floor":[65,65,54,54,47,47,65,65,65,65,49,49,44,44,63,59,65,64,64,64,63,52,52,47,45,45,45,60,70,70,69,70,55,70,67,67,67,47,62,70,70,70,70,70,70,46,45,38,59,20],"gold":115,"neow_bonus":"THREE_ENEMY_KILL","is_daily":false,"chose_seed":false,"campfire_upgraded":0,"win_rate":0.0,"timestamp":1610721689,"path_taken":["M","M","?","?","?","E","R","M","T","R","?","?","E","$","R","BOSS","M","$","?","?","?","E","M","M","T","M","$","R","E","M","R","BOSS","M","?","?","M","$","R","E","R","T","?","$","E","M","?","R","BOSS"],"items_purchased_type":["Relic","Card","Card","Relic","Card","Card","Card","Card","Card","Card","Relic","Relic","Card","Card","Card","Card","Relic","Relic"],"build_version":"2020-12-22","purchased_purges":5,"victory":true,"max_hp_per_floor":[65,65,65,65,65,65,65,65,65,65,65,65,65,65,65,65,65,65,65,65,65,70,70,70,70,70,70,70,70,70,70,70,70,70,70,70,70,70,70,70,70,70,70,70,70,70,70,70,70,70],"card_choices":[{"not_picked":["Defy","Potential"],"picked":"BottledTime","floor":1.0},{"not_picked":["RealityMarble","Comet"],"picked":"Rearm","floor":2.0},{"not_picked":["Revamp","BottledTime"],"picked":"TimeWarp","floor":6.0},{"not_picked":["BottledTime","Rearm"],"picked":"Moondial","floor":7.0},{"not_picked":["Sabotage","Potential"],"picked":"Spin","floor":8.0},{"not_picked":["Reset","Revamp"],"picked":"Starlight","floor":10.0},{"not_picked":["Deny","Alleviate"],"picked":"StarChef","floor":13.0},{"not_picked":["FastForward","Potential"],"picked":"Defy","floor":15.0},{"not_picked":["Deny","SoulSculpture"],"picked":"Embodiment","floor":16.0},{"not_picked":["Rewind","BottledTime"],"picked":"Unruled","floor":18.0},{"not_picked":["Barrier","ShatteredReality"],"picked":"Gouge","floor":21.0},{"not_picked":["Contraction+1","Shuttle"],"picked":"SilverBlades","floor":23.0},{"not_picked":["BottledTime","Starlight"],"picked":"FastForward+1","floor":24.0},{"not_picked":["Potential","Advance"],"picked":"ShatteredReality+1","floor":25.0},{"not_picked":["BottledTime","Ricochet"],"picked":"LightFlow","floor":27.0},{"not_picked":["Rewind","Ricochet"],"picked":"GearUp","floor":29.0},{"not_picked":["SpecialFormula","Revamp"],"picked":"Barrier+1","floor":30.0},{"not_picked":["Spin","ShatteredReality","TimeWarp"],"picked":"SKIP","floor":31.0},{"not_picked":["FastForward","Ricochet"],"picked":"Luminosity","floor":32.0},{"not_picked":["Deny","LightFlow"],"picked":"PendulumOfEternity","floor":33.0},{"not_picked":["Revamp","Shuttle"],"picked":"RealityMarble","floor":35.0},{"not_picked":["SpecialFormula+1","Defy+1"],"picked":"MoonPhase+1","floor":38.0},{"not_picked":["Ricochet+1","Barrier+1"],"picked":"BottledTime","floor":40.0},{"not_picked":["Luminosity","Rewind"],"picked":"InstantArmor","floor":41.0},{"not_picked":["Unruled","FastForward+1"],"picked":"Moondial","floor":46},{"not_picked":["Alleviate","Replace","Hightail+1"],"picked":"SKIP","floor":47},{"not_picked":["BottledTime+1","Replace"],"picked":"SoulSculpture","floor":48},{"not_picked":["Foresight+1","ShiftingGears+1"],"picked":"Desolation+1","floor":49}],"player_experience":57205,"relics_obtained":[{"floor":6.0,"key":"Dream Catcher"},{"floor":9.0,"key":"Torii"},{"floor":13.0,"key":"War Paint"},{"floor":23.0,"key":"MealTicket"},{"floor":26.0,"key":"The Courier"},{"floor":30.0,"key":"Anchor"},{"floor":41.0,"key":"Old Coin"},{"floor":43.0,"key":"Meat on the Bone"},{"floor":46,"key":"Art of War"}],"event_choices":[{"damage_healed":0.0,"max_hp_gain":0.0,"max_hp_loss":0.0,"gold_gain":75.0,"event_name":"World of Goop","player_choice":"Gather Gold","floor":3.0,"gold_loss":0.0,"damage_taken":11.0},{"damage_healed":0.0,"max_hp_gain":0.0,"max_hp_loss":0.0,"gold_gain":175.0,"event_name":"Liars Game","player_choice":"AGREE","floor":4.0,"gold_loss":0.0,"damage_taken":0.0,"cards_obtained":["Doubt"]},{"damage_healed":0.0,"max_hp_gain":0.0,"max_hp_loss":0.0,"gold_gain":0.0,"event_name":"Scrap Ooze","player_choice":"Success","floor":5.0,"gold_loss":0.0,"damage_taken":7.0,"relics_obtained":["Thread and Needle"]},{"damage_healed":0.0,"max_hp_gain":0.0,"max_hp_loss":0.0,"gold_gain":0.0,"event_name":"Golden Idol","player_choice":"Take Damage","floor":11.0,"gold_loss":0.0,"damage_taken":16.0,"relics_obtained":["Golden Idol"]},{"damage_healed":0.0,"max_hp_gain":0.0,"max_hp_loss":0.0,"gold_gain":0.0,"event_name":"Accursed Blacksmith","player_choice":"Rummage","floor":20.0,"gold_loss":0.0,"damage_taken":0.0,"relics_obtained":["WarpedTongs"],"cards_obtained":["Pain"]},{"damage_healed":0.0,"max_hp_gain":5.0,"max_hp_loss":0.0,"gold_gain":0.0,"event_name":"Forgotten Altar","player_choice":"Shed Blood","floor":22.0,"gold_loss":0.0,"damage_taken":16.0},{"damage_healed":0.0,"max_hp_gain":0.0,"max_hp_loss":0.0,"gold_gain":0.0,"event_name":"OrinTheCat","player_choice":"Ignored","floor":36.0,"gold_loss":0.0,"damage_taken":0.0},{"cards_removed":["Advance"],"damage_healed":0.0,"max_hp_gain":0.0,"max_hp_loss":0.0,"gold_gain":0.0,"event_name":"Falling","player_choice":"Removed Skill","floor":37.0,"gold_loss":0.0,"damage_taken":0.0},{"damage_healed":0,"gold_gain":0,"player_choice":"1 cards matched","damage_taken":0,"max_hp_gain":0,"max_hp_loss":0,"event_name":"Match and Keep!","floor":44,"gold_loss":0,"cards_obtained":["Panacea"]}],"is_beta":false,"boss_relics":[{"not_picked":["Empty Cage","Snecko Eye"],"picked":"SacredBark"},{"not_picked":["SlaversCollar","Runic Pyramid"],"picked":"Fusion Hammer"}],"items_purged_floors":[12,19,28,39,45],"is_endless":false,"potions_floor_spawned":[2,13,16,23,24,25,30,31,33,41,47],"ascension_level":0}}