{"host":"q50ttuv713gicbhz","time":1610728409,"event":{"mods":["AchievementEnabler","BaseMod","Bestiary","Minty Spire (QoL Compilation)"],"gold_per_floor":[115,115,129,141,160,160,180,205,205,218,235,269,269,269,269,374,374,391,391,391,391,278,278,294,307,334,362,374,374,374],"floor_reached":29,"language":"ENG","playtime":2055,"items_purged":["Defend_P"],"score":257,"play_id":"7dc7fc21-845d-413f-b2a6-97e218db7fe9","local_time":"20210115183329","is_ascension_mode":false,"campfire_choices":[{"data":"Eruption","floor":6,"key":"SMITH"},{"data":"Halt","floor":13,"key":"SMITH"},{"floor":15,"key":"REST"},{"data":"Perseverance","floor":23,"key":"SMITH"}],"circlet_count":0,"master_deck":["Strike_P","Strike_P","Strike_P","Defend_P","Defend_P","Defend_P","Eruption+1","Vigilance","Halt+1","Injury","EmptyMind","DeceiveReality","CutThroughFate","TalkToTheHand","Judgement","Perseverance+1","FearNoEvil","ReachHeaven+1","Ragnarok+1","Consecrate+1","Iron Wave+1","Wallop+1","CutThroughFate+1","Study+1","Ragnarok+1","CutThroughFate+1"],"relics":["PureWater","Regal Pillow","Blue Candle","Molten Egg 2","Black Star","MutagenicStrength","Bronze Scales","Toxic Egg 2","Eternal Feather"],"acts_visited":["Exordium","TheCity"],"potions_floor_usage":[8,8,16],"damage_taken":[{"damage":0,"enemies":"2 Louse","floor":1,"turns":2},{"damage":7,"enemies":"Cultist","floor":3,"turns":3},{"damage":9,"enemies":"Small Slimes","floor":4,"turns":3},{"damage":1,"enemies":"Exordium Wildlife","floor":5,"turns":6},{"damage":1,"enemies":"3 Louse","floor":7,"turns":3},{"damage":9,"enemies":"3 Sentries","floor":8,"turns":9},{"damage":9,"enemies":"Lots of Slimes","floor":10,"turns":5},{"damage":0,"enemies":"Red Slaver","floor":11,"turns":2},{"damage":12,"enemies":"Lagavulin","floor":12,"turns":6},{"damage":44,"enemies":"Hexaghost","floor":16,"turns":6},{"damage":9,"enemies":"3 Byrds","floor":18,"turns":4},{"damage":5,"enemies":"Shell Parasite","floor":24,"turns":4},{"damage":1,"enemies":"Sentry and Sphere","floor":25,"turns":2},{"damage":36,"enemies":"Book of Stabbing","floor":27,"turns":6},{"damage":6,"enemies":"Shelled Parasite and Fungi","floor":28,"turns":2},{"damage":29,"enemies":"Centurion and Healer","floor":29,"turns":2}],"seed_played":"4517747019571805957","potions_obtained":[{"floor":1,"key":"SneckoOil"},{"floor":3,"key":"DuplicationPotion"},{"floor":5,"key":"AttackPotion"},{"floor":12,"key":"Explosive Potion"},{"floor":16,"key":"BottledMiracle"},{"floor":18,"key":"Fire Potion"}],"is_trial":false,"path_per_floor":["M","?","M","M","M","R","M","E","T","M","M","E","R","?","R","B",null,"M","?","?","?","$","R","M","M","T","E","M","M"],"character_chosen":"WATCHER","items_purchased":["Wallop+1"],"campfire_rested":1,"item_purchase_floors":[22],"current_hp_per_floor":[79,79,72,63,62,62,61,52,52,43,43,31,31,36,76,32,84,75,75,75,75,75,75,70,69,69,33,27,0,0],"gold":374,"neow_bonus":"TEN_PERCENT_HP_BONUS","is_daily":false,"chose_seed":false,"campfire_upgraded":3,"win_rate":0.0,"timestamp":1610728409,"path_taken":["M","?","M","?","M","R","?","E","T","M","M","E","R","?","R","BOSS","M","?","?","?","$","R","?","M","T","E","M","M"],"items_purchased_type":["Card"],"build_version":"2020-12-22","purchased_purges":1,"victory":false,"max_hp_per_floor":[79,79,79,79,79,79,79,79,79,79,79,79,79,84,84,84,84,84,84,84,84,84,84,84,84,84,84,84,84,84],"card_choices":[{"not_picked":["Swivel","EmptyFist"],"picked":"Halt","floor":1},{"not_picked":["BowlingBash","Fasting2","EmptyBody"],"picked":"SKIP","floor":3},{"not_picked":["SashWhip","BowlingBash"],"picked":"DeceiveReality","floor":4},{"not_picked":["BowlingBash","EmptyBody"],"picked":"CutThroughFate","floor":5},{"not_picked":["Protect","ReachHeaven"],"picked":"TalkToTheHand","floor":7},{"not_picked":["Evaluate","Pray"],"picked":"Judgement","floor":8},{"not_picked":["EmptyMind","Protect"],"picked":"Perseverance","floor":10},{"not_picked":["Halt","LikeWater"],"picked":"FearNoEvil","floor":11},{"not_picked":["Consecrate+1","Judgement"],"picked":"ReachHeaven+1","floor":12},{"not_picked":["Devotion","DeusExMachina"],"picked":"Ragnarok+1","floor":16},{"not_picked":["Evaluate","Crescendo"],"picked":"Consecrate+1","floor":18},{"not_picked":["SignatureMove+1","Crescendo"],"picked":"CutThroughFate+1","floor":24},{"not_picked":["JustLucky+1","BowlingBash+1"],"picked":"Study+1","floor":25},{"not_picked":["FlurryOfBlows+1","ReachHeaven+1"],"picked":"Ragnarok+1","floor":27},{"not_picked":["Adaptation","ThirdEye+1"],"picked":"CutThroughFate+1","floor":28}],"player_experience":80445,"relics_obtained":[{"floor":8,"key":"Regal Pillow"},{"floor":9,"key":"Blue Candle"},{"floor":12,"key":"Molten Egg 2"},{"floor":26,"key":"Bronze Scales"},{"floor":27,"key":"Toxic Egg 2"},{"floor":27,"key":"Eternal Feather"}],"event_choices":[{"damage_healed":0,"gold_gain":0,"player_choice":"2 cards matched","damage_taken":0,"max_hp_gain":0,"max_hp_loss":0,"event_name":"Match and Keep!","floor":2,"gold_loss":0,"cards_obtained":["Injury","EmptyMind"]},{"damage_healed":0,"gold_gain":0,"player_choice":"Donut","damage_taken":0,"max_hp_gain":5,"max_hp_loss":0,"event_name":"Big Fish","floor":14,"gold_loss":0},{"damage_healed":0,"gold_gain":0,"player_choice":"Ignored","damage_taken":0,"max_hp_gain":0,"max_hp_loss":0,"event_name":"Ghosts","floor":19,"gold_loss":0},{"damage_healed":0,"gold_gain":0,"player_choice":"Inject Mutagens","damage_taken":0,"relics_obtained":["MutagenicStrength"],"max_hp_gain":0,"max_hp_loss":0,"event_name":"Drug Dealer","floor":20,"gold_loss":0},{"cards_removed":["Strike_P"],"damage_healed":0,"gold_gain":0,"player_choice":"Took Card","damage_taken":0,"max_hp_gain":0,"max_hp_loss":0,"event_name":"NoteForYourself","floor":21,"gold_loss":0,"cards_obtained":["Iron Wave"]}],"is_beta":false,"boss_relics":[{"not_picked":["Snecko Eye","Velvet Choker"],"picked":"Black Star"}],"items_purged_floors":[22],"is_endless":false,"potions_floor_spawned":[1,3,5,12,16,18,27],"killed_by":"Centurion and Healer","ascension_level":0}}