{"host":"9tdk3zzhmpo6o3dg","time":1610713038,"event":{"mods":["AchievementEnabler","BaseMod","Downfall","Marisa£®ÏF”Í°°ƒß¿Ì…≥£©","Minty Spire (QoL Compilation)","Shop Mod","StSLib","The Cursed","The Marked","The Servant 0.9.4"],"gold_per_floor":[112,123,123,13,13,47,47,81,108,122,134,150,75,89,89,89,89],"floor_reached":16,"language":"ZHS","playtime":604,"items_purged":["Strike_B"],"score":129,"play_id":"24864ea3-fe29-4d0c-8caa-557b78ad05e4","local_time":"20210115201718","is_ascension_mode":true,"campfire_choices":[{"data":"Chaos","floor":7,"key":"SMITH"},{"floor":15,"key":"REST"}],"circlet_count":0,"master_deck":["Strike_B","Strike_B","Strike_B","Defend_B","Defend_B","Defend_B","Defend_B","Zap","Dualcast","Doom and Gloom","Leap","Capacitor","Chaos+1","Aggregate","Fusion","Turbo"],"relics":["Busted Crown","Bag of Marbles","Toy Ornithopter","Regal Pillow","MealTicket"],"acts_visited":["Exordium"],"potions_floor_usage":[16,16,16],"damage_taken":[{"damage":5,"enemies":"Small Slimes","floor":1,"turns":3},{"damage":7,"enemies":"Jaw Worm","floor":2,"turns":3},{"damage":17,"enemies":"3 Sentries","floor":6,"turns":8},{"damage":21,"enemies":"Lagavulin","floor":8,"turns":7},{"damage":0,"enemies":"2 Louse","floor":10,"turns":4},{"damage":0,"enemies":"Red Slaver","floor":11,"turns":3},{"damage":11,"enemies":"3 Louse","floor":12,"turns":4},{"damage":14,"enemies":"Large Slime","floor":14,"turns":4},{"damage":62,"enemies":"Slime Boss","floor":16,"turns":8}],"seed_played":"-1434561462278018209","potions_obtained":[{"floor":1,"key":"LiquidBronze"},{"floor":8,"key":"LiquidBronze"},{"floor":10,"key":"GamblersBrew"}],"is_trial":false,"path_per_floor":["M","M","?","$","$","E","R","E","T","M","M","M","$","M","R","B"],"character_chosen":"DEFECT","items_purchased":["Capacitor","Chaos"],"campfire_rested":1,"item_purchase_floors":[4,4],"current_hp_per_floor":[70,63,56,56,56,39,39,18,18,18,18,7,22,8,45,0,0],"gold":89,"neow_bonus":"BOSS_RELIC","is_daily":false,"chose_seed":false,"campfire_upgraded":1,"win_rate":0.0,"timestamp":1610713038,"path_taken":["M","M","?","?","$","E","R","E","T","M","M","M","$","M","R","BOSS"],"items_purchased_type":["Card","Card"],"build_version":"2020-12-22","purchased_purges":1,"victory":false,"max_hp_per_floor":[75,75,75,75,75,75,75,75,75,75,75,75,75,75,75,75,75],"card_choices":[{"not_picked":[],"picked":"Doom and Gloom","floor":1},{"not_picked":[],"picked":"Leap","floor":2},{"not_picked":[],"picked":"Aggregate","floor":6},{"not_picked":[],"picked":"Fusion","floor":8},{"not_picked":["Ball Lightning"],"picked":"SKIP","floor":10},{"not_picked":["Melter"],"picked":"SKIP","floor":11},{"not_picked":["Stack"],"picked":"SKIP","floor":12},{"not_picked":[],"picked":"Turbo","floor":14}],"player_experience":124929,"relics_obtained":[{"floor":6,"key":"Toy Ornithopter"},{"floor":8,"key":"Regal Pillow"},{"floor":9,"key":"MealTicket"}],"event_choices":[{"damage_healed":0,"gold_gain":0,"player_choice":"Success","damage_taken":7,"relics_obtained":["Bag of Marbles"],"max_hp_gain":0,"max_hp_loss":0,"event_name":"Scrap Ooze","floor":3,"gold_loss":0}],"is_beta":false,"boss_relics":[],"items_purged_floors":[13],"is_endless":false,"potions_floor_spawned":[1,8,10,12],"killed_by":"Slime Boss","ascension_level":3}}