{"host":"pmmuxs046gii331m","time":1610724068,"event":{"mods":["AchievementEnabler","AlwaysNeverKeys","BaseMod","Colored Powertips","Custom Start","Disable Question Mark Monsters","Downfall","Gold Saver","Minty Spire (QoL Compilation)","Permanent Neow","Quick Restart","Replay The Spire","StSLib"],"gold_per_floor":[1057,1073,1093,1193,1193,1193,1193,1193,1205,1205,1219,1219,1236,1298,1318,1318,1318,1318],"floor_reached":16,"language":"ENG","playtime":2239,"items_purged":[],"score":92,"play_id":"f3219e36-f67d-4a25-9b8b-e2ac9ba09c4a","local_time":"20210115102108","is_ascension_mode":false,"campfire_choices":[{"data":"champ:Taunt","floor":1,"key":"SMITH"},{"data":"champ:BringItOn","floor":6,"key":"SMITH"},{"data":"champ:FocusedBerserking","floor":8,"key":"SMITH"},{"data":"champ:Execute","floor":10,"key":"SMITH"},{"data":"champ:Backstep","floor":12,"key":"SMITH"}],"circlet_count":0,"master_deck":["champ:Strike","champ:Strike","champ:Strike","champ:Strike","champ:Defend","champ:Defend","champ:Defend","champ:Defend","champ:Execute+1","champ:Taunt+1","champ:BerserkerStyle","champ:FocusedBerserking+1","champ:BringItOn+1","champ:EndlessRage","champ:Backstep+1","champ:DefensiveShout"],"relics":["champ:ChampionCrown","InkBottle","Replay:Baseball"],"acts_visited":["Exordium"],"potions_floor_usage":[16,16],"damage_taken":[{"damage":23,"enemies":"2 Louse","floor":2,"turns":4},{"damage":15,"enemies":"Jaw Worm","floor":3,"turns":4},{"damage":12,"enemies":"Cultist","floor":9,"turns":3},{"damage":29,"enemies":"Exordium Thugs","floor":11,"turns":4},{"damage":7,"enemies":"3 Louse","floor":13,"turns":4},{"damage":11,"enemies":"Exordium Wildlife","floor":15,"turns":5},{"damage":26,"enemies":"downfall:Defect","floor":16,"turns":4}],"seed_played":"-7875534492519220110","potions_obtained":[{"floor":3,"key":"Explosive Potion"},{"floor":9,"key":"LiquidMemories"},{"floor":11,"key":"Weak Potion"}],"is_trial":false,"path_per_floor":["R","M","M","?","?","R","T","R","M","R","M","R","M","?","M","B"],"character_chosen":"THE_CHAMP","items_purchased":[],"campfire_rested":0,"item_purchase_floors":[],"current_hp_per_floor":[90,79,76,76,81,81,81,81,81,81,62,62,55,17,16,0,0,0],"gold":1318,"neow_bonus":"THREE_CARDS","is_daily":false,"chose_seed":false,"campfire_upgraded":5,"win_rate":0.0,"timestamp":1610724068,"path_taken":["R","M","M","?","?","R","T","R","M","R","M","R","?","?","M","BOSS"],"items_purchased_type":[],"build_version":"2020-12-22","purchased_purges":0,"victory":false,"max_hp_per_floor":[90,90,90,90,95,95,95,95,95,95,95,95,95,95,95,95,95,95],"card_choices":[{"not_picked":["champ:DeathBlow","champ:BerserkersShout"],"picked":"champ:BerserkerStyle","floor":0},{"not_picked":["champ:CrookedStrike","champ:DeathBlow"],"picked":"champ:FocusedBerserking","floor":2},{"not_picked":["champ:DefensiveStyle","champ:BladeFlurry"],"picked":"champ:BringItOn","floor":3},{"not_picked":["champ:GutPunch","champ:Duel"],"picked":"champ:EndlessRage","floor":9},{"not_picked":["champ:BringItOn","champ:FlashCut"],"picked":"champ:Backstep","floor":11},{"not_picked":["champ:Circumvent","champ:GutPunch","champ:BringItOn"],"picked":"SKIP","floor":13},{"not_picked":["champ:Backstep","champ:AdrenalArmor"],"picked":"champ:DefensiveShout","floor":14},{"not_picked":["champ:Devastate","champ:BerserkersShout","champ:FanOfKnives"],"picked":"SKIP","floor":15}],"player_experience":300415,"relics_obtained":[{"floor":7,"key":"InkBottle"},{"floor":14,"key":"Replay:Baseball"}],"event_choices":[{"damage_healed":0,"gold_gain":0,"player_choice":"Donut","damage_taken":0,"max_hp_gain":5,"max_hp_loss":0,"event_name":"Big Fish","floor":5,"gold_loss":0}],"is_beta":false,"boss_relics":[],"items_purged_floors":[],"is_endless":false,"potions_floor_spawned":[3,9,11],"killed_by":"downfall:Defect","ascension_level":0}}