{"host":"hts1fqixrwq4jffj","time":1610703310,"event":{"mods":["BaseMod","Hermit","Minty Spire (QoL Compilation)","StSLib"],"gold_per_floor":[111,127,24,24,44,72,86,121,145,160,8,38,38,70,70,171,171,184,99,99,31,0,25,51,51,51,51,62,97,97,131,131,233,233,250,4,0,14,14,46,75,75,75,87,115,115,158,158,167,167],"floor_reached":51,"language":"ZHS","playtime":2619,"items_purged":["hermit:Strike_Hermit"],"score":1040,"play_id":"2ff23106-f71e-437d-a7bb-e8f661626575","local_time":"20210115173510","daily_mods":["Vintage","Heirloom","Flight","DeadlyEvents"],"is_ascension_mode":false,"campfire_choices":[{"data":"hermit:TakeAim","floor":13,"key":"SMITH"},{"data":"hermit:Determination","floor":15,"key":"SMITH"},{"data":"hermit:BigShot","floor":25,"key":"SMITH"},{"data":"hermit:CalledShot","floor":27,"key":"SMITH"},{"data":"hermit:ShadowCloak","floor":30,"key":"SMITH"},{"floor":32,"key":"REST"},{"data":"hermit:Snapshot","floor":42,"key":"SMITH"},{"floor":46,"key":"REST"},{"floor":49,"key":"REST"}],"circlet_count":0,"master_deck":["hermit:Strike_Hermit","hermit:Strike_Hermit","hermit:Strike_Hermit+1","hermit:Defend_Hermit","hermit:Defend_Hermit","hermit:Defend_Hermit","hermit:Defend_Hermit","hermit:Snapshot+1","hermit:Covet","hermit:Headshot+1","hermit:Determination+1","hermit:Roulette+1","hermit:Vantage","hermit:TakeAim+1","hermit:CalledShot+1","hermit:HoleUp+1","hermit:HeroicBravado+1","hermit:ShadowCloak+1","hermit:BigShot+1","hermit:Misfire","hermit:HoleUp","hermit:EyeOfTheStorm","hermit:Brawl+1","hermit:NoHoldsBarred+1","hermit:Spite+1","hermit:Desperado+1"],"relics":["hermit:Momento","Ice Cream","Gremlin Horn","Akabeko","Lantern","Mango","Letter Opener","Anchor","Whetstone","Bronze Scales","Kunai","hermit:CharredGlove","Sozu","White Beast Statue","War Paint","HornCleat","InkBottle","The Courier","Happy Flower","Dream Catcher","Pen Nib","SlaversCollar","Molten Egg 2","Bird Faced Urn","Red Mask","Strawberry","Frozen Egg 2","Darkstone Periapt","Singing Bowl","Bottled Flame","Pantograph","CeramicFish"],"acts_visited":["Exordium","TheCity","TheBeyond"],"potions_floor_usage":[6,24],"damage_taken":[{"damage":0,"enemies":"Cultist","floor":1,"turns":3},{"damage":0,"enemies":"Small Slimes","floor":2,"turns":3},{"damage":0,"enemies":"2 Louse","floor":5,"turns":2},{"damage":28,"enemies":"Gremlin Nob","floor":6,"turns":4},{"damage":2,"enemies":"Blue Slaver","floor":7,"turns":2},{"damage":8,"enemies":"3 Sentries","floor":8,"turns":5},{"damage":0,"enemies":"Large Slime","floor":10,"turns":3},{"damage":0,"enemies":"Lagavulin","floor":12,"turns":4},{"damage":2,"enemies":"3 Sentries","floor":14,"turns":5},{"damage":35,"enemies":"Slime Boss","floor":16,"turns":8},{"damage":0,"enemies":"Chosen","floor":18,"turns":4},{"damage":0,"enemies":"Gremlin Leader","floor":23,"turns":6},{"damage":12,"enemies":"Book of Stabbing","floor":24,"turns":5},{"damage":5,"enemies":"2 Thieves","floor":28,"turns":4},{"damage":15,"enemies":"Gremlin Leader","floor":29,"turns":5},{"damage":0,"enemies":"Book of Stabbing","floor":31,"turns":4},{"damage":31,"enemies":"Collector","floor":33,"turns":9},{"damage":7,"enemies":"3 Shapes","floor":35,"turns":4},{"damage":3,"enemies":"3 Darklings","floor":38,"turns":6},{"damage":4,"enemies":"Giant Head","floor":40,"turns":8},{"damage":4,"enemies":"Nemesis","floor":41,"turns":9},{"damage":3,"enemies":"Transient","floor":44,"turns":5},{"damage":4,"enemies":"Giant Head","floor":45,"turns":10},{"damage":2,"enemies":"Reptomancer","floor":47,"turns":5},{"damage":52,"enemies":"Awakened One","floor":50,"turns":10}],"seed_played":"-9060699051411211271","potions_obtained":[{"floor":2,"key":"BlessingOfTheForge"},{"floor":5,"key":"PowerPotion"},{"floor":10,"key":"BlessingOfTheForge"},{"floor":16,"key":"ColorlessPotion"}],"is_trial":true,"path_per_floor":["M","M","$","?","M","E","M","E","T","M","$","E","R","E","R","B",null,"M","?","?","$","?","E","E","R","T","R","M","E","R","E","R","B",null,"M","$","?","M","?","E","E","R","T","M","E","R","E","?","R","B",null],"character_chosen":"HERMIT","items_purchased":["hermit:Headshot","hermit:Determination","hermit:TakeAim","hermit:ShadowCloak","Bird Faced Urn"],"campfire_rested":3,"item_purchase_floors":[3,3,11,21,36],"current_hp_per_floor":[75,75,75,75,75,61,59,51,51,51,51,51,51,49,49,14,89,89,89,89,89,89,89,77,77,77,77,72,57,57,57,83,52,89,82,82,82,94,94,92,94,94,94,94,93,96,94,94,96,47],"gold":167,"neow_bonus":"","is_daily":false,"chose_seed":false,"campfire_upgraded":6,"win_rate":0.0,"timestamp":1610703310,"path_taken":["M","M","$","?","?","E","M","?","T","?","$","E","R","E","R","BOSS","M","?","?","$","?","E","E","R","T","R","?","?","R","E","R","BOSS","M","$","?","?","?","E","E","R","T","?","E","R","?","?","R","BOSS"],"items_purchased_type":["Card","Card","Card","Card","Relic"],"build_version":"2020-12-22","purchased_purges":1,"victory":true,"max_hp_per_floor":[75,75,75,75,75,89,89,89,89,89,89,89,89,89,89,89,89,89,89,89,89,89,89,89,89,89,89,89,89,89,89,89,89,89,89,89,89,96,96,96,96,96,96,96,96,96,96,96,96,96],"card_choices":[{"not_picked":["hermit:Feint","hermit:Headshot"],"picked":"hermit:Roulette","floor":6},{"not_picked":["hermit:CalledShot","hermit:Headshot"],"picked":"hermit:Vantage","floor":8},{"not_picked":["hermit:Scavenge","hermit:Shortfuse"],"picked":"hermit:CalledShot","floor":12},{"not_picked":["hermit:Determination","hermit:HighCaliber"],"picked":"hermit:HoleUp","floor":14},{"not_picked":["hermit:FinalCanter","hermit:DeadOrAlive"],"picked":"hermit:HeroicBravado","floor":16},{"not_picked":["hermit:BodyArmor+1","hermit:TrackingShot"],"picked":"hermit:BigShot","floor":23},{"not_picked":["hermit:EternalForm","hermit:CalledShot+1"],"picked":"hermit:Misfire","floor":24},{"not_picked":["hermit:Maintenance","hermit:Showdown+1"],"picked":"hermit:HoleUp","floor":29},{"not_picked":["hermit:FullyLoaded+1","hermit:Snipe"],"picked":"hermit:Gestalt","floor":31},{"not_picked":["hermit:Quickdraw","hermit:Misfire+1"],"picked":"hermit:EyeOfTheStorm","floor":32},{"not_picked":["hermit:Vantage","hermit:WideOpen+1","hermit:HoleUp+1"],"picked":"SKIP","floor":40},{"not_picked":["hermit:Midnight+1","hermit:Quickdraw+1","hermit:ShadowCloak+1"],"picked":"SKIP","floor":41},{"not_picked":["hermit:Shortfuse+1","hermit:Grudge+1"],"picked":"hermit:Brawl+1","floor":45},{"not_picked":["hermit:Showdown+1","hermit:Coalescence"],"picked":"hermit:NoHoldsBarred+1","floor":46},{"not_picked":["hermit:HeroicBravado","hermit:HoleUp+1"],"picked":"hermit:Spite+1","floor":47},{"not_picked":["hermit:ShadowCloak+1","hermit:SprayPray+1"],"picked":"hermit:Desperado+1","floor":49}],"player_experience":470931,"relics_obtained":[{"floor":1,"key":"Gremlin Horn"},{"floor":2,"key":"Akabeko"},{"floor":5,"key":"Lantern"},{"floor":6,"key":"Mango"},{"floor":7,"key":"Letter Opener"},{"floor":8,"key":"Anchor"},{"floor":9,"key":"Whetstone"},{"floor":10,"key":"Bronze Scales"},{"floor":12,"key":"Kunai"},{"floor":14,"key":"hermit:CharredGlove"},{"floor":18,"key":"White Beast Statue"},{"floor":23,"key":"HornCleat"},{"floor":24,"key":"InkBottle"},{"floor":26,"key":"The Courier"},{"floor":28,"key":"Happy Flower"},{"floor":29,"key":"Dream Catcher"},{"floor":31,"key":"Pen Nib"},{"floor":35,"key":"Molten Egg 2"},{"floor":38,"key":"Strawberry"},{"floor":40,"key":"Frozen Egg 2"},{"floor":41,"key":"Darkstone Periapt"},{"floor":43,"key":"Singing Bowl"},{"floor":44,"key":"Bottled Flame"},{"floor":45,"key":"Pantograph"},{"floor":47,"key":"CeramicFish"}],"event_choices":[{"damage_healed":0,"gold_gain":0,"player_choice":"Upgraded","damage_taken":0,"max_hp_gain":0,"max_hp_loss":0,"event_name":"Upgrade Shrine","floor":4,"gold_loss":0,"cards_upgraded":["hermit:Headshot"]},{"damage_healed":0,"gold_gain":0,"player_choice":"Obtained Relic","damage_taken":0,"relics_obtained":["War Paint"],"max_hp_gain":0,"max_hp_loss":0,"event_name":"Addict","floor":19,"gold_loss":85},{"damage_healed":0,"gold_gain":0,"player_choice":"Ignored","damage_taken":0,"max_hp_gain":0,"max_hp_loss":0,"event_name":"Ghosts","floor":20,"gold_loss":0},{"damage_healed":0,"gold_gain":0,"player_choice":"Paid Fearfully","damage_taken":0,"max_hp_gain":0,"max_hp_loss":0,"event_name":"Masked Bandits","floor":22,"gold_loss":31},{"damage_healed":0,"gold_gain":0,"player_choice":"Paid","damage_taken":0,"relics_obtained":["Red Mask"],"max_hp_gain":0,"max_hp_loss":0,"event_name":"Tomb of Lord Red Mask","floor":37,"gold_loss":4},{"damage_healed":0,"gold_gain":0,"player_choice":"Memory 1","damage_taken":0,"max_hp_gain":0,"max_hp_loss":0,"event_name":"SensoryStone","floor":39,"gold_loss":0},{"cards_removed":["hermit:Gestalt"],"damage_healed":0,"gold_gain":0,"player_choice":"Removed Skill","damage_taken":0,"max_hp_gain":0,"max_hp_loss":0,"event_name":"Falling","floor":48,"gold_loss":0}],"is_beta":false,"boss_relics":[{"not_picked":["Pandora\u0027s Box","Tiny House"],"picked":"Sozu"},{"not_picked":["SacredBark","hermit:BartenderGlass"],"picked":"SlaversCollar"}],"items_purged_floors":[11],"is_endless":false,"potions_floor_spawned":[2,5,10,16,23,24,28,29,31,33,35,38,40,41,44,45,47],"ascension_level":0}}