{"host":"7koe0iw0zllko92h","time":1610695455,"event":{"mods":["Act Like it!","BaseMod","Colored Powertips","Hermit","Hubris","Infinite Spire","Minty Spire (QoL Compilation)","Replay The Spire","StSLib","The Cursed","The Dragon Tamer"],"gold_per_floor":[114,127,137,137,151,151,178,178,178,2,16,42,61,26,26,124,124,142,142,154,170,170,170,204,204,204,304,304,316,316,327,327,430,430,444,457,483,502,502,512,512,472,495,514,514,493,493,504,504,504],"floor_reached":51,"language":"ENG","playtime":4718,"items_purged":[],"score":709,"play_id":"b7d08433-1857-426f-9e80-28bcad0052d2","local_time":"20210115022415","is_ascension_mode":false,"metric_token":723,"campfire_choices":[{"data":"DTMod:Training","floor":6.0,"key":"SMITH"},{"data":"DTMod:SwitchingTactic","floor":8.0,"key":"SMITH"},{"floor":15.0,"key":"REST"},{"floor":23.0,"key":"REST"},{"floor":25.0,"key":"REST"},{"floor":28.0,"key":"REST"},{"floor":32.0,"key":"REST"},{"floor":41,"key":"REST"},{"floor":47,"key":"REST"},{"floor":49,"key":"REST"}],"dtmod_dragon_data":[23,58,3,0,14,1],"circlet_count":0,"master_deck":["DTMod:Strike","DTMod:Strike","DTMod:Strike","DTMod:Strike","DTMod:DoubleHit+1","DTMod:TargetDefense","DTMod:TargetDefense","DTMod:TargetDefense","DTMod:TargetDefense","DTMod:SwitchingTactic+1","DTMod:Training+1","DTMod:ComboAttack","DTMod:Observe","DTMod:RunningTactic","DTMod:WarmUp","DTMod:LightShield","DTMod:LightShield","DTMod:SneakAttack","DTMod:PurifyingFlame","DTMod:ForkedFire","DTMod:CleansingStrike","DTMod:Multitask","DTMod:Astonish","DTMod:HeatWave","DTMod:BuildUp+1","DTMod:HeatWave+1","DTMod:Hide","DTMod:BlazingStrike","DTMod:RunningTactic","DTMod:Harmonize","DTMod:Threaten","DTMod:ComboAttack+1","DTMod:Cover","DTMod:DarkBreath","DTMod:MagiciansMark+1","DTMod:GhostSkin+1","DTMod:TauntingStrike+1"],"relics":["DTMod:PactStone","Omamori","ReplayTheSpireMod:Shallot","hubris:RunicObelisk","hubris:Icosahedron","Tiny Chest","hubris:MysteriousPyramids","Calipers","ReplayTheSpireMod:Ninjato","ReplayTheSpireMod:Lightbulb","SlaversCollar","Whetstone","Juzu Bracelet","hubris:Towel","Lantern"],"acts_visited":["Exordium","TheCity","TheBeyond"],"potions_floor_usage":[35,40,44,46,50,50,50],"damage_taken":[{"damage":0.0,"enemies":"Cultist","floor":1.0,"turns":3.0},{"damage":0.0,"enemies":"2 Louse","floor":2.0,"turns":3.0},{"damage":0.0,"enemies":"Small Slimes","floor":3.0,"turns":4.0},{"damage":0.0,"enemies":"Looter","floor":5.0,"turns":3.0},{"damage":17.0,"enemies":"3 Sentries","floor":7.0,"turns":6.0},{"damage":0.0,"enemies":"Exordium Wildlife","floor":11.0,"turns":3.0},{"damage":0.0,"enemies":"Lagavulin","floor":12.0,"turns":5.0},{"damage":0.0,"enemies":"Blue Slaver","floor":13.0,"turns":3.0},{"damage":28.0,"enemies":"Hexaghost","floor":16.0,"turns":11.0},{"damage":0.0,"enemies":"3 Byrds","floor":18.0,"turns":5.0},{"damage":0.0,"enemies":"2 Thieves","floor":20.0,"turns":4.0},{"damage":0.0,"enemies":"Chosen and Byrds","floor":21.0,"turns":5.0},{"damage":30.0,"enemies":"Book of Stabbing","floor":24.0,"turns":6.0},{"damage":0.0,"enemies":"Colosseum Slavers","floor":27.0,"turns":4.0},{"damage":6.0,"enemies":"Colosseum Nobs","floor":27.0,"turns":4.0},{"damage":0.0,"enemies":"Cultist and Chosen","floor":29.0,"turns":4.0},{"damage":0.0,"enemies":"Snake Plant","floor":31.0,"turns":2.0},{"damage":51.0,"enemies":"Automaton","floor":33.0,"turns":11.0},{"damage":0,"enemies":"3 Darklings","floor":35,"turns":4},{"damage":1,"enemies":"3 Shapes","floor":36,"turns":5},{"damage":0,"enemies":"Transient","floor":38,"turns":5},{"damage":13,"enemies":"Spire Growth","floor":40,"turns":5},{"damage":0,"enemies":"Writhing Mass","floor":44,"turns":6},{"damage":9,"enemies":"Nemesis","floor":46,"turns":4},{"damage":0,"enemies":"Jaw Worm Horde","floor":48,"turns":5},{"damage":12,"enemies":"Donu and Deca","floor":50,"turns":8}],"seed_played":"7830795786965342876","potions_obtained":[{"floor":1.0,"key":"Explosive Potion"},{"floor":5.0,"key":"Venom Potion"},{"floor":11.0,"key":"BlessingOfTheForge"},{"floor":16.0,"key":"SkillPotion"},{"floor":18.0,"key":"Fire Potion"},{"floor":29.0,"key":"SteroidPotion"},{"floor":33.0,"key":"Energy Potion"},{"floor":36,"key":"BlessingOfTheForge"},{"floor":42,"key":"DistilledChaos"},{"floor":42,"key":"Cursed Concoction"},{"floor":42,"key":"Reflective Coating"},{"floor":44,"key":"LiquidMemories"},{"floor":48,"key":"ColorlessPotion"}],"is_trial":false,"path_per_floor":["M","M","M","?","M","R","E","R","T","$","M","E","M","?","R","B",null,"M","?","M","M","?","R","E","R","T","?","R","M","T","M","R","B",null,"M","M","T","M","?","M","R","?","T","M","?","E","R","M","R","B",null],"character_chosen":"THE_DT","items_purchased":["DTMod:LightShield","DTMod:SneakAttack"],"campfire_rested":8,"item_purchase_floors":[10,10],"current_hp_per_floor":[49,49,49,49,49,49,32,32,32,32,32,32,32,44,49,21,49,49,42,42,42,42,54,24,40,40,34,50,50,50,50,54,3,54,54,53,53,53,53,40,54,54,54,54,54,45,54,54,54,42],"gold":504,"neow_bonus":"TEN_PERCENT_HP_BONUS","is_daily":false,"chose_seed":false,"campfire_upgraded":2,"win_rate":0.0,"timestamp":1610695455,"path_taken":["M","M","?","?","M","R","E","R","T","$","M","E","M","?","R","BOSS","M","?","M","M","?","R","E","R","T","?","R","M","?","M","R","BOSS","M","?","?","M","?","M","R","?","T","M","?","E","R","M","R","BOSS"],"items_purchased_type":["Card","Card"],"build_version":"2020-12-22","purchased_purges":0,"victory":true,"max_hp_per_floor":[49,49,49,49,49,49,49,49,49,49,49,49,49,49,49,49,49,49,54,54,54,54,54,54,54,54,54,54,54,54,54,54,54,54,54,54,54,54,54,54,54,54,54,54,54,54,54,54,54,54],"card_choices":[{"not_picked":["DTMod:CleansingStrike","DTMod:BurningEnergy"],"picked":"DTMod:Training","floor":1.0},{"not_picked":["DTMod:ExcessFootwork","DTMod:Weaken"],"picked":"DTMod:ComboAttack","floor":2.0},{"not_picked":["DTMod:MagicField","DTMod:Hide"],"picked":"DTMod:Observe","floor":3.0},{"not_picked":["DTMod:MagicField","DTMod:BurningEnergy"],"picked":"DTMod:RunningTactic","floor":5.0},{"not_picked":["DTMod:Punisher","DTMod:BreakAttack"],"picked":"DTMod:WarmUp","floor":7.0},{"not_picked":["DTMod:Threaten","DTMod:MaximumCharge"],"picked":"DTMod:PurifyingFlame","floor":11.0},{"not_picked":["DTMod:Feint","DTMod:ExcessFootwork"],"picked":"DTMod:ForkedFire","floor":12.0},{"not_picked":["DTMod:BurningEnergy","DTMod:Weaken"],"picked":"DTMod:CleansingStrike","floor":13.0},{"not_picked":["DTMod:OpeningTactic","DTMod:StunTrap"],"picked":"DTMod:Multitask","floor":16.0},{"not_picked":["DTMod:Cover+1","DTMod:HeatWave"],"picked":"DTMod:Astonish","floor":18.0},{"not_picked":["DTMod:MagicField+1","DTMod:Cover"],"picked":"DTMod:HeatWave","floor":20.0},{"not_picked":["DTMod:Outburst","DTMod:MagicField"],"picked":"DTMod:BuildUp+1","floor":21.0},{"not_picked":["DTMod:BuildUp","DTMod:Conduct"],"picked":"DTMod:HeatWave","floor":24.0},{"not_picked":["DTMod:Conduct","DTMod:GhostSkin"],"picked":"DTMod:Hide","floor":27.0},{"not_picked":["DTMod:BuildUp","DTMod:LowKick"],"picked":"DTMod:BlazingStrike","floor":29.0},{"not_picked":["DTMod:Observe","DTMod:Astonish"],"picked":"DTMod:RunningTactic","floor":31.0},{"not_picked":["DTMod:GearUp","DTMod:OpeningTactic"],"picked":"DTMod:Harmonize","floor":33.0},{"not_picked":["DTMod:Cover+1","DTMod:Weaken"],"picked":"DTMod:Threaten","floor":35},{"not_picked":["DTMod:TauntingStrike","DTMod:Training+1"],"picked":"DTMod:ComboAttack+1","floor":36},{"not_picked":["DTMod:MasterPlan+1","DTMod:Training+1"],"picked":"DTMod:Cover","floor":38},{"not_picked":["DTMod:CleansingStrike","DTMod:Threaten+1"],"picked":"DTMod:DarkBreath","floor":40},{"not_picked":["DTMod:MaximumCharge","DTMod:QuickFly+1"],"picked":"DTMod:MagiciansMark+1","floor":44},{"not_picked":["DTMod:MasterPlan","DTMod:BreakAttack"],"picked":"DTMod:GhostSkin+1","floor":46},{"not_picked":["DTMod:ShieldDrain+1","DTMod:BuildUp+1"],"picked":"DTMod:TauntingStrike+1","floor":48}],"player_experience":694645,"relics_obtained":[{"floor":7.0,"key":"Omamori"},{"floor":12.0,"key":"ReplayTheSpireMod:Shallot"},{"floor":24.0,"key":"Tiny Chest"},{"floor":26.0,"key":"hubris:MysteriousPyramids"},{"floor":27.0,"key":"Calipers"},{"floor":27.0,"key":"ReplayTheSpireMod:Ninjato"},{"floor":30.0,"key":"ReplayTheSpireMod:Lightbulb"},{"floor":37,"key":"Whetstone"},{"floor":43,"key":"Juzu Bracelet"},{"floor":46,"key":"Lantern"}],"event_choices":[{"damage_healed":0.0,"max_hp_gain":0.0,"max_hp_loss":0.0,"gold_gain":0.0,"event_name":"Golden Wing","player_choice":"Ignored","floor":4.0,"gold_loss":0.0,"damage_taken":0.0},{"damage_healed":12.0,"max_hp_gain":0.0,"max_hp_loss":0.0,"gold_gain":0.0,"event_name":"The Cleric","player_choice":"Healed","floor":14.0,"gold_loss":35.0,"damage_taken":0.0},{"damage_healed":0.0,"max_hp_gain":5.0,"max_hp_loss":0.0,"gold_gain":0.0,"event_name":"Forgotten Altar","player_choice":"Shed Blood","floor":19.0,"gold_loss":0.0,"damage_taken":12.0},{"damage_healed":0.0,"max_hp_gain":0.0,"max_hp_loss":0.0,"gold_gain":0.0,"event_name":"Colosseum","player_choice":"Fight","floor":27.0,"gold_loss":0.0,"damage_taken":0.0},{"damage_healed":0.0,"max_hp_gain":0.0,"max_hp_loss":0.0,"gold_gain":0.0,"event_name":"Colosseum","player_choice":"Fought Nobs","floor":27.0,"gold_loss":0.0,"damage_taken":0.0},{"damage_healed":0,"gold_gain":0,"player_choice":"Bought 3 Potions","damage_taken":0,"max_hp_gain":0,"max_hp_loss":0,"event_name":"The Woman in Blue","floor":42,"gold_loss":0}],"is_beta":false,"boss_relics":[{"not_picked":["Empty Cage","Runic Pyramid"],"picked":"hubris:RunicObelisk"},{"not_picked":["Abe\u0027s Treasure","Velvet Choker"],"picked":"SlaversCollar"}],"items_purged_floors":[],"is_endless":false,"potions_floor_spawned":[1,5,11,16,18,27,29,33,36,44,48],"ascension_level":0}}