{"host":"wy5pcbg592uilh9l","time":1610754063,"event":{"mods":["AchievementEnabler","Act Like it!","BaseMod","BetterRewards","Curses Come First","Gensokyo","Hubris","Infinite Spire","Marisa????????","Minty Spire (QoL Compilation)","Permanent Neow","Poor People Problems","Replay The Spire","StSLib","The Runesmith"],"gold_per_floor":[112,112,77,88,88,114,124,124,124,154,168,202,221,252,252,354,354,364,364,364,380,390,425,437,437,437],"floor_reached":25,"language":"ENG","playtime":2316,"items_purged":["Strike_R","Strike_R"],"score":330,"play_id":"48ed0b67-f8b2-415a-80bb-884e7f4833b4","local_time":"20210115174103","is_ascension_mode":true,"campfire_choices":[{"data":"Armaments","floor":8,"key":"SMITH"},{"data":"Inflame","floor":15,"key":"SMITH"}],"circlet_count":0,"master_deck":["Strike_R+1","Strike_R+1","Strike_R+1","Defend_R","Defend_R","Defend_R","Defend_R","Bash","Armaments+1","Armaments","Self Repair+1","ReplayTheSpireMod:Limb From Limb","ManaConvection","Inflame+1","ReplayTheSpireMod:Strike From Hell","Quick Slash","Runesmith:CraftProtectio","Poison Darts","MagicChant+1","Runesmith:ChaoticBlast","Poisoned Stab","Rebound+1"],"relics":["ReplayTheSpireMod:TigerMarble","PrismaticShard","BargainBundle","PreservedInsect","Iron Core","infinitespire:Beetle Shell","Gremlin Horn","hubris:TinFlute","infinitespire:Magic Flask","Pen Nib","Replay:Bronze Core","Replay:Bottled Eggs","hubris:MedicalManual"],"acts_visited":["Exordium","Exordium"],"potions_floor_usage":[6,6,6,10,13,16,18,24,24],"damage_taken":[{"damage":14,"enemies":"Cultist","floor":1,"turns":4},{"damage":4,"enemies":"2 Louse","floor":4,"turns":3},{"damage":7,"enemies":"3 Sentries","floor":6,"turns":5},{"damage":12,"enemies":"Jaw Worm","floor":7,"turns":3},{"damage":0,"enemies":"Gremlin Nob","floor":10,"turns":3},{"damage":8,"enemies":"Exordium Wildlife","floor":11,"turns":4},{"damage":18,"enemies":"Replay:BlueRogue","floor":12,"turns":4},{"damage":9,"enemies":"2 Fungi Beasts","floor":13,"turns":3},{"damage":16,"enemies":"Gremlin Nob","floor":14,"turns":3},{"damage":43,"enemies":"The Guardian","floor":16,"turns":6},{"damage":21,"enemies":"Gensokyo:3_Dogs","floor":18,"turns":5},{"damage":0,"enemies":"Gensokyo:CosmicMonolith","floor":21,"turns":3},{"damage":7,"enemies":"Gensokyo:Wraith","floor":22,"turns":3},{"damage":24,"enemies":"Gensokyo:Koishi","floor":23,"turns":4},{"damage":56,"enemies":"Gensokyo:Slime_Group","floor":24,"turns":5},{"damage":20,"enemies":"Gensokyo:Tenshi","floor":25,"turns":3}],"seed_played":"-4538527958998324177","potions_obtained":[{"floor":1,"key":"Strength Potion"},{"floor":7,"key":"Flashbang"},{"floor":12,"key":"PowerPotion"},{"floor":14,"key":"SteroidPotion"},{"floor":16,"key":"Strength Potion"},{"floor":22,"key":"PowerPotion"},{"floor":23,"key":"BloodPotion"}],"is_trial":false,"path_per_floor":["M","?","?","M","$","E","M","R","T","E","M","E","M","E","R","B",null,"M","?","?","M","M","E","M","E"],"character_chosen":"IRONCLAD","items_purchased":["ReplayTheSpireMod:TigerMarble","PrismaticShard","BargainBundle","PreservedInsect","Milkshake","PowerPotion","Energy Potion","Armaments"],"campfire_rested":0,"item_purchase_floors":[0,0,0,0,0,0,0,0],"current_hp_per_floor":[36,36,56,62,62,65,63,63,63,73,75,67,68,62,62,29,80,69,69,69,69,72,58,26,6,6],"gold":437,"neow_bonus":"","is_daily":false,"chose_seed":false,"campfire_upgraded":2,"win_rate":0.0,"timestamp":1610754063,"path_taken":["M","?","?","?","$","E","M","R","T","E","M","E","M","E","R","BOSS","M","?","?","M","?","E","M","E"],"items_purchased_type":["Relic","Relic","Relic","Relic","Potion","Potion","Potion","Card"],"build_version":"2020-12-22","purchased_purges":2,"victory":false,"max_hp_per_floor":[80,80,80,80,80,80,80,80,80,80,80,80,80,80,80,80,80,80,74,74,74,74,74,74,74,74],"card_choices":[{"not_picked":["StarlightTyphoon","Beam Cell","Runesmith:StaticCage"],"picked":"SKIP","floor":1},{"not_picked":["MentalFortress","ShootingEcho"],"picked":"ReplayTheSpireMod:Limb From Limb","floor":4},{"not_picked":["Runesmith:RuneHurl","Prostrate"],"picked":"ManaConvection","floor":6},{"not_picked":["Steam","Calculated Gamble"],"picked":"Inflame","floor":7},{"not_picked":["PathToVictory","EmptyFist"],"picked":"ReplayTheSpireMod:Strike From Hell","floor":10},{"not_picked":["Midas Touch","Crippling Poison","Consecrate"],"picked":"SKIP","floor":11},{"not_picked":["JustLucky","ReplaySolidLightProjector"],"picked":"Quick Slash","floor":12},{"not_picked":["Gash","Leap"],"picked":"Runesmith:CraftProtectio","floor":13},{"not_picked":["Acrobatics","Runesmith:EnergizedChisel","Crippling Poison"],"picked":"SKIP","floor":14},{"not_picked":["Alpha","Corruption"],"picked":"Poison Darts","floor":16},{"not_picked":["GalacticHalo+1","EmptyMind"],"picked":"MagicChant+1","floor":18},{"not_picked":["Madness","Indignation+1","DC"],"picked":"SKIP","floor":21},{"not_picked":["hubris:Ukulele","PowerUp"],"picked":"Runesmith:ChaoticBlast","floor":22},{"not_picked":["Jack Of All Trades","Runesmith:Grindstone"],"picked":"Poisoned Stab","floor":23},{"not_picked":["WitchLeyline","Runesmith:HammerThrow"],"picked":"Rebound+1","floor":24}],"player_experience":273447,"relics_obtained":[{"floor":6,"key":"infinitespire:Beetle Shell"},{"floor":9,"key":"Gremlin Horn"},{"floor":10,"key":"hubris:TinFlute"},{"floor":12,"key":"infinitespire:Magic Flask"},{"floor":14,"key":"Pen Nib"},{"floor":23,"key":"hubris:MedicalManual"}],"event_choices":[{"damage_healed":20,"gold_gain":0,"player_choice":"Healed","damage_taken":0,"max_hp_gain":0,"max_hp_loss":0,"event_name":"The Cleric","floor":3,"gold_loss":35}],"is_beta":false,"boss_relics":[{"not_picked":["Busted Crown","Painkiller Herb"],"picked":"Replay:Bronze Core"}],"items_purged_floors":[0,0],"is_endless":false,"potions_floor_spawned":[1,7,12,14,16,22,23],"killed_by":"Gensokyo:Tenshi","ascension_level":4}}