{"host":"nl9gyitbz774fola","time":1610734456,"event":{"mods":["AchievementEnabler","BaseMod","Colored Map","Colored Powertips","Minty Spire (QoL Compilation)","Replay The Spire","StSLib"],"gold_per_floor":[113,113,113,17,34,62,78,112,112,112,112,127,143,143,143,269,269,283,283,301,301,335,335,351,351,376,400,413,451,469,483,483,606,606,625,216,241,85,98,142,142,92,116,116,466,481,520,520,520,520],"floor_reached":51,"language":"ENG","playtime":3759,"items_purged":["Strike_R"],"score":1037,"play_id":"c77e2e0a-92a9-4840-aa37-30743b91e279","local_time":"20210115131416","is_ascension_mode":false,"campfire_choices":[{"floor":10,"key":"REST"},{"data":"Clash","floor":15,"key":"PURGE"},{"floor":23,"key":"REST"},{"floor":32,"key":"REST"},{"floor":41,"key":"REST"},{"floor":44,"key":"REST"},{"floor":49,"key":"REST"}],"circlet_count":0,"master_deck":["Strike_R","Strike_R","Strike_R","Strike_R+1","Defend_R","Defend_R","Defend_R","Defend_R","Bash","Fire Breathing+1","Regret","Dramatic Entrance","Run Through","Twin Strike","Reckless Charge+1","Parasite","Shrug It Off","Hemokinesis","Injury","Barricade","Fire Breathing","Dual Wield+1","Necronomicurse","Uppercut+1","Heavy Blade+1","Sword Boomerang","Double Tap","Shockwave+1","Bloodletting+1","Power Through","Magnetism","Pummel","Rupture","CommonCold","Injury","CommonCold","Fire Breathing+1"],"relics":["Burning Blood","ReplayFunnel","Replay:Rubber Ducky","Kunai","Happy Flower","Bronze Scales","Golden Idol","Black Star","Necronomicon","Red Mask","Anchor","Replay:Multitool","MealTicket","Ooze Armor","Red Skull","HandDrill","King of Hearts","Bag of Preparation","Gremlin Food","ReplayTheSpireMod:Ring of Exchange","Ring of Greed","Old Coin","Blood Vial","Blue Doll"],"acts_visited":["Exordium","TheCity","TheBeyond"],"potions_floor_usage":[8,16,16,29,29,29,33,46,47,50],"damage_taken":[{"damage":13,"enemies":"Jaw Worm","floor":1,"turns":3},{"damage":0,"enemies":"2 Louse","floor":5,"turns":1},{"damage":33,"enemies":"Replay:BlueRogue","floor":6,"turns":7},{"damage":3,"enemies":"Small Slimes","floor":7,"turns":3},{"damage":29,"enemies":"Lagavulin","floor":8,"turns":5},{"damage":16,"enemies":"Blue Slaver","floor":12,"turns":3},{"damage":0,"enemies":"3 Louse","floor":13,"turns":2},{"damage":18,"enemies":"Slime Boss","floor":16,"turns":6},{"damage":19,"enemies":"Shell Parasite","floor":18,"turns":5},{"damage":11,"enemies":"3 Byrds","floor":20,"turns":2},{"damage":33,"enemies":"Masked Bandits","floor":22,"turns":3},{"damage":2,"enemies":"Snecko","floor":24,"turns":2},{"damage":3,"enemies":"Centurion and Healer","floor":27,"turns":5},{"damage":13,"enemies":"Snake Plant","floor":28,"turns":3},{"damage":26,"enemies":"Slavers","floor":29,"turns":3},{"damage":3,"enemies":"Chosen and Byrds","floor":30,"turns":4},{"damage":22,"enemies":"Snecko","floor":31,"turns":3},{"damage":23,"enemies":"Pondfish","floor":33,"turns":10},{"damage":3,"enemies":"3 Shapes","floor":35,"turns":4},{"damage":6,"enemies":"Orb Walker","floor":37,"turns":4},{"damage":21,"enemies":"Maw","floor":39,"turns":9},{"damage":57,"enemies":"Reptomancer","floor":40,"turns":6},{"damage":32,"enemies":"Spire Growth","floor":46,"turns":7},{"damage":22,"enemies":"Nemesis","floor":47,"turns":5},{"damage":48,"enemies":"Time Eater","floor":50,"turns":10}],"seed_played":"-6777066385538669459","potions_obtained":[{"floor":6,"key":"Milkshake"},{"floor":7,"key":"SteroidPotion"},{"floor":8,"key":"Strength Potion"},{"floor":13,"key":"ColorlessPotion"},{"floor":18,"key":"Weak Potion"},{"floor":22,"key":"ColorlessPotion"},{"floor":27,"key":"LifebloodPotion"},{"floor":30,"key":"SkillPotion"},{"floor":37,"key":"Swift Potion"},{"floor":40,"key":"Weak Potion"}],"is_trial":false,"path_per_floor":["M","?","?","$","M","E","M","E","T","R","?","M","M","?","R_BF","B",null,"M","$","M","?","?","R","M","?","T","M","M","E","M","M","R_BF","B",null,"M","$","M","$","M","E","R","$","T","R","?","M","E","?","R","B",null],"character_chosen":"IRONCLAD","items_purchased":["Dramatic Entrance","Magnetism","Red Skull","HandDrill","PowerPotion"],"campfire_rested":6,"item_purchase_floors":[4,36,36,38,42],"current_hp_per_floor":[73,73,73,73,79,52,55,32,32,56,76,66,72,72,72,60,80,67,67,62,46,19,43,47,47,47,50,43,23,26,10,34,17,80,80,80,80,80,65,14,38,53,53,77,77,51,35,35,59,19],"gold":520,"neow_bonus":"RANDOM_COMMON_RELIC","is_daily":false,"chose_seed":false,"campfire_upgraded":0,"win_rate":0.0,"timestamp":1610734456,"path_taken":["M","?","?","$","M","E","M","E","T","R","?","M","M","?","R_BF","BOSS","M","$","M","?","?","R","M","?","T","M","M","E","?","M","R_BF","BOSS","M","$","M","$","M","E","R","$","T","R","?","M","E","?","R","BOSS"],"items_purchased_type":["Card","Card","Relic","Relic","Potion"],"build_version":"2020-12-22","purchased_purges":1,"victory":true,"max_hp_per_floor":[80,80,80,80,80,80,80,80,80,80,80,80,80,80,80,80,80,80,80,80,80,80,80,80,80,80,80,80,80,80,80,80,80,80,80,80,80,80,80,80,80,80,80,80,80,80,80,80,80,80],"card_choices":[{"not_picked":["Cleave","Flex"],"picked":"Fire Breathing","floor":1},{"not_picked":["Warcry","Shockwave"],"picked":"Clash","floor":5},{"not_picked":["Feel No Pain","Combust"],"picked":"Run Through","floor":6},{"not_picked":["Run Through","Whirlwind"],"picked":"Twin Strike","floor":7},{"not_picked":["Brutality","Body Slam"],"picked":"Reckless Charge","floor":8},{"not_picked":["ReplayTheSpireMod:LeadingStrike","Clothesline"],"picked":"Shrug It Off","floor":12},{"not_picked":["Battle Trance","ReplayTheSpireMod:Corrosion Curse"],"picked":"Hemokinesis","floor":13},{"not_picked":["Demonic Infusion","Feed"],"picked":"Barricade","floor":16},{"not_picked":["Seeing Red","Clothesline+1"],"picked":"Fire Breathing","floor":18},{"not_picked":["Perfected Strike","Combust"],"picked":"Dual Wield+1","floor":20},{"not_picked":["Body Slam","Entrench"],"picked":"Uppercut+1","floor":22},{"not_picked":["Perfected Strike","Feel No Pain"],"picked":"Heavy Blade+1","floor":24},{"not_picked":["Carnage","Uppercut"],"picked":"Sword Boomerang","floor":27},{"not_picked":["Sever Soul","ReplayTheSpireMod:Strike From Hell+1","Replay:Undeath\u0027s Touch"],"picked":"SKIP","floor":28},{"not_picked":["Second Wind","Sword Boomerang"],"picked":"Double Tap","floor":29},{"not_picked":["Second Wind","Twin Strike"],"picked":"Shockwave+1","floor":30},{"not_picked":["Warcry","Blood for Blood"],"picked":"Bloodletting+1","floor":31},{"not_picked":["Brutality","Limit Break"],"picked":"Juggernaut","floor":33},{"not_picked":["Flex+1","True Grit+1"],"picked":"Power Through","floor":35},{"not_picked":["Massacre+1","Sword Boomerang"],"picked":"Pummel","floor":37},{"not_picked":["Thunderclap","Clash","Massacre+1"],"picked":"SKIP","floor":39},{"not_picked":["ReplayTheSpireMod:Strike From Hell","True Grit"],"picked":"Rupture","floor":40},{"not_picked":["Pommel Strike","Warcry+1","Dropkick"],"picked":"SKIP","floor":46},{"not_picked":["Power Through","ReplayTheSpireMod:Strike From Hell+1"],"picked":"Fire Breathing+1","floor":47}],"player_experience":10637,"relics_obtained":[{"floor":6,"key":"Kunai"},{"floor":8,"key":"Happy Flower"},{"floor":9,"key":"Bronze Scales"},{"floor":21,"key":"Necronomicon"},{"floor":22,"key":"Red Mask"},{"floor":26,"key":"Anchor"},{"floor":29,"key":"Replay:Multitool"},{"floor":29,"key":"MealTicket"},{"floor":40,"key":"King of Hearts"},{"floor":40,"key":"Bag of Preparation"},{"floor":43,"key":"Gremlin Food"},{"floor":45,"key":"ReplayTheSpireMod:Ring of Exchange"},{"floor":45,"key":"Ring of Greed"},{"floor":45,"key":"Old Coin"},{"floor":47,"key":"Blood Vial"},{"floor":47,"key":"Blue Doll"}],"event_choices":[{"damage_healed":0,"gold_gain":0,"player_choice":"Box","damage_taken":0,"relics_obtained":["Replay:Rubber Ducky"],"max_hp_gain":0,"max_hp_loss":0,"event_name":"Big Fish","floor":3,"gold_loss":0,"cards_obtained":["Regret"]},{"damage_healed":20,"gold_gain":0,"player_choice":"Healed and dodged fight","damage_taken":0,"max_hp_gain":0,"max_hp_loss":0,"event_name":"Mushrooms","floor":11,"gold_loss":0,"cards_obtained":["Parasite"]},{"damage_healed":0,"gold_gain":0,"player_choice":"Take Wound","damage_taken":0,"relics_obtained":["Golden Idol"],"max_hp_gain":0,"max_hp_loss":0,"event_name":"Golden Idol","floor":14,"gold_loss":0,"cards_obtained":["Injury"]},{"damage_healed":0,"gold_gain":0,"player_choice":"Obtained Book","damage_taken":16,"max_hp_gain":0,"max_hp_loss":0,"event_name":"Cursed Tome","floor":21,"gold_loss":0},{"damage_healed":0,"gold_gain":0,"player_choice":"Fought Bandits","damage_taken":0,"max_hp_gain":0,"max_hp_loss":0,"event_name":"Masked Bandits","floor":22,"gold_loss":0},{"damage_healed":0,"gold_gain":0,"player_choice":"Bought 0 Potions","damage_taken":0,"max_hp_gain":0,"max_hp_loss":0,"event_name":"The Woman in Blue","floor":25,"gold_loss":0},{"cards_removed":["Juggernaut"],"damage_healed":0,"gold_gain":0,"player_choice":"Removed Power","damage_taken":0,"max_hp_gain":0,"max_hp_loss":0,"event_name":"Falling","floor":48,"gold_loss":0}],"is_beta":false,"boss_relics":[{"not_picked":["Black Blood","Coffee Dripper"],"picked":"Black Star"},{"not_picked":["Astrolabe","Replay:Wanted Poster"],"picked":"Ooze Armor"}],"items_purged_floors":[36],"is_endless":false,"potions_floor_spawned":[6,7,8,13,18,22,27,30,37,40],"ascension_level":0}}