{"host":"982s3gyyw86tgeig","time":1610720488,"event":{"mods":["AchievementEnabler","Act Like it!","BaseMod","Colored Powertips","Evolution","Fox Events","GifTheSpireLib","Hallownest","Minty Spire (QoL Compilation)","StSLib","The Bug Knight","slay the spire mod where everything is the same but ironclad has a cowboy hat"],"gold_per_floor":[111,111,129,140,140,140,65,82,82,109,122,122,0,0,0,0,0],"floor_reached":16,"language":"ENG","playtime":1835,"items_purged":[],"score":100,"play_id":"9906a1e5-8ab8-4325-94e6-b751c9aa1d26","local_time":"20210115062128","is_ascension_mode":false,"campfire_choices":[{"data":"HollowMod:HeavyBlow","floor":6,"key":"SMITH"},{"floor":12,"key":"REST"},{"data":"HollowMod:MidwifesHunger","floor":15,"key":"SMITH"}],"circlet_count":0,"master_deck":["HollowMod:NailStrikeStart","HollowMod:NailStrikeStart","HollowMod:NailStrikeStart","HollowMod:NailStrikeStart","HollowMod:QuickDashStart","HollowMod:QuickDashStart","HollowMod:QuickDashStart","HollowMod:QuickDashStart","HollowMod:FocusHealStart+1","HollowMod:PogoStrike","HollowMod:SoulSplash","HollowMod:NewLittleFool","HollowMod:HeavyBlow+1","Hallownest:skillGreenpathMap","HollowMod:ChannelNail","HollowMod:MidwifesHunger+1","HollowMod:VengefulSpirit"],"relics":["HollowMod:VesselMask","EVO:Axolotl","Hallownest:DreamNailRelic","Oddly Smooth Stone","HollowMod:LumaflyLanternRelic","Omamori"],"acts_visited":["Hallownest:Greenpath"],"potions_floor_usage":[16,16],"damage_taken":[{"damage":0,"enemies":"Hallownest:2_MossCreeps","floor":1,"turns":5},{"damage":0,"enemies":"Hallownest:2_Tiktiks_and_1_Crawlid","floor":3,"turns":3},{"damage":0,"enemies":"Hallownest:monsterHuskWarrior","floor":4,"turns":4},{"damage":11,"enemies":"Hallownest:2_Tiktiks_1_Baldur_1_Crawlid","floor":8,"turns":4},{"damage":34,"enemies":"Hallownest:eliteMossKnight","floor":10,"turns":15},{"damage":2,"enemies":"Hallownest:monsterFoolEater","floor":11,"turns":4},{"damage":81,"enemies":"Hallownest:BossBrokenVessel","floor":16,"turns":14}],"seed_played":"633547657070730311","potions_obtained":[{"floor":3,"key":"GamblersBrew"},{"floor":11,"key":"AttackPotion"}],"is_trial":false,"path_per_floor":["M","?","M","M","?","R","?","M","T","E","M","R","?","$","R","B"],"character_chosen":"THE_BUGKNIGHT","items_purchased":[],"campfire_rested":1,"item_purchase_floors":[],"current_hp_per_floor":[82,82,82,82,82,82,82,71,71,49,47,71,71,71,71,0,0],"gold":0,"neow_bonus":"TEN_PERCENT_HP_BONUS","is_daily":false,"chose_seed":false,"campfire_upgraded":2,"win_rate":0.0,"timestamp":1610720488,"path_taken":["M","?","M","?","?","R","?","M","T","E","M","R","?","$","R","BOSS"],"items_purchased_type":[],"build_version":"2020-12-22","purchased_purges":0,"victory":false,"max_hp_per_floor":[82,82,82,82,82,82,82,82,82,82,82,82,82,82,82,82,82],"card_choices":[{"not_picked":["HollowMod:ChannelNail","HollowMod:LifebloodCocoon"],"picked":"HollowMod:SoulSplash","floor":1},{"not_picked":["HollowMod:InfectedAttack","HollowMod:SoulSplash"],"picked":"HollowMod:NewLittleFool","floor":3},{"not_picked":["HollowMod:TaintedHusks","HollowMod:WraithStrike"],"picked":"HollowMod:HeavyBlow","floor":4},{"not_picked":["HollowMod:AbyssShriek","HollowMod:NewGlowingWomb"],"picked":"HollowMod:ChannelNail","floor":8},{"not_picked":["HollowMod:TaintedHusks","HollowMod:VengefulVoid"],"picked":"HollowMod:MidwifesHunger","floor":10},{"not_picked":["HollowMod:LifebloodCocoon","HollowMod:HeavyBlow"],"picked":"HollowMod:VengefulSpirit","floor":11}],"player_experience":42414,"relics_obtained":[{"floor":9,"key":"Oddly Smooth Stone"},{"floor":10,"key":"HollowMod:LumaflyLanternRelic"}],"event_choices":[],"is_beta":false,"boss_relics":[],"items_purged_floors":[],"is_endless":false,"potions_floor_spawned":[3,11],"killed_by":"Hallownest:BossBrokenVessel","ascension_level":0}}