{"host":"i0avyit1s6jb1siw","time":1610711518,"event":{"mods":["BaseMod","DeckTracker","Dota2Spire","Highlight Path","Minty Spire (QoL Compilation)","Quick Restart","StSLib","SuperFastMode"],"gold_per_floor":[115,133,144,155,181,181,106,106,151,164,164,183,210,230,230,305,305,319,276,292,192,192,192,192,192],"floor_reached":24,"language":"ENG","playtime":1621,"items_purged":["Strike_G","Strike_G"],"score":400,"play_id":"8ba225b4-45bc-4845-b50e-87878535ebc4","local_time":"20210115125158","is_ascension_mode":true,"campfire_choices":[{"data":"Predator","floor":6,"key":"SMITH"},{"data":"Well Laid Plans","floor":8,"key":"SMITH"},{"floor":15,"key":"REST"},{"data":"Flechettes","floor":23,"key":"SMITH"}],"circlet_count":0,"master_deck":["AscendersBane","Strike_G","Strike_G","Defend_G","Defend_G","Defend_G","Defend_G","Defend_G","Survivor","Neutralize","Phantasmal Killer","Flechettes+1","Escape Plan","Predator+1","Well Laid Plans+1","Escape Plan","PiercingWail","Leg Sweep","After Image","Terror"],"relics":["Ring of the Snake","Lantern","Toy Ornithopter","FaceOfCleric","Dota2Spire:DrumOfEndurance","Black Star"],"acts_visited":["TheCity"],"potions_floor_usage":[13,13,16,16],"damage_taken":[{"damage":1,"enemies":"Cultist","floor":1,"turns":4},{"damage":1,"enemies":"2 Louse","floor":2,"turns":4},{"damage":6,"enemies":"Small Slimes","floor":3,"turns":4},{"damage":12,"enemies":"Blue Slaver","floor":4,"turns":5},{"damage":17,"enemies":"Gremlin Gang","floor":10,"turns":4},{"damage":12,"enemies":"Exordium Wildlife","floor":12,"turns":3},{"damage":15,"enemies":"Lagavulin","floor":13,"turns":7},{"damage":6,"enemies":"2 Fungi Beasts","floor":14,"turns":3},{"damage":22,"enemies":"Slime Boss","floor":16,"turns":7},{"damage":7,"enemies":"3 Byrds","floor":18,"turns":7},{"damage":9,"enemies":"2 Thieves","floor":19,"turns":5},{"damage":9,"enemies":"Centurion and Healer","floor":20,"turns":8},{"damage":29,"enemies":"Cultist and Chosen","floor":24,"turns":8}],"seed_played":"1556951269102211621","potions_obtained":[{"floor":2,"key":"DuplicationPotion"},{"floor":4,"key":"FearPotion"},{"floor":13,"key":"SneckoOil"},{"floor":14,"key":"BlessingOfTheForge"},{"floor":19,"key":"Ancient Potion"}],"is_trial":false,"path_per_floor":["M","M","M","M","T","R","$","R","T","M","?","M","E","M","R","B",null,"M","M","M","$","?","R","M"],"character_chosen":"THE_SILENT","items_purchased":[],"campfire_rested":1,"item_purchase_floors":[],"current_hp_per_floor":[58,57,51,39,39,39,39,39,39,22,22,11,7,2,20,9,50,44,36,28,28,28,28,0,0],"gold":192,"neow_bonus":"THREE_RARE_CARDS","is_daily":false,"chose_seed":false,"campfire_upgraded":3,"win_rate":0.0,"timestamp":1610711518,"path_taken":["M","M","M","?","?","R","$","R","T","M","?","M","E","M","R","BOSS","M","M","M","?","?","R","?"],"items_purchased_type":[],"build_version":"2020-12-22","purchased_purges":2,"victory":false,"max_hp_per_floor":[60,60,60,60,60,60,60,60,60,60,60,61,62,63,63,64,64,65,66,67,67,67,67,67,67],"card_choices":[{"not_picked":["Doppelganger","Malaise"],"picked":"Phantasmal Killer","floor":0},{"not_picked":["Dagger Throw","Dodge and Roll"],"picked":"Flechettes","floor":1},{"not_picked":["Finisher","Prepared"],"picked":"Escape Plan","floor":2},{"not_picked":["Underhanded Strike","Dagger Throw"],"picked":"Predator","floor":3},{"not_picked":["Sucker Punch","Prepared"],"picked":"Well Laid Plans","floor":4},{"not_picked":["Outmaneuver","Expertise"],"picked":"Escape Plan","floor":10},{"not_picked":["All Out Attack","Slice"],"picked":"PiercingWail","floor":12},{"not_picked":["Skewer","Outmaneuver","Expertise"],"picked":"SKIP","floor":13},{"not_picked":["All Out Attack","PiercingWail"],"picked":"Leg Sweep","floor":14},{"not_picked":["Storm of Steel","Night Terror"],"picked":"After Image","floor":16},{"not_picked":["Outmaneuver+1","Predator","Sucker Punch"],"picked":"SKIP","floor":18},{"not_picked":["Dodge and Roll","Dagger Throw","Sucker Punch"],"picked":"SKIP","floor":19},{"not_picked":["Slice","PiercingWail"],"picked":"Terror","floor":20}],"player_experience":2237821,"relics_obtained":[{"floor":5,"key":"Lantern"},{"floor":9,"key":"Toy Ornithopter"},{"floor":13,"key":"Dota2Spire:DrumOfEndurance"}],"event_choices":[{"damage_healed":0,"gold_gain":0,"player_choice":"Trade","damage_taken":0,"relics_obtained":["FaceOfCleric"],"max_hp_gain":0,"max_hp_loss":0,"event_name":"FaceTrader","floor":11,"gold_loss":0},{"cards_removed":["Strike_G"],"damage_healed":0,"gold_gain":0,"player_choice":"Purged","damage_taken":0,"max_hp_gain":0,"max_hp_loss":0,"event_name":"Purifier","floor":22,"gold_loss":0}],"is_beta":false,"boss_relics":[{"not_picked":["Ring of the Serpent","HoveringKite"],"picked":"Black Star"}],"items_purged_floors":[7,21],"is_endless":false,"potions_floor_spawned":[2,4,10,13,14,19],"killed_by":"Cultist and Chosen","ascension_level":20}}