{"host":"9b7hrp48q3pna783","time":1610690498,"event":{"mods":["BaseMod","Colored Map","Colored Powertips","Highlight Path","Minty Spire (QoL Compilation)","Relic Stats"],"gold_per_floor":[117,117,134,134,154,186,186,261,261,261,261,274,159,171,171,171,171],"floor_reached":16,"language":"ENG","playtime":780,"items_purged":["Strike_G"],"score":105,"play_id":"a1f586c4-7556-4a19-9577-3b341426d84c","local_time":"20210115010138","is_ascension_mode":true,"campfire_choices":[{"data":"Bane","floor":7,"key":"SMITH"},{"data":"Deadly Poison","floor":10,"key":"SMITH"},{"data":"Neutralize","floor":15,"key":"SMITH"}],"circlet_count":0,"master_deck":["Strike_G","Strike_G","Strike_G","Defend_G","Defend_G+1","Defend_G","Defend_G","Defend_G+1","Survivor","Neutralize+1","Escape Plan","Bane+1","Deadly Poison+1","Backflip+1","Catalyst+1","Prepared+1"],"relics":["Ring of the Snake","Toxic Egg 2","Toy Ornithopter","War Paint"],"acts_visited":["Exordium"],"potions_floor_usage":[6,6,16],"damage_taken":[{"damage":1,"enemies":"Small Slimes","floor":1,"turns":4},{"damage":9,"enemies":"Jaw Worm","floor":3,"turns":9},{"damage":0,"enemies":"2 Louse","floor":5,"turns":3},{"damage":14,"enemies":"3 Sentries","floor":6,"turns":9},{"damage":2,"enemies":"Exordium Wildlife","floor":12,"turns":6},{"damage":1,"enemies":"Exordium Thugs","floor":14,"turns":5},{"damage":44,"enemies":"Slime Boss","floor":16,"turns":11}],"seed_played":"-4823278768958623808","potions_obtained":[{"floor":1,"key":"CultistPotion"},{"floor":3,"key":"Weak Potion"},{"floor":14,"key":"DistilledChaos"}],"is_trial":false,"path_per_floor":["M","?","M","?","M","E","R","?","T","R","?","M","$","M","R","B"],"character_chosen":"THE_SILENT","items_purchased":["Catalyst+1"],"campfire_rested":0,"item_purchase_floors":[13],"current_hp_per_floor":[69,74,65,62,62,48,48,37,37,37,37,35,35,34,34,0,0],"gold":171,"neow_bonus":"THREE_CARDS","is_daily":false,"chose_seed":false,"campfire_upgraded":3,"win_rate":0.0,"timestamp":1610690498,"path_taken":["M","?","M","?","M","E","R","?","T","R","?","?","$","M","R","BOSS"],"items_purchased_type":["Card"],"build_version":"2020-12-22","purchased_purges":1,"victory":false,"max_hp_per_floor":[70,75,75,75,75,75,75,75,75,75,75,75,75,75,75,75,75],"relic_stats":{"counters":[7,47],"War Paint":["Defend_G","Defend_G"],"obtain_stats":[{"Toxic Egg 2":4,"War Paint":9,"Toy Ornithopter":6,"Ring of the Snake":0},{"Toxic Egg 2":2,"War Paint":4,"Toy Ornithopter":4,"Ring of the Snake":0},{"Toxic Egg 2":13,"War Paint":25,"Toy Ornithopter":25,"Ring of the Snake":0}],"Toy Ornithopter":5,"Ring of the Snake":[14]},"card_choices":[{"not_picked":["Catalyst","Endless Agony"],"picked":"Escape Plan","floor":0},{"not_picked":["Catalyst","Endless Agony"],"picked":"Bane","floor":1},{"not_picked":["Sucker Punch","Deflect"],"picked":"Deadly Poison","floor":3},{"not_picked":["Heel Hook","Flechettes"],"picked":"Backflip+1","floor":5},{"not_picked":["Blade Dance+1","Dagger Spray","Sucker Punch"],"picked":"SKIP","floor":6},{"not_picked":["Dagger Throw","Cloak And Dagger+1","PiercingWail+1"],"picked":"SKIP","floor":12},{"not_picked":["Caltrops","Sucker Punch"],"picked":"Prepared+1","floor":14}],"player_experience":79464,"relics_obtained":[{"floor":6,"key":"Toy Ornithopter"},{"floor":9,"key":"War Paint"}],"event_choices":[{"damage_healed":0,"gold_gain":0,"player_choice":"Donut","damage_taken":0,"max_hp_gain":5,"max_hp_loss":0,"event_name":"Big Fish","floor":2,"gold_loss":0},{"damage_healed":0,"gold_gain":0,"player_choice":"Success","damage_taken":3,"relics_obtained":["Toxic Egg 2"],"max_hp_gain":0,"max_hp_loss":0,"event_name":"Scrap Ooze","floor":4,"gold_loss":0},{"damage_healed":0,"gold_gain":75,"player_choice":"Gather Gold","damage_taken":11,"max_hp_gain":0,"max_hp_loss":0,"event_name":"World of Goop","floor":8,"gold_loss":0},{"cards_removed":["Strike_G"],"damage_healed":0,"gold_gain":0,"player_choice":"Forget","damage_taken":0,"max_hp_gain":0,"max_hp_loss":0,"event_name":"Living Wall","floor":11,"gold_loss":0}],"is_beta":false,"boss_relics":[],"items_purged_floors":[13],"is_endless":false,"potions_floor_spawned":[1,3,14],"killed_by":"Slime Boss","ascension_level":1}}