{"host":"9jj9tzo2iym4bpat","time":1610676696,"event":{"mods":["Act Like it!","BaseMod","CapriCore","Colored Map","Dark Map","Luminous","Marisa????????","Minty Spire (QoL Compilation)","Permanent Neow","StSLib","Td1madao Mod","The Animator","The Immortal","The Marked","The Servant 0.9.4","Yakumo Yukari mod"],"gold_per_floor":[132,132,144,38,38,72,147,147,147,158,185,185,520,37,37,140,140,155,29,46,61,61,61,73,85,97,16,26,39,39,69,69,166,166,186,186,186,186,202,202,215,225,225,225,265,265,275,40,40,40],"floor_reached":51,"language":"ENG","playtime":1808,"items_purged":[],"score":950,"play_id":"270f4ba2-a35d-4d4c-8c2b-fe4a0c2e38d7","local_time":"20210114201136","is_ascension_mode":true,"campfire_choices":[{"floor":8,"key":"REST"},{"floor":12,"key":"REST"},{"floor":15,"key":"DIG"},{"floor":23,"key":"DIG"},{"floor":30,"key":"DIG"},{"floor":32,"key":"DIG"},{"floor":40,"key":"DIG"},{"floor":44,"key":"DIG"},{"floor":46,"key":"DIG"},{"floor":49,"key":"DIG"}],"circlet_count":0,"master_deck":["Defend_purpleEX+1","Defend_purpleEX+1","Defend_purpleEX+1","Observe_purple_1","Observe_purple_2+1","Fancifulhole_purple","MeetDecomposer_purple+1","Photoelasticity_Doppler_Effect_purple","Umbrella_purple","AdvanceAttack_purple","EighthInstrument_OneDividesIntoTwo_purple+1","Charmbait_purple","Shallow_ocean_purpleEX","Shallow_ocean_purpleEX","Line_surface_state_purple","Know_ledgeAbilityRealm_purple","WangLiang_LineAndCurveDreams_purple+1","Umbrella_purple+1","StateDuplicate_purple+1","Charmbait_purple+1","OmniscientAndOmnipotent_Monster_purple","OpenedBox_purple","PositiveMatter_Antimatter_Universe_purple","Boundary_of_Extermination_purpleEX","Nest_LightFlightworm_purple+1","StateErode_purple+1","Charmbait_purple+1","Enlightenment","Purity","Observe_purple_1","PositiveMatter_Antimatter_Universe_purple","Shallow_ocean_purpleEX","Shallow_ocean_purpleEX"],"relics":["Boundary_crack","Memoryfragments_purpleEX","Boot","HornCleat","Shovel","The Courier","Old Coin","Lee\u0027s Waffle","Matryoshka","Antimatter_spacedebris","Regal Pillow","Astrolabe","Akabeko","MawBank","PureWater","War Paint","Blue Candle","Pantograph","Juzu Bracelet","Toy Ornithopter","Philosopher\u0027s Stone","Whetstone","Bag of Marbles","Eternal Feather","CeramicFish","ThegodofHakurei_purpleEX","Singing Bowl","Calipers","Bottled Lightning"],"acts_visited":["Exordium","TheCity","TheBeyond"],"potions_floor_usage":[16,33,33,50,50,50],"damage_taken":[{"damage":6,"enemies":"Small Slimes","floor":1,"turns":3},{"damage":0,"enemies":"2 Louse","floor":3,"turns":3},{"damage":24,"enemies":"3 Sentries","floor":6,"turns":7},{"damage":1,"enemies":"Jaw Worm","floor":10,"turns":3},{"damage":7,"enemies":"Gremlin Nob","floor":11,"turns":3},{"damage":11,"enemies":"3 Sentries","floor":13,"turns":4},{"damage":29,"enemies":"Hexaghost","floor":16,"turns":8},{"damage":2,"enemies":"Chosen","floor":18,"turns":4},{"damage":0,"enemies":"Spheric Guardian","floor":20,"turns":1},{"damage":0,"enemies":"Snecko","floor":21,"turns":3},{"damage":1,"enemies":"Shelled Parasite and Fungi","floor":28,"turns":2},{"damage":0,"enemies":"Centurion and Healer","floor":29,"turns":3},{"damage":4,"enemies":"Book of Stabbing","floor":31,"turns":4},{"damage":0,"enemies":"Collector","floor":33,"turns":7},{"damage":0,"enemies":"3 Darklings","floor":35,"turns":1},{"damage":3,"enemies":"3 Shapes","floor":39,"turns":1},{"damage":0,"enemies":"Transient","floor":41,"turns":5},{"damage":0,"enemies":"4 Shapes","floor":42,"turns":1},{"damage":10,"enemies":"Giant Head","floor":45,"turns":5},{"damage":0,"enemies":"Sphere and 2 Shapes","floor":47,"turns":1},{"damage":44,"enemies":"Awakened One","floor":50,"turns":5}],"seed_played":"-2261576364482927300","potions_obtained":[{"floor":3,"key":"Swift Potion"},{"floor":6,"key":"Block Potion"},{"floor":16,"key":"Fire Potion"},{"floor":28,"key":"Energy Potion"},{"floor":33,"key":"PowerPotion"},{"floor":35,"key":"EssenceOfSteel"},{"floor":42,"key":"Regen Potion"}],"is_trial":false,"path_per_floor":["M","?","M","$","?","E","?","R","T","M","E","R","E","$","R","B",null,"M","$","M","M","?","R","?","?","T","$","M","M","R","E","R","B",null,"M","?","?","?","M","R","M","M","T","R","E","R","M","$","R","B",null],"character_chosen":"Youkari","items_purchased":["Umbrella_purple","AdvanceAttack_purple","Lee\u0027s Waffle","Line_surface_state_purple","Matryoshka","Antimatter_spacedebris","Akabeko","PositiveMatter_Antimatter_Universe_purple","Boundary_of_Extermination_purpleEX","Calipers"],"campfire_rested":2,"item_purchase_floors":[4,4,14,14,14,14,19,27,27,48],"current_hp_per_floor":[65,53,53,53,37,13,2,23,23,23,16,37,26,77,77,48,77,77,77,77,77,77,77,77,77,77,77,76,77,77,75,75,77,77,77,77,77,77,74,74,74,74,74,77,67,77,79,79,79,45],"gold":40,"neow_bonus":"ONE_RANDOM_RARE_CARD","is_daily":false,"chose_seed":false,"campfire_upgraded":0,"win_rate":0.0,"timestamp":1610676696,"path_taken":["M","?","M","$","?","E","?","R","T","M","E","R","E","$","R","BOSS","M","$","M","M","?","R","?","?","T","$","M","M","R","E","R","BOSS","M","?","?","?","M","R","M","M","T","R","E","R","M","$","R","BOSS"],"items_purchased_type":["Card","Card","Relic","Card","Relic","Relic","Relic","Card","Card","Relic"],"build_version":"2020-12-22","purchased_purges":0,"victory":true,"max_hp_per_floor":[70,70,70,70,70,70,70,70,70,70,70,70,70,77,77,77,77,77,77,77,77,77,77,77,77,77,77,77,77,77,77,77,77,77,77,77,77,77,77,77,77,77,77,77,77,77,79,79,79,79],"card_choices":[{"not_picked":["Shallow_ocean_purpleEX","SharpContractionReality_purple"],"picked":"MeetDecomposer_purple","floor":1},{"not_picked":["Worldmountain_purple","SharpContractionReality_purple"],"picked":"Photoelasticity_Doppler_Effect_purple","floor":3},{"not_picked":["SharpContractionReality_purple","ButterflyHabitatTemple_purple"],"picked":"EighthInstrument_OneDividesIntoTwo_purple","floor":6},{"not_picked":["Mirror_FormAndEmptin_purple","ExistenceContinue_purple"],"picked":"Charmbait_purple","floor":10},{"not_picked":["StateErode_purple","DimensionStaggered_purple"],"picked":"Shallow_ocean_purpleEX","floor":11},{"not_picked":["WasteWire_Metro_purple","Realm_recovery_purpleEX"],"picked":"Shallow_ocean_purpleEX","floor":13},{"not_picked":["Monsters_DoubleDeathButterfly_purple","Theboundaryofcreation_purpleEX"],"picked":"Know_ledgeAbilityRealm_purple","floor":16},{"not_picked":["SfantasyHide_purple","AdvanceAttack_purple"],"picked":"StateDuplicate_purple+1","floor":18},{"not_picked":["ExistenceContinue_purple","RealityDreamConfluencek_purple"],"picked":"Charmbait_purple+1","floor":20},{"not_picked":["RuptureOfTimeAndSpace_purple","AdvanceAttack_purple","WeekHit_purple"],"picked":"SKIP","floor":21},{"not_picked":["Mirror_FourBoundary_purple","MeetDecomposer_purple"],"picked":"Nest_LightFlightworm_purple","floor":28},{"not_picked":["Mirror_FormAndEmptin_purple","OmniscientAndOmnipotent_Monster_purple"],"picked":"StateErode_purple+1","floor":29},{"not_picked":["Boundary_DynamicStaticEquilibrium_purple","Worldmountain_purple","MNeedle_purple"],"picked":"SKIP","floor":31},{"not_picked":["StateErode_purple+1","DarkRealmRedLine_purple+1"],"picked":"Charmbait_purple+1","floor":35},{"not_picked":["Discovery","Swift Strike"],"picked":"Enlightenment","floor":36},{"not_picked":["StateErode_purple+1","WingOfChimera_purple","Umbrella_purple+1"],"picked":"SKIP","floor":39},{"not_picked":["ExistenceContinue_purple","AdvanceAttack_purple"],"picked":"Shallow_ocean_purpleEX","floor":41},{"not_picked":["Extrememeaning_purpleEX+1","Mirror_FormAndEmptin_purple+1","AdvanceAttack_purple+1"],"picked":"SKIP","floor":42},{"not_picked":["SfantasyHide_purple","Realm_recovery_purpleEX"],"picked":"Shallow_ocean_purpleEX","floor":45},{"not_picked":["Fantasy_PerpetualMotionMachine_purple+1","Fancifulhole_purple","StretchesForeverDream_purple"],"picked":"Singing Bowl","floor":47}],"player_experience":247440,"relics_obtained":[{"floor":6,"key":"HornCleat"},{"floor":9,"key":"Shovel"},{"floor":11,"key":"The Courier"},{"floor":13,"key":"Old Coin"},{"floor":15,"key":"Regal Pillow"},{"floor":23,"key":"MawBank"},{"floor":26,"key":"War Paint"},{"floor":26,"key":"Blue Candle"},{"floor":30,"key":"Pantograph"},{"floor":31,"key":"Juzu Bracelet"},{"floor":32,"key":"Toy Ornithopter"},{"floor":40,"key":"Whetstone"},{"floor":43,"key":"Bag of Marbles"},{"floor":43,"key":"Eternal Feather"},{"floor":44,"key":"CeramicFish"},{"floor":45,"key":"ThegodofHakurei_purpleEX"},{"floor":46,"key":"Singing Bowl"},{"floor":49,"key":"Bottled Lightning"}],"event_choices":[{"damage_healed":0,"gold_gain":0,"player_choice":"Success","damage_taken":12,"relics_obtained":["Boot"],"max_hp_gain":0,"max_hp_loss":0,"event_name":"Scrap Ooze","floor":2,"gold_loss":0},{"damage_healed":0,"gold_gain":75,"player_choice":"Gather Gold","damage_taken":11,"max_hp_gain":0,"max_hp_loss":0,"event_name":"World of Goop","floor":7,"gold_loss":0},{"damage_healed":0,"gold_gain":0,"player_choice":"Simplicity","damage_taken":0,"max_hp_gain":0,"max_hp_loss":0,"event_name":"Back to Basics","floor":22,"gold_loss":0,"cards_upgraded":["AT_purpleEX","Defend_purpleEX","Defend_purpleEX","Defend_purpleEX","Defend_purpleEX"]},{"damage_healed":0,"gold_gain":0,"cards_transformed":["AT_purpleEX","Defend_purpleEX"],"player_choice":"Became Test Subject","damage_taken":0,"max_hp_gain":0,"max_hp_loss":0,"event_name":"Drug Dealer","floor":24,"gold_loss":0,"cards_obtained":["OmniscientAndOmnipotent_Monster_purple","OpenedBox_purple"]},{"damage_healed":0,"gold_gain":0,"player_choice":"Memory 1","damage_taken":0,"max_hp_gain":0,"max_hp_loss":0,"event_name":"SensoryStone","floor":36,"gold_loss":0},{"damage_healed":0,"gold_gain":0,"player_choice":"3 cards matched","damage_taken":0,"max_hp_gain":0,"max_hp_loss":0,"event_name":"Match and Keep!","floor":37,"gold_loss":0,"cards_obtained":["Purity","Observe_purple_1","PositiveMatter_Antimatter_Universe_purple"]},{"cards_removed":["LoveAcrossDimensions_purple"],"damage_healed":0,"gold_gain":0,"player_choice":"Removed Power","damage_taken":0,"max_hp_gain":0,"max_hp_loss":0,"event_name":"Falling","floor":38,"gold_loss":0}],"is_beta":false,"boss_relics":[{"not_picked":["Velvet Choker","SlaversCollar"],"picked":"Astrolabe"},{"not_picked":["Tiny House","Coffee Dripper"],"picked":"Philosopher\u0027s Stone"}],"items_purged_floors":[],"is_endless":false,"potions_floor_spawned":[3,6,16,28,33,35,41,42],"ascension_level":1}}