{"host":"4g8vayc9pwrwu92h","time":1610706152,"event":{"mods":["BaseMod","Downfall","Marked Mod","Minty Spire (QoL Compilation)","Quick Restart","Replay The Spire","StSLib","The Jungle"],"gold_per_floor":[119,119,119,135,54,80,80,105,129,143,143,174,174,203,203,302,302,302,302],"floor_reached":18,"language":"ZHS","playtime":2302,"items_purged":[],"score":233,"play_id":"1ac8d399-bc1a-4c73-b8e9-3924ee3daebc","local_time":"20210115182232","is_ascension_mode":true,"campfire_choices":[{"floor":7,"key":"RECALL"},{"floor":11,"key":"REST"},{"data":"Dualcast","floor":13,"key":"SMITH"},{"data":"Consume","floor":15,"key":"SMITH"}],"circlet_count":0,"master_deck":["Strike_B","Strike_B","Strike_B","Defend_B+1","Defend_B","Defend_B","Defend_B","Zap","Dualcast+1","Self Repair","Go for the Eyes+1","Stack","Consume+1","Core Surge","ReplayTheSpireMod:System Scan","FIFO Queue","FTL","Creative AI"],"relics":["Cracked Core","Replay:Antivirus Software","Boot","PreservedInsect","Anchor","Omamori","HornCleat","Replay:Bronze Core"],"acts_visited":["Exordium","TheCity"],"potions_floor_usage":[6,14,16,16],"damage_taken":[{"damage":3,"enemies":"Jaw Worm","floor":1,"turns":4},{"damage":0,"enemies":"2 Louse","floor":4,"turns":2},{"damage":19,"enemies":"Lagavulin","floor":6,"turns":8},{"damage":38,"enemies":"3 Sentries","floor":8,"turns":10},{"damage":1,"enemies":"Small Slimes","floor":10,"turns":3},{"damage":17,"enemies":"Lagavulin","floor":12,"turns":7},{"damage":15,"enemies":"3 Sentries","floor":14,"turns":8},{"damage":29,"enemies":"The Guardian","floor":16,"turns":12},{"damage":0,"enemies":"Shell Parasite","floor":18,"turns":3}],"seed_played":"3302541590003966738","potions_obtained":[{"floor":1,"key":"LifebloodPotion"},{"floor":10,"key":"SpeedPotion"},{"floor":12,"key":"Energy Potion"},{"floor":14,"key":"Explosive Potion"}],"is_trial":false,"path_per_floor":["M","?","?","M","$","E","R","E","T","M","R","E","R","E","R","B",null,"M"],"character_chosen":"DEFECT","items_purchased":["Consume"],"campfire_rested":1,"item_purchase_floors":[5],"current_hp_per_floor":[72,72,72,75,75,63,63,32,32,38,60,50,50,42,42,20,61,61,61],"gold":302,"neow_bonus":"RANDOM_COMMON_RELIC","is_daily":false,"chose_seed":false,"campfire_upgraded":2,"win_rate":0.0,"timestamp":1610706152,"path_taken":["M","?","?","M","$","E","R","E","T","M","R","E","R","E","R","BOSS","M"],"items_purchased_type":["Card"],"build_version":"2020-12-22","purchased_purges":0,"victory":false,"max_hp_per_floor":[75,75,75,75,75,75,75,75,75,75,75,75,75,75,75,75,75,75,75],"card_choices":[{"not_picked":["Rip and Tear","Chaos"],"picked":"Self Repair","floor":1},{"not_picked":["Cold Snap","Sweeping Beam"],"picked":"Stack","floor":4},{"not_picked":["Static Discharge","Ball Lightning"],"picked":"Core Surge","floor":6},{"not_picked":["Reprogram","Stack"],"picked":"ReplayTheSpireMod:System Scan","floor":8},{"not_picked":["Aggregate","Darkness"],"picked":"FIFO Queue","floor":10},{"not_picked":["Steam","Reprogram"],"picked":"FTL","floor":12},{"not_picked":["Chaos","Steam","Steam Power"],"picked":"SKIP","floor":14},{"not_picked":["All For One","Machine Learning"],"picked":"Creative AI","floor":16}],"player_experience":423032,"relics_obtained":[{"floor":6,"key":"Boot"},{"floor":8,"key":"PreservedInsect"},{"floor":9,"key":"Anchor"},{"floor":12,"key":"Omamori"},{"floor":14,"key":"HornCleat"}],"event_choices":[],"is_beta":false,"boss_relics":[{"not_picked":["Snecko Eye","Ectoplasm"],"picked":"Replay:Bronze Core"}],"items_purged_floors":[],"is_endless":false,"potions_floor_spawned":[1,10,12,14],"killed_by":"Shell Parasite","ascension_level":5}}