{"host":"l60rmjjsfi0fipmi","time":1610677925,"event":{"mods":["BaseMod","Colored Map","DeckTracker","Highlight Path","Minty Spire (QoL Compilation)","StSLib"],"gold_per_floor":[119,138,155,53,53,53,126,150,177,191,191,36,54,77,77,207,207,223,148,173,88,115,115,155,155,180,180,279,62,76,76,76],"floor_reached":31,"language":"ENG","playtime":1539,"items_purged":["Strike_G"],"score":306,"play_id":"d42a2f4a-74a1-48a4-86a1-6a201e68a25a","local_time":"20210114213205","is_ascension_mode":true,"campfire_choices":[{"data":"Dodge and Roll","floor":6,"key":"SMITH"},{"floor":15,"key":"REST"},{"floor":23,"key":"REST"},{"floor":25,"key":"REST"}],"circlet_count":0,"master_deck":["Strike_G+1","Strike_G+1","Strike_G","Defend_G","Defend_G","Defend_G","Defend_G","Defend_G","Survivor","Neutralize+1","Backstab","Poisoned Stab","Setup","Dodge and Roll+1","Well Laid Plans","Blade Dance","Crippling Poison","Backflip","Noxious Fumes","Bouncing Flask","A Thousand Cuts","Footwork","Bouncing Flask+1","Cloak And Dagger","Caltrops","Apotheosis"],"relics":["Ring of the Serpent","Golden Idol","Tiny Chest","Whetstone","Snake Skull","Omamori","Darkstone Periapt","PreservedInsect"],"acts_visited":["Exordium","TheCity"],"potions_floor_usage":[7,24,27,30,31],"damage_taken":[{"damage":0,"enemies":"Cultist","floor":1,"turns":3},{"damage":1,"enemies":"Jaw Worm","floor":2,"turns":4},{"damage":0,"enemies":"Small Slimes","floor":3,"turns":3},{"damage":19,"enemies":"3 Sentries","floor":7,"turns":9},{"damage":14,"enemies":"Red Slaver","floor":8,"turns":5},{"damage":7,"enemies":"3 Louse","floor":10,"turns":3},{"damage":3,"enemies":"2 Fungi Beasts","floor":13,"turns":3},{"damage":6,"enemies":"Looter","floor":14,"turns":3},{"damage":9,"enemies":"Hexaghost","floor":16,"turns":8},{"damage":24,"enemies":"3 Byrds","floor":18,"turns":4},{"damage":22,"enemies":"Spheric Guardian","floor":20,"turns":6},{"damage":24,"enemies":"Gremlin Leader","floor":24,"turns":6},{"damage":22,"enemies":"Colosseum Slavers","floor":27,"turns":5},{"damage":7,"enemies":"Cultist and Chosen","floor":30,"turns":7},{"damage":9,"enemies":"Snake Plant","floor":31,"turns":2}],"seed_played":"-4277003963444560794","potions_obtained":[{"floor":1,"key":"EssenceOfSteel"},{"floor":3,"key":"ColorlessPotion"},{"floor":7,"key":"Strength Potion"},{"floor":10,"key":"GhostInAJar"},{"floor":11,"key":"Energy Potion"},{"floor":30,"key":"Energy Potion"}],"is_trial":false,"path_per_floor":["M","M","M","$","?","R","E","M","T","M","?","$","M","M","R","B",null,"M","?","M","?","T","R","E","R","T","?","?","$","M","M"],"character_chosen":"THE_SILENT","items_purchased":["Dodge and Roll","Well Laid Plans","Noxious Fumes","Caltrops","Apotheosis"],"campfire_rested":3,"item_purchase_floors":[4,4,12,29,29],"current_hp_per_floor":[70,69,69,69,65,65,46,32,32,25,25,25,22,16,35,26,65,41,41,19,19,19,38,14,33,33,11,11,11,4,0,0],"gold":76,"neow_bonus":"UPGRADE_CARD","is_daily":false,"chose_seed":false,"campfire_upgraded":1,"win_rate":0.0,"timestamp":1610677925,"path_taken":["M","?","M","$","?","R","E","M","T","M","?","$","M","M","R","BOSS","M","?","M","?","?","R","E","R","T","?","?","$","M","M"],"items_purchased_type":["Card","Card","Card","Card","Card"],"build_version":"2020-12-22","purchased_purges":1,"victory":false,"max_hp_per_floor":[70,70,70,70,65,65,65,65,65,65,65,65,65,65,65,65,65,65,65,65,65,65,65,65,65,65,65,65,65,65,65,65],"card_choices":[{"not_picked":["Reflex","Poisoned Stab"],"picked":"Backstab","floor":1},{"not_picked":["Quick Slash","Escape Plan"],"picked":"Poisoned Stab","floor":2},{"not_picked":["Blade Dance","Sucker Punch"],"picked":"Setup","floor":3},{"not_picked":["Underhanded Strike","PiercingWail"],"picked":"Blade Dance","floor":7},{"not_picked":["Expertise","Skewer"],"picked":"Crippling Poison","floor":8},{"not_picked":["Burst","Deflect"],"picked":"Backflip","floor":10},{"not_picked":["Leg Sweep","Terror"],"picked":"Bouncing Flask","floor":13},{"not_picked":["Bane","Deflect","Backflip"],"picked":"SKIP","floor":14},{"not_picked":["Storm of Steel","Phantasmal Killer"],"picked":"A Thousand Cuts","floor":16},{"not_picked":["Masterful Stab","Choke"],"picked":"Footwork","floor":18},{"not_picked":["Underhanded Strike","Backflip"],"picked":"Bouncing Flask+1","floor":20},{"not_picked":["Malaise","Die Die Die"],"picked":"Cloak And Dagger","floor":24},{"not_picked":["Backflip","Riddle With Holes","Flying Knee+1"],"picked":"SKIP","floor":30}],"player_experience":398559,"relics_obtained":[{"floor":7,"key":"Tiny Chest"},{"floor":9,"key":"Whetstone"},{"floor":22,"key":"Omamori"},{"floor":24,"key":"Darkstone Periapt"},{"floor":26,"key":"PreservedInsect"}],"event_choices":[{"damage_healed":0,"gold_gain":0,"player_choice":"Lose Max HP","damage_taken":0,"relics_obtained":["Golden Idol"],"max_hp_gain":0,"max_hp_loss":5,"event_name":"Golden Idol","floor":5,"gold_loss":0},{"damage_healed":0,"gold_gain":0,"player_choice":"Got Potions","damage_taken":0,"max_hp_gain":0,"max_hp_loss":0,"event_name":"Lab","floor":11,"gold_loss":0},{"cards_removed":["Strike_G"],"damage_healed":0,"gold_gain":0,"player_choice":"Gave Gold","damage_taken":0,"max_hp_gain":0,"max_hp_loss":0,"event_name":"Beggar","floor":19,"gold_loss":75},{"damage_healed":0,"gold_gain":0,"player_choice":"Obtained Relic","damage_taken":0,"relics_obtained":["Snake Skull"],"max_hp_gain":0,"max_hp_loss":0,"event_name":"Addict","floor":21,"gold_loss":85},{"damage_healed":0,"gold_gain":0,"player_choice":"Fight","damage_taken":0,"max_hp_gain":0,"max_hp_loss":0,"event_name":"Colosseum","floor":27,"gold_loss":0},{"damage_healed":0,"gold_gain":0,"player_choice":"Fled From Nobs","damage_taken":0,"max_hp_gain":0,"max_hp_loss":0,"event_name":"Colosseum","floor":27,"gold_loss":0},{"damage_healed":0,"gold_gain":99,"player_choice":"Stole From Cult","damage_taken":0,"max_hp_gain":0,"max_hp_loss":0,"event_name":"Nest","floor":28,"gold_loss":0}],"is_beta":false,"boss_relics":[{"not_picked":["Fusion Hammer","SlaversCollar"],"picked":"Ring of the Serpent"}],"items_purged_floors":[12],"is_endless":false,"potions_floor_spawned":[1,3,7,10,14,18,30],"killed_by":"Snake Plant","ascension_level":4}}