{"host":"z9nhqy1wc0bvpk1o","time":1610674006,"event":{"mods":["BaseMod","Colored Map","Colored Powertips","Downfall","Minty Spire (QoL Compilation)","Replay The Spire","StSLib","The Cursed"],"gold_per_floor":[117,117,130,141,66,16,16,41,41,41,55,55,55,74,74,172,172,172,172,172,24,24,24,24,24,24,24,24,24,24],"floor_reached":29,"language":"ENG","playtime":946,"items_purged":["Defend_R"],"score":241,"play_id":"ba5ed58e-99df-43b3-bb9b-41603d98616f","local_time":"20210115012646","is_ascension_mode":false,"campfire_choices":[{"floor":7,"key":"REST"},{"data":"Spot Weakness","floor":10,"key":"SMITH"},{"floor":15,"key":"REST"},{"floor":25,"key":"REST"}],"circlet_count":0,"master_deck":["Defend_R+1","Defend_R+1","Bash","Replay:Undeath\u0027s Touch","Metallicize","Anger","Spot Weakness+1","Regret","Heavy Blade","Double Tap","Shame","Slimebound:Tackle+1","Slimebound:Tackle+1","Slimebound:Tackle+1","Inflame","Armaments+1","Flex+1"],"relics":["ChewingGum","Gremlin Horn","Whetstone","Happy Flower","Ectoplasm","Sundial","HandDrill","Toxic Egg 2","Bronze Scales"],"acts_visited":["Exordium","TheCity"],"potions_floor_usage":[27],"damage_taken":[{"damage":6,"enemies":"2 Louse","floor":1,"turns":3},{"damage":6,"enemies":"Cultist","floor":3,"turns":3},{"damage":10,"enemies":"Jaw Worm","floor":4,"turns":3},{"damage":19,"enemies":"Gremlin Nob","floor":8,"turns":4},{"damage":7,"enemies":"Looter","floor":11,"turns":2},{"damage":13,"enemies":"Blue Slaver","floor":14,"turns":2},{"damage":10,"enemies":"Slime Boss","floor":16,"turns":5},{"damage":6,"enemies":"Spheric Guardian","floor":18,"turns":3},{"damage":41,"enemies":"Book of Stabbing","floor":23,"turns":4},{"damage":19,"enemies":"Shell Parasite","floor":24,"turns":3},{"damage":13,"enemies":"Snake Plant","floor":27,"turns":2},{"damage":6,"enemies":"Sentry and Sphere","floor":29,"turns":1}],"seed_played":"-7697953387227805543","potions_obtained":[{"floor":1,"key":"Milkshake"},{"floor":2,"key":"SkillPotion"},{"floor":2,"key":"HeartOfIron"}],"is_trial":false,"path_per_floor":["M","?","M","M","$","?","R","E","T","R","M","?","$","M","R","B",null,"M","?","?","$","?","E","M","R","T","M","?","M"],"character_chosen":"IRONCLAD","items_purchased":["HandDrill"],"campfire_rested":3,"item_purchase_floors":[21],"current_hp_per_floor":[74,74,68,58,58,58,80,61,61,61,54,54,54,41,65,55,80,74,74,74,74,74,33,14,38,38,25,10,4,4],"gold":24,"neow_bonus":"BOSS_RELIC","is_daily":false,"chose_seed":false,"campfire_upgraded":1,"win_rate":0.0,"timestamp":1610674006,"path_taken":["M","?","?","M","?","?","R","E","T","R","M","?","?","M","R","BOSS","M","?","?","$","?","E","M","R","T","M","?","M"],"items_purchased_type":["Relic"],"build_version":"2020-12-22","purchased_purges":1,"victory":false,"max_hp_per_floor":[80,80,80,80,80,80,80,80,80,80,80,80,80,80,80,80,80,80,80,80,80,80,80,80,80,80,80,85,85,85],"card_choices":[{"not_picked":["Dual Wield","Defy Death"],"picked":"Replay:Undeath\u0027s Touch","floor":1},{"not_picked":["Shrug It Off","Iron Wave"],"picked":"Metallicize","floor":3},{"not_picked":["Sword Boomerang","Shrug It Off"],"picked":"Anger","floor":4},{"not_picked":["True Grit","Heavy Blade"],"picked":"Spot Weakness","floor":8},{"not_picked":["Run Through","True Grit","Rage"],"picked":"SKIP","floor":11},{"not_picked":["Replay:Undeath\u0027s Touch","Pommel Strike"],"picked":"Heavy Blade","floor":14},{"not_picked":["Replay:Many Hands","Barricade"],"picked":"Double Tap","floor":16},{"not_picked":["Shrug It Off+1","Sword Boomerang+1","Entrench"],"picked":"SKIP","floor":18},{"not_picked":["Pummel","Warcry+1"],"picked":"Inflame","floor":23},{"not_picked":["Anger","Pummel+1"],"picked":"Armaments+1","floor":24},{"not_picked":["Heavy Blade","Perfected Strike"],"picked":"Flex+1","floor":27}],"player_experience":21998,"relics_obtained":[{"floor":8,"key":"Gremlin Horn"},{"floor":9,"key":"Whetstone"},{"floor":23,"key":"Toxic Egg 2"},{"floor":26,"key":"Bronze Scales"}],"event_choices":[{"damage_healed":0,"gold_gain":0,"player_choice":"Got Potions","damage_taken":0,"max_hp_gain":0,"max_hp_loss":0,"event_name":"Lab","floor":2,"gold_loss":0},{"cards_removed":["Defend_R"],"damage_healed":0,"gold_gain":0,"player_choice":"Card Removal","damage_taken":0,"max_hp_gain":0,"max_hp_loss":0,"event_name":"The Cleric","floor":6,"gold_loss":50},{"damage_healed":0,"gold_gain":0,"player_choice":"Box","damage_taken":0,"relics_obtained":["Happy Flower"],"max_hp_gain":0,"max_hp_loss":0,"event_name":"Big Fish","floor":12,"gold_loss":0,"cards_obtained":["Regret"]},{"damage_healed":0,"gold_gain":0,"player_choice":"Stole Relic","damage_taken":0,"relics_obtained":["Sundial"],"max_hp_gain":0,"max_hp_loss":0,"event_name":"Addict","floor":19,"gold_loss":0,"cards_obtained":["Shame"]},{"damage_healed":0,"gold_gain":0,"player_choice":"Simplicity","damage_taken":0,"max_hp_gain":0,"max_hp_loss":0,"event_name":"Back to Basics","floor":22,"gold_loss":0,"cards_upgraded":["Defend_R","Defend_R"]},{"damage_healed":0,"gold_gain":0,"player_choice":"Shed Blood","damage_taken":20,"max_hp_gain":5,"max_hp_loss":0,"event_name":"Forgotten Altar","floor":28,"gold_loss":0}],"is_beta":false,"boss_relics":[{"not_picked":["Velvet Choker","Ooze Armor"],"picked":"Ectoplasm"}],"items_purged_floors":[5],"is_endless":false,"potions_floor_spawned":[1,11,18],"killed_by":"Sentry and Sphere","ascension_level":0}}