{"host":"2c1pg2m9wpz3w4c0","time":1610678187,"event":{"mods":["AchievementEnabler","Act Like it!","Aspiration","BaseMod","Better Note","BetterRewards","Curses Come First","Disable Question Mark Monsters","Halation","Hubris","Infinite Spire","Lotus Mark","Marisa????????","Minty Spire (QoL Compilation)","Replay The Spire","StSLib","SuperFastMode","The Clintock","The Jungle","The Marked","The Runesmith","Transform Curses"],"gold_per_floor":[110,185,31,51,51,51,65,65,65,84,84,84,95,113,113,211,211,231,246,246,246,119,119,136,136,136,136,190,200,213,229,229,324,324,343,343,393,393,404,404,404,404],"floor_reached":41,"language":"ENG","playtime":1445,"items_purged":[],"score":533,"play_id":"370602d1-6c3a-4d99-ba6b-94769ee5ded6","local_time":"20210114193627","is_ascension_mode":false,"campfire_choices":[{"data":"Infernal Blade","floor":6,"key":"SMITH"},{"data":"Armaments","floor":11,"key":"SMITH"},{"floor":15,"key":"REST"},{"data":"infinitespire:Collect","floor":23,"key":"SMITH"},{"data":"Rage","floor":25,"key":"SMITH"},{"floor":32,"key":"REST"},{"floor":40,"key":"REST"}],"circlet_count":0,"master_deck":["Strike_R","Strike_R","Strike_R","Strike_R","Strike_R","Defend_R","Defend_R","Defend_R","Defend_R","Bash","hubris:SharpeningStone","Body Slam","Exhume","Infernal Blade+1","Armaments+1","Twin Strike+1","Perfected Strike+1","Rage+1","hubris:StunningStrike+1","ReplayTheSpireMod:Strike From Hell+1","infinitespire:OneForAll+1","infinitespire:Collect+1","hubris:CleavingFinish+1","Trip+1","Anger+1","Seeing Red","ReplayTheSpireMod:Muscle Training","Anger+1","Double Tap+1","Shrug It Off","Body Slam+1","Madness","Madness","hubris:ReadiedAction"],"relics":["Burning Blood","Tiny Chest","Kunai","Molten Egg 2","The Courier","Golden Egg","SlaversCollar","Bottled Lightning","ReplayFunnel","halation:EternalFortune","infinitespire:Joker Card"],"acts_visited":["Exordium","theJungle:Jungle","TheBeyond"],"potions_floor_usage":[4,16,24,29,30,37,41],"damage_taken":[{"damage":0,"enemies":"Small Slimes","floor":1,"turns":4},{"damage":0,"enemies":"2 Louse","floor":4,"turns":3},{"damage":15,"enemies":"Jaw Worm","floor":7,"turns":5},{"damage":0,"enemies":"Exordium Wildlife","floor":10,"turns":4},{"damage":12,"enemies":"Exordium Thugs","floor":13,"turns":5},{"damage":10,"enemies":"Looter","floor":14,"turns":3},{"damage":30,"enemies":"Fading Forest","floor":16,"turns":11},{"damage":1,"enemies":"theJungle:5_Spyders","floor":18,"turns":9},{"damage":8,"enemies":"theJungle:MUSHROOMGANG","floor":19,"turns":6},{"damage":19,"enemies":"theJungle:Lyon","floor":24,"turns":6},{"damage":10,"enemies":"theJungle:Snecko_Cultist_And_Trap","floor":29,"turns":6},{"damage":10,"enemies":"theJungle:JungleHuntersEncounter","floor":30,"turns":6},{"damage":16,"enemies":"theJungle:SlimyTreeVines","floor":31,"turns":5},{"damage":6,"enemies":"theJungle:QueenSpyder","floor":33,"turns":9},{"damage":10,"enemies":"Orb Walker","floor":35,"turns":2},{"damage":29,"enemies":"2 Orb Walkers","floor":37,"turns":6},{"damage":11,"enemies":"3 Shapes","floor":39,"turns":7},{"damage":71,"enemies":"Nightmare","floor":41,"turns":8}],"seed_played":"-7628189590178755539","potions_obtained":[{"floor":1,"key":"BlessingOfTheForge"},{"floor":10,"key":"DuplicationPotion"},{"floor":16,"key":"ColorlessPotion"},{"floor":24,"key":"PowerPotion"},{"floor":29,"key":"Languid Potion"},{"floor":35,"key":"Block Potion"},{"floor":37,"key":"Block Potion"}],"is_trial":false,"path_per_floor":["M","?","$","M","?","R","M","$","T","M","R","T","M","M","R","B",null,"M","M","?","?","$","R","M","R","T","$","T","M","M","M","R","B",null,"M","?","?","?","M","R","NM"],"character_chosen":"IRONCLAD","items_purchased":["Tiny Chest","Kunai","hubris:SharpeningStone","Exhume","hubris:CleavingFinish+1","Trip"],"campfire_rested":3,"item_purchase_floors":[0,0,0,3,22,22],"current_hp_per_floor":[69,58,58,64,64,64,55,55,55,61,61,61,55,51,75,62,80,80,78,78,78,78,78,65,65,65,65,65,61,57,53,77,77,80,76,79,56,46,41,65,0,0],"gold":404,"neow_bonus":"","is_daily":false,"chose_seed":false,"campfire_upgraded":4,"win_rate":0.0,"timestamp":1610678187,"path_taken":["M","?","$","M","?","R","M","?","T","M","R","?","M","M","R","BOSS","M","M","?","?","$","R","?","R","T","$","?","M","M","M","R","BOSS","M","?","?","?","M","R","NM"],"items_purchased_type":["Relic","Relic","Card","Card","Card","Card"],"build_version":"2020-12-22","purchased_purges":0,"victory":false,"max_hp_per_floor":[80,80,80,80,80,80,80,80,80,80,80,80,80,80,80,80,80,80,80,80,80,80,80,80,80,80,80,80,80,80,80,80,80,80,80,83,83,83,83,83,83,83],"card_choices":[{"not_picked":["Bloodletting","True Grit"],"picked":"Body Slam","floor":1},{"not_picked":["Pummel","Thunderclap"],"picked":"Infernal Blade","floor":4},{"not_picked":["Headbutt+1","True Grit"],"picked":"Armaments","floor":7},{"not_picked":["Dropkick+1","Feel No Pain"],"picked":"Twin Strike+1","floor":10},{"not_picked":["Combust","Hemokinesis+1"],"picked":"Perfected Strike+1","floor":13},{"not_picked":["Combust","Blood for Blood+1"],"picked":"Rage","floor":14},{"not_picked":["Exhume","Berserk"],"picked":"hubris:StunningStrike+1","floor":16},{"not_picked":["Sword Boomerang+1","Shockwave"],"picked":"ReplayTheSpireMod:Strike From Hell+1","floor":18},{"not_picked":["Intimidate","Whirlwind+1"],"picked":"infinitespire:OneForAll+1","floor":19},{"not_picked":["Whirlwind+1","Flame Barrier"],"picked":"Anger+1","floor":24},{"not_picked":["Rupture","Armaments"],"picked":"Seeing Red","floor":29},{"not_picked":["Warcry","Headbutt+1"],"picked":"ReplayTheSpireMod:Muscle Training","floor":30},{"not_picked":["Shockwave","Replay:Undeath\u0027s Touch+1"],"picked":"Anger+1","floor":31},{"not_picked":["Brutality","Demonic Infusion"],"picked":"Double Tap","floor":33},{"not_picked":["Sentinel","Run Through+1"],"picked":"Shrug It Off","floor":35},{"not_picked":["Dark Embrace","Reckless Charge+1"],"picked":"Body Slam+1","floor":37},{"not_picked":["Clothesline+1","Pommel Strike+1"],"picked":"hubris:ReadiedAction","floor":39}],"player_experience":1184158,"relics_obtained":[{"floor":9,"key":"The Courier"},{"floor":12,"key":"Golden Egg"},{"floor":26,"key":"Bottled Lightning"},{"floor":28,"key":"ReplayFunnel"},{"floor":37,"key":"infinitespire:Joker Card"}],"event_choices":[{"damage_healed":0,"gold_gain":75,"player_choice":"Gather Gold","damage_taken":11,"max_hp_gain":0,"max_hp_loss":0,"event_name":"World of Goop","floor":2,"gold_loss":0},{"cards_removed":["Injury"],"damage_healed":0,"gold_gain":0,"player_choice":"Purged","damage_taken":0,"max_hp_gain":0,"max_hp_loss":0,"event_name":"Purifier","floor":20,"gold_loss":0},{"cards_removed":["Exhume"],"damage_healed":0,"gold_gain":0,"player_choice":"Take \u0026 Give","damage_taken":0,"max_hp_gain":0,"max_hp_loss":0,"event_name":"betterNote:BetterNote","floor":21,"gold_loss":0,"cards_obtained":["infinitespire:Collect"]},{"damage_healed":0,"gold_gain":0,"player_choice":"Fight","damage_taken":0,"max_hp_gain":0,"max_hp_loss":0,"event_name":"Mysterious Sphere","floor":37,"gold_loss":0},{"damage_healed":0,"gold_gain":0,"player_choice":"Embrace Madness","damage_taken":10,"max_hp_gain":0,"max_hp_loss":0,"event_name":"Winding Halls","floor":38,"gold_loss":0,"cards_obtained":["Madness","Madness"]}],"is_beta":false,"boss_relics":[{"not_picked":["Honey Jar","halation:PlatinumPhoenix"],"picked":"SlaversCollar"},{"not_picked":["halation:Yufonium","aspiration:RunesmithSkillbook","hubris:BlackHole"]}],"items_purged_floors":[],"is_endless":false,"potions_floor_spawned":[1,10,16,24,29,35,37],"killed_by":"Nightmare","ascension_level":0}}