{"host":"f0gpob8hq9vgebej","time":1610720837,"event":{"mods":["AchievementEnabler","BaseMod","Minty Spire (QoL Compilation)","Quick Restart","SuperFastMode"],"gold_per_floor":[134,174,214,224,224,224,255,255,300,300,7,69,106,165,165,269,269,307,321,356,72,72,72,97,97,122,122,122],"floor_reached":27,"language":"KOR","playtime":7655,"items_purged":["Strike_B","Strike_B"],"score":279,"play_id":"9ab3cacb-27ae-46d9-8cff-305e7a6f96d0","local_time":"20210115232717","is_ascension_mode":true,"campfire_choices":[{"data":"Defragment","floor":6.0,"key":"SMITH"},{"data":"Zap","floor":10.0,"key":"SMITH"},{"floor":15.0,"key":"REST"},{"floor":23,"key":"REST"},{"data":"Amplify","floor":25,"key":"SMITH"}],"circlet_count":0,"master_deck":["Strike_B","Strike_B","Defend_B","Defend_B","Defend_B","Defend_B","Zap+1","Dualcast","HandOfGreed+1","Auto Shields","Defragment+1","Amplify+1","Self Repair","Conserve Battery","Double Energy","Buffer+1","Capacitor+1","Capacitor+1"],"relics":["Cracked Core","Eternal Feather","Centennial Puzzle","Regal Pillow","Frozen Egg 2","SlaversCollar","DataDisk","Bag of Preparation","Blood Vial"],"acts_visited":["Exordium","TheCity"],"potions_floor_usage":[18,18,20],"damage_taken":[{"damage":0.0,"enemies":"Jaw Worm","floor":1.0,"turns":3.0},{"damage":5.0,"enemies":"Cultist","floor":2.0,"turns":5.0},{"damage":0.0,"enemies":"Small Slimes","floor":3.0,"turns":3.0},{"damage":13.0,"enemies":"Blue Slaver","floor":4.0,"turns":4.0},{"damage":16.0,"enemies":"Gremlin Nob","floor":7.0,"turns":3.0},{"damage":8.0,"enemies":"Gremlin Gang","floor":12.0,"turns":5.0},{"damage":10.0,"enemies":"Exordium Thugs","floor":13.0,"turns":4.0},{"damage":26.0,"enemies":"Lagavulin","floor":14.0,"turns":8.0},{"damage":10,"enemies":"The Guardian","floor":16,"turns":8},{"damage":16,"enemies":"3 Byrds","floor":18,"turns":4},{"damage":33,"enemies":"Spheric Guardian","floor":19,"turns":7},{"damage":27,"enemies":"Cultist and Chosen","floor":20,"turns":9},{"damage":66,"enemies":"Centurion and Healer","floor":27,"turns":8}],"seed_played":"-822967741414140374","potions_obtained":[{"floor":2.0,"key":"FocusPotion"},{"floor":7.0,"key":"SkillPotion"},{"floor":12.0,"key":"AttackPotion"},{"floor":16,"key":"Explosive Potion"},{"floor":18,"key":"FocusPotion"}],"is_trial":false,"path_per_floor":["M","M","M","M","?","R","E","?","T","R","$","M","M","E","R","B",null,"M","M","M","$","$","R","T","R","T","M"],"character_chosen":"DEFECT","items_purchased":["Amplify","Self Repair","Conserve Battery","DataDisk","Capacitor+1"],"campfire_rested":2,"item_purchase_floors":[11,11,11,21,21],"current_hp_per_floor":[68,63,63,50,43,49,33,33,33,39,39,38,35,16,60,57,65,49,30,10,10,10,54,54,63,63,0,0],"gold":122,"neow_bonus":"RANDOM_COLORLESS_2","is_daily":false,"chose_seed":false,"campfire_upgraded":3,"win_rate":0.0,"timestamp":1610720837,"path_taken":["M","M","M","M","?","R","E","?","T","R","$","M","M","E","R","BOSS","M","M","?","?","$","R","?","R","T","M"],"items_purchased_type":["Card","Card","Card","Relic","Card"],"build_version":"2020-12-22","purchased_purges":2,"victory":false,"max_hp_per_floor":[68,68,68,68,68,68,68,68,68,68,68,68,68,68,68,68,68,68,68,68,68,68,68,68,68,68,68,68],"card_choices":[{"not_picked":["Apotheosis","Master of Strategy"],"picked":"HandOfGreed","floor":0.0},{"not_picked":["Undo","Go for the Eyes","Redo"],"picked":"SKIP","floor":1.0},{"not_picked":["Hologram","Darkness"],"picked":"Auto Shields","floor":2.0},{"not_picked":["Leap","Compile Driver","Hologram"],"picked":"SKIP","floor":3.0},{"not_picked":["Beam Cell","Reinforced Body"],"picked":"Defragment","floor":4.0},{"not_picked":["Go for the Eyes","Stack","Leap"],"picked":"SKIP","floor":7.0},{"not_picked":["Lockon","Self Repair"],"picked":"Double Energy","floor":12.0},{"not_picked":["Meteor Strike","Coolheaded","Gash"],"picked":"SKIP","floor":13.0},{"not_picked":["Hologram","Streamline","Sweeping Beam"],"picked":"SKIP","floor":14.0},{"not_picked":["All For One","Core Surge"],"picked":"Buffer+1","floor":16},{"not_picked":["Steam+1","Turbo"],"picked":"Capacitor+1","floor":18},{"not_picked":["Rebound","Steam","Hologram"],"picked":"SKIP","floor":19},{"not_picked":["Sweeping Beam","Glacier","Rebound"],"picked":"SKIP","floor":20}],"player_experience":155068,"relics_obtained":[{"floor":7.0,"key":"Centennial Puzzle"},{"floor":9.0,"key":"Regal Pillow"},{"floor":14.0,"key":"Frozen Egg 2"},{"floor":24,"key":"Bag of Preparation"},{"floor":26,"key":"Blood Vial"}],"event_choices":[{"damage_healed":0.0,"max_hp_gain":0.0,"max_hp_loss":0.0,"gold_gain":0.0,"event_name":"Scrap Ooze","player_choice":"Success","floor":5.0,"gold_loss":0.0,"damage_taken":7.0,"relics_obtained":["Eternal Feather"]},{"damage_healed":0.0,"max_hp_gain":0.0,"max_hp_loss":0.0,"gold_gain":0.0,"event_name":"Accursed Blacksmith","player_choice":"Forge","floor":8.0,"gold_loss":0.0,"damage_taken":0.0,"cards_upgraded":["HandOfGreed"]}],"is_beta":false,"boss_relics":[{"not_picked":["Sozu","Ectoplasm"],"picked":"SlaversCollar"}],"items_purged_floors":[11,21],"is_endless":false,"potions_floor_spawned":[2,7,12,16,18],"killed_by":"Centurion and Healer","ascension_level":5}}