{"host":"m9i7qe3hvz6jihjh","time":1610730622,"event":{"mods":["BaseMod","Colored Powertips","Infinite Spire","Minty Spire (QoL Compilation)","Quick Restart","StSLib","The Animator","Waifu the Spire"],"gold_per_floor":[111,136,311,321,321,321,313,313,337,348,381,381,415,8,8,8,8],"floor_reached":16,"language":"ENG","playtime":735,"items_purged":[],"score":110,"play_id":"4c6bb6e4-e717-4d7f-ba20-b6833643420a","local_time":"20210115181022","is_ascension_mode":false,"campfire_choices":[{"data":"animator:IrohaTamaki","floor":6,"key":"SMITH"},{"floor":12,"key":"REST"},{"floor":15,"key":"REST"}],"circlet_count":0,"master_deck":["animator:Strike_MadokaMagica","animator:Defend_MadokaMagica","animator:Strike","animator:Strike","animator:Strike","animator:Defend","animator:Defend","animator:Defend","animator:IrohaTamaki+1","animator:YuiTsuruno+1","animator:Lelouch","animator:Lu","Doubt","animator:YachiyoNanami","animator:Elsword","animator:HomuraAkemi","animator:YuiTsuruno","animator:NarberalGamma","animator:Yuuichirou","animator:DolaRiku"],"relics":["animator:LivingPicture","animator:ColorlessFragment","animator:PurgingStone","Dream Catcher","Pantograph","animator:BattleDrones","Tiny Chest"],"acts_visited":["Exordium"],"potions_floor_usage":[4,7,13,16],"damage_taken":[{"damage":8,"enemies":"Jaw Worm","floor":1,"turns":6},{"damage":0,"enemies":"Cultist","floor":2,"turns":5},{"damage":0,"enemies":"2 Louse","floor":4,"turns":3},{"damage":0,"enemies":"Exordium Thugs","floor":7,"turns":5},{"damage":11,"enemies":"Exordium Wildlife","floor":10,"turns":7},{"damage":37,"enemies":"3 Sentries","floor":11,"turns":11},{"damage":21,"enemies":"Lagavulin","floor":13,"turns":9},{"damage":56,"enemies":"Slime Boss","floor":16,"turns":10}],"seed_played":"7360956584485250385","potions_obtained":[{"floor":2,"key":"Block Potion"},{"floor":4,"key":"SkillPotion"},{"floor":11,"key":"Weak Potion"},{"floor":13,"key":"LiquidBronze"}],"is_trial":false,"path_per_floor":["M","M","?","M","?","R","M","?","T","M","E","R","E","$","R","B"],"character_chosen":"THE_ANIMATOR","items_purchased":["animator:ColorlessFragment","animator:Yuuichirou","animator:DolaRiku","Tiny Chest"],"campfire_rested":2,"item_purchase_floors":[14,14,14,14],"current_hp_per_floor":[52,52,52,52,52,52,52,57,57,47,11,29,8,8,26,0,0],"gold":8,"neow_bonus":"RANDOM_COLORLESS_2","is_daily":false,"chose_seed":false,"campfire_upgraded":1,"win_rate":0.0,"timestamp":1610730622,"path_taken":["M","M","?","M","?","R","?","?","T","?","E","R","E","?","R","BOSS"],"items_purchased_type":["Relic","Card","Card","Relic"],"build_version":"2020-12-22","purchased_purges":0,"victory":false,"max_hp_per_floor":[60,60,60,60,60,60,60,60,60,61,62,62,62,62,62,62,62],"card_choices":[{"not_picked":["animator:Emilia","animator:HououinKyouma"],"picked":"animator:Lelouch","floor":0},{"not_picked":["animator:Sebas","animator:Elsword"],"picked":"animator:DolaCouronne","floor":1},{"not_picked":["animator:UneriGinkaku","animator:Arpeggio"],"picked":"animator:Lu","floor":2},{"not_picked":["animator:Kuribayashi","animator:MumenRider","animator:TukaLunaMarceau"],"picked":"SKIP","floor":4},{"not_picked":["animator:NagisaMomoe","animator:YuiTsuruno"],"picked":"animator:YachiyoNanami","floor":7},{"not_picked":["animator:Emonzaemon","animator:Tatsumaki"],"picked":"animator:Elsword","floor":10},{"not_picked":["animator:MadokaKaname","animator:Guy"],"picked":"animator:HomuraAkemi","floor":11},{"not_picked":["animator:Ara","animator:Melzalgald"],"picked":"animator:YuiTsuruno","floor":12},{"not_picked":["animator:Kuribayashi","animator:Arpeggio"],"picked":"animator:NarberalGamma","floor":13}],"player_experience":904487,"relics_obtained":[{"floor":9,"key":"Dream Catcher"},{"floor":11,"key":"Pantograph"},{"floor":13,"key":"animator:BattleDrones"}],"event_choices":[{"damage_healed":0,"gold_gain":175,"player_choice":"AGREE","damage_taken":0,"max_hp_gain":0,"max_hp_loss":0,"event_name":"Liars Game","floor":3,"gold_loss":0,"cards_obtained":["Doubt"]},{"damage_healed":0,"gold_gain":0,"player_choice":"Upgraded","damage_taken":0,"max_hp_gain":0,"max_hp_loss":0,"event_name":"Upgrade Shrine","floor":5,"gold_loss":0,"cards_upgraded":["animator:YuiTsuruno"]},{"cards_removed":["animator:DolaCouronne"],"damage_healed":5,"gold_gain":0,"player_choice":"Offered Common","damage_taken":0,"max_hp_gain":0,"max_hp_loss":0,"event_name":"Bonfire Elementals","floor":8,"gold_loss":0},{"cards_removed":["animator:DolaCouronne"],"damage_healed":5,"gold_gain":0,"player_choice":"Offered Special","damage_taken":0,"max_hp_gain":0,"max_hp_loss":0,"event_name":"Bonfire Elementals","floor":8,"gold_loss":0}],"is_beta":false,"boss_relics":[],"items_purged_floors":[],"is_endless":false,"potions_floor_spawned":[2,4,11,13],"killed_by":"Slime Boss","ascension_level":0}}