{"host":"mytek2nu1hrzdnew","time":1610726285,"event":{"mods":["100% Spire Juice","AchievementEnabler","Aspiration","BaseMod","Conspire","GifTheSpireLib","Gold Saver","Hubris","Minty Spire (QoL Compilation)","Replay The Spire","StSLib","Stuff the Spire","Uncapped"],"gold_per_floor":[222,233,253,178,193,223,242,256,307,307,307,318,318,332,332,427,427,442,453,469,439,452,332,332,332,404,414,414,424,437,337,337,440,440,451,451,349,364,364,394,394,408,408,408,408,408,408],"floor_reached":46,"language":"ENG","playtime":3278,"items_purged":["Moonworks:Strike","Moonworks:Strike"],"score":483,"play_id":"af819949-b461-4825-8e41-e33ea0eef4b7","local_time":"20210115105805","is_ascension_mode":false,"campfire_choices":[{"floor":11,"key":"REST"},{"floor":15,"key":"REST"},{"floor":23,"key":"REST"},{"floor":25,"key":"REST"},{"floor":28,"key":"REST"},{"floor":32,"key":"REST"},{"floor":41,"key":"REST"},{"floor":44,"key":"REST"}],"circlet_count":0,"master_deck":["Moonworks:Strike","Moonworks:Defend","Moonworks:Defend","Moonworks:Defend","Moonworks:Defend","Moonworks:Ambush+1","Moonworks:LongDistanceShot","Moonworks:IndiscriminateFireSupport+1","Moonworks:EvilSpyWorkPreparation","Moonworks:JonathanRush","Moonworks:SakisCookie","Moonworks:StarBlastingFuse","Moonworks:NicePresent","Moonworks:ExtendedPhotonRifle+1","Moonworks:EvilSpyWorkPreparation","Moonworks:EvilSpyWorkPreparation","Moonworks:StiffCrystal+1","Moonworks:PlushieMaster","Moonworks:StiffCrystal","Moonworks:Dash+1","Moonworks:JonathanRush","Moonworks:Dash+1","Moonworks:EvilSpyWorkPreparation"],"relics":["Moonworks:BrokenBomb","Moonworks:Homemark","hubris:SlimyHat","Art of War","conspire:SpecialSausage","Onion Ring","SlaversCollar","Potion Belt","Letter Opener"],"acts_visited":["Exordium","TheCity","TheBeyond"],"potions_floor_usage":[6,6,8,16,16,22,33,38,38],"damage_taken":[{"damage":2,"enemies":"Small Slimes","floor":1,"turns":4},{"damage":2,"enemies":"conspire:RoseBush","floor":2,"turns":3},{"damage":0,"enemies":"2 Louse","floor":3,"turns":1},{"damage":13,"enemies":"Red Slaver","floor":5,"turns":3},{"damage":14,"enemies":"Gremlin Nob","floor":6,"turns":3},{"damage":19,"enemies":"Blue Slaver","floor":7,"turns":4},{"damage":0,"enemies":"Exordium Thugs","floor":8,"turns":3},{"damage":21,"enemies":"conspire:2 RoseBushes","floor":12,"turns":4},{"damage":0,"enemies":"Large Slime","floor":14,"turns":3},{"damage":12,"enemies":"Hexaghost","floor":16,"turns":9},{"damage":1,"enemies":"Spheric Guardian","floor":18,"turns":3},{"damage":14,"enemies":"conspire:FuzzyDice","floor":19,"turns":2},{"damage":28,"enemies":"Centurion and Healer","floor":20,"turns":4},{"damage":18,"enemies":"Shelled Parasite and Fungi","floor":22,"turns":3},{"damage":26,"enemies":"Snecko","floor":27,"turns":5},{"damage":12,"enemies":"3 Cultists","floor":29,"turns":3},{"damage":11,"enemies":"Shelled Parasite and Fungi","floor":30,"turns":3},{"damage":23,"enemies":"Pondfish","floor":33,"turns":9},{"damage":26,"enemies":"Orb Walker","floor":35,"turns":3},{"damage":9,"enemies":"3 Shapes","floor":37,"turns":1},{"damage":0,"enemies":"Jaw Worm Horde","floor":38,"turns":2},{"damage":8,"enemies":"Reptomancer","floor":40,"turns":4},{"damage":41,"enemies":"4 Shapes","floor":42,"turns":4},{"damage":47,"enemies":"Maw","floor":46,"turns":6}],"seed_played":"3009515571630228453","potions_obtained":[{"floor":1,"key":"SkillPotion"},{"floor":3,"key":"LifebloodPotion"},{"floor":5,"key":"Fire Potion"},{"floor":6,"key":"Languid Potion"},{"floor":14,"key":"GamblersBrew"},{"floor":19,"key":"Energy Potion"},{"floor":20,"key":"Venom Potion"},{"floor":21,"key":"Adrenaline Potion"},{"floor":35,"key":"Explosive Potion"},{"floor":38,"key":"Fruit Juice"}],"is_trial":false,"path_per_floor":["M","M","M","$","M","E","M","M","T","?","R","M","?","M","R","B",null,"M","M","M","?","M","R","?","R","T","M","R","M","M","$","R","B",null,"M","?","M","M","?","E","R","M","T","R","?","M"],"character_chosen":"THE_STARBREAKER","items_purchased":[],"campfire_rested":8,"item_purchase_floors":[],"current_hp_per_floor":[64,62,62,62,49,35,16,16,16,16,35,14,1,1,20,8,66,65,51,25,25,7,26,26,45,45,19,38,26,15,15,34,11,66,40,40,31,36,36,30,51,10,10,31,38,0,0],"gold":408,"neow_bonus":"TEN_PERCENT_HP_BONUS","is_daily":false,"chose_seed":false,"campfire_upgraded":0,"win_rate":0.0,"timestamp":1610726285,"path_taken":["M","M","M","$","M","E","M","M","T","?","R","M","?","M","R","BOSS","M","M","M","?","?","R","?","R","T","?","R","M","M","$","R","BOSS","M","?","M","M","?","E","R","M","T","R","?","M"],"items_purchased_type":[],"build_version":"2020-12-22","purchased_purges":2,"victory":false,"max_hp_per_floor":[66,66,66,66,66,66,66,66,66,66,66,66,66,66,66,66,66,66,66,66,66,66,66,66,66,66,66,66,66,66,66,66,66,66,66,66,66,71,71,71,71,71,71,71,71,71,71],"card_choices":[{"not_picked":["Moonworks:UnpaidWork","Moonworks:LuckyCharm","Moonworks:BindingChains"],"picked":"SKIP","floor":1},{"not_picked":["Moonworks:ImOnFire","Moonworks:RedAndBlue"],"picked":"Moonworks:IndiscriminateFireSupport","floor":2},{"not_picked":["Moonworks:BigBangBell","Moonworks:Assault","Moonworks:MixPhenomenon"],"picked":"SKIP","floor":3},{"not_picked":["Moonworks:RagingMadness","Moonworks:TacticalRetreat"],"picked":"Moonworks:EvilSpyWorkPreparation","floor":5},{"not_picked":["Moonworks:BigMagnum","Moonworks:RedAndBlue","Moonworks:CloudOfSeagulls"],"picked":"SKIP","floor":6},{"not_picked":["Moonworks:FinalBattle","Moonworks:SakisCookie","Moonworks:BigMagnum"],"picked":"SKIP","floor":7},{"not_picked":["Moonworks:FinalSurgery","Moonworks:Bloodlust","Moonworks:ImOnFire"],"picked":"SKIP","floor":8},{"not_picked":["Moonworks:BackdoorTrade","Moonworks:Assault"],"picked":"Moonworks:JonathanRush","floor":12},{"not_picked":["Moonworks:CloudOfSeagulls","Moonworks:AngelHand"],"picked":"Moonworks:SakisCookie","floor":14},{"not_picked":["Moonworks:ReflectiveShell","Moonworks:Blazing"],"picked":"Moonworks:StarBlastingFuse","floor":16},{"not_picked":["Moonworks:IndiscriminateFireSupport","Moonworks:SelfDestruct"],"picked":"Moonworks:NicePresent","floor":18},{"not_picked":["Moonworks:BindingChains","Moonworks:BigMagnum"],"picked":"Moonworks:ExtendedPhotonRifle+1","floor":19},{"not_picked":["Moonworks:DeployBits+1","Moonworks:RagingMadness+1"],"picked":"Moonworks:EvilSpyWorkPreparation","floor":20},{"not_picked":["Moonworks:SweetBattle+1","Moonworks:DeployBits"],"picked":"Moonworks:EvilSpyWorkPreparation","floor":22},{"not_picked":["Moonworks:LulusLuckyEgg+1","Moonworks:LuckyCharm+1"],"picked":"Moonworks:StiffCrystal+1","floor":27},{"not_picked":["Moonworks:LulusLuckyEgg+1","Moonworks:CompletionReward"],"picked":"Moonworks:PlushieMaster","floor":29},{"not_picked":["Moonworks:Assault","Moonworks:CloudOfSeagulls"],"picked":"Moonworks:StiffCrystal","floor":30},{"not_picked":["Moonworks:Assault","Moonworks:CompletionReward+1"],"picked":"Moonworks:Dash+1","floor":35},{"not_picked":["Moonworks:BackdoorTrade","Moonworks:NicePresent"],"picked":"Moonworks:JonathanRush","floor":37},{"not_picked":["Moonworks:x16BigRocket+1","Moonworks:LulusLuckyEgg+1","Moonworks:LuckyCharm+1"],"picked":"SKIP","floor":38},{"not_picked":["Moonworks:MiracleWalker+1","Moonworks:RedAndBlue+1"],"picked":"Moonworks:Dash+1","floor":40},{"not_picked":["Moonworks:AngelHand+1","Moonworks:CastOff+1"],"picked":"Moonworks:EvilSpyWorkPreparation","floor":42}],"player_experience":1055545,"relics_obtained":[{"floor":6,"key":"hubris:SlimyHat"},{"floor":9,"key":"Art of War"},{"floor":26,"key":"Onion Ring"},{"floor":40,"key":"Potion Belt"},{"floor":43,"key":"Letter Opener"}],"event_choices":[{"damage_healed":0,"gold_gain":0,"player_choice":"Entered Light","damage_taken":13,"max_hp_gain":0,"max_hp_loss":0,"event_name":"Shining Light","floor":13,"gold_loss":0,"cards_upgraded":["Moonworks:IndiscriminateFireSupport","Moonworks:Ambush"]},{"damage_healed":0,"gold_gain":0,"player_choice":"Bought 2 Potions","damage_taken":0,"max_hp_gain":0,"max_hp_loss":0,"event_name":"The Woman in Blue","floor":21,"gold_loss":0},{"damage_healed":0,"gold_gain":0,"player_choice":"Ignored","damage_taken":0,"max_hp_gain":0,"max_hp_loss":0,"event_name":"NoteForYourself","floor":24,"gold_loss":0},{"cards_removed":["Moonworks:Strike"],"damage_healed":0,"gold_gain":0,"player_choice":"Removed Attack","damage_taken":0,"max_hp_gain":0,"max_hp_loss":0,"event_name":"Falling","floor":36,"gold_loss":0},{"damage_healed":0,"gold_gain":0,"player_choice":"Memory 1","damage_taken":0,"max_hp_gain":0,"max_hp_loss":0,"event_name":"SensoryStone","floor":39,"gold_loss":0}],"is_beta":false,"boss_relics":[{"not_picked":["hubris:HollowSoul","Painkiller Herb"],"picked":"conspire:SpecialSausage"},{"not_picked":["Replay:Ancient Bell","Replay:Drink Me"],"picked":"SlaversCollar"}],"items_purged_floors":[4,31],"is_endless":false,"potions_floor_spawned":[1,3,5,6,14,19,20,29,35,38],"killed_by":"Maw","ascension_level":0}}