{"host":"01gbg40krdpein5y","time":1610696766,"event":{"mods":["BaseMod","BetterRewards","Grow up Mod","Minty Spire (QoL Compilation)","Permanent Neow","Remove Card Discount Mod","SuperFastMode","Transform Curses"],"gold_per_floor":[109,184,28,48,48,77,2,24,50,81,99,99,99,110,110,215,215,232,250,267,284,297,324,338,338,365,365,385,397,397,497,497,592,592,602,44,0,0,10,43,43,43,69,103,26,38,3,22,22,22],"floor_reached":51,"language":"ENG","playtime":2384,"items_purged":["Regret","Shame","Defend_B","Defend_B","Defend_B+1","Defend_B+1","Strike_B","Strike_B","Strike_B","Strike_B"],"score":1062,"play_id":"11a49c37-fe07-485e-82ee-e59d24683633","local_time":"20210114234606","is_ascension_mode":false,"campfire_choices":[{"floor":13,"key":"REST"},{"data":"Apotheosis","floor":15,"key":"SMITH"},{"floor":25,"key":"REST"},{"floor":32,"key":"REST"},{"floor":49,"key":"REST"}],"circlet_count":0,"master_deck":["Zap","Dualcast","Apotheosis+1","Consume","Storm","Storm","Skim","Loop","Storm","Buffer","Hello World","Tempest+1","Static Discharge","Buffer","White Noise+1","Biased Cognition","Lockon","Biased Cognition","Barrage+1","White Noise+1","Heatsinks","Hello World","Reboot+1"],"relics":["FrozenCore","Symbiotic Virus","Potion Belt","Bag of Marbles","Odd Mushroom","Dream Catcher","Bottled Tornado","StoneCalendar","Fusion Hammer","Toxic Egg 2","War Paint","Thread and Needle","Lizard Tail","Pantograph","DollysMirror","Cables","Red Mask","Juzu Bracelet","Bag of Preparation","Blue Candle"],"acts_visited":["Exordium","TheCity","TheBeyond"],"potions_floor_usage":[6,6,8,20,22,22,23,23,40,44,44,44,50,50,50,50,50,50,50,50],"damage_taken":[{"damage":0,"enemies":"Small Slimes","floor":1,"turns":2},{"damage":0,"enemies":"Cultist","floor":4,"turns":3},{"damage":38,"enemies":"3 Sentries","floor":6,"turns":6},{"damage":12,"enemies":"The Mushroom Lair","floor":8,"turns":3},{"damage":28,"enemies":"Lagavulin","floor":10,"turns":5},{"damage":0,"enemies":"2 Louse","floor":11,"turns":2},{"damage":19,"enemies":"Blue Slaver","floor":14,"turns":3},{"damage":31,"enemies":"The Guardian","floor":16,"turns":6},{"damage":20,"enemies":"2 Thieves","floor":18,"turns":3},{"damage":10,"enemies":"Chosen","floor":19,"turns":3},{"damage":32,"enemies":"Centurion and Healer","floor":20,"turns":6},{"damage":30,"enemies":"Shelled Parasite and Fungi","floor":21,"turns":4},{"damage":27,"enemies":"3 Cultists","floor":22,"turns":4},{"damage":24,"enemies":"Gremlin Leader","floor":23,"turns":6},{"damage":18,"enemies":"Sentry and Sphere","floor":24,"turns":4},{"damage":16,"enemies":"Shelled Parasite and Fungi","floor":28,"turns":3},{"damage":18,"enemies":"Centurion and Healer","floor":29,"turns":4},{"damage":21,"enemies":"Colosseum Slavers","floor":31,"turns":2},{"damage":13,"enemies":"Colosseum Nobs","floor":31,"turns":4},{"damage":0,"enemies":"Champ","floor":33,"turns":7},{"damage":31,"enemies":"3 Darklings","floor":35,"turns":3},{"damage":6,"enemies":"Orb Walker","floor":39,"turns":3},{"damage":29,"enemies":"Reptomancer","floor":40,"turns":3},{"damage":0,"enemies":"Giant Head","floor":44,"turns":4},{"damage":3,"enemies":"Jaw Worm Horde","floor":46,"turns":2},{"damage":2,"enemies":"4 Shapes","floor":48,"turns":3},{"damage":98,"enemies":"Awakened One","floor":50,"turns":6}],"seed_played":"291560204972022783","potions_obtained":[{"floor":1,"key":"PotionOfCapacity"},{"floor":6,"key":"SkillPotion"},{"floor":10,"key":"GamblersBrew"},{"floor":11,"key":"FearPotion"},{"floor":16,"key":"LiquidBronze"},{"floor":18,"key":"GamblersBrew"},{"floor":20,"key":"Explosive Potion"},{"floor":22,"key":"SkillPotion"},{"floor":28,"key":"PowerPotion"},{"floor":39,"key":"FocusPotion"},{"floor":40,"key":"PowerPotion"},{"floor":42,"key":"EntropicBrew"},{"floor":44,"key":"EssenceOfDarkness"}],"is_trial":false,"path_per_floor":["M","?","$","M","?","E","$","?","T","E","M","T","R","M","R","B",null,"M","M","M","M","M","E","M","R","T","?","M","M","?","?","R","B",null,"M","$","?","?","M","E","?","?","T","E","$","M","$","M","R","B",null],"character_chosen":"DEFECT","items_purchased":["Apotheosis","Symbiotic Virus","Storm","DuplicationPotion","Storm","DollysMirror","Cables","CultistPotion","PowerPotion","Heatsinks","Hello World"],"campfire_rested":4,"item_purchase_floors":[0,0,3,3,7,36,36,36,36,45,47],"current_hp_per_floor":[95,96,106,116,126,98,108,106,116,98,108,118,189,180,190,169,255,245,245,223,203,186,172,164,271,281,291,285,277,287,263,391,415,425,404,414,424,434,438,419,381,391,401,411,421,428,438,446,575,487],"gold":22,"neow_bonus":"","is_daily":false,"chose_seed":false,"campfire_upgraded":1,"win_rate":0.0,"timestamp":1610696766,"path_taken":["M","?","$","?","?","E","$","?","T","E","M","?","R","M","R","BOSS","M","M","M","M","M","E","M","R","T","?","M","M","?","?","R","BOSS","M","$","?","?","?","E","?","?","T","E","$","M","?","M","R","BOSS"],"items_purchased_type":["Card","Relic","Card","Potion","Card","Relic","Relic","Potion","Potion","Card","Card"],"build_version":"2020-12-22","purchased_purges":10,"victory":true,"max_hp_per_floor":[95,105,115,125,135,145,155,165,175,185,195,205,215,225,235,245,255,265,275,285,295,305,315,325,335,345,355,365,375,385,395,405,415,425,435,445,455,465,475,485,495,505,515,525,535,545,555,565,575,585],"card_choices":[{"not_picked":["Hologram","Conserve Battery"],"picked":"Consume","floor":1},{"not_picked":["Sweeping Beam","Gash","Leap"],"picked":"SKIP","floor":4},{"not_picked":["Steam Power","Fusion","Doom and Gloom"],"picked":"SKIP","floor":6},{"not_picked":["Beam Cell","Barrage"],"picked":"Skim","floor":10},{"not_picked":["Ball Lightning","Streamline","Core Surge"],"picked":"SKIP","floor":11},{"not_picked":["Darkness","Go for the Eyes"],"picked":"Loop","floor":13},{"not_picked":["Ball Lightning","Hologram"],"picked":"Storm","floor":14},{"not_picked":["Meteor Strike","Fission"],"picked":"Buffer","floor":16},{"not_picked":["Leap+1","Compile Driver","Barrage"],"picked":"SKIP","floor":18},{"not_picked":["Chaos","Beam Cell+1","Turbo"],"picked":"SKIP","floor":19},{"not_picked":["Cold Snap","Stack+1","Hologram+1"],"picked":"SKIP","floor":20},{"not_picked":["Cold Snap","Stack+1","Hologram+1"],"picked":"SKIP","floor":20},{"not_picked":["Beam Cell","Gash","Glacier"],"picked":"SKIP","floor":21},{"not_picked":["BootSequence","Streamline","Steam Power"],"picked":"SKIP","floor":22},{"not_picked":["Streamline","Barrage"],"picked":"Hello World","floor":23},{"not_picked":["Fusion+1","Darkness+1","Auto Shields+1"],"picked":"SKIP","floor":24},{"not_picked":["Sweeping Beam","Streamline"],"picked":"Tempest+1","floor":25},{"not_picked":["Turbo+1","Melter","Leap+1"],"picked":"SKIP","floor":28},{"not_picked":["Rip and Tear+1","Leap+1","Go for the Eyes+1"],"picked":"SKIP","floor":29},{"not_picked":["Hologram+1","Reprogram+1"],"picked":"Buffer","floor":31},{"not_picked":["Sunder","Recycle+1"],"picked":"White Noise+1","floor":32},{"not_picked":["Electrodynamics","Hyperbeam"],"picked":"Biased Cognition","floor":33},{"not_picked":["Compile Driver","Leap+1"],"picked":"Lockon","floor":35},{"not_picked":["Rip and Tear","Gash+1","Darkness+1"],"picked":"SKIP","floor":39},{"not_picked":["Steam+1","Beam Cell+1"],"picked":"Barrage+1","floor":40},{"not_picked":["Rainbow+1","Streamline+1"],"picked":"White Noise+1","floor":44},{"not_picked":["Hologram+1","Conserve Battery+1","Leap+1"],"picked":"SKIP","floor":46},{"not_picked":["Ball Lightning+1","Steam Power+1","Redo+1"],"picked":"SKIP","floor":48},{"not_picked":["Rip and Tear","Tempest+1"],"picked":"Reboot+1","floor":49}],"player_experience":320727,"relics_obtained":[{"floor":6,"key":"Bag of Marbles"},{"floor":8,"key":"Odd Mushroom"},{"floor":9,"key":"Dream Catcher"},{"floor":10,"key":"Bottled Tornado"},{"floor":12,"key":"StoneCalendar"},{"floor":23,"key":"Toxic Egg 2"},{"floor":26,"key":"War Paint"},{"floor":31,"key":"Lizard Tail"},{"floor":31,"key":"Pantograph"},{"floor":40,"key":"Juzu Bracelet"},{"floor":43,"key":"Bag of Preparation"},{"floor":44,"key":"Blue Candle"}],"event_choices":[{"damage_healed":0,"gold_gain":75,"player_choice":"Touch","damage_taken":9,"max_hp_gain":0,"max_hp_loss":0,"event_name":"FaceTrader","floor":2,"gold_loss":0},{"damage_healed":0,"gold_gain":0,"player_choice":"Box","damage_taken":0,"relics_obtained":["Potion Belt"],"max_hp_gain":0,"max_hp_loss":0,"event_name":"Big Fish","floor":5,"gold_loss":0,"cards_obtained":["Regret"]},{"damage_healed":0,"gold_gain":0,"player_choice":"Fought Mushrooms","damage_taken":0,"max_hp_gain":0,"max_hp_loss":0,"event_name":"Mushrooms","floor":8,"gold_loss":0},{"damage_healed":0,"gold_gain":0,"player_choice":"Read","damage_taken":0,"max_hp_gain":0,"max_hp_loss":0,"event_name":"The Library","floor":27,"gold_loss":0,"cards_obtained":["Static Discharge"]},{"damage_healed":0,"gold_gain":0,"player_choice":"Stole Relic","damage_taken":0,"relics_obtained":["Thread and Needle"],"max_hp_gain":0,"max_hp_loss":0,"event_name":"Addict","floor":30,"gold_loss":0,"cards_obtained":["Shame"]},{"damage_healed":0,"gold_gain":0,"player_choice":"Fight","damage_taken":0,"max_hp_gain":0,"max_hp_loss":0,"event_name":"Colosseum","floor":31,"gold_loss":0},{"damage_healed":0,"gold_gain":0,"player_choice":"Fought Nobs","damage_taken":0,"max_hp_gain":0,"max_hp_loss":0,"event_name":"Colosseum","floor":31,"gold_loss":0},{"damage_healed":0,"gold_gain":0,"player_choice":"Paid","damage_taken":0,"relics_obtained":["Red Mask"],"max_hp_gain":0,"max_hp_loss":0,"event_name":"Tomb of Lord Red Mask","floor":37,"gold_loss":44},{"damage_healed":0,"gold_gain":0,"player_choice":"Ignored","damage_taken":0,"max_hp_gain":0,"max_hp_loss":0,"event_name":"Purifier","floor":38,"gold_loss":0},{"damage_healed":0,"gold_gain":0,"player_choice":"Damaged","damage_taken":48,"max_hp_gain":0,"max_hp_loss":0,"event_name":"Wheel of Change","floor":41,"gold_loss":0},{"damage_healed":0,"gold_gain":0,"player_choice":"Got Potions","damage_taken":0,"max_hp_gain":0,"max_hp_loss":0,"event_name":"Lab","floor":42,"gold_loss":0}],"is_beta":false,"boss_relics":[{"not_picked":["Velvet Choker","Busted Crown"],"picked":"Fusion Hammer"},{"not_picked":["Sozu","Snecko Eye"],"picked":"FrozenCore"}],"items_purged_floors":[7,36,36,36,36,36,36,36,36,36],"is_endless":false,"potions_floor_spawned":[1,6,10,11,16,18,20,22,28,39,40,44],"ascension_level":0}}