{"host":"wyloba13dxa5qu9d","time":1610714917,"event":{"mods":["AchievementEnabler","BaseMod","Colored Map","Colored Powertips","Lobotomy","Marked Mod","Minty Spire (QoL Compilation)","Quick Restart","StSLib","SuperFastMode"],"gold_per_floor":[115,115,115,115,130,163,224,224,251,270,302,302,94,107,107,206,206,206,206,206,206,206,206,206,206,206,206,206,206,206,32,32,32,32,32,32,32,32,32,32,32,32,32,32,32,32,32,32,32,32,32],"floor_reached":50,"language":"ZHS","playtime":2141,"items_purged":[],"score":680,"play_id":"7bdc14ea-324a-4270-bb6d-34a0ad5e49c8","local_time":"20210115204837","is_ascension_mode":false,"campfire_choices":[{"floor":12,"key":"REST"},{"floor":15,"key":"REST"},{"floor":25,"key":"RECALL"},{"data":"1","floor":49,"key":"LIFT"}],"circlet_count":0,"master_deck":["SpecialBullet","SpecialBullet","SpecialBullet","SpecialBullet","SpecialBullet","SpecialBullet","InformationCode","TrainingCode","ControlCode","Logging","CrumblingArmor","Harvest+1","SomewhereSpear","Moonlight+1","SpecialBullet","Noise","ParadiseLost","ParadiseLost","Discord","SpecialBullet","WristCuter+1","Logging","SecurityCode","ParadiseLost","TT2Protocol","ParadiseLost","SummonCall","Parasite","InTheNameOfLoveAndHate+1"],"relics":["CogitoBucket","NeowsBlessing","Juzu Bracelet","Akabeko","Girya","Bag of Marbles","Whetstone","Strawberry","AdjustmentMirror","Ectoplasm","Oddly Smooth Stone","Nilry\u0027s Codex","AspirationHeart","Pantograph","Torii","The Courier","PreservedInsect","Empty Cage","SkinProphecy","AtMidnight","Calipers","Smiling Mask","Vajra"],"acts_visited":["Exordium","TheCity","TheBeyond"],"potions_floor_usage":[24],"damage_taken":[{"damage":0,"enemies":"Small Slimes","floor":1,"turns":1},{"damage":0,"enemies":"Jaw Worm","floor":5,"turns":1},{"damage":0,"enemies":"3 Sentries","floor":6,"turns":1},{"damage":18,"enemies":"Lagavulin Event","floor":7,"turns":3},{"damage":0,"enemies":"2 Louse","floor":10,"turns":1},{"damage":41,"enemies":"Lagavulin","floor":11,"turns":4},{"damage":15,"enemies":"Looter","floor":14,"turns":3},{"damage":0,"enemies":"Slime Boss","floor":16,"turns":3},{"damage":12,"enemies":"Shell Parasite","floor":18,"turns":2},{"damage":0,"enemies":"Spheric Guardian","floor":19,"turns":3},{"damage":0,"enemies":"Snake Plant","floor":21,"turns":2},{"damage":22,"enemies":"Shelled Parasite and Fungi","floor":24,"turns":4},{"damage":13,"enemies":"Colosseum Slavers","floor":27,"turns":2},{"damage":0,"enemies":"Colosseum Nobs","floor":27,"turns":1},{"damage":0,"enemies":"Snecko","floor":28,"turns":1},{"damage":0,"enemies":"Snake Plant","floor":29,"turns":1},{"damage":16,"enemies":"Automaton","floor":33,"turns":4},{"damage":0,"enemies":"3 Shapes","floor":35,"turns":2},{"damage":0,"enemies":"Orb Walker","floor":39,"turns":1},{"damage":1,"enemies":"Writhing Mass","floor":41,"turns":3},{"damage":0,"enemies":"Nemesis","floor":44,"turns":2},{"damage":0,"enemies":"Jaw Worm Horde","floor":47,"turns":1},{"damage":0,"enemies":"Spire Growth","floor":48,"turns":1},{"damage":103,"enemies":"Awakened One","floor":50,"turns":4}],"seed_played":"5699989988444386404","potions_obtained":[{"floor":7,"key":"DuplicationPotion"},{"floor":10,"key":"Fire Potion"},{"floor":14,"key":"ColorlessPotion"},{"floor":24,"key":"Block Potion"},{"floor":28,"key":"Swift Potion"},{"floor":44,"key":"Regen Potion"}],"is_trial":false,"path_per_floor":["M","?","T","?","M","E","?","R","T","M","E","R","$","M","R","B",null,"M","M","T","M","?","R","M","R","T","?","M","M","?","$","R","B",null,"M","?","?","?","M","R","M","R","T","E","R","?","M","M","R","B"],"character_chosen":"Angela","items_purchased":["Strawberry","Noise","ParadiseLost","PreservedInsect"],"campfire_rested":2,"item_purchase_floors":[13,13,31,31],"current_hp_per_floor":[70,67,67,72,72,72,54,54,54,54,13,35,42,27,51,51,82,70,70,70,70,54,54,42,42,42,29,29,37,67,67,67,87,92,92,92,92,87,89,89,91,91,91,93,93,93,95,91,91,0,0],"gold":32,"neow_bonus":"THREE_ENEMY_KILL","is_daily":false,"chose_seed":false,"campfire_upgraded":0,"win_rate":0.0,"timestamp":1610714917,"path_taken":["M","?","?","?","M","E","?","R","T","M","E","R","$","M","R","BOSS","M","M","?","M","?","R","M","R","T","?","M","M","?","?","R","BOSS","M","?","?","?","M","R","M","R","T","E","R","?","M","M","R","BOSS"],"items_purchased_type":["Relic","Card","Card","Relic"],"build_version":"2020-12-22","purchased_purges":0,"victory":false,"max_hp_per_floor":[70,70,70,75,75,75,75,75,75,75,75,75,82,82,82,82,82,82,82,82,82,82,82,92,92,92,92,92,92,92,92,92,92,92,92,92,92,87,89,89,91,91,91,93,93,93,95,97,97,101,101],"card_choices":[{"not_picked":["Amita"],"picked":"Logging","floor":1},{"not_picked":["Pleasure","Tough"],"picked":"SKIP","floor":5},{"not_picked":["HappyTeddy","CENSORED"],"picked":"CrumblingArmor","floor":6},{"not_picked":["Justitia"],"picked":"Harvest","floor":6},{"not_picked":["CUTE"],"picked":"SomewhereSpear","floor":7},{"not_picked":["Regret_ego"],"picked":"Moonlight","floor":10},{"not_picked":["Christmas","RedEyes"],"picked":"SKIP","floor":11},{"not_picked":["SwordSharpenedByTears"],"picked":"ParadiseLost","floor":14},{"not_picked":["Justitia"],"picked":"ParadiseLost","floor":16},{"not_picked":["GrinderMk4+1"],"picked":"Discord","floor":18},{"not_picked":["Tough"],"picked":"WristCuter+1","floor":19},{"not_picked":["Soda"],"picked":"Logging","floor":21},{"not_picked":["Laetitia_ego+1","CherryBlossom"],"picked":"SKIP","floor":24},{"not_picked":["CUTE","TodaysExpression"],"picked":"SKIP","floor":28},{"not_picked":["CUTE","Noise"],"picked":"SKIP","floor":29},{"not_picked":["DaCapo"],"picked":"ParadiseLost","floor":33},{"not_picked":["Wingbeat","Beak+1"],"picked":"SKIP","floor":35},{"not_picked":["Beak","SwordSharpenedByTears+1"],"picked":"SKIP","floor":39},{"not_picked":["MagicBullet+1","Amita"],"picked":"SKIP","floor":41},{"not_picked":["Lantern","Noise"],"picked":"SKIP","floor":44},{"not_picked":["RapturousDream","Wingbeat"],"picked":"SKIP","floor":47},{"not_picked":["Lantern+1"],"picked":"InTheNameOfLoveAndHate+1","floor":48}],"player_experience":128135,"relics_obtained":[{"floor":6,"key":"Akabeko"},{"floor":9,"key":"Bag of Marbles"},{"floor":11,"key":"Whetstone"},{"floor":20,"key":"Oddly Smooth Stone"},{"floor":22,"key":"Nilry\u0027s Codex"},{"floor":26,"key":"Pantograph"},{"floor":27,"key":"Torii"},{"floor":27,"key":"The Courier"},{"floor":35,"key":"AtMidnight"},{"floor":43,"key":"Smiling Mask"},{"floor":44,"key":"Vajra"}],"event_choices":[{"damage_healed":0,"gold_gain":0,"player_choice":"Success","damage_taken":3,"relics_obtained":["Juzu Bracelet"],"max_hp_gain":0,"max_hp_loss":0,"event_name":"Scrap Ooze","floor":2,"gold_loss":0},{"damage_healed":0,"gold_gain":0,"player_choice":"Donut","damage_taken":0,"max_hp_gain":5,"max_hp_loss":0,"event_name":"Big Fish","floor":4,"gold_loss":0},{"damage_healed":0,"gold_gain":30,"player_choice":"Searched \u00273\u0027 times","damage_taken":0,"relics_obtained":["Girya"],"max_hp_gain":0,"max_hp_loss":0,"event_name":"Dead Adventurer","floor":7,"gold_loss":0},{"damage_healed":0,"gold_gain":0,"player_choice":"Obtained Book","damage_taken":16,"max_hp_gain":0,"max_hp_loss":0,"event_name":"Cursed Tome","floor":22,"gold_loss":0},{"damage_healed":0,"gold_gain":0,"player_choice":"Fight","damage_taken":0,"max_hp_gain":0,"max_hp_loss":0,"event_name":"Colosseum","floor":27,"gold_loss":0},{"damage_healed":0,"gold_gain":0,"player_choice":"Fought Nobs","damage_taken":0,"max_hp_gain":0,"max_hp_loss":0,"event_name":"Colosseum","floor":27,"gold_loss":0},{"damage_healed":30,"gold_gain":0,"player_choice":"Heal","damage_taken":0,"max_hp_gain":0,"max_hp_loss":0,"event_name":"The Library","floor":30,"gold_loss":0},{"damage_healed":0,"gold_gain":0,"player_choice":"Gave Potion","damage_taken":0,"relics_obtained":["Calipers"],"max_hp_gain":0,"max_hp_loss":0,"event_name":"WeMeetAgain","floor":36,"gold_loss":0},{"damage_healed":0,"gold_gain":0,"player_choice":"Memory 1","damage_taken":0,"max_hp_gain":0,"max_hp_loss":0,"event_name":"SensoryStone","floor":37,"gold_loss":0},{"damage_healed":0,"gold_gain":0,"player_choice":"Max HP","damage_taken":0,"max_hp_gain":0,"max_hp_loss":5,"event_name":"Winding Halls","floor":38,"gold_loss":0},{"damage_healed":0,"gold_gain":0,"player_choice":"Ignored","damage_taken":0,"max_hp_gain":0,"max_hp_loss":0,"event_name":"NoteForYourself","floor":46,"gold_loss":0}],"is_beta":false,"boss_relics":[{"not_picked":["Velvet Choker","Coffee Dripper"],"picked":"Ectoplasm"},{"not_picked":["Runic Pyramid","Astrolabe"],"picked":"Empty Cage"}],"items_purged_floors":[],"is_endless":false,"potions_floor_spawned":[7,10,14,19,24,27,28,35,44,47],"killed_by":"Awakened One","ascension_level":0}}