{"host":"cgaibh95wzkurumv","time":1610742085,"event":{"mods":["BaseMod","Minty Spire (QoL Compilation)","Replay The Spire","StSLib","The Runesmith"],"gold_per_floor":[114,129,129,54,54,84,84,114,114,114,129,129,167,186,186,311,311,330,349,329,348,98,136,136,136,161,199,199,49,49,49,49,174,174,193,43,62,62,62,100,100,138,163,182,545,564,564,583,583,583],"floor_reached":51,"language":"SPA","playtime":2437,"items_purged":["Brutality"],"score":961,"play_id":"ca05a869-6a84-49cd-bb11-962b5039ac2a","local_time":"20210115172125","daily_mods":["Shiny","Green Cards","Elite Swarm"],"is_ascension_mode":false,"campfire_choices":[{"data":"A Thousand Cuts","floor":7,"key":"SMITH"},{"data":"Demon Form","floor":10,"key":"SMITH"},{"data":"Double Tap","floor":15,"key":"SMITH"},{"data":"Wraith Form v2","floor":28,"key":"SMITH"},{"data":"Offering","floor":30,"key":"SMITH"},{"data":"Malaise","floor":32,"key":"SMITH"},{"data":"Fiend Fire","floor":41,"key":"SMITH"},{"data":"Adrenaline","floor":49,"key":"SMITH"}],"circlet_count":0,"master_deck":["ReplayTheSpireMod:Necrosis","Corpse Explosion","Die Die Die","Atom Bomb","ReplayTheSpireMod:From All Sides","Adrenaline+1","Envenom","Doppelganger","Burst","Wraith Form v2+1","Tools of the Trade","After Image","Poison Darts","A Thousand Cuts+1","Venomology","Replay:Bag of Tricks","Malaise+1","Unload","Bullet Time","Storm of Steel","Glass Knife","Grand Finale","Double Tap+1","Demon Form+1","Fiend Fire+1","Eclipse","Berserk","Impervious","Juggernaut","Demonic Infusion+1","Exhume","Offering+1","Bludgeon","Feed","Replay:Many Hands","Limit Break","Corruption","Barricade","Hemogenesis","Reaper","Immolate","Backstab","Cloak And Dagger","Adrenaline","Impervious","Heavy Blade","Cleave","Die Die Die","Pot Of Greed","Pot Of Greed","Pot Of Greed","Pot Of Greed","Pot Of Greed+1","Sickly","ReplayTheSpireMod:Brewmster"],"relics":["Burning Blood","Omamori","Singing Bowl","Eternal Feather","Golden Idol","Replay:Wax Seal","Calling Bell","Blue Doll","Meat on the Bone","WingedGreaves","Runesmith:Nanobots","Pear","Pet Ghost","Dream Catcher","ReplayTheSpireMod:Spearhead","Grinning Jar","Turnip","Ooze Armor","Strange Spoon","ReplayTheSpireMod:Ring of Exchange","War Paint","Regal Pillow","ReplayTheSpireMod:TigerMarble","Old Coin"],"acts_visited":["Exordium","TheCity","TheBeyond"],"potions_floor_usage":[13,19,19,23,27,33,37,40,40,40,42,45,46,47,50,50],"damage_taken":[{"damage":15,"enemies":"Cultist","floor":1,"turns":4},{"damage":6,"enemies":"Jaw Worm","floor":2,"turns":1},{"damage":32,"enemies":"Replay:BlueRogue","floor":6,"turns":4},{"damage":24,"enemies":"3 Sentries","floor":8,"turns":3},{"damage":5,"enemies":"Small Slimes","floor":11,"turns":2},{"damage":8,"enemies":"Gremlin Nob","floor":13,"turns":4},{"damage":12,"enemies":"Exordium Wildlife","floor":14,"turns":3},{"damage":28,"enemies":"Fading Forest","floor":16,"turns":9},{"damage":23,"enemies":"Shell Parasite","floor":18,"turns":5},{"damage":24,"enemies":"3 Byrds","floor":19,"turns":5},{"damage":18,"enemies":"Snake Plant","floor":21,"turns":3},{"damage":31,"enemies":"Replay:Snechameleon","floor":23,"turns":5},{"damage":0,"enemies":"Slavers","floor":27,"turns":1},{"damage":92,"enemies":"Collector","floor":33,"turns":8},{"damage":45,"enemies":"3 Shapes","floor":35,"turns":4},{"damage":1,"enemies":"3 Darklings","floor":37,"turns":4},{"damage":37,"enemies":"Giant Head","floor":40,"turns":8},{"damage":63,"enemies":"Reptomancer","floor":42,"turns":7},{"damage":19,"enemies":"Maw","floor":44,"turns":6},{"damage":19,"enemies":"Mind Bloom Boss Battle","floor":45,"turns":4},{"damage":9,"enemies":"Jaw Worm Horde","floor":46,"turns":2},{"damage":25,"enemies":"Sphere and 2 Shapes","floor":47,"turns":2},{"damage":0,"enemies":"4 Shapes","floor":48,"turns":3},{"damage":58,"enemies":"Donu and Deca","floor":50,"turns":8}],"seed_played":"5830580211590973081","potions_obtained":[{"floor":8,"key":"LiquidBronze"},{"floor":11,"key":"Weak Potion"},{"floor":14,"key":"Swift Potion"},{"floor":16,"key":"ColorlessPotion"},{"floor":20,"key":"FairyPotion"},{"floor":21,"key":"LiquidMemories"},{"floor":27,"key":"Adrenaline Potion"},{"floor":33,"key":"Adrenaline Potion"},{"floor":37,"key":"Flashbang"},{"floor":42,"key":"SmokeBomb"},{"floor":45,"key":"SkillPotion"},{"floor":48,"key":"Strength Potion"}],"is_trial":false,"path_per_floor":["M","M","?","$","?","E","R","E","T","R","M","?","E","M","R","B",null,"M","M","?","M","$","E","T","?","T","E","R","$","R","?","R","B",null,"M","$","M","?","?","E","R","E","T","M","?","M","M","M","R","B",null],"character_chosen":"IRONCLAD","items_purchased":["Runesmith:Nanobots","Grinning Jar","Strange Spoon"],"campfire_rested":0,"item_purchase_floors":[22,29,36],"current_hp_per_floor":[78,78,78,78,78,52,52,48,48,72,73,73,71,67,87,75,87,70,52,52,61,61,60,60,93,93,99,101,101,101,101,101,29,103,72,72,79,79,79,67,100,57,57,58,59,70,63,79,112,72],"gold":583,"neow_bonus":"","is_daily":true,"chose_seed":false,"campfire_upgraded":8,"win_rate":0.0,"timestamp":1610742085,"path_taken":["M","M","?","$","?","E","R","E","T","R","M","?","E","M","R","BOSS","M","M","?","?","$","E","?","?","T","E","R","$","R","?","R","BOSS","M","$","M","?","?","E","R","E","T","M","?","M","?","M","R","BOSS"],"items_purchased_type":["Relic","Relic","Relic"],"build_version":"2020-12-22","purchased_purges":1,"victory":true,"max_hp_per_floor":[83,83,83,83,83,83,83,85,85,85,85,85,85,87,87,87,87,87,87,87,89,89,101,101,101,101,101,101,101,101,101,101,103,103,108,108,110,110,110,112,112,114,114,116,118,120,120,125,125,125],"card_choices":[{"not_picked":["Quick Slash","Leg Sweep"],"picked":"Backstab","floor":1},{"not_picked":["Rage","Prepared","Skewer"],"picked":"SKIP","floor":2},{"not_picked":["Tools of the Trade","Phantasmal Killer","Replay:Many Hands"],"picked":"SKIP","floor":6},{"not_picked":["Exhume","Malaise","Limit Break"],"picked":"Singing Bowl","floor":8},{"not_picked":["Bloodletting","Clash"],"picked":"Cloak And Dagger","floor":11},{"not_picked":["Exhume","Replay:Many Hands"],"picked":"Adrenaline","floor":13},{"not_picked":["ReplayReversal","ReplayTheSpireMod:The Works","Dodge and Roll"],"picked":"Singing Bowl","floor":14},{"not_picked":["Tools of the Trade","Barricade"],"picked":"Impervious","floor":16},{"not_picked":["Run Through+1","All Out Attack"],"picked":"Heavy Blade","floor":18},{"not_picked":["Draining Mist","Blood for Blood"],"picked":"Cleave","floor":19},{"not_picked":["ReplayTheSpireMod:Strike From Hell","Backstab","Bane+1"],"picked":"Singing Bowl","floor":21},{"not_picked":["Doppelganger","Exhume","Storm of Steel"],"picked":"Singing Bowl","floor":23},{"not_picked":["Corpse Explosion","Exhume"],"picked":"Die Die Die","floor":27},{"not_picked":["Juggernaut","Night Terror","Venomology"],"picked":"Singing Bowl","floor":33},{"not_picked":["Rupture","Shrug It Off","ReplayTheSpireMod:Strike From Hell+1"],"picked":"Singing Bowl","floor":35},{"not_picked":["Flechettes","Bane","Prepared+1"],"picked":"Singing Bowl","floor":37},{"not_picked":["Good Instincts","Crow Ritual"],"picked":"ReplayTheSpireMod:Brewmster","floor":39},{"not_picked":["Juggernaut","Glass Knife","Atom Bomb"],"picked":"Singing Bowl","floor":40},{"not_picked":["Die Die Die","Reaper","Malaise"],"picked":"Singing Bowl","floor":42},{"not_picked":["Deadly Poison","ReplayTheSpireMod:Shiv Toss","Run Through"],"picked":"Singing Bowl","floor":44},{"not_picked":["Blade Dance","ReplayTheSpireMod:Strike From Hell","Massacre"],"picked":"Singing Bowl","floor":45},{"not_picked":["Acrobatics","Sucker Punch","Pummel+1"],"picked":"Singing Bowl","floor":46},{"not_picked":["Expertise","Flex","Dagger Spray"],"picked":"Singing Bowl","floor":48}],"player_experience":273149,"relics_obtained":[{"floor":6,"key":"Omamori"},{"floor":8,"key":"Singing Bowl"},{"floor":9,"key":"Eternal Feather"},{"floor":13,"key":"Replay:Wax Seal"},{"floor":17,"key":"Blue Doll"},{"floor":17,"key":"Meat on the Bone"},{"floor":17,"key":"WingedGreaves"},{"floor":23,"key":"Pear"},{"floor":24,"key":"Pet Ghost"},{"floor":26,"key":"Dream Catcher"},{"floor":27,"key":"ReplayTheSpireMod:Spearhead"},{"floor":38,"key":"ReplayTheSpireMod:Ring of Exchange"},{"floor":40,"key":"War Paint"},{"floor":42,"key":"Regal Pillow"},{"floor":43,"key":"ReplayTheSpireMod:TigerMarble"},{"floor":45,"key":"Old Coin"}],"event_choices":[{"cards_removed":["Night Terror"],"damage_healed":0,"gold_gain":0,"player_choice":"Forget","damage_taken":0,"max_hp_gain":0,"max_hp_loss":0,"event_name":"Living Wall","floor":3,"gold_loss":0},{"damage_healed":0,"gold_gain":0,"player_choice":"Take Wound","damage_taken":0,"relics_obtained":["Golden Idol"],"max_hp_gain":0,"max_hp_loss":0,"event_name":"Golden Idol","floor":12,"gold_loss":0,"cards_obtained":["Injury"]},{"damage_healed":0,"gold_gain":0,"player_choice":"Bought 1 Potion","damage_taken":0,"max_hp_gain":0,"max_hp_loss":0,"event_name":"The Woman in Blue","floor":20,"gold_loss":0},{"damage_healed":33,"gold_gain":0,"player_choice":"Heal","damage_taken":0,"max_hp_gain":0,"max_hp_loss":0,"event_name":"The Library","floor":25,"gold_loss":0},{"damage_healed":0,"gold_gain":0,"player_choice":"Opened","damage_taken":0,"relics_obtained":["Turnip"],"max_hp_gain":0,"max_hp_loss":0,"event_name":"The Mausoleum","floor":31,"gold_loss":0},{"damage_healed":0,"gold_gain":0,"player_choice":"Memory 1","damage_taken":0,"max_hp_gain":0,"max_hp_loss":0,"event_name":"SensoryStone","floor":39,"gold_loss":0},{"damage_healed":0,"gold_gain":0,"player_choice":"Fight","damage_taken":0,"max_hp_gain":0,"max_hp_loss":0,"event_name":"MindBloom","floor":45,"gold_loss":0}],"is_beta":false,"boss_relics":[{"not_picked":["Electric Blood","Snecko Heart"],"picked":"Calling Bell"},{"not_picked":["SacredBark","Cursed Key"],"picked":"Ooze Armor"}],"items_purged_floors":[4],"is_endless":false,"potions_floor_spawned":[8,11,14,16,21,27,33,37,42,44,45,48],"ascension_level":0}}