{"host":"5yoj846f700ld8qy","time":1610750492,"event":{"mods":["AchievementEnabler","BaseMod","Better Altar","Better Match","Better Note","Better Sensory Stone","Better Skull","Better Third Choice","Colored Map","Colored Powertips","Minty Spire (QoL Compilation)","StSLib"],"gold_per_floor":[109,126,126,126,140,140,175,175,175,264,32,63,11,30,30,104,104,104,104,21,21,21,21,21,21,21,21,21,21,21,21,21,21,21,21,21,21,21,21,21,21,21,21,21,21,21,21,0,0,0],"floor_reached":51,"language":"ENG","playtime":2903,"items_purged":["Defend_R"],"score":1389,"play_id":"2366a842-60a4-4579-b4a2-dd89def38703","local_time":"20210116004132","is_ascension_mode":true,"campfire_choices":[{"data":"Bash","floor":6,"key":"SMITH"},{"data":"Anger","floor":8,"key":"SMITH"},{"floor":15,"key":"REST"},{"data":"Barricade","floor":23,"key":"SMITH"},{"data":"Armaments","floor":28,"key":"SMITH"},{"floor":32,"key":"DIG"},{"floor":40,"key":"DIG"},{"floor":42,"key":"DIG"},{"data":"Bloodletting","floor":49,"key":"SMITH"}],"circlet_count":0,"master_deck":["AscendersBane","Defend_R","Defend_R","Bash+1","Perfected Strike+1","Cleave","Anger+1","Impervious","Body Slam+1","Armaments+1","Shockwave","Barricade+1","Disarm","True Grit+1","Impervious","Bite","Bite","Bite+1","Bite","Flame Barrier","Burning Pact","Juggernaut","Heavy Blade+1","Mind Blast+1","Normality","Shrug It Off+1","Shrug It Off+1","Body Slam+1","Bloodletting+1"],"relics":["Burning Blood","NeowsBlessing","White Beast Statue","Blue Candle","MealTicket","Bag of Marbles","Singing Bowl","Ectoplasm","WingedGreaves","Self Forming Clay","Whetstone","Shovel","Question Card","Astrolabe","Lizard Tail","The Courier","Ginger","Pear","Lantern","Kunai","Red Mask"],"acts_visited":["Exordium","TheCity","TheBeyond"],"potions_floor_usage":[7,14,16,24,25,27,33,35,36,41,41,45,46,50],"damage_taken":[{"damage":0,"enemies":"Small Slimes","floor":1,"turns":1},{"damage":0,"enemies":"Jaw Worm","floor":2,"turns":1},{"damage":0,"enemies":"2 Louse","floor":5,"turns":1},{"damage":0,"enemies":"Gremlin Nob","floor":7,"turns":2},{"damage":45,"enemies":"3 Sentries","floor":12,"turns":6},{"damage":11,"enemies":"Exordium Thugs","floor":14,"turns":3},{"damage":16,"enemies":"Slime Boss","floor":16,"turns":10},{"damage":14,"enemies":"Shell Parasite","floor":18,"turns":3},{"damage":7,"enemies":"Chosen","floor":19,"turns":4},{"damage":25,"enemies":"Book of Stabbing","floor":24,"turns":6},{"damage":15,"enemies":"Centurion and Healer","floor":25,"turns":6},{"damage":35,"enemies":"Gremlin Leader","floor":27,"turns":6},{"damage":17,"enemies":"Colosseum Slavers","floor":29,"turns":6},{"damage":106,"enemies":"Collector","floor":33,"turns":13},{"damage":40,"enemies":"3 Shapes","floor":35,"turns":5},{"damage":46,"enemies":"3 Darklings","floor":36,"turns":6},{"damage":27,"enemies":"4 Shapes","floor":39,"turns":6},{"damage":15,"enemies":"Spire Growth","floor":41,"turns":7},{"damage":7,"enemies":"Maw","floor":45,"turns":8},{"damage":1,"enemies":"Giant Head","floor":46,"turns":7},{"damage":71,"enemies":"Awakened One","floor":50,"turns":12}],"seed_played":"-5352128572874071520","potions_obtained":[{"floor":2,"key":"DuplicationPotion"},{"floor":12,"key":"Explosive Potion"},{"floor":14,"key":"BlessingOfTheForge"},{"floor":16,"key":"Fire Potion"},{"floor":18,"key":"AttackPotion"},{"floor":24,"key":"PowerPotion"},{"floor":25,"key":"FairyPotion"},{"floor":27,"key":"ColorlessPotion"},{"floor":33,"key":"BloodPotion"},{"floor":35,"key":"Fire Potion"},{"floor":36,"key":"GamblersBrew"},{"floor":39,"key":"Ancient Potion"},{"floor":41,"key":"LiquidMemories"},{"floor":45,"key":"SteroidPotion"},{"floor":46,"key":"PowerPotion"}],"is_trial":false,"path_per_floor":["M","M","?","?","M","R","E","R","T","?","$","E","$","M","R","B",null,"M","M","$","?","?","R","E","M","T","E","R","?","?","$","R","B",null,"M","M","T","$","M","R","M","R","T","$","M","E","T","?","R","B",null],"character_chosen":"IRONCLAD","items_purchased":["Bag of Marbles","Armaments","Impervious"],"campfire_rested":1,"item_purchase_floors":[11,13,20],"current_hp_per_floor":[74,75,68,68,74,74,75,75,75,51,66,27,42,37,59,49,69,61,60,75,52,52,52,51,53,53,34,34,34,34,49,49,32,66,55,26,26,41,31,31,34,34,44,59,67,79,79,79,79,30],"gold":0,"neow_bonus":"THREE_ENEMY_KILL","is_daily":false,"chose_seed":false,"campfire_upgraded":5,"win_rate":0.0,"timestamp":1610750492,"path_taken":["M","M","?","?","M","R","E","R","T","?","$","E","$","M","R","BOSS","M","M","$","?","?","R","E","M","T","E","R","?","?","?","R","BOSS","M","?","?","?","M","R","M","R","T","$","?","E","?","?","R","BOSS"],"items_purchased_type":["Relic","Card","Card"],"build_version":"2020-12-22","purchased_purges":1,"victory":true,"max_hp_per_floor":[75,75,75,75,75,75,75,75,75,75,75,75,75,75,75,75,75,75,75,75,75,75,75,77,77,77,77,77,77,77,77,77,77,77,77,79,79,79,81,81,81,81,91,91,91,91,91,91,91,91],"card_choices":[{"not_picked":["Armaments","Clothesline"],"picked":"Perfected Strike","floor":1},{"not_picked":["Wild Strike","Infernal Blade"],"picked":"Cleave","floor":2},{"not_picked":["Thunderclap","Hemokinesis"],"picked":"Anger","floor":5},{"not_picked":["Warcry","Uppercut"],"picked":"Impervious","floor":7},{"not_picked":["Wild Strike","Pommel Strike"],"picked":"Body Slam","floor":12},{"not_picked":["Battle Trance","Flex"],"picked":"Shockwave","floor":14},{"not_picked":["Impervious","Immolate"],"picked":"Barricade","floor":16},{"not_picked":["Thunderclap","Heavy Blade"],"picked":"Disarm","floor":18},{"not_picked":["Havoc","Cleave+1"],"picked":"True Grit+1","floor":19},{"not_picked":["Whirlwind","Sword Boomerang","Clash"],"picked":"Singing Bowl","floor":24},{"not_picked":["Cleave","Armaments"],"picked":"Flame Barrier","floor":25},{"not_picked":["Anger","Impervious"],"picked":"Burning Pact","floor":27},{"not_picked":["Fiend Fire","Immolate","Brutality"],"picked":"Juggernaut","floor":33},{"not_picked":["Thunderclap","Rupture","Pommel Strike"],"picked":"Shrug It Off+1","floor":35},{"not_picked":["Cleave","Flex","Whirlwind","Anger+1"],"picked":"Singing Bowl","floor":36},{"not_picked":["Power Through","Anger","Twin Strike","Reckless Charge"],"picked":"Singing Bowl","floor":39},{"not_picked":["Body Slam","Entrench","Anger"],"picked":"Shrug It Off+1","floor":41},{"not_picked":["Flame Barrier","True Grit+1","Shrug It Off"],"picked":"Body Slam+1","floor":45},{"not_picked":["Sword Boomerang","Whirlwind","Headbutt"],"picked":"Bloodletting","floor":46}],"player_experience":400011,"relics_obtained":[{"floor":7,"key":"White Beast Statue"},{"floor":9,"key":"Blue Candle"},{"floor":12,"key":"Singing Bowl"},{"floor":24,"key":"WingedGreaves"},{"floor":26,"key":"Self Forming Clay"},{"floor":27,"key":"Whetstone"},{"floor":32,"key":"Question Card"},{"floor":37,"key":"Lizard Tail"},{"floor":40,"key":"The Courier"},{"floor":42,"key":"Ginger"},{"floor":43,"key":"Pear"},{"floor":46,"key":"Lantern"},{"floor":47,"key":"Kunai"}],"event_choices":[{"cards_removed":["Strike_R"],"damage_healed":0,"gold_gain":0,"player_choice":"Card Removal","damage_taken":7,"max_hp_gain":0,"max_hp_loss":0,"event_name":"Golden Wing","floor":3,"gold_loss":0},{"damage_healed":0,"gold_gain":0,"player_choice":"Grow","damage_taken":0,"max_hp_gain":0,"max_hp_loss":0,"event_name":"Living Wall","floor":4,"gold_loss":0,"cards_upgraded":["Perfected Strike"]},{"damage_healed":0,"gold_gain":89,"player_choice":"GO RE ","damage_taken":27,"relics_obtained":["MealTicket"],"max_hp_gain":0,"max_hp_loss":0,"event_name":"betterSkull:BetterSkull","floor":10,"gold_loss":0,"cards_upgraded":[]},{"damage_healed":0,"gold_gain":0,"player_choice":" Vial ","damage_taken":23,"relics_obtained":["Blood Vial"],"max_hp_gain":75,"max_hp_loss":52,"event_name":"betterAltar:BetterAltar","floor":21,"potions_obtained":[],"relics_lost":[],"gold_loss":0},{"damage_healed":0,"gold_gain":0,"player_choice":"Became a vampire (Vial)","damage_taken":0,"max_hp_gain":0,"max_hp_loss":0,"event_name":"Vampires","floor":22,"relics_lost":["Blood Vial"],"gold_loss":0,"cards_obtained":["Bite","Bite","Bite","Bite","Bite"]},{"damage_healed":0,"gold_gain":0,"player_choice":"Fight","damage_taken":0,"max_hp_gain":0,"max_hp_loss":0,"event_name":"Colosseum","floor":29,"gold_loss":0},{"damage_healed":0,"gold_gain":0,"player_choice":"Fled From Nobs","damage_taken":0,"max_hp_gain":0,"max_hp_loss":0,"event_name":"Colosseum","floor":29,"gold_loss":0},{"damage_healed":0,"gold_gain":0,"player_choice":"Opened","damage_taken":0,"relics_obtained":["Shovel"],"max_hp_gain":0,"max_hp_loss":0,"event_name":"The Mausoleum","floor":30,"gold_loss":0,"cards_obtained":["Writhe"]},{"damage_healed":0,"gold_gain":0,"player_choice":"Paid","damage_taken":0,"relics_obtained":["Red Mask"],"max_hp_gain":0,"max_hp_loss":0,"event_name":"Tomb of Lord Red Mask","floor":48,"gold_loss":21}],"is_beta":false,"boss_relics":[{"not_picked":["Runic Pyramid","Black Blood"],"picked":"Ectoplasm"},{"not_picked":["Runic Dome","Velvet Choker"],"picked":"Astrolabe"}],"items_purged_floors":[11],"is_endless":false,"potions_floor_spawned":[2,12,14,16,18,19,24,25,27,29,33,35,36,39,41,45,46],"ascension_level":16}}