{"host":"p08oqmr389b4tgxi","time":1610701029,"event":{"mods":["Act Like it!","BaseMod","CapriCore","Colored Powertips","Gensokyo","Hallownest","Luminous","Minty Spire (QoL Compilation)","Quick Restart","Relic Stats","StSLib","The Immortal","UnlockEverythingMod","Yakumo Yukari mod","¡¾ÒÅÎï¿¨ÅÆ¡¿REMEMod"],"gold_per_floor":[131,131,150,203,203,248,248,248,248,248,292,292,345,407,407,502,502,539,576,576,4,4,4,154,211,238,278,278,327,381,391,391,513,563,599,599,599,638,649,683,722,757,784,827,827,885,885,917,917,917,917,917,400,429,429],"floor_reached":56,"language":"ZHS","playtime":3873,"items_purged":["Clumsy","AT_purpleEX"],"score":1744,"play_id":"390a5268-d178-4748-857a-0334b8c2662b","local_time":"20210115165709","is_ascension_mode":true,"campfire_choices":[{"data":"Observe_purple_2","floor":8.0,"key":"SMITH"},{"data":"REME_TheoryOfElimination","floor":10.0,"key":"SMITH"},{"data":"Mirror_TwoAndThreeElementRealm_purple","floor":12.0,"key":"SMITH"},{"floor":15.0,"key":"REST"},{"data":"Human_Monster_Realm_purple","floor":23.0,"key":"SMITH"},{"data":"Mirror_FourBoundary_purple","floor":32.0,"key":"SMITH"},{"floor":45,"key":"RECALL"},{"data":"Fantasy_PerpetualMotionMachine_purple","floor":47,"key":"SMITH"},{"data":"Line_surface_state_purple","floor":49,"key":"SMITH"},{"data":"Observe_purple_1","floor":52,"key":"SMITH"}],"circlet_count":0,"master_deck":["Defend_purpleEX","Defend_purpleEX+1","Defend_purpleEX","Defend_purpleEX+1","Observe_purple_1+1","Observe_purple_2+1","GluttonyofRealm_purpleEX","OpenedBox_purple+1","REME_TheoryOfElimination+1","Mirror_Drifter_purple+1","WeekHit_purple+1","Mirror_TwoAndThreeElementRealm_purple+1","Mirror_FourBoundary_purple+1","Human_Monster_Realm_purple+1","Umbrella_purple+1","Fantasy_PerpetualMotionMachine_purple+1","Line_surface_state_purple+1","Observe_purple_1+1","Observe_purple_1+1","Mirror_FourBoundary_purple+1"],"relics":["Boundary_crack","Memoryfragments_purpleEX","REME_ComplimentaryCards","NeowsBlessing","Juzu Bracelet","Hallownest:DreamNailRelic","Molten Egg 2","Sundial","War Paint","Busted Crown","HornCleat","Potion Belt","ClockworkSouvenir","Boot","InkBottle","Omamori","Regal Pillow","Tiny House","Hallownest:BeastSealRelic","Orichalcum","Happy Flower","PreservedInsect","Gremlin Horn","StoneCalendar","DollysMirror","HornCleat","Gambling Chip"],"acts_visited":["Exordium","Hallownest:Greenpath","Hallownest:CityofTears","TheEnding"],"potions_floor_usage":[54,54,55],"damage_taken":[{"damage":0.0,"enemies":"Hallownest:2_MossCreeps","floor":1.0,"turns":1.0},{"damage":0.0,"enemies":"Hallownest:monsterHuskWarrior","floor":3.0,"turns":2.0},{"damage":21.0,"enemies":"Hallownest:eliteMossKnight","floor":6.0,"turns":1.0},{"damage":2.0,"enemies":"Hallownest:2_Baldur","floor":11.0,"turns":4.0},{"damage":32.0,"enemies":"Hallownest:eliteCrystalGuardian","floor":13.0,"turns":6.0},{"damage":8.0,"enemies":"Hallownest:1_Baldur_1_Crawlid_1_Warrior","floor":14.0,"turns":8.0},{"damage":43.0,"enemies":"Hallownest:BossHornet","floor":16.0,"turns":11.0},{"damage":22.0,"enemies":"Hallownest:2_Mistakes","floor":18.0,"turns":10.0},{"damage":0.0,"enemies":"Hallownest:Flukemon_and_Top","floor":19.0,"turns":6.0},{"damage":44.0,"enemies":"Hallownest:eliteSoulWarrior","floor":25.0,"turns":7.0},{"damage":3.0,"enemies":"Hallownest:Master_and_Novice","floor":27.0,"turns":5.0},{"damage":43.0,"enemies":"Hallownest:eliteWatcherKnight","floor":30.0,"turns":12.0},{"damage":9.0,"enemies":"Hallownest:monsterShrumalOgre","floor":31.0,"turns":3.0},{"damage":25.0,"enemies":"Hallownest:BossMantisLord","floor":33.0,"turns":6.0},{"damage":13.0,"enemies":"Hallownest:3_Siblings","floor":35.0,"turns":11.0},{"damage":3,"enemies":"Hallownest:Shield_Heavy","floor":38,"turns":6},{"damage":0,"enemies":"Hallownest:monsterPrimalAspid","floor":39,"turns":6},{"damage":0,"enemies":"Hallownest:eliteCollector","floor":40,"turns":8},{"damage":0,"enemies":"Hallownest:2_Soldiers_and_1_Guardian","floor":41,"turns":9},{"damage":17,"enemies":"Hallownest:eliteHiveKnight","floor":42,"turns":4},{"damage":5,"enemies":"Hallownest:2_Great","floor":44,"turns":5},{"damage":3,"enemies":"Hallownest:StalkingDevout","floor":46,"turns":3},{"damage":5,"enemies":"Hallownest:eliteCollector","floor":48,"turns":4},{"damage":26,"enemies":"Hallownest:Radiance","floor":50,"turns":7},{"damage":0,"enemies":"Shield and Spear","floor":54,"turns":6},{"damage":103,"enemies":"The Heart","floor":55,"turns":10}],"seed_played":"-6664021089905340432","potions_obtained":[{"floor":11.0,"key":"Block Potion"},{"floor":14.0,"key":"ColorlessPotion"},{"floor":16.0,"key":"EntropicBrew"},{"floor":19.0,"key":"Explosive Potion"},{"floor":25.0,"key":"AttackPotion"},{"floor":27.0,"key":"GamblersBrew"},{"floor":31.0,"key":"SkillPotion"},{"floor":34.0,"key":"Energy Potion"},{"floor":35.0,"key":"Block Potion"},{"floor":40,"key":"DuplicationPotion"}],"is_trial":false,"path_per_floor":["M","?","M","T","?","E","?","R","T","R","M","R","E","M","R","B",null,"M","M","?","$","$","R","?","E","T","M","?","T","E","M","R","B",null,"M","?","?","M","M","E","M","E","T","M","R","E","R","E","R","B",null,"R","$","E","B",null],"character_chosen":"Youkari","items_purchased":["Potion Belt","ClockworkSouvenir","Boot","Umbrella_purple+1","DollysMirror","HornCleat"],"campfire_rested":1,"item_purchase_floors":[21,21,21,21,53,53],"current_hp_per_floor":[66,66,69,69,69,48,48,48,48,48,52,52,21,33,57,32,72,77,85,85,85,85,85,85,62,62,62,58,58,35,44,44,49,88,100,100,100,102,108,111,114,98,98,97,97,96,96,105,105,84,109,109,109,117,18],"gold":429,"neow_bonus":"THREE_ENEMY_KILL","is_daily":false,"chose_seed":false,"campfire_upgraded":8,"win_rate":0.0,"timestamp":1610701029,"path_taken":["M","?","M","?","?","E","?","R","T","R","M","R","E","M","R","BOSS","M","M","?","?","$","R","?","E","T","M","?","?","E","M","R","BOSS","M","?","?","M","M","E","M","E","T","M","R","E","R","E","R","BOSS","R","$","E","BOSS"],"items_purchased_type":["Relic","Relic","Relic","Card","Relic","Relic"],"build_version":"2020-12-22","purchased_purges":2,"victory":true,"max_hp_per_floor":[73,73,76,76,76,76,76,76,76,76,79,79,79,82,82,85,85,88,91,91,91,91,91,91,91,91,91,91,91,94,94,94,94,99,102,102,102,105,108,111,114,114,114,114,114,114,114,117,117,117,117,117,117,120,120],"relic_stats":{"Regal Pillow":0,"Happy Flower":[11],"Gremlin Horn":[2,2],"counters":[26,161],"StoneCalendar":[52],"PreservedInsect":190,"Juzu Bracelet":1,"War Paint":["Defend_purpleEX","Defend_purpleEX"],"Orichalcum":[30],"Boot":[223],"Busted Crown":36,"Sundial":[50],"Gambling Chip":[2],"obtain_stats":[{"Regal Pillow":30,"Tiny House":34,"Gremlin Horn":46,"StoneCalendar":48,"Juzu Bracelet":4,"Hallownest:DreamNailRelic":5,"Boot":21,"ClockworkSouvenir":21,"HornCleat":20,"Sundial":9,"DollysMirror":53,"Gambling Chip":54,"InkBottle":25,"Hallownest:BeastSealRelic":37,"Potion Belt":21,"NeowsBlessing":0,"Happy Flower":42,"PreservedInsect":43,"Omamori":26,"Boundary_crack":0,"War Paint":13,"Orichalcum":40,"Busted Crown":17,"Molten Egg 2":6,"Memoryfragments_purpleEX":0,"REME_ComplimentaryCards":0},{"Regal Pillow":12,"Tiny House":14,"Gremlin Horn":22,"StoneCalendar":23,"Juzu Bracelet":2,"Hallownest:DreamNailRelic":2,"Boot":9,"ClockworkSouvenir":9,"HornCleat":9,"Sundial":3,"DollysMirror":24,"Gambling Chip":25,"InkBottle":10,"Hallownest:BeastSealRelic":15,"Potion Belt":9,"NeowsBlessing":0,"Happy Flower":20,"PreservedInsect":20,"Omamori":10,"Boundary_crack":0,"War Paint":5,"Orichalcum":18,"Busted Crown":7,"Molten Egg 2":3,"Memoryfragments_purpleEX":0,"REME_ComplimentaryCards":0},{"Regal Pillow":73,"Tiny House":82,"Gremlin Horn":134,"StoneCalendar":138,"Juzu Bracelet":3,"Hallownest:DreamNailRelic":3,"Boot":49,"ClockworkSouvenir":49,"HornCleat":49,"Sundial":4,"DollysMirror":145,"Gambling Chip":151,"InkBottle":56,"Hallownest:BeastSealRelic":93,"Potion Belt":49,"NeowsBlessing":0,"Happy Flower":126,"PreservedInsect":126,"Omamori":56,"Boundary_crack":0,"War Paint":14,"Orichalcum":113,"Busted Crown":33,"Molten Egg 2":4,"Memoryfragments_purpleEX":0,"REME_ComplimentaryCards":0}],"InkBottle":[59]},"card_choices":[{"not_picked":["Bait_HighSpeedFlying_purple","Shallow_ocean_purpleEX"],"picked":"OpenedBox_purple","floor":1.0},{"not_picked":["Apotheosis","Madness"],"picked":"REME_TheoryOfElimination","floor":2.0},{"not_picked":["AdvanceAttack_purple","Realm_recovery_purpleEX"],"picked":"Mirror_Drifter_purple","floor":2.0},{"not_picked":["Umbrella_purple","Mirror_Drifter_purple","Shallow_ocean_purpleEX"],"picked":"SKIP","floor":3.0},{"not_picked":["SfantasyHide_purple","RuleDissolution_purple"],"picked":"WeekHit_purple+1","floor":6.0},{"not_picked":["MeetDecomposer_purple","WorldDissolvedintheRealm_purple+1"],"picked":"Mirror_TwoAndThreeElementRealm_purple","floor":11.0},{"not_picked":["RealityDreamConfluencek_purple","WingOfChimera_purple"],"picked":"Mirror_FourBoundary_purple","floor":13.0},{"not_picked":["MeetDecomposer_purple","WingOfChimera_purple","Umbrella_purple+1"],"picked":"SKIP","floor":14.0},{"not_picked":["D_absorption_purple","LoveAcrossDimensions_purple"],"picked":"Human_Monster_Realm_purple","floor":16.0},{"not_picked":["Shallow_ocean_purpleEX+1"],"picked":"SKIP","floor":18.0},{"not_picked":["Boundary_DreamRealityDamnation_purple+1"],"picked":"SKIP","floor":19.0},{"not_picked":["SfantasyHide_purple"],"picked":"SKIP","floor":25.0},{"not_picked":["Worldmountain_purple+1"],"picked":"SKIP","floor":27.0},{"not_picked":["Bait_HighSpeedFlying_purple+1"],"picked":"SKIP","floor":30.0},{"not_picked":[],"picked":"Fantasy_PerpetualMotionMachine_purple","floor":31.0},{"not_picked":[],"picked":"Line_surface_state_purple","floor":34.0},{"not_picked":["AdvanceAttack_purple+1"],"picked":"SKIP","floor":35.0},{"not_picked":["MNeedle_purple+1"],"picked":"SKIP","floor":38},{"not_picked":["SfantasyHide_purple+1"],"picked":"SKIP","floor":39},{"not_picked":["DarkRealmRedLine_purple+1"],"picked":"SKIP","floor":40},{"not_picked":["Shallow_ocean_purpleEX+1"],"picked":"SKIP","floor":41},{"not_picked":["Mirror_WaveAndshot_purple"],"picked":"SKIP","floor":42},{"not_picked":["Line_surface_state_purple"],"picked":"SKIP","floor":44},{"not_picked":["OmniscientAndOmnipotent_Monster_purple+1"],"picked":"SKIP","floor":46},{"not_picked":["D_absorption_purple"],"picked":"SKIP","floor":48},{"not_picked":["ExistenceContinue_purple+1"],"picked":"SKIP","floor":54}],"player_experience":58537,"relics_obtained":[{"floor":4.0,"key":"Juzu Bracelet"},{"floor":6.0,"key":"Molten Egg 2"},{"floor":9.0,"key":"Sundial"},{"floor":13.0,"key":"War Paint"},{"floor":25.0,"key":"InkBottle"},{"floor":26.0,"key":"Omamori"},{"floor":30.0,"key":"Regal Pillow"},{"floor":40,"key":"Orichalcum"},{"floor":42,"key":"Happy Flower"},{"floor":43,"key":"PreservedInsect"},{"floor":46,"key":"Gremlin Horn"},{"floor":48,"key":"StoneCalendar"},{"floor":54,"key":"Gambling Chip"}],"event_choices":[],"is_beta":false,"boss_relics":[{"not_picked":["SlaversCollar","Calling Bell"],"picked":"Busted Crown"},{"not_picked":["Philosopher\u0027s Stone","Pandora\u0027s Box"],"picked":"Tiny House"}],"items_purged_floors":[21,53],"is_endless":false,"potions_floor_spawned":[11,14,16,19,25,27,31,35,40,46,48],"ascension_level":7}}