{"host":"qqgw5gp46oujbhdl","time":1610746766,"event":{"mods":["Aspiration","BaseMod","BetterRewards","Downfall","Hermit","Infinite Spire","Minty Spire (QoL Compilation)","StSLib","The Death Knight","The Disciple","The Forsaken","The Hierophant","The Servant 0.9.4","The Spell Scribe","The Valiant","TheBandit","TheFirefly","Wandering Minibosses"],"gold_per_floor":[111,131,161,161,161,205,231,231,255,255,286,461,494,494,494,490,490],"floor_reached":16,"language":"POL","playtime":890,"items_purged":[],"score":108,"play_id":"a22deb71-72da-49aa-ad2f-d9e375ab78af","local_time":"20210115223926","is_ascension_mode":false,"campfire_choices":[{"floor":8,"key":"REST"},{"floor":10,"key":"REST"},{"floor":15,"key":"REST"}],"circlet_count":0,"master_deck":["hierophant:Strike_Hierophant","hierophant:Strike_Hierophant","hierophant:Strike_Hierophant","hierophant:Punish","hierophant:Defend_Hierophant","hierophant:Defend_Hierophant","hierophant:Defend_Hierophant","hierophant:Defend_Hierophant","hierophant:ChurchCoffers","hierophant:Doubloon","hierophant:CoinFling","hierophant:Doubloon","hierophant:CoinFling","hierophant:Sermon","infinitespire:Menacing","hierophant:RepressedViolence","hierophant:MorningPrayer"],"relics":["hierophant:PropheticMaskRelic","Happy Flower","Potion Belt","Anchor","Boot","Pen Nib"],"acts_visited":["Exordium"],"potions_floor_usage":[11,16],"damage_taken":[{"damage":7,"enemies":"Small Slimes","floor":1,"turns":3},{"damage":6,"enemies":"Jaw Worm","floor":2,"turns":3},{"damage":1,"enemies":"2 Louse","floor":3,"turns":2},{"damage":35,"enemies":"Lagavulin","floor":6,"turns":7},{"damage":6,"enemies":"Large Slime","floor":11,"turns":4},{"damage":32,"enemies":"Gremlin Nob","floor":13,"turns":6},{"damage":36,"enemies":"The Guardian","floor":16,"turns":7}],"seed_played":"-3103817553061392380","potions_obtained":[{"floor":2,"key":"EssenceOfSteel"},{"floor":3,"key":"SteroidPotion"},{"floor":6,"key":"AttackPotion"}],"is_trial":false,"path_per_floor":["M","M","M","?","?","E","T","R","T","R","M","?","E","?","R","B"],"character_chosen":"HIEROPHANT","items_purchased":[],"campfire_rested":3,"item_purchase_floors":[],"current_hp_per_floor":[68,62,61,43,43,8,8,30,30,52,46,46,14,14,36,0,0],"gold":490,"neow_bonus":"RANDOM_COMMON_RELIC","is_daily":false,"chose_seed":false,"campfire_upgraded":0,"win_rate":0.0,"timestamp":1610746766,"path_taken":["M","M","M","?","?","E","?","R","T","R","M","?","E","?","R","BOSS"],"items_purchased_type":[],"build_version":"2020-12-22","purchased_purges":0,"victory":false,"max_hp_per_floor":[75,75,75,75,75,75,75,75,75,75,75,75,75,75,75,75,75],"card_choices":[{"not_picked":["hierophant:Blessing","hierophant:Sermon"],"picked":"hierophant:CoinFling","floor":1},{"not_picked":["hierophant:Zeal","hierophant:HammerAndAnvil"],"picked":"hierophant:CoinFling","floor":2},{"not_picked":["hierophant:SealAway","hierophant:FieryStrike"],"picked":"hierophant:Sermon","floor":3},{"not_picked":["infinitespire:SealOfDarkness+","infinitespire:Gouge"],"picked":"infinitespire:Menacing","floor":4},{"not_picked":["hierophant:Purify","hierophant:Zeal"],"picked":"hierophant:RepressedViolence","floor":6},{"not_picked":["hierophant:ThreeLashes","hierophant:PassingBell"],"picked":"hierophant:MorningPrayer","floor":11},{"not_picked":["hierophant:HammerAndAnvil","hierophant:WrathOfGod","hierophant:Zeal"],"picked":"SKIP","floor":13}],"player_experience":341693,"relics_obtained":[{"floor":6,"key":"Potion Belt"},{"floor":7,"key":"Anchor"},{"floor":9,"key":"Boot"},{"floor":13,"key":"Pen Nib"}],"event_choices":[{"cards_removed":["hierophant:Strike_Hierophant"],"damage_healed":0,"gold_gain":0,"player_choice":"Forget","damage_taken":0,"max_hp_gain":0,"max_hp_loss":0,"event_name":"Living Wall","floor":5,"gold_loss":0},{"damage_healed":0,"gold_gain":175,"player_choice":"AGREE","damage_taken":0,"max_hp_gain":0,"max_hp_loss":0,"event_name":"Liars Game","floor":12,"gold_loss":0,"cards_obtained":["Doubt"]},{"cards_removed":["Doubt"],"damage_healed":0,"gold_gain":0,"player_choice":"Removed Curses","damage_taken":0,"max_hp_gain":0,"max_hp_loss":0,"event_name":"Fountain of Cleansing","floor":14,"gold_loss":0}],"is_beta":false,"boss_relics":[],"items_purged_floors":[],"is_endless":false,"potions_floor_spawned":[2,3,6],"killed_by":"The Guardian","ascension_level":0}}