{"host":"9d9dhukr2jywmy0f","time":1610731896,"event":{"mods":["2.2 Compatiblity","Alarm Clock","BaseMod","Bestiary","Block Reminder","Colored Map","Colored Powertips","Curses Come First","DeckTracker","Highlight Path","Key Reminder","Minty Spire (QoL Compilation)","Quick Restart","Rare Cards Sparkle","Relic Sorter","Relic Stats","Spire Birthday Party","StSLib","SuperFastMode","Synergy Search","The Poker Player","Unceasing Turn Reminder","Unknown Chances"],"gold_per_floor":[116,41,51,66,166,166,181,181,181,181,205,205,220,247,247,352,352,373,388,399,416,436,436,96,96,131,131,140,140,154,177,177,286,286,299,3,13,0,10,45,55,91,91,91,109,135,135,170,170,170,170,170,45,86,86],"floor_reached":56,"language":"ZHS","playtime":4686,"items_purged":["PokerPlayerMod:Spade1","PokerPlayerMod:Diamond1","Shame"],"score":1896,"play_id":"e98c0d07-8836-4ac7-bed8-feefddc71318","local_time":"20210116013136","is_ascension_mode":true,"metric_token":1494,"campfire_choices":[{"data":"PokerPlayerMod:Mulligan","floor":6.0,"key":"SMITH"},{"data":"PokerPlayerMod:BadJoker","floor":8.0,"key":"SMITH"},{"data":"PokerPlayerMod:TrumpStrike","floor":10.0,"key":"SMITH"},{"data":"PokerPlayerMod:Raise","floor":12.0,"key":"SMITH"},{"data":"PokerPlayerMod:FillThePot","floor":15.0,"key":"SMITH"},{"data":"PokerPlayerMod:Promotion","floor":23.0,"key":"SMITH"},{"data":"PokerPlayerMod:Raise","floor":25.0,"key":"SMITH"},{"data":"PokerPlayerMod:CardBurn","floor":27.0,"key":"SMITH"},{"data":"PokerPlayerMod:CardBurn","floor":32.0,"key":"SMITH"},{"floor":47.0,"key":"RECALL"},{"data":"PokerPlayerMod:Spade9","floor":49.0,"key":"SMITH"},{"data":"PokerPlayerMod:Spade7","floor":52.0,"key":"SMITH"}],"circlet_count":0,"master_deck":["PokerPlayerMod:Diamond2","PokerPlayerMod:Diamond3","PokerPlayerMod:Diamond4","PokerPlayerMod:Diamond5","PokerPlayerMod:Spade2","PokerPlayerMod:Spade3","PokerPlayerMod:Spade4","PokerPlayerMod:Club1","PokerPlayerMod:Club2","PokerPlayerMod:Heart2","PokerPlayerMod:TrumpStrike+1","PokerPlayerMod:BadJoker+1","PokerPlayerMod:Mulligan+1","PokerPlayerMod:FillThePot+1","PokerPlayerMod:CardBurn+1","PokerPlayerMod:Spade10+","PokerPlayerMod:Raise+1","PokerPlayerMod:CardBurn+1","PokerPlayerMod:Promotion+1","PokerPlayerMod:FillThePot+1","PokerPlayerMod:Raise+1","PokerPlayerMod:Club10+","PokerPlayerMod:CardBurn+1","PokerPlayerMod:Spade8","PokerPlayerMod:Spade9","PokerPlayerMod:Configure+1","PokerPlayerMod:ClubDance+1"],"relics":["PokerPlayerMod:DeckCase","NeowsBlessing","CeramicFish","Cursed Key","Eternal Feather","SlaversCollar","PokerPlayerMod:EnergeticBat","Red Mask","PokerPlayerMod:BottledPoker","Regal Pillow","PokerPlayerMod:Splitter","Anchor"],"acts_visited":["Exordium","TheCity","TheBeyond","TheEnding"],"potions_floor_usage":[55,55,55],"damage_taken":[{"damage":0.0,"enemies":"Cultist","floor":1.0,"turns":1.0},{"damage":0.0,"enemies":"Jaw Worm","floor":3.0,"turns":1.0},{"damage":0.0,"enemies":"2 Louse","floor":4.0,"turns":1.0},{"damage":4.0,"enemies":"Red Slaver","floor":7.0,"turns":2.0},{"damage":0.0,"enemies":"Gremlin Gang","floor":11.0,"turns":3.0},{"damage":0.0,"enemies":"Large Slime","floor":13.0,"turns":4.0},{"damage":0.0,"enemies":"2 Fungi Beasts","floor":14.0,"turns":1.0},{"damage":24.0,"enemies":"Hexaghost","floor":16.0,"turns":8.0},{"damage":0.0,"enemies":"2 Thieves","floor":18.0,"turns":4.0},{"damage":0.0,"enemies":"Shell Parasite","floor":19.0,"turns":5.0},{"damage":0.0,"enemies":"3 Cultists","floor":20.0,"turns":6.0},{"damage":0.0,"enemies":"Chosen and Byrds","floor":21.0,"turns":4.0},{"damage":2.0,"enemies":"Centurion and Healer","floor":22.0,"turns":6.0},{"damage":0.0,"enemies":"Snake Plant","floor":30.0,"turns":2.0},{"damage":0.0,"enemies":"Cultist and Chosen","floor":31.0,"turns":4.0},{"damage":22.0,"enemies":"Automaton","floor":33.0,"turns":7.0},{"damage":0.0,"enemies":"Orb Walker","floor":35.0,"turns":3.0},{"damage":0.0,"enemies":"3 Darklings","floor":37.0,"turns":3.0},{"damage":0.0,"enemies":"4 Shapes","floor":39.0,"turns":3.0},{"damage":0.0,"enemies":"Giant Head","floor":40.0,"turns":5.0},{"damage":5.0,"enemies":"Transient","floor":41.0,"turns":5.0},{"damage":0.0,"enemies":"Nemesis","floor":42.0,"turns":5.0},{"damage":0.0,"enemies":"Maw","floor":45.0,"turns":5.0},{"damage":0.0,"enemies":"4 Shapes","floor":46.0,"turns":5.0},{"damage":0.0,"enemies":"Reptomancer","floor":48.0,"turns":4.0},{"damage":0.0,"enemies":"Donu and Deca","floor":50.0,"turns":5.0},{"damage":0.0,"enemies":"Shield and Spear","floor":54.0,"turns":5.0},{"damage":0,"enemies":"The Heart","floor":55,"turns":13}],"seed_played":"4998604661191258961","potions_obtained":[{"floor":1.0,"key":"PowerPotion"},{"floor":4.0,"key":"SteroidPotion"},{"floor":13.0,"key":"DuplicationPotion"},{"floor":16.0,"key":"ColorlessPotion"},{"floor":18.0,"key":"Block Potion"},{"floor":33.0,"key":"DuplicationPotion"}],"is_trial":false,"path_per_floor":["M","$","M","M","?","R","M","R","T","R","M","R","M","M","R","B",null,"M","M","M","M","M","R","$","R","T","R","?","?","M","M","R","B",null,"M","$","M","?","M","E","M","E","T","?","M","M","R","E","R","B",null,"R","$","E","B",null],"character_chosen":"THE_POKER_PLAYER","items_purchased":["Eternal Feather","PokerPlayerMod:EnergeticBat"],"campfire_rested":0,"item_purchase_floors":[24,36],"current_hp_per_floor":[47,47,49,49,49,49,49,49,49,49,52,52,52,52,52,28,46,46,49,49,52,50,50,50,52,52,52,52,52,52,52,52,30,47,47,47,51,51,51,52,47,50,50,50,52,52,52,52,52,52,52,52,52,52,52],"gold":86,"neow_bonus":"THREE_ENEMY_KILL","is_daily":false,"chose_seed":false,"campfire_upgraded":11,"win_rate":0.0,"timestamp":1610731896,"path_taken":["M","$","?","M","?","R","M","R","T","R","M","R","M","M","R","BOSS","M","?","M","M","M","R","$","R","T","R","?","?","M","M","R","BOSS","M","?","?","?","M","E","M","E","T","?","?","M","R","E","R","BOSS","R","$","E","BOSS"],"items_purchased_type":["Relic","Relic"],"build_version":"2020-11-30","purchased_purges":3,"victory":true,"max_hp_per_floor":[52,52,52,52,52,52,52,52,52,52,52,52,52,52,52,52,52,52,52,52,52,52,52,52,52,52,52,52,52,52,52,52,52,52,52,52,52,52,52,52,52,52,52,52,52,52,52,52,52,52,52,52,52,52,52],"relic_stats":{"Regal Pillow":0,"counters":[28,120],"CeramicFish":108,"Eternal Feather":2,"Cursed Key":1,"obtain_stats":[{"Regal Pillow":42,"NeowsBlessing":0,"CeramicFish":9,"Eternal Feather":24,"Cursed Key":17,"keyreminder:keyreminder":26,"SlaversCollar":34,"PokerPlayerMod:BottledPoker":40,"PokerPlayerMod:DeckCase":0,"Anchor":54,"PokerPlayerMod:EnergeticBat":36,"Red Mask":38,"PokerPlayerMod:Splitter":48},{"Regal Pillow":22,"NeowsBlessing":0,"CeramicFish":4,"Eternal Feather":13,"Cursed Key":8,"keyreminder:keyreminder":13,"SlaversCollar":16,"PokerPlayerMod:BottledPoker":20,"PokerPlayerMod:DeckCase":0,"Anchor":27,"PokerPlayerMod:EnergeticBat":17,"Red Mask":18,"PokerPlayerMod:Splitter":25},{"Regal Pillow":83,"NeowsBlessing":0,"CeramicFish":5,"Eternal Feather":46,"Cursed Key":21,"keyreminder:keyreminder":46,"SlaversCollar":59,"PokerPlayerMod:BottledPoker":73,"PokerPlayerMod:DeckCase":0,"Anchor":107,"PokerPlayerMod:EnergeticBat":62,"Red Mask":65,"PokerPlayerMod:Splitter":97}]},"card_choices":[{"not_picked":["PokerPlayerMod:RiskyBet","PokerPlayerMod:Club1"],"picked":"PokerPlayerMod:FillThePot","floor":1.0},{"not_picked":["PokerPlayerMod:Diamond1","PokerPlayerMod:Manipulation"],"picked":"PokerPlayerMod:CardBurn","floor":3.0},{"not_picked":["PokerPlayerMod:Diamond5","PokerPlayerMod:Raise"],"picked":"PokerPlayerMod:Spade9","floor":4.0},{"not_picked":["PokerPlayerMod:Spade4","PokerPlayerMod:SpadeStrike","PokerPlayerMod:DiamondStrike"],"picked":"SKIP","floor":7.0},{"not_picked":["PokerPlayerMod:Spade1","PokerPlayerMod:Diamond2"],"picked":"PokerPlayerMod:Raise","floor":11.0},{"not_picked":["PokerPlayerMod:Spade1","PokerPlayerMod:Diamond3","PokerPlayerMod:Club3"],"picked":"SKIP","floor":13.0},{"not_picked":["PokerPlayerMod:SecondChance","PokerPlayerMod:SecretDealer"],"picked":"PokerPlayerMod:CardBurn","floor":14.0},{"not_picked":["PokerPlayerMod:Club10+","PokerPlayerMod:Club8"],"picked":"PokerPlayerMod:Promotion","floor":16.0},{"not_picked":["PokerPlayerMod:Heart4","PokerPlayerMod:Club1"],"picked":"PokerPlayerMod:FillThePot+1","floor":18.0},{"not_picked":["PokerPlayerMod:Diamond5","PokerPlayerMod:PoorCopy","PokerPlayerMod:Diamond4"],"picked":"SKIP","floor":19.0},{"not_picked":["PokerPlayerMod:Club2","PokerPlayerMod:Diamond6","PokerPlayerMod:Club1"],"picked":"SKIP","floor":20.0},{"not_picked":["PokerPlayerMod:Spade1","PokerPlayerMod:Diamond1","PokerPlayerMod:Spade4"],"picked":"SKIP","floor":21.0},{"not_picked":["PokerPlayerMod:Diamond2","PokerPlayerMod:Diamond6"],"picked":"PokerPlayerMod:Raise","floor":22.0},{"not_picked":["PokerPlayerMod:Configure","PokerPlayerMod:Spade2","PokerPlayerMod:Diamond1"],"picked":"SKIP","floor":30.0},{"not_picked":["PokerPlayerMod:Diamond4","PokerPlayerMod:Overdeal"],"picked":"PokerPlayerMod:CardBurn+1","floor":31.0},{"not_picked":["PokerPlayerMod:RoyalStrike","PokerPlayerMod:StackedDeck"],"picked":"PokerPlayerMod:Spade7","floor":33.0},{"not_picked":["PokerPlayerMod:Club5","PokerPlayerMod:Diamond1","PokerPlayerMod:DiamondStrike+1"],"picked":"SKIP","floor":35.0},{"not_picked":["PokerPlayerMod:MagicTrick+1","PokerPlayerMod:Diamond1","PokerPlayerMod:SpadeStrike"],"picked":"SKIP","floor":37.0},{"not_picked":["PokerPlayerMod:Diamond5","PokerPlayerMod:SecondChance","PokerPlayerMod:Sharpen"],"picked":"SKIP","floor":39.0},{"not_picked":["PokerPlayerMod:CardBurn+1","PokerPlayerMod:Club4","PokerPlayerMod:Spade3"],"picked":"SKIP","floor":40.0},{"not_picked":["PokerPlayerMod:Diamond4","PokerPlayerMod:CloakAndDiamond+1","PokerPlayerMod:Diamond2"],"picked":"SKIP","floor":41.0},{"not_picked":["PokerPlayerMod:ClubsClub+1","PokerPlayerMod:Sharpen"],"picked":"PokerPlayerMod:Spade9","floor":42.0},{"not_picked":["PokerPlayerMod:Heart3","PokerPlayerMod:Spade1","PokerPlayerMod:Diamond5"],"picked":"SKIP","floor":45.0},{"not_picked":["PokerPlayerMod:Diamond6","PokerPlayerMod:CardBurn+1"],"picked":"PokerPlayerMod:Configure+1","floor":46.0},{"not_picked":["PokerPlayerMod:Spade3","PokerPlayerMod:Club4","PokerPlayerMod:Fold+1"],"picked":"SKIP","floor":48.0},{"not_picked":["PokerPlayerMod:SpadeStrike+1","PokerPlayerMod:Diamond2"],"picked":"PokerPlayerMod:ClubDance+1","floor":54.0}],"player_experience":861141,"relics_obtained":[{"floor":9.0,"key":"CeramicFish"},{"floor":40.0,"key":"PokerPlayerMod:BottledPoker"},{"floor":42.0,"key":"Regal Pillow"},{"floor":48.0,"key":"PokerPlayerMod:Splitter"},{"floor":54.0,"key":"Anchor"}],"event_choices":[{"damage_healed":0.0,"max_hp_gain":0.0,"max_hp_loss":0.0,"gold_gain":100.0,"event_name":"Golden Shrine","player_choice":"Pray","floor":5.0,"gold_loss":0.0,"damage_taken":0.0},{"damage_healed":0.0,"max_hp_gain":0.0,"max_hp_loss":0.0,"gold_gain":0.0,"event_name":"The Library","player_choice":"Read","floor":28.0,"gold_loss":0.0,"damage_taken":0.0,"cards_obtained":["PokerPlayerMod:Club10"]},{"damage_healed":0.0,"max_hp_gain":0.0,"max_hp_loss":0.0,"gold_gain":0.0,"event_name":"N\u0027loth","player_choice":"Ignored","floor":29.0,"gold_loss":0.0,"damage_taken":0.0},{"damage_healed":0.0,"max_hp_gain":0.0,"max_hp_loss":0.0,"gold_gain":0.0,"event_name":"Tomb of Lord Red Mask","player_choice":"Paid","floor":38.0,"gold_loss":13.0,"damage_taken":0.0,"relics_obtained":["Red Mask"]},{"damage_healed":0.0,"max_hp_gain":0.0,"max_hp_loss":0.0,"gold_gain":0.0,"event_name":"Match and Keep!","player_choice":"0 cards matched","floor":44.0,"gold_loss":0.0,"damage_taken":0.0,"cards_obtained":[]}],"is_beta":false,"boss_relics":[{"not_picked":["Velvet Choker","Busted Crown"],"picked":"Cursed Key"},{"not_picked":["Fusion Hammer","Black Star"],"picked":"SlaversCollar"}],"items_purged_floors":[2,24,53],"is_endless":false,"potions_floor_spawned":[1,4,13,16,18,19,21,33,35,39,42,46,48,54],"ascension_level":9}}