{"host":"yq6bzcgknqmc8tov","time":1610724707,"event":{"mods":["Act Like it!","Ascension Reborn","BaseMod","Infinite Spire","Library of Ruina","Library of Ruina Extra","Minty Spire (QoL Compilation)","Quarter Circle Forward PUNCH!","Quick Restart","RumiaBox-露米娅的神秘盒子","StSLib"],"gold_per_floor":[117,217,231,243,254,269,303,303,327,354,354,366,366,377,377,475,475,488,507,54,54,129,129,160,15,15,15,29,55,69,82,82,177,177,193,193,239,256,306,306,335,335,359,379,389,389],"floor_reached":45,"language":"ZHS","playtime":2208,"items_purged":[],"score":672,"play_id":"3fa11b57-805c-4e8b-8157-97d31587d9de","local_time":"20210115233147","is_ascension_mode":true,"campfire_choices":[{"data":"Unlock1","floor":8.0,"key":"SMITH"},{"data":"BindingChains","floor":11.0,"key":"SMITH"},{"data":"EmotionalTurbulence","floor":13.0,"key":"SMITH"},{"data":"FlashOfSunup","floor":15.0,"key":"SMITH"},{"data":"Quickness","floor":23.0,"key":"SMITH"},{"data":"UndertakePrescript","floor":27.0,"key":"SMITH"},{"data":"ViolentFlame","floor":32.0,"key":"SMITH"},{"data":"LightDefense","floor":40.0,"key":"SMITH"},{"floor":42.0,"key":"RECALL"}],"circlet_count":0,"master_deck":["Dodge","LightDefense+1","LightAttack+1","LightAttack","LightAttack","LightDefense","LightDefense","LightDefense","ChargeAndCover+1","FocusedStrikes+1","ViolentFlame+1","Unlock1+1","BindingChains+1","Quickness+1","FlashOfSunup+1","EmotionalTurbulence+1","SenseQuarry+1","Multislash+1","UndertakePrescript+1","SunsetBlade+1","HandleRequest+1","TieShanKao+1","TendonChords+1","AGoldenOpportunity+1","RushDown+1","Normality","FierceCharge+1"],"relics":["PageOfLibrarian","Bag of Marbles","Happy Flower","PageOfSpiderBud","Ancient Tea Set","PageOfBlackSwan","qcfpunch:Fighting_Gloves","OrangePellets","qcfpunch:Not_Strongest_Fighting_Style_Guidebook","Membership Card","HornCleat","Gambling Chip","Cursed Key","FossilizedHelix","PageOfRedShoes","Incense Burner"],"acts_visited":["Exordium","TheCity","TheBeyond"],"potions_floor_usage":[],"damage_taken":[{"damage":1.0,"enemies":"Jaw Worm","floor":1.0,"turns":3.0},{"damage":0.0,"enemies":"Cultist","floor":3.0,"turns":5.0},{"damage":0.0,"enemies":"2 Louse","floor":4.0,"turns":2.0},{"damage":23.0,"enemies":"Exordium Thugs","floor":5.0,"turns":6.0},{"damage":4.0,"enemies":"2 Fungi Beasts","floor":6.0,"turns":2.0},{"damage":0.0,"enemies":"Gremlin Nob","floor":7.0,"turns":3.0},{"damage":5.0,"enemies":"Lagavulin","floor":10.0,"turns":3.0},{"damage":0.0,"enemies":"3 Louse","floor":12.0,"turns":2.0},{"damage":0.0,"enemies":"Exordium Wildlife","floor":14.0,"turns":1.0},{"damage":0.0,"enemies":"Slime Boss","floor":16.0,"turns":3.0},{"damage":10.0,"enemies":"2 Thieves","floor":18.0,"turns":2.0},{"damage":0.0,"enemies":"Spheric Guardian","floor":19.0,"turns":2.0},{"damage":0.0,"enemies":"Gremlin Leader","floor":24.0,"turns":2.0},{"damage":0.0,"enemies":"Snecko","floor":28.0,"turns":2.0},{"damage":0.0,"enemies":"Book of Stabbing","floor":29.0,"turns":2.0},{"damage":0.0,"enemies":"Centurion and Healer","floor":30.0,"turns":1.0},{"damage":5.0,"enemies":"Cultist and Chosen","floor":31.0,"turns":3.0},{"damage":14.0,"enemies":"Collector","floor":33.0,"turns":4.0},{"damage":0.0,"enemies":"3 Shapes","floor":35.0,"turns":2.0},{"damage":5.0,"enemies":"2 Orb Walkers","floor":37.0,"turns":2.0},{"damage":0.0,"enemies":"3 Darklings","floor":38.0,"turns":1.0},{"damage":0.0,"enemies":"Mind Bloom Boss Battle","floor":39.0,"turns":3.0},{"damage":0.0,"enemies":"Nemesis","floor":41.0,"turns":3.0},{"damage":0.0,"enemies":"Transient","floor":44.0,"turns":4.0},{"damage":0,"enemies":"Writhing Mass","floor":45,"turns":3}],"seed_played":"-6760944727945826498","potions_obtained":[{"floor":4.0,"key":"Dexterity Potion"},{"floor":5.0,"key":"AttackPotion"}],"is_trial":false,"path_per_floor":["M","?","M","M","M","M","E","R","T","E","R","M","R","M","R","B",null,"M","M","$","?","?","R","E","$","T","R","M","E","M","M","R","B",null,"M","?","?","M","?","R","E","R","T","M","M"],"character_chosen":"Librarian","items_purchased":["qcfpunch:Fighting_Gloves","OrangePellets","Membership Card"],"campfire_rested":0,"item_purchase_floors":[20,20,25],"current_hp_per_floor":[59,59,59,59,36,32,32,32,32,27,27,27,27,27,27,27,82,72,72,72,72,64,64,64,64,64,64,64,64,64,59,59,45,82,82,78,73,76,78,78,78,78,78,78,78,78],"gold":389,"neow_bonus":"RANDOM_COMMON_RELIC","is_daily":false,"chose_seed":false,"campfire_upgraded":8,"win_rate":0.0,"timestamp":1610724707,"path_taken":["M","?","M","M","?","M","E","R","T","E","R","M","R","M","R","BOSS","M","M","$","?","?","R","E","$","T","R","M","E","M","M","R","BOSS","M","?","?","M","?","R","E","R","T","M","M"],"items_purchased_type":["Relic","Relic","Relic"],"build_version":"2020-12-22","purchased_purges":0,"victory":false,"max_hp_per_floor":[68,68,68,68,68,70,82,82,82,82,82,82,82,82,82,82,82,82,82,82,82,82,82,82,82,82,82,82,82,82,82,82,82,82,82,78,78,78,78,78,78,78,78,78,78,78],"card_choices":[{"not_picked":["FervidEmotions","DesperateStruggle","Quickness","UpbeatPerformance","ForTheFamily","HighKick","RatsGuideToSurvival","SmokingPipe"],"picked":"ViolentFlame","floor":1.0},{"not_picked":["Pound","EnergyShield","FocusFire","BlazingStrike","TendonChords","SpearedSweep","UnavoidableGaze","KeepItFresh"],"picked":"Unlock1","floor":3.0},{"not_picked":["SmokingPipe","Castigation","HighKick","BladeWhirl","AsThePrescriptOrders","Overpower","Slice_lor","Outburst","Diversion"],"picked":"SKIP","floor":4.0},{"not_picked":["Pound","EnergyShield","FocusFire","FlamingDragonFist","SinglePointStab","MindPrepared","SuppressingShot","HighKick"],"picked":"BindingChains","floor":5.0},{"not_picked":["SuppressingShot","AsThePrescriptOrders","SpearedSweep","ExtremeEdge","ReadyUp","FleetFootsteps","ForcefulGesture","Rampage_lor"],"picked":"Quickness","floor":6.0},{"not_picked":["IngredientHunt","EnergyCycle","Unlock1","BiteOff","MultiBlock","Leap_lor","Quickness","UncannyStrike","SinglePointStab"],"picked":"SKIP","floor":7.0},{"not_picked":["SmokingPipe","UnforgettableMelody","SweepTheBackstreets","DarkCloud","NonstopAssault","Crush","UndertakePrescript","SkyClearingCut"],"picked":"FlashOfSunup","floor":10.0},{"not_picked":["FierceCharge","FocusFire","Execute_lor","HiddenBlade","MultiBlock","FrontalAssault","HandleRequest","NightInTheBackstreets"],"picked":"EmotionalTurbulence","floor":12.0},{"not_picked":["ClassAndRespect","UpbeatPerformance","ExtremeEdge","EnergyBeam","Tailoring","ElectricShock","SpearedSweep","BindingArms","FierceOnslaught"],"picked":"SKIP","floor":14.0},{"not_picked":["DaringDecision","FlamingDragonFist"],"picked":"SenseQuarry","floor":16.0},{"not_picked":["Riposte","FleetEdge","Mutilate","Execute_lor","MultiBlock","AssaultOrder+1","StayCalm+1","DarkCloud","HiddenBlade"],"picked":"SKIP","floor":18.0},{"not_picked":["Rewind","YouOnlyLiveOnce+1","EnergyShield","FrontalAssault","FierceCharge","DevastatingThrash","Diversion","WillOfThePrescript"],"picked":"Multislash+1","floor":19.0},{"not_picked":["Reload","SunsetBlade+1","Quickness","HandleRequest","SinglePointStab+1","EnergyCycle+1","Mutilate+1","Outburst"],"picked":"UndertakePrescript","floor":24.0},{"not_picked":["MultiHit","Quickness","InkOver","UnforgettableMelody","Endure+1","UpbeatPerformance","Eliminate","ViolentFlame","Outburst"],"picked":"SKIP","floor":28.0},{"not_picked":["ToWhereThePrescriptPoints","ClassAndRespect","Reload+1","LoosenUp","Eradication","NightInTheBackstreets","Rewind","BurningFlash","FleshFillet"],"picked":"SKIP","floor":29.0},{"not_picked":["Brawl","NightInTheBackstreets","BurningFlash","FleetEdge","IngredientHunt","PreemptiveStrike","Endure","SetFire"],"picked":"SunsetBlade","floor":30.0},{"not_picked":["PuppetBlockade","ToOvercomeCrisis","LossOfSenses","WaitUp","BizarreAttack","Thrust+1","ViolentFlame","SmokingPipe"],"picked":"HandleRequest+1","floor":31.0},{"not_picked":["GoinFirst","FormingStorm"],"picked":"TieShanKao","floor":33.0},{"not_picked":["InhaleSmoke+1","CutIn+1","DefenseOrder+1","Leap_lor+1","GaleKick+1","EnergyShield","StructuralAnalysis+1","Multislash"],"picked":"TendonChords+1","floor":35.0},{"not_picked":["QuickAttack","Mutilate","HiddenBlade+1","Faith+1","Ripple","AsThePrescriptOrders","Leap_lor+1","SteelKnuckles"],"picked":"AGoldenOpportunity+1","floor":37.0},{"not_picked":["DarkCloud","Eradication","Unlock1+1","HighKick+1","Multislash+1","TimeForALittleTest","CumulusWall+1","SinglePointStab+1","Parry+1"],"picked":"SKIP","floor":38.0},{"not_picked":["DriedUp","FleetEdge+1","Unlock1+1","AsThePrescriptOrders+1","StartinOutLightly","ButterflySlash+1","UnavoidableGaze+1","CutIn"],"picked":"RushDown+1","floor":39.0},{"not_picked":["DirtyBlow+1","Decapitation","TraceOfFumes+1","FleetFootsteps+1","Standoff+1","FlashOfSunup+1","SunsetBlade","Eradication","SharpSwipe+1"],"picked":"SKIP","floor":41.0},{"not_picked":["Leap_lor+1","UpbeatPerformance","Brawl+1","Reload+1","SpearedSweep+1","EnergyShield+1","EnergyCycle","AsThePrescriptOrders"],"picked":"FierceCharge+1","floor":44.0}],"player_experience":179519,"relics_obtained":[{"floor":7.0,"key":"Happy Flower"},{"floor":9.0,"key":"PageOfSpiderBud"},{"floor":10.0,"key":"Ancient Tea Set"},{"floor":24.0,"key":"qcfpunch:Not_Strongest_Fighting_Style_Guidebook"},{"floor":26.0,"key":"HornCleat"},{"floor":29.0,"key":"Gambling Chip"},{"floor":37.0,"key":"FossilizedHelix"},{"floor":39.0,"key":"PageOfRedShoes"},{"floor":41.0,"key":"Incense Burner"}],"event_choices":[{"damage_healed":0.0,"max_hp_gain":0.0,"max_hp_loss":0.0,"gold_gain":100.0,"event_name":"Golden Shrine","player_choice":"Pray","floor":2.0,"gold_loss":0.0,"damage_taken":0.0},{"damage_healed":0.0,"max_hp_gain":0.0,"max_hp_loss":0.0,"gold_gain":0.0,"event_name":"The Mausoleum","player_choice":"Ignored","floor":21.0,"gold_loss":0.0,"damage_taken":0.0},{"damage_healed":0.0,"max_hp_gain":0.0,"max_hp_loss":0.0,"gold_gain":75.0,"event_name":"FaceTrader","player_choice":"Touch","floor":22.0,"gold_loss":0.0,"damage_taken":8.0},{"damage_healed":0.0,"max_hp_gain":0.0,"max_hp_loss":4.0,"gold_gain":0.0,"event_name":"Winding Halls","player_choice":"Max HP","floor":36.0,"gold_loss":0.0,"damage_taken":0.0},{"damage_healed":0.0,"max_hp_gain":0.0,"max_hp_loss":0.0,"gold_gain":0.0,"event_name":"Mysterious Sphere","player_choice":"Fight","floor":37.0,"gold_loss":0.0,"damage_taken":0.0},{"damage_healed":0.0,"max_hp_gain":0.0,"max_hp_loss":0.0,"gold_gain":0.0,"event_name":"MindBloom","player_choice":"Fight","floor":39.0,"gold_loss":0.0,"damage_taken":0.0}],"is_beta":false,"boss_relics":[{"not_picked":["Sozu","SlaversCollar"],"picked":"PageOfBlackSwan"},{"not_picked":["Busted Crown","Pandora\u0027s Box"],"picked":"Cursed Key"}],"items_purged_floors":[],"is_endless":false,"potions_floor_spawned":[4,5,7,12,18,19,30,33,38,39],"killed_by":"Writhing Mass","ascension_level":0}}