{"host":"8i4doyxqctgl5qb0","time":1610679095,"event":{"mods":["AchievementEnabler","BaseMod","Block Reminder","Colored Powertips","Downfall","Minty Spire (QoL Compilation)","Permanent Neow","Potion Indicator Mod","Rare Cards Sparkle","StSLib","SuperFastMode","The Jungle"],"gold_per_floor":[215,229,195,195,213,213,23,23,23,38,38,38,38,67,67,166,166,182,62,62,81,94,94,94,94],"floor_reached":24,"language":"ZHS","playtime":536,"items_purged":["Strike_R"],"score":291,"play_id":"208577ed-51f6-4102-b44e-cfb51bdb6874","local_time":"20210115105135","is_ascension_mode":true,"campfire_choices":[{"data":"Juggernaut","floor":6.0,"key":"SMITH"},{"data":"Metallicize","floor":11.0,"key":"SMITH"},{"data":"Armaments","floor":13.0,"key":"SMITH"},{"floor":15.0,"key":"REST"},{"floor":23.0,"key":"REST"}],"circlet_count":0,"master_deck":["AscendersBane","Strike_R","Strike_R","Strike_R+1","Defend_R","Defend_R","Defend_R","Defend_R","Bash","Armaments+1","Headbutt+1","Flame Barrier","Juggernaut+1","Metallicize+1","Shrug It Off","True Grit","Brutality","True Grit","Demon Form","Rampage","Body Slam","Necronomicurse","Cleave","Headbutt+1","Rampage+1"],"relics":["Black Blood","Dream Catcher","Ornamental Fan","Bottled Flame","Regal Pillow","Necronomicon"],"acts_visited":["Exordium","TheCity"],"potions_floor_usage":[24],"damage_taken":[{"damage":9.0,"enemies":"Jaw Worm","floor":1.0,"turns":4.0},{"damage":1.0,"enemies":"Cultist","floor":2.0,"turns":4.0},{"damage":0.0,"enemies":"Small Slimes","floor":5.0,"turns":4.0},{"damage":5.0,"enemies":"Blue Slaver","floor":10.0,"turns":4.0},{"damage":17.0,"enemies":"Gremlin Nob","floor":14.0,"turns":5.0},{"damage":54.0,"enemies":"Slime Boss","floor":16.0,"turns":12.0},{"damage":23.0,"enemies":"Spheric Guardian","floor":18.0,"turns":6.0},{"damage":22.0,"enemies":"Chosen","floor":21.0,"turns":5.0},{"damage":13.0,"enemies":"Snecko","floor":22.0,"turns":5.0},{"damage":73,"enemies":"Book of Stabbing","floor":24,"turns":7}],"seed_played":"3515334473736004602","potions_obtained":[{"floor":2.0,"key":"BlessingOfTheForge"},{"floor":14.0,"key":"Weak Potion"},{"floor":16.0,"key":"LiquidMemories"},{"floor":21.0,"key":"Fire Potion"},{"floor":22.0,"key":"PowerPotion"}],"is_trial":false,"path_per_floor":["M","M","$","?","M","R","$","?","T","M","R","T","R","E","R","B",null,"M","$","?","M","M","R","E"],"character_chosen":"IRONCLAD","items_purchased":["Flame Barrier","Metallicize","Dream Catcher","Body Slam"],"campfire_rested":2,"item_purchase_floors":[3,7,7,19],"current_hp_per_floor":[69,74,74,58,64,64,64,64,64,65,65,65,65,54,80,32,68,57,57,41,31,30,69,0,0],"gold":94,"neow_bonus":"HUNDRED_GOLD","is_daily":false,"chose_seed":false,"campfire_upgraded":3,"win_rate":0.0,"timestamp":1610679095,"path_taken":["M","M","$","?","M","R","$","?","T","?","R","?","R","E","R","BOSS","M","$","?","M","M","R","E"],"items_purchased_type":["Card","Card","Relic","Card"],"build_version":"2020-12-22","purchased_purges":1,"victory":false,"max_hp_per_floor":[80,80,80,80,80,80,80,80,80,80,80,80,80,80,80,80,80,80,80,80,80,80,80,80,80],"card_choices":[{"not_picked":["Perfected Strike","Flex"],"picked":"Armaments","floor":1.0},{"not_picked":["Heavy Blade","Flex"],"picked":"Headbutt","floor":2.0},{"not_picked":["True Grit","Body Slam"],"picked":"Juggernaut","floor":5.0},{"not_picked":["Anger","Twin Strike"],"picked":"True Grit","floor":10.0},{"not_picked":["Seeing Red","True Grit"],"picked":"Brutality","floor":14.0},{"not_picked":["Twin Strike","Thunderclap"],"picked":"True Grit","floor":15.0},{"not_picked":["Reaper","Impervious"],"picked":"Demon Form","floor":16.0},{"not_picked":["Reckless Charge","Power Through+1"],"picked":"Rampage","floor":18.0},{"not_picked":["Pommel Strike","Carnage"],"picked":"Cleave","floor":21.0},{"not_picked":["Sever Soul+1","Pommel Strike"],"picked":"Headbutt+1","floor":22.0},{"not_picked":["Carnage","Sword Boomerang"],"picked":"Rampage+1","floor":23.0}],"player_experience":186778,"relics_obtained":[{"floor":9.0,"key":"Ornamental Fan"},{"floor":12.0,"key":"Bottled Flame"},{"floor":14.0,"key":"Regal Pillow"},{"floor":20.0,"key":"Necronomicon"}],"event_choices":[{"damage_healed":0.0,"max_hp_gain":0.0,"max_hp_loss":0.0,"gold_gain":0.0,"event_name":"Shining Light","player_choice":"Entered Light","floor":4.0,"gold_loss":0.0,"damage_taken":16.0,"cards_upgraded":["Headbutt","Strike_R"]},{"damage_healed":0.0,"max_hp_gain":0.0,"max_hp_loss":0.0,"gold_gain":0.0,"cards_transformed":["Strike_R"],"event_name":"Transmorgrifier","player_choice":"Transformed","floor":8.0,"gold_loss":0.0,"damage_taken":0.0,"cards_obtained":["Shrug It Off"]},{"damage_healed":0.0,"max_hp_gain":0.0,"max_hp_loss":0.0,"gold_gain":0.0,"event_name":"Cursed Tome","player_choice":"Obtained Book","floor":20.0,"gold_loss":0.0,"damage_taken":16.0}],"is_beta":false,"boss_relics":[{"not_picked":["Velvet Choker","SacredBark"],"picked":"Black Blood"}],"items_purged_floors":[19],"is_endless":false,"potions_floor_spawned":[2,14,16,21,22],"killed_by":"Book of Stabbing","ascension_level":10}}