{"host":"is2s59edl8twrhoj","time":1610712619,"event":{"mods":["BaseMod","Colored Map","Colored Powertips","DeckTracker","Downfall","Minty Spire (QoL Compilation)","StSLib"],"gold_per_floor":[113,113,138,138,138,178,178,196,196,231,83,96,119,139,139,232,232,246,270,270,150,163,198,198,198,198],"floor_reached":25,"language":"ENG","playtime":1130,"items_purged":["Strike_R","Strike_R"],"score":452,"play_id":"f54c4e85-c799-4e80-8e6d-2de007a8449b","local_time":"20210115121019","is_ascension_mode":true,"campfire_choices":[{"data":"Body Slam","floor":7.0,"key":"SMITH"},{"data":"Armaments","floor":15.0,"key":"SMITH"},{"floor":24.0,"key":"REST"}],"circlet_count":0,"master_deck":["AscendersBane","Strike_R","Defend_R","Defend_R","Defend_R","Body Slam+1","Rampage","Battle Trance","Trip","Armaments+1","Flex","Iron Wave","Twin Strike","Pummel","Thunderclap"],"relics":["Burning Blood","NeowsBlessing","Golden Idol","Smiling Mask","Potion Belt","Bottled Lightning","Nunchaku","Empty Cage","StoneCalendar"],"acts_visited":["Exordium","TheCity"],"potions_floor_usage":[],"damage_taken":[{"damage":0.0,"enemies":"Jaw Worm","floor":1.0,"turns":1.0},{"damage":0.0,"enemies":"2 Louse","floor":3.0,"turns":1.0},{"damage":0.0,"enemies":"Gremlin Nob","floor":6.0,"turns":1.0},{"damage":1.0,"enemies":"Cultist","floor":8.0,"turns":3.0},{"damage":25.0,"enemies":"Lagavulin","floor":10.0,"turns":7.0},{"damage":2.0,"enemies":"2 Fungi Beasts","floor":12.0,"turns":3.0},{"damage":3.0,"enemies":"3 Louse","floor":13.0,"turns":3.0},{"damage":2.0,"enemies":"Looter","floor":14.0,"turns":4.0},{"damage":9.0,"enemies":"The Guardian","floor":16.0,"turns":7.0},{"damage":15.0,"enemies":"2 Thieves","floor":18.0,"turns":4.0},{"damage":22.0,"enemies":"Shell Parasite","floor":19.0,"turns":4.0},{"damage":9.0,"enemies":"Snake Plant","floor":22.0,"turns":4.0},{"damage":25.0,"enemies":"Gremlin Leader","floor":23.0,"turns":6.0},{"damage":39,"enemies":"Centurion and Healer","floor":25,"turns":3}],"seed_played":"-3226851057964997803","potions_obtained":[{"floor":6.0,"key":"Explosive Potion"},{"floor":8.0,"key":"Swift Potion"},{"floor":12.0,"key":"SkillPotion"},{"floor":13.0,"key":"Weak Potion"},{"floor":14.0,"key":"Dexterity Potion"},{"floor":22.0,"key":"Explosive Potion"}],"is_trial":false,"path_per_floor":["M","?","M","?","?","E","R","M","T","E","$","M","M","M","R","B",null,"M","M","?","$","M","E","R","M"],"character_chosen":"IRONCLAD","items_purchased":["Trip","Pummel"],"campfire_rested":1,"item_purchase_floors":[11,21],"current_hp_per_floor":[74,48,54,36,29,35,35,40,40,21,21,25,28,32,32,29,64,55,39,39,39,36,17,39,0,0],"gold":198,"neow_bonus":"THREE_ENEMY_KILL","is_daily":false,"chose_seed":false,"campfire_upgraded":2,"win_rate":0.0,"timestamp":1610712619,"path_taken":["M","?","M","?","?","E","R","M","T","E","$","M","M","M","R","BOSS","M","M","?","$","M","E","R","?"],"items_purchased_type":["Card","Card"],"build_version":"2020-12-22","purchased_purges":2,"victory":false,"max_hp_per_floor":[75,75,75,75,75,75,75,75,75,75,75,75,75,75,75,75,75,75,75,75,75,75,75,75,75,75],"card_choices":[{"not_picked":["Perfected Strike","Fire Breathing"],"picked":"Body Slam","floor":1.0},{"not_picked":["Heavy Blade","True Grit"],"picked":"Rampage","floor":3.0},{"not_picked":["Shockwave","True Grit"],"picked":"Battle Trance","floor":6.0},{"not_picked":["Dual Wield","Havoc","True Grit"],"picked":"SKIP","floor":8.0},{"not_picked":["Body Slam","Shockwave","Burning Pact"],"picked":"SKIP","floor":10.0},{"not_picked":["Pommel Strike","Warcry"],"picked":"Armaments","floor":12.0},{"not_picked":["Pommel Strike","Warcry"],"picked":"Flex","floor":13.0},{"not_picked":["Clash","Hemokinesis"],"picked":"Iron Wave","floor":14.0},{"not_picked":["Warcry","Body Slam","Burning Pact"],"picked":"SKIP","floor":18.0},{"not_picked":["True Grit","Intimidate+1"],"picked":"Twin Strike","floor":19.0},{"not_picked":["Infernal Blade","Perfected Strike"],"picked":"Thunderclap","floor":22.0},{"not_picked":["Anger","Ghostly Armor","Juggernaut"],"picked":"SKIP","floor":23.0}],"player_experience":681552,"relics_obtained":[{"floor":6.0,"key":"Potion Belt"},{"floor":9.0,"key":"Bottled Lightning"},{"floor":10.0,"key":"Nunchaku"},{"floor":23.0,"key":"StoneCalendar"}],"event_choices":[{"damage_healed":0.0,"max_hp_gain":0.0,"max_hp_loss":0.0,"gold_gain":0.0,"event_name":"Golden Idol","player_choice":"Take Damage","floor":2.0,"gold_loss":0.0,"damage_taken":26.0,"relics_obtained":["Golden Idol"]},{"damage_healed":0.0,"max_hp_gain":0.0,"max_hp_loss":0.0,"gold_gain":0.0,"event_name":"Scrap Ooze","player_choice":"Success","floor":4.0,"gold_loss":0.0,"damage_taken":18.0,"relics_obtained":["Smiling Mask"]},{"cards_removed":["Bash"],"damage_healed":0.0,"max_hp_gain":0.0,"max_hp_loss":0.0,"gold_gain":0.0,"event_name":"Golden Wing","player_choice":"Card Removal","floor":5.0,"gold_loss":0.0,"damage_taken":7.0},{"cards_removed":["Strike_R"],"damage_healed":0.0,"max_hp_gain":0.0,"max_hp_loss":0.0,"gold_gain":0.0,"event_name":"Purifier","player_choice":"Purged","floor":20.0,"gold_loss":0.0,"damage_taken":0.0}],"is_beta":false,"boss_relics":[{"not_picked":["Runic Pyramid","Runic Dome"],"picked":"Empty Cage"}],"items_purged_floors":[11,21],"is_endless":false,"potions_floor_spawned":[6,8,12,13,14,22],"killed_by":"Centurion and Healer","ascension_level":15}}