{"host":"Rowan","time":1610682231,"event":{"mods":["BaseMod","Minty Spire (QoL Compilation)"],"gold_per_floor":[99,99,99,99,99,99,99,99,99,99,99,24,24,24,24,24,24],"floor_reached":16,"language":"ENG","playtime":767,"items_purged":["Strike_G"],"score":104,"play_id":"ab846844-a11a-4db2-be0d-304bfd13d84a","local_time":"20210114194351","is_ascension_mode":false,"campfire_choices":[{"floor":7,"key":"RECALL"},{"data":"Catalyst","floor":15,"key":"SMITH"}],"circlet_count":0,"master_deck":["Strike_G","Strike_G","Strike_G","Defend_G","Defend_G","Defend_G","Defend_G","Defend_G","Survivor","Neutralize","Flying Knee","Flying Knee","Cloak And Dagger","Accuracy","Catalyst+1","Flying Knee","Poisoned Stab+1","Deflect"],"relics":["Ectoplasm","Potion Belt","Calipers","Molten Egg 2"],"acts_visited":["Exordium"],"potions_floor_usage":[6,6,14],"damage_taken":[{"damage":0,"enemies":"Jaw Worm","floor":1,"turns":5},{"damage":0,"enemies":"Cultist","floor":2,"turns":4},{"damage":1,"enemies":"2 Louse","floor":3,"turns":3},{"damage":15,"enemies":"Exordium Wildlife","floor":5,"turns":5},{"damage":26,"enemies":"Lagavulin","floor":6,"turns":9},{"damage":0,"enemies":"Exordium Thugs","floor":8,"turns":4},{"damage":3,"enemies":"3 Louse","floor":13,"turns":3},{"damage":3,"enemies":"Lots of Slimes","floor":14,"turns":2},{"damage":32,"enemies":"Hexaghost","floor":16,"turns":9}],"seed_played":"6358023876015499510","potions_obtained":[{"floor":2,"key":"Weak Potion"},{"floor":3,"key":"Strength Potion"},{"floor":5,"key":"Regen Potion"},{"floor":13,"key":"AttackPotion"}],"is_trial":false,"path_per_floor":["M","M","M","?","M","E","R","M","T","?","?","$","M","M","R","B"],"character_chosen":"THE_SILENT","items_purchased":[],"campfire_rested":0,"item_purchase_floors":[],"current_hp_per_floor":[70,70,69,69,54,43,43,43,43,43,36,36,33,30,30,0,0],"gold":24,"neow_bonus":"BOSS_RELIC","is_daily":false,"chose_seed":false,"campfire_upgraded":1,"win_rate":0.0,"timestamp":1610682231,"path_taken":["M","M","M","?","M","E","R","?","T","?","?","$","M","M","R","BOSS"],"items_purchased_type":[],"build_version":"2020-12-18","purchased_purges":1,"victory":false,"max_hp_per_floor":[70,70,70,70,70,70,70,70,70,70,70,70,70,70,70,70,70],"card_choices":[{"not_picked":["Riddle With Holes","Bane"],"picked":"Flying Knee","floor":1},{"not_picked":["Eviscerate","Quick Slash"],"picked":"Flying Knee","floor":2},{"not_picked":["Poisoned Stab","Blade Dance"],"picked":"Cloak And Dagger","floor":3},{"not_picked":["Outmaneuver","Dodge and Roll"],"picked":"Accuracy","floor":5},{"not_picked":["Blade Dance","Storm of Steel"],"picked":"Catalyst","floor":6},{"not_picked":["Acrobatics","Setup"],"picked":"Flying Knee","floor":8},{"not_picked":["Heel Hook+1","Deflect"],"picked":"Poisoned Stab+1","floor":13},{"not_picked":["Flying Knee+1","Underhanded Strike+1"],"picked":"Deflect","floor":14}],"player_experience":380318,"relics_obtained":[{"floor":6,"key":"Calipers"},{"floor":9,"key":"Molten Egg 2"}],"event_choices":[{"damage_healed":0,"gold_gain":0,"player_choice":"Gave Potion","damage_taken":0,"relics_obtained":["Potion Belt"],"max_hp_gain":0,"max_hp_loss":0,"event_name":"WeMeetAgain","floor":4,"gold_loss":0},{"damage_healed":0,"gold_gain":0,"player_choice":"Ignored","damage_taken":0,"max_hp_gain":0,"max_hp_loss":0,"event_name":"Liars Game","floor":10,"gold_loss":0},{"cards_removed":["Strike_G"],"damage_healed":0,"gold_gain":0,"player_choice":"Card Removal","damage_taken":7,"max_hp_gain":0,"max_hp_loss":0,"event_name":"Golden Wing","floor":11,"gold_loss":0}],"is_beta":true,"boss_relics":[],"items_purged_floors":[12],"is_endless":false,"potions_floor_spawned":[2,3,5,13],"killed_by":"Hexaghost","ascension_level":0}}