{"host":"bcxgpd1eu8czocm9","time":1610713719,"event":{"mods":["Aspiration","BaseMod","Energized Spire","Marisa£®ÏF”Í°°ƒß¿Ì…≥£©","Minty Spire (QoL Compilation)","Quarter Circle Forward PUNCH!","Quick Restart","Replay The Spire","Robot Space Explorer","Spicy Shops","StSLib","The Servant 0.9.4","vexMod","°æ“≈ŒÔø®≈∆°øREMEMod"],"gold_per_floor":[111,131,145,320,304,304,322,49,49,82,102,102,119,130,130,130,130],"floor_reached":16,"language":"ZHS","playtime":565,"items_purged":["Doubt"],"score":106,"play_id":"8d67da66-c69e-48b5-8f58-a07dfa4c4637","local_time":"20210115202839","is_ascension_mode":false,"campfire_choices":[{"data":"Riddle With Holes","floor":6,"key":"SMITH"},{"floor":15,"key":"REST"}],"circlet_count":0,"master_deck":["RobotSpaceExplorer:Strike","RobotSpaceExplorer:Strike","RobotSpaceExplorer:Strike","RobotSpaceExplorer:Strike","RobotSpaceExplorer:Defend","RobotSpaceExplorer:Defend","RobotSpaceExplorer:Defend","RobotSpaceExplorer:Defend","RobotSpaceExplorer:Scan","RobotSpaceExplorer:MiniLasers","Riddle With Holes+1","RobotSpaceExplorer:ImprovisedAttack","RobotSpaceExplorer:Ammunition","RobotSpaceExplorer:MiniBoosters","RobotSpaceExplorer:ScrapMissile","RobotSpaceExplorer:ChargingLaser","RobotSpaceExplorer:MetalStrike+1","RobotSpaceExplorer:ShovelStrike+1","Pot Of Greed","Pot Of Greed"],"relics":["RobotSpaceExplorer:RoboCore","REME_ComplimentaryCards","NeowsBlessing","Molten Egg 2","RobotSpaceExplorer:ClockworkSextant","Grinning Jar"],"acts_visited":["Exordium"],"potions_floor_usage":[10,13,16],"damage_taken":[{"damage":0,"enemies":"2 Louse","floor":1,"turns":1},{"damage":0,"enemies":"Small Slimes","floor":2,"turns":1},{"damage":0,"enemies":"Jaw Worm","floor":3,"turns":1},{"damage":10,"enemies":"Exordium Thugs","floor":5,"turns":4},{"damage":9,"enemies":"Blue Slaver","floor":7,"turns":4},{"damage":18,"enemies":"3 Sentries","floor":10,"turns":5},{"damage":3,"enemies":"Looter","floor":11,"turns":3},{"damage":13,"enemies":"Exordium Thugs","floor":13,"turns":2},{"damage":8,"enemies":"2 Fungi Beasts","floor":14,"turns":2},{"damage":38,"enemies":"The Guardian","floor":16,"turns":5}],"seed_played":"199541883366197537","potions_obtained":[{"floor":1,"key":"LiquidMemories"},{"floor":10,"key":"Adrenaline Potion"},{"floor":14,"key":"PowerPotion"}],"is_trial":false,"path_per_floor":["M","M","M","?","M","R","M","$","T","E","M","?","M","M","R","B"],"character_chosen":"RobotSpaceExplorer","items_purchased":["RobotSpaceExplorer:ChargingLaser"],"campfire_rested":1,"item_purchase_floors":[8],"current_hp_per_floor":[75,75,75,75,65,65,56,56,56,38,35,32,19,11,33,0,0],"gold":130,"neow_bonus":"THREE_ENEMY_KILL","is_daily":false,"chose_seed":false,"campfire_upgraded":1,"win_rate":0.0,"timestamp":1610713719,"path_taken":["M","M","M","?","M","R","M","$","T","E","M","?","M","M","R","BOSS"],"items_purchased_type":["Card"],"build_version":"2020-12-22","purchased_purges":1,"victory":false,"max_hp_per_floor":[75,75,75,75,75,75,75,75,75,75,75,75,75,75,75,75,75],"card_choices":[{"not_picked":["RobotSpaceExplorer:ScrapMissile","RobotSpaceExplorer:Counterblock"],"picked":"RobotSpaceExplorer:ImprovisedAttack","floor":1},{"not_picked":["RobotSpaceExplorer:ShovelStrike","RobotSpaceExplorer:SwiftStep"],"picked":"RobotSpaceExplorer:Ammunition","floor":2},{"not_picked":["RobotSpaceExplorer:StunGrenade","RobotSpaceExplorer:Probe"],"picked":"RobotSpaceExplorer:MiniBoosters","floor":3},{"not_picked":["RobotSpaceExplorer:IronShell","RobotSpaceExplorer:ToxicBomb","RobotSpaceExplorer:Electroshield"],"picked":"SKIP","floor":5},{"not_picked":["RobotSpaceExplorer:SelfCleaning","RobotSpaceExplorer:MakeshiftVolley"],"picked":"RobotSpaceExplorer:ScrapMissile","floor":7},{"not_picked":["RobotSpaceExplorer:Blaster+1","RobotSpaceExplorer:PlasmaMissile+1"],"picked":"RobotSpaceExplorer:MetalStrike+1","floor":10},{"not_picked":["RobotSpaceExplorer:ImprovisedAttack+1","RobotSpaceExplorer:MiniDrones+1"],"picked":"RobotSpaceExplorer:ShovelStrike+1","floor":11},{"not_picked":["RobotSpaceExplorer:Blitz+1","RobotSpaceExplorer:GlueShot","RobotSpaceExplorer:Discharger"],"picked":"SKIP","floor":13},{"not_picked":["RobotSpaceExplorer:Smokescreen","RobotSpaceExplorer:StarDust","RobotSpaceExplorer:GlueSpray"],"picked":"SKIP","floor":14}],"player_experience":403937,"relics_obtained":[{"floor":9,"key":"Molten Egg 2"},{"floor":10,"key":"RobotSpaceExplorer:ClockworkSextant"}],"event_choices":[{"damage_healed":0,"gold_gain":175,"player_choice":"AGREE","damage_taken":0,"max_hp_gain":0,"max_hp_loss":0,"event_name":"Liars Game","floor":4,"gold_loss":0,"cards_obtained":["Doubt"]},{"damage_healed":0,"gold_gain":0,"player_choice":"Success","damage_taken":3,"relics_obtained":["Grinning Jar"],"max_hp_gain":0,"max_hp_loss":0,"event_name":"Scrap Ooze","floor":12,"gold_loss":0}],"is_beta":false,"boss_relics":[],"items_purged_floors":[8],"is_endless":false,"potions_floor_spawned":[1,10,14],"killed_by":"The Guardian","ascension_level":0}}