{"host":"873t0y8ybyo38pfq","time":1610748945,"event":{"mods":["BaseMod","Bestiary","Colored Map","Colored Powertips","Highlight Path","Minty Spire (QoL Compilation)","Quick Restart","RNG Fix","Rare Cards Sparkle","Relic Stats","StSLib"],"gold_per_floor":[115,265,265,278,298,298,327,327,327],"floor_reached":8,"language":"ENG","playtime":261,"items_purged":[],"score":92,"play_id":"61a9e419-f90d-45e4-983e-827b1cd31470","local_time":"20210115171545","is_ascension_mode":true,"campfire_choices":[{"data":"Go for the Eyes","floor":6,"key":"SMITH"}],"circlet_count":0,"master_deck":["AscendersBane","Strike_B","Strike_B","Strike_B","Strike_B","Defend_B","Defend_B","Defend_B","Defend_B","Zap","Dualcast","Go for the Eyes+1","Doubt","Cold Snap","Cold Snap","Coolheaded"],"relics":["Sozu","DataDisk","Odd Mushroom"],"acts_visited":["Exordium"],"potions_floor_usage":[],"damage_taken":[{"damage":7,"enemies":"Jaw Worm","floor":1,"turns":3},{"damage":6,"enemies":"Small Slimes","floor":4,"turns":4},{"damage":2,"enemies":"2 Louse","floor":5,"turns":3},{"damage":25,"enemies":"The Mushroom Lair","floor":7,"turns":5},{"damage":49,"enemies":"Gremlin Nob","floor":8,"turns":4}],"seed_played":"2703934874367939743","potions_obtained":[],"is_trial":false,"path_per_floor":["M","?","T","M","M","R","?","E"],"character_chosen":"DEFECT","items_purchased":[],"campfire_rested":0,"item_purchase_floors":[],"current_hp_per_floor":[57,57,57,51,49,49,24,0,0],"gold":327,"neow_bonus":"BOSS_RELIC","is_daily":false,"chose_seed":false,"campfire_upgraded":1,"win_rate":0.0,"timestamp":1610748945,"path_taken":["M","?","?","M","?","R","?","E"],"items_purchased_type":[],"build_version":"2020-12-22","purchased_purges":0,"victory":false,"max_hp_per_floor":[71,71,71,71,71,71,71,71,71],"relic_stats":{"Sozu":2,"counters":[5,19],"obtain_stats":[{"Sozu":0,"DataDisk":3,"Odd Mushroom":7,"Cracked Core":0},{"Sozu":0,"DataDisk":1,"Odd Mushroom":4,"Cracked Core":0},{"Sozu":0,"DataDisk":3,"Odd Mushroom":15,"Cracked Core":0}]},"card_choices":[{"not_picked":["Turbo","Stack"],"picked":"Go for the Eyes","floor":1},{"not_picked":["Ball Lightning","Rip and Tear"],"picked":"Cold Snap","floor":4},{"not_picked":["Beam Cell","Barrage","Cold Snap"],"picked":"SKIP","floor":5},{"not_picked":["Beam Cell","Barrage"],"picked":"Cold Snap","floor":5},{"not_picked":["Reprogram","Hologram"],"picked":"Coolheaded","floor":7}],"player_experience":1648557,"relics_obtained":[{"floor":3,"key":"DataDisk"},{"floor":7,"key":"Odd Mushroom"}],"event_choices":[{"damage_healed":0,"gold_gain":150,"player_choice":"AGREE","damage_taken":0,"max_hp_gain":0,"max_hp_loss":0,"event_name":"Liars Game","floor":2,"gold_loss":0,"cards_obtained":["Doubt"]},{"damage_healed":0,"gold_gain":0,"player_choice":"Fought Mushrooms","damage_taken":0,"max_hp_gain":0,"max_hp_loss":0,"event_name":"Mushrooms","floor":7,"gold_loss":0}],"is_beta":false,"boss_relics":[],"items_purged_floors":[],"is_endless":false,"potions_floor_spawned":[4,7],"killed_by":"Gremlin Nob","ascension_level":20}}