{"host":"2m78pqva0leqn903","time":1610732727,"event":{"mods":["BaseMod","Minty Spire (QoL Compilation)","StSLib","TestMod"],"gold_per_floor":[118,118,138,158,83,130,130,159,159,181,205,205,205],"floor_reached":12,"language":"ZHS","playtime":460,"items_purged":["Pain"],"score":180,"play_id":"6af34961-2e53-4bd3-928a-526f886612fe","local_time":"20210116014527","is_ascension_mode":true,"campfire_choices":[{"floor":7.0,"key":"REST"}],"circlet_count":0,"master_deck":["AscendersBane","Strike_R","Strike_R","Strike_R","Strike_R","Strike_R","Defend_R","Defend_R","Defend_R","Defend_R","Bash","Offering"],"relics":["Burning Blood","testmod-TestBox","testmod-TheFather","WarpedTongs","Dream Catcher","Eternal Feather","Self Forming Clay"],"acts_visited":["Exordium"],"potions_floor_usage":[12,12],"damage_taken":[{"damage":8.0,"enemies":"2 Louse","floor":1.0,"turns":3.0},{"damage":8.0,"enemies":"Cultist","floor":3.0,"turns":3.0},{"damage":16.0,"enemies":"Small Slimes","floor":4.0,"turns":3.0},{"damage":27.0,"enemies":"3 Sentries","floor":6.0,"turns":8.0},{"damage":40.0,"enemies":"Lagavulin","floor":8.0,"turns":5.0},{"damage":15.0,"enemies":"3 Louse","floor":10.0,"turns":4.0},{"damage":7.0,"enemies":"2 Fungi Beasts","floor":11.0,"turns":3.0},{"damage":0,"enemies":"Gremlin Nob","floor":12,"turns":3}],"seed_played":"-3850862906479157116","potions_obtained":[{"floor":3.0,"key":"ColorlessPotion"},{"floor":4.0,"key":"Energy Potion"},{"floor":10.0,"key":"PowerPotion"}],"is_trial":true,"path_per_floor":["M","?","M","M","$","E","R","E","T","M","M","E"],"character_chosen":"IRONCLAD","items_purchased":[],"campfire_rested":1,"item_purchase_floors":[],"current_hp_per_floor":[66,66,64,54,54,33,55,21,21,12,11,11,11],"gold":205,"neow_bonus":"","is_daily":false,"chose_seed":false,"campfire_upgraded":0,"win_rate":0.0,"timestamp":1610732727,"path_taken":["M","?","M","M","$","E","R","E","T","M","?","E"],"items_purchased_type":[],"build_version":"2020-12-22","purchased_purges":1,"victory":false,"max_hp_per_floor":[75,75,75,75,75,75,75,75,75,75,75,75,75],"card_choices":[{"not_picked":["Body Slam","Heavy Blade","Hemokinesis"],"picked":"SKIP","floor":1.0},{"not_picked":["Twin Strike","Second Wind","Fire Breathing"],"picked":"SKIP","floor":3.0},{"not_picked":["Feel No Pain","Headbutt","Armaments"],"picked":"SKIP","floor":4.0},{"not_picked":["Headbutt","Demon Form","Clash"],"picked":"SKIP","floor":6.0},{"not_picked":["True Grit","Flex","Havoc"],"picked":"SKIP","floor":8.0},{"not_picked":["Headbutt","Twin Strike"],"picked":"Offering","floor":10.0},{"not_picked":["Heavy Blade","Headbutt","Twin Strike"],"picked":"SKIP","floor":11.0}],"player_experience":910382,"relics_obtained":[{"floor":6.0,"key":"Dream Catcher"},{"floor":8.0,"key":"Eternal Feather"},{"floor":9.0,"key":"Self Forming Clay"}],"event_choices":[{"damage_healed":0.0,"max_hp_gain":0.0,"max_hp_loss":0.0,"gold_gain":0.0,"event_name":"Accursed Blacksmith","player_choice":"Rummage","floor":2.0,"gold_loss":0.0,"damage_taken":0.0,"relics_obtained":["WarpedTongs"],"cards_obtained":["Pain"]}],"is_beta":false,"boss_relics":[],"items_purged_floors":[5],"is_endless":true,"potions_floor_spawned":[3,4,10],"killed_by":"Gremlin Nob","ascension_level":20}}