{"host":"jl3raagrljzztomj","time":1610729732,"event":{"mods":["Aspiration","BaseMod","BetterRewards","Colored Map","Colored Powertips","Custom Start","Hermit","Highlight Path","Minty Spire (QoL Compilation)","Permanent Neow","StSLib","SuperFastMode","The Runesmith"],"gold_per_floor":[113,127,402,412,428,458,477,477,477,477,477,477,477,521,521,521,521],"floor_reached":16,"language":"ENG","playtime":399,"items_purged":[],"score":110,"play_id":"91cd78a0-a4a9-4e47-b82d-de5f9f8b1e7a","local_time":"20210115105532","is_ascension_mode":false,"campfire_choices":[{"floor":11,"key":"REST"},{"floor":13,"key":"REST"},{"floor":15,"key":"REST"}],"circlet_count":0,"master_deck":["Strike_B","Strike_B","Strike_B","Strike_B","Defend_B","Defend_B","Defend_B","Defend_B","Zap","Dualcast","Chaos","Darkness","Regret"],"relics":["Cracked Core","aspiration:HiddenCompartment","Singing Bowl","Ornamental Fan","Golden Idol","The Courier"],"acts_visited":["Exordium"],"potions_floor_usage":[6,14,16],"damage_taken":[{"damage":0,"enemies":"2 Louse","floor":1,"turns":3},{"damage":0,"enemies":"Cultist","floor":2,"turns":3},{"damage":3,"enemies":"Small Slimes","floor":4,"turns":4},{"damage":12,"enemies":"2 Fungi Beasts","floor":5,"turns":4},{"damage":31,"enemies":"Lagavulin","floor":6,"turns":7},{"damage":3,"enemies":"Blue Slaver","floor":7,"turns":4},{"damage":25,"enemies":"3 Sentries","floor":14,"turns":6},{"damage":47,"enemies":"Slime Boss","floor":16,"turns":9}],"seed_played":"-3987498169226590765","potions_obtained":[{"floor":2,"key":"Energy Potion"},{"floor":4,"key":"Weak Potion"},{"floor":7,"key":"Fire Potion"},{"floor":14,"key":"BlessingOfTheForge"}],"is_trial":false,"path_per_floor":["M","M","?","M","M","E","M","?","T","?","R","?","R","E","R","B"],"character_chosen":"DEFECT","items_purchased":[],"campfire_rested":3,"item_purchase_floors":[],"current_hp_per_floor":[75,75,75,72,60,29,26,19,19,19,41,23,45,22,45,0,0],"gold":521,"neow_bonus":"THREE_CARDS","is_daily":false,"chose_seed":false,"campfire_upgraded":0,"win_rate":0.0,"timestamp":1610729732,"path_taken":["M","M","?","?","M","E","M","?","T","?","R","?","R","E","R","BOSS"],"items_purchased_type":[],"build_version":"2020-12-22","purchased_purges":0,"victory":false,"max_hp_per_floor":[75,75,75,75,75,75,75,75,75,75,75,75,75,77,77,77,77],"card_choices":[{"not_picked":["Steam","Cold Snap"],"picked":"Chaos","floor":1},{"not_picked":["Beam Cell","Streamline","Auto Shields"],"picked":"SKIP","floor":2},{"not_picked":["Skim","Redo"],"picked":"Darkness","floor":4},{"not_picked":["Rebound","Static Discharge","Streamline"],"picked":"SKIP","floor":5},{"not_picked":["Cold Snap","Steam","Compile Driver"],"picked":"SKIP","floor":6},{"not_picked":["Leap","Hologram","Cold Snap"],"picked":"SKIP","floor":7},{"not_picked":["Go for the Eyes","All For One","Hello World"],"picked":"Singing Bowl","floor":14}],"player_experience":955140,"relics_obtained":[{"floor":6,"key":"aspiration:HiddenCompartment"},{"floor":9,"key":"Singing Bowl"},{"floor":14,"key":"The Courier"}],"event_choices":[{"damage_healed":0,"gold_gain":275,"player_choice":"Desecrate","damage_taken":0,"max_hp_gain":0,"max_hp_loss":0,"event_name":"Golden Shrine","floor":3,"gold_loss":0,"cards_obtained":["Regret"]},{"cards_removed":["Regret"],"damage_healed":0,"gold_gain":0,"player_choice":"Card Removal","damage_taken":7,"max_hp_gain":0,"max_hp_loss":0,"event_name":"Golden Wing","floor":8,"gold_loss":0},{"damage_healed":0,"gold_gain":0,"player_choice":"Box","damage_taken":0,"relics_obtained":["Ornamental Fan"],"max_hp_gain":0,"max_hp_loss":0,"event_name":"Big Fish","floor":10,"gold_loss":0,"cards_obtained":["Regret"]},{"damage_healed":0,"gold_gain":0,"player_choice":"Take Damage","damage_taken":18,"relics_obtained":["Golden Idol"],"max_hp_gain":0,"max_hp_loss":0,"event_name":"Golden Idol","floor":12,"gold_loss":0}],"is_beta":false,"boss_relics":[],"items_purged_floors":[],"is_endless":false,"potions_floor_spawned":[2,4,7,14],"killed_by":"Slime Boss","ascension_level":0}}