{"host":"drrjwv4o5ms3zsrm","time":1610717797,"event":{"mods":["100% Spire Juice","ATMod(阿瑾Mod)","Act Like it!","Aspiration","BaseMod","CapriCore","Colored Powertips","Conspire","Friendly Minions","Gensokyo","Jedi Mod","Lobotomy","LobotomyExtend","Marisa（F雨　魔理沙）","Minty Spire (QoL Compilation)","MostiFishMod","Reimu（博丽灵梦）","Replay The Spire","RumiaBox-露米娅的神秘盒子","StSLib","TestMod","The Alterego","The Gatherer","The Immortal","The Jungle","Waifu the Spire","WarShipGirlsR/战舰少女R mod","[IsaacMod]以撒尖塔","vexMod","【遗物卡牌】REMEMod","篝火指南"],"gold_per_floor":[114,114,114,1,11,458,458],"floor_reached":6,"language":"ZHS","playtime":126,"items_purged":["Moonworks:Strike"],"score":69,"play_id":"320f933a-dfa4-4a50-b9fd-1c98827dab0c","local_time":"20210115213637","is_ascension_mode":false,"campfire_choices":[],"circlet_count":0,"master_deck":["Moonworks:Strike","Moonworks:Strike","Moonworks:Defend","Moonworks:Defend","Moonworks:Defend","Moonworks:Defend","Moonworks:Ambush","Moonworks:LongDistanceShot","conspire:PoisonWeapons","AT_FamilyPortrait","Moonworks:AngelHand","Moonworks:NicePresent"],"relics":["Moonworks:BrokenBomb","Moonworks:Homemark","testmod-TestBox","DaveBox","HushsDoor","AT_ATBox","REME_ComplimentaryCards","testmod-EqualTreatment","DianPoetry","SteamSale","NeowsBlessing","SynthV:TestCard","Mango","ReplayTheSpireMod:TigerMarble","BloodDonationBag"],"acts_visited":["Gensokyo:Gensokyo"],"potions_floor_usage":[],"damage_taken":[{"damage":0,"enemies":"Gensokyo:3_Fairies","floor":1,"turns":1},{"damage":0,"enemies":"Gensokyo:2_Kodama","floor":5,"turns":1},{"damage":0,"enemies":"Gensokyo:Aya","floor":6,"turns":1}],"seed_played":"2773910656380781315","potions_obtained":[{"floor":1,"key":"Ancient Potion"},{"floor":5,"key":"DuplicationPotion"}],"is_trial":false,"path_per_floor":["M","?","?","$","M","E"],"character_chosen":"THE_STARBREAKER","items_purchased":["ReplayTheSpireMod:TigerMarble"],"campfire_rested":0,"item_purchase_floors":[4],"current_hp_per_floor":[60,60,53,53,53,0,0],"gold":458,"neow_bonus":"THREE_ENEMY_KILL","is_daily":false,"chose_seed":false,"campfire_upgraded":0,"win_rate":0.0,"timestamp":1610717797,"path_taken":["M","?","?","?","M","E"],"items_purchased_type":["Relic"],"build_version":"2020-12-22","purchased_purges":1,"victory":false,"max_hp_per_floor":[60,60,74,74,74,74,74],"card_choices":[{"not_picked":["Moonworks:ImOnFire","Moonworks:CookingTime"],"picked":"Moonworks:AngelHand","floor":1},{"not_picked":["Moonworks:CloudOfSeagulls","Moonworks:ImmovableObject","Moonworks:EvilSpyWorkPreparation","Moonworks:ImOnFire"],"picked":"Moonworks:NicePresent","floor":5}],"player_experience":411010,"relics_obtained":[{"floor":1,"key":"SynthV:TestCard"},{"floor":6,"key":"BloodDonationMachine"}],"event_choices":[],"is_beta":false,"boss_relics":[],"items_purged_floors":[4],"is_endless":false,"potions_floor_spawned":[1,5],"killed_by":"Gensokyo:Aya","ascension_level":0}}