{"host":"vra53s4gynvpqhud","time":1610731928,"event":{"mods":["100% Spire Juice","A Magickal Journey","AchievementEnabler","Aspiration","BaseMod","Better Match","Better Third Choice","BetterRewards","Conspire","Downfall","Energized Spire","Evolution","Friendly Minions","GifTheSpireLib","Hermit","HexUI Lib","Highlight Path","Hubris","Infinite Spire","Jorbs\u0027s Wanderer Trilogy","Luminous","Mad Scientist","Magitek Elite","Minty Spire (QoL Compilation)","Permanent Neow","Poor People Problems","Rare Cards Sparkle","Remove Card Discount Mod","Replay The Spire","Shop Mod","Somnambulant","StSLib","The Cursed","The Dragon Tamer","The Gatherer","The Hierophant","The Jungle","The Necromancer","The Poker Player","The Runesmith","TheArtist","TheBandit","Trackpad","egg"],"gold_per_floor":[91,106,45,45,45,80,80,91,91,91,116,133,149,164,164,261,141,151,0,0,15,15,42,42,61,86,162,77,96,96,127,127,228,228,243,123,123,67,67,67],"floor_reached":39,"language":"ENG","playtime":2698,"items_purged":["Moonworks:CloudOfSeagulls","Moonworks:Strike","Moonworks:Strike","Moonworks:Defend","Moonworks:Ambush","Moonworks:Defend","Moonworks:LongDistanceShot"],"score":454,"play_id":"d8f03f4b-6619-4e17-9899-7a1e16a8f9e8","local_time":"20210115123208","is_ascension_mode":false,"campfire_choices":[{"floor":7,"key":"REST"},{"data":"Moonworks:EvilSpyWorkPreparation","floor":10,"key":"SMITH"},{"data":"Moonworks:EvilSpyWorkPreparation","floor":15,"key":"SMITH"},{"floor":24,"key":"REST"},{"floor":30,"key":"REST"},{"floor":32,"key":"REST"}],"circlet_count":0,"master_deck":["Moonworks:Defend","Moonworks:Defend","Moonworks:EvilSpyWorkPreparation+1","Moonworks:EvilSpyWorkPreparation+1","Moonworks:ReflectiveShell","Moonworks:JonathanRush","Moonworks:LulusLuckyEgg","Moonworks:WindyEnchantment","Moonworks:Dash","Moonworks:SinkOrSwim+1","Moonworks:NicePresent","Moonworks:JonathanRush+1","Moonworks:Dash","Moonworks:RagingMadness+1","Moonworks:JonathanRush","Moonworks:Accelerator","Moonworks:SweetBattle","Moonworks:NicePresent"],"relics":["Moonworks:BrokenBomb","Moonworks:Homemark","EVO:Axolotl","trackpad:PetRock","InkBottle","infinitespire:Beetle Shell","MerchantsRug","Replay:Bottled Eggs","Toy Ornithopter","Chameleon Ring","Ancient Tea Set","Replay:Wax Seal"],"acts_visited":["Exordium","TheCity","TheBeyond"],"potions_floor_usage":[11,11,13,16,23,29,33,33,36,37,37],"damage_taken":[{"damage":2,"enemies":"2 Louse","floor":1,"turns":5},{"damage":1,"enemies":"Jaw Worm","floor":2,"turns":4},{"damage":12,"enemies":"Lagavulin","floor":6,"turns":6},{"damage":0,"enemies":"Cultist","floor":8,"turns":3},{"damage":1,"enemies":"3 Sentries","floor":11,"turns":6},{"damage":3,"enemies":"Red Slaver","floor":12,"turns":3},{"damage":0,"enemies":"Lots of Slimes","floor":13,"turns":2},{"damage":4,"enemies":"Exordium Wildlife","floor":14,"turns":2},{"damage":8,"enemies":"Fading Forest","floor":16,"turns":11},{"damage":0,"enemies":"Chosen","floor":18,"turns":4},{"damage":0,"enemies":"3 Byrds","floor":21,"turns":2},{"damage":40,"enemies":"Book of Stabbing","floor":23,"turns":4},{"damage":0,"enemies":"Centurion and Healer","floor":25,"turns":3},{"damage":3,"enemies":"Shelled Parasite and Fungi","floor":29,"turns":3},{"damage":9,"enemies":"Gremlin Leader","floor":31,"turns":3},{"damage":28,"enemies":"Champ","floor":33,"turns":7},{"damage":46,"enemies":"3 Shapes","floor":35,"turns":5},{"damage":0,"enemies":"3 Darklings","floor":37,"turns":2},{"damage":56,"enemies":"Sphere and 2 Shapes","floor":39,"turns":3}],"seed_played":"4283102611339436532","potions_obtained":[{"floor":2,"key":"Milkshake"},{"floor":6,"key":"Dexterity Potion"},{"floor":12,"key":"DistilledChaos"},{"floor":14,"key":"Milkshake"},{"floor":21,"key":"Energy Potion"},{"floor":25,"key":"infinitespire:BlackPotion"},{"floor":29,"key":"Energy Potion"},{"floor":31,"key":"champ:CounterPotion"},{"floor":36,"key":"Regen Potion"},{"floor":36,"key":"Fruit Juice"},{"floor":36,"key":"SmokeBomb"}],"is_trial":false,"path_per_floor":["M","M","$","?","?","E","R","M","T","R","E","M","M","M","R","B",null,"M","$","?","M","?","E","R","M","T","T","?","M","R","E","R","B",null,"M","?","M","$","M"],"character_chosen":"THE_STARBREAKER","items_purchased":["Moonworks:EvilSpyWorkPreparation","MerchantsRug","Moonworks:NicePresent"],"campfire_rested":4,"item_purchase_floors":[3,19,38],"current_hp_per_floor":[58,57,57,57,57,45,60,60,60,60,59,56,56,52,52,52,60,60,60,60,60,50,10,29,29,29,29,29,31,50,41,60,38,65,19,31,52,52,0,0],"gold":67,"neow_bonus":"HUNDRED_GOLD","is_daily":false,"chose_seed":false,"campfire_upgraded":2,"win_rate":0.0,"timestamp":1610731928,"path_taken":["M","M","$","?","?","E","R","M","T","R","E","M","M","?","R","BOSS","M","$","?","?","?","E","R","M","T","?","?","M","R","E","R","BOSS","M","?","?","$","M"],"items_purchased_type":["Card","Relic","Card"],"build_version":"2020-12-22","purchased_purges":7,"victory":false,"max_hp_per_floor":[60,60,60,60,60,60,60,60,60,60,60,60,60,60,60,60,60,60,60,60,60,65,65,65,65,65,65,65,65,65,65,65,65,65,65,72,72,72,72,72],"card_choices":[{"not_picked":["Moonworks:MiracleWalker","Moonworks:AwakeningOfTalent","Moonworks:ImOnFire"],"picked":"SKIP","floor":1},{"not_picked":["Moonworks:JonathanRush","Moonworks:DeployBits"],"picked":"Moonworks:EvilSpyWorkPreparation","floor":2},{"not_picked":["Moonworks:AngelHand","Moonworks:EvilSpyWorkPreparation"],"picked":"Moonworks:JonathanRush","floor":6},{"not_picked":["Moonworks:DeployBits","Moonworks:BigMagnum","Moonworks:BeyondHell"],"picked":"SKIP","floor":8},{"not_picked":["Moonworks:IndiscriminateFireSupport","Moonworks:BigMagnum"],"picked":"Moonworks:LulusLuckyEgg","floor":11},{"not_picked":["Moonworks:Assault","Moonworks:BigMagnum"],"picked":"Moonworks:WindyEnchantment","floor":12},{"not_picked":["Moonworks:IndiscriminateFireSupport","Moonworks:SealedMemories","Moonworks:ReflectiveShell"],"picked":"SKIP","floor":13},{"not_picked":["Moonworks:LulusLuckyEgg","Moonworks:WindyEnchantment"],"picked":"Moonworks:Dash","floor":14},{"not_picked":["Moonworks:FinalBattle","Moonworks:MeltingMemories"],"picked":"Moonworks:SinkOrSwim","floor":16},{"not_picked":["Moonworks:IndiscriminateFireSupport","Moonworks:FullSpeedAlicianrone+1"],"picked":"Moonworks:NicePresent","floor":18},{"not_picked":["Moonworks:CloudOfSeagulls","Moonworks:RocketCannon"],"picked":"Moonworks:JonathanRush+1","floor":21},{"not_picked":["Moonworks:MiracleWalker","Moonworks:Flamethrower"],"picked":"Moonworks:Dash","floor":23},{"not_picked":["Moonworks:EvilSpyWorkPreparation+1","Moonworks:CloudOfSeagulls"],"picked":"Moonworks:RagingMadness+1","floor":25},{"not_picked":["Moonworks:IndiscriminateFireSupport+1","Moonworks:LulusLuckyEgg+1"],"picked":"Moonworks:JonathanRush","floor":29},{"not_picked":["Moonworks:ExtendedPhotonRifle","Moonworks:BigMagnum+1","Moonworks:AnotherUltimateWeapon"],"picked":"SKIP","floor":31},{"not_picked":["Moonworks:GoAway","Moonworks:RocketCannon"],"picked":"Moonworks:Accelerator","floor":33},{"not_picked":["Moonworks:CompletionReward","Moonworks:NicePresent"],"picked":"Moonworks:SweetBattle","floor":35}],"player_experience":155020,"relics_obtained":[{"floor":6,"key":"trackpad:PetRock"},{"floor":9,"key":"InkBottle"},{"floor":11,"key":"infinitespire:Beetle Shell"},{"floor":23,"key":"Replay:Bottled Eggs"},{"floor":26,"key":"Toy Ornithopter"},{"floor":27,"key":"Chameleon Ring"},{"floor":31,"key":"Replay:Wax Seal"}],"event_choices":[{"damage_healed":57,"gold_gain":0,"player_choice":"Leave","damage_taken":0,"max_hp_gain":0,"max_hp_loss":60,"event_name":"betterThird:BetterShining","floor":4,"gold_loss":0},{"damage_healed":0,"gold_gain":0,"cards_transformed":["Moonworks:CloudOfSeagulls"],"player_choice":"Transformed","damage_taken":0,"max_hp_gain":0,"max_hp_loss":0,"event_name":"Transmorgrifier","floor":5,"gold_loss":0,"cards_obtained":["Moonworks:ReflectiveShell"]},{"damage_healed":0,"gold_gain":0,"player_choice":"Ignored","damage_taken":0,"max_hp_gain":0,"max_hp_loss":0,"event_name":"Transmorgrifier","floor":20,"gold_loss":0},{"damage_healed":0,"gold_gain":0,"player_choice":"Shed Blood","damage_taken":15,"max_hp_gain":5,"max_hp_loss":0,"event_name":"Forgotten Altar","floor":22,"gold_loss":0},{"damage_healed":0,"gold_gain":0,"player_choice":"Obtained Relic","damage_taken":0,"relics_obtained":["Ancient Tea Set"],"max_hp_gain":0,"max_hp_loss":0,"event_name":"Addict","floor":28,"gold_loss":85},{"damage_healed":0,"gold_gain":0,"player_choice":"Got Potions","damage_taken":0,"max_hp_gain":0,"max_hp_loss":0,"event_name":"Lab","floor":36,"gold_loss":0}],"is_beta":false,"boss_relics":[{"not_picked":["Replay:Drink Me","Replay:Ancient Bell","hubris:Stopwatch"]},{"not_picked":["Painkiller Herb","Ring of Chaos","Astrolabe"]}],"items_purged_floors":[3,3,3,3,3,19,38],"is_endless":false,"potions_floor_spawned":[2,6,12,14,21,25,29,31],"killed_by":"Sphere and 2 Shapes","ascension_level":0}}