{"host":"1ekl8hlbnopmdapi","time":1610687020,"event":{"mods":["AchievementEnabler","BaseMod","Colored Map","Colored Powertips","DeckTracker","Googly Eyes","Highlight Path","Minty Spire (QoL Compilation)","Relic Sorter","StSLib","Synergy Search"],"gold_per_floor":[119,131,149,160,160,160,172,207,207,207,207],"floor_reached":10,"language":"ENG","playtime":291,"items_purged":[],"score":95,"play_id":"a71614fa-5642-4059-8ec3-055b97cbac4e","local_time":"20210115000340","is_ascension_mode":true,"campfire_choices":[{"floor":6,"key":"REST"}],"circlet_count":0,"master_deck":["Strike_B","Strike_B","Strike_B","Strike_B","Defend_B","Defend_B","Defend_B","Defend_B","Zap","Dualcast","Gash","Conserve Battery","Leap","Leap","BootSequence","Redo"],"relics":["Cracked Core","Boot","Bag of Marbles"],"acts_visited":["Exordium"],"potions_floor_usage":[7,10],"damage_taken":[{"damage":1,"enemies":"Cultist","floor":1,"turns":3},{"damage":11,"enemies":"Small Slimes","floor":2,"turns":3},{"damage":0,"enemies":"Jaw Worm","floor":3,"turns":3},{"damage":14,"enemies":"Exordium Wildlife","floor":4,"turns":4},{"damage":18,"enemies":"Lots of Slimes","floor":7,"turns":7},{"damage":37,"enemies":"Lagavulin","floor":8,"turns":10},{"damage":42,"enemies":"Gremlin Nob","floor":10,"turns":4}],"seed_played":"-8529368121724489271","potions_obtained":[{"floor":2,"key":"Weak Potion"},{"floor":7,"key":"Swift Potion"},{"floor":8,"key":"Ancient Potion"}],"is_trial":false,"path_per_floor":["M","M","M","M","?","R","M","E","T","E"],"character_chosen":"DEFECT","items_purchased":[],"campfire_rested":1,"item_purchase_floors":[],"current_hp_per_floor":[74,63,63,49,49,73,55,18,18,0,0],"gold":207,"neow_bonus":"TEN_PERCENT_HP_BONUS","is_daily":false,"chose_seed":false,"campfire_upgraded":0,"win_rate":0.0,"timestamp":1610687020,"path_taken":["M","M","?","M","?","R","?","E","T","E"],"items_purchased_type":[],"build_version":"2020-12-22","purchased_purges":0,"victory":false,"max_hp_per_floor":[82,82,82,82,82,82,82,82,82,82,82],"card_choices":[{"not_picked":["Darkness","Cold Snap"],"picked":"Gash","floor":1},{"not_picked":["Consume","Compile Driver"],"picked":"Conserve Battery","floor":2},{"not_picked":["Redo","Barrage"],"picked":"Leap","floor":3},{"not_picked":["Reboot","Doom and Gloom"],"picked":"Leap","floor":4},{"not_picked":["Turbo","Steam"],"picked":"BootSequence","floor":7},{"not_picked":["Sweeping Beam","Cold Snap"],"picked":"Redo","floor":8}],"player_experience":451084,"relics_obtained":[{"floor":8,"key":"Boot"},{"floor":9,"key":"Bag of Marbles"}],"event_choices":[{"damage_healed":0,"gold_gain":0,"player_choice":"Bought 0 Potions","damage_taken":0,"max_hp_gain":0,"max_hp_loss":0,"event_name":"The Woman in Blue","floor":5,"gold_loss":0}],"is_beta":false,"boss_relics":[],"items_purged_floors":[],"is_endless":false,"potions_floor_spawned":[2,7,8],"killed_by":"Gremlin Nob","ascension_level":7}}