{"host":"ya062ahhhuj9au1o","time":1610713732,"event":{"mods":["BaseMod","Better Third Choice","Downfall","Filter the Spire","Hermit","Minty Spire (QoL Compilation)","Random Character Button","Robot Space Explorer","Somnambulant","StSLib","The Bug Knight","The Cursed","The Marked","The Servant 0.9.4"],"gold_per_floor":[99,99,99,99,99,99,122,134,146,177,209,240,252,279,305,317,317,317],"floor_reached":16,"language":"ENG","playtime":1249,"items_purged":[],"score":90,"play_id":"6d740b48-645e-4f8b-87db-40ffa339feda","local_time":"20210115072852","is_ascension_mode":false,"campfire_choices":[{"data":"hexamod:Sear","floor":1,"key":"SMITH"},{"data":"hexamod:Hexaguard","floor":6,"key":"SMITH"},{"data":"hexamod:GhostShield","floor":8,"key":"SMITH"}],"circlet_count":0,"master_deck":["hexamod:Strike","hexamod:Strike","hexamod:Strike","hexamod:Defend","hexamod:Defend","hexamod:Defend","hexamod:Defend","hexamod:Sear+1","hexamod:Float","hexamod:GhostShield+1","hexamod:Hexaguard+1","hexamod:GhostShield","hexamod:FastForward","hexamod:PhantomCloak"],"relics":["hexamod:SpiritBrand","downfall:HeartsMalice","FaceOfCleric","MawBank"],"acts_visited":["Exordium"],"potions_floor_usage":[],"damage_taken":[{"damage":0,"enemies":"Small Slimes","floor":2,"turns":1},{"damage":0,"enemies":"Cultist","floor":4,"turns":1},{"damage":0,"enemies":"2 Louse","floor":9,"turns":1},{"damage":3,"enemies":"Gremlin Gang","floor":10,"turns":7},{"damage":0,"enemies":"3 Louse","floor":11,"turns":4},{"damage":0,"enemies":"Blue Slaver","floor":12,"turns":6},{"damage":9,"enemies":"Lots of Slimes","floor":14,"turns":7},{"damage":3,"enemies":"Exordium Thugs","floor":15,"turns":8},{"damage":16,"enemies":"downfall:Watcher","floor":16,"turns":15}],"seed_played":"5282371813382876195","potions_obtained":[{"floor":10,"key":"Fire Potion"},{"floor":11,"key":"Block Potion"},{"floor":12,"key":"SpeedPotion"}],"is_trial":false,"path_per_floor":["R","M","?","M","?","R","T","R","M","M","M","M","?","M","M","B"],"character_chosen":"THE_SPIRIT","items_purchased":[],"campfire_rested":0,"item_purchase_floors":[],"current_hp_per_floor":[70,70,70,70,70,70,70,70,71,69,70,71,71,63,61,45,45,45],"gold":317,"neow_bonus":"THREE_ENEMY_KILL","is_daily":false,"chose_seed":false,"campfire_upgraded":3,"win_rate":0.0,"timestamp":1610713732,"path_taken":["R","M","?","M","?","R","T","R","M","?","M","M","?","M","M","BOSS"],"items_purchased_type":[],"build_version":"2020-12-22","purchased_purges":0,"victory":false,"max_hp_per_floor":[70,70,70,70,70,70,70,70,71,72,73,74,74,75,76,76,76,76],"card_choices":[{"not_picked":["hexamod:EtherealExpedition","hexamod:ShieldOfDarkness"],"picked":"hexamod:GhostShield","floor":2},{"not_picked":["hexamod:CatchUp","hexamod:SwordOfDarkness"],"picked":"hexamod:Hexaguard","floor":4},{"not_picked":["hexamod:RainOfEmbers","hexamod:ThermalTransfer"],"picked":"hexamod:GhostShield","floor":9},{"not_picked":["hexamod:Firestarter","hexamod:Again","hexamod:Rewind"],"picked":"SKIP","floor":10},{"not_picked":["hexamod:NecessarySacrifice","hexamod:ExtraCrispy"],"picked":"hexamod:FastForward","floor":11},{"not_picked":["hexamod:InspiringFlames","hexamod:NightmareGuise","hexamod:RetreatToShadows"],"picked":"SKIP","floor":12},{"not_picked":["hexamod:HauntingEcho","hexamod:BacktrackSmack"],"picked":"hexamod:PhantomCloak","floor":14},{"not_picked":["hexamod:BurningTouch","hexamod:Firestarter","hexamod:ThirdSeal"],"picked":"SKIP","floor":15}],"player_experience":1807159,"relics_obtained":[{"floor":7,"key":"MawBank"}],"event_choices":[{"damage_healed":0,"gold_gain":0,"player_choice":"Trade","damage_taken":0,"relics_obtained":["FaceOfCleric"],"max_hp_gain":0,"max_hp_loss":0,"event_name":"FaceTrader","floor":5,"gold_loss":0}],"is_beta":false,"boss_relics":[],"items_purged_floors":[],"is_endless":false,"potions_floor_spawned":[10,11,12],"killed_by":"downfall:Watcher","ascension_level":0}}