{"host":"gk336il5jfnqajsw","time":1610675526,"event":{"mods":["2.2 Compatiblity","AchievementEnabler","BaseMod","Colored Powertips","Minty Spire (QoL Compilation)","Relic Stats","StSLib"],"gold_per_floor":[109,120,131,131,146,177,195,195,218,252,252,252,252,278,278,382,382,395,476,401,326,341,376,388,414,441,461,461,488,497,537,537,537,537],"floor_reached":33,"language":"ENG","playtime":1063,"items_purged":["Strike_R"],"score":324,"play_id":"87142233-720d-4ea6-89c0-5f114bafff7a","local_time":"20210114185206","is_ascension_mode":false,"campfire_choices":[{"data":"Demon Form","floor":11,"key":"SMITH"},{"data":"Corruption","floor":13,"key":"SMITH"},{"floor":15,"key":"REST"},{"floor":28,"key":"REST"},{"floor":32,"key":"REST"}],"circlet_count":0,"master_deck":["Strike_R","Strike_R","Strike_R","Defend_R","Defend_R","Defend_R","Defend_R","Bash","Corruption+1","Wild Strike","Metallicize","Demon Form+1","Heavy Blade","Demon Form","Wild Strike","Pummel","Bloodletting+1","Writhe","Wild Strike+1"],"relics":["Burning Blood","Self Forming Clay","Singing Bowl","Vajra","Anchor","CeramicFish","HornCleat","Busted Crown","Paper Frog","Bag of Marbles","Happy Flower","Pen Nib","Charon\u0027s Ashes"],"acts_visited":["Exordium","TheCity"],"potions_floor_usage":[3,7,16,18,24,31,31,31,31,33],"damage_taken":[{"damage":13,"enemies":"Cultist","floor":1,"turns":5},{"damage":3,"enemies":"Small Slimes","floor":2,"turns":4},{"damage":1,"enemies":"Jaw Worm","floor":3,"turns":4},{"damage":3,"enemies":"Red Slaver","floor":5,"turns":3},{"damage":25,"enemies":"3 Sentries","floor":6,"turns":10},{"damage":15,"enemies":"Large Slime","floor":7,"turns":7},{"damage":12,"enemies":"Lagavulin","floor":10,"turns":6},{"damage":4,"enemies":"Exordium Wildlife","floor":14,"turns":4},{"damage":33,"enemies":"Hexaghost","floor":16,"turns":8},{"damage":4,"enemies":"3 Byrds","floor":18,"turns":4},{"damage":20,"enemies":"Spheric Guardian","floor":22,"turns":5},{"damage":43,"enemies":"Gremlin Leader","floor":23,"turns":7},{"damage":18,"enemies":"Cultist and Chosen","floor":24,"turns":6},{"damage":27,"enemies":"Chosen and Byrds","floor":25,"turns":7},{"damage":7,"enemies":"Snake Plant","floor":27,"turns":3},{"damage":12,"enemies":"Centurion and Healer","floor":29,"turns":4},{"damage":2,"enemies":"Book of Stabbing","floor":31,"turns":4},{"damage":68,"enemies":"Automaton","floor":33,"turns":6}],"seed_played":"907510232627871589","potions_obtained":[{"floor":1,"key":"Regen Potion"},{"floor":2,"key":"Weak Potion"},{"floor":5,"key":"LiquidBronze"},{"floor":14,"key":"AttackPotion"},{"floor":23,"key":"SteroidPotion"},{"floor":27,"key":"EntropicBrew"},{"floor":29,"key":"ElixirPotion"}],"is_trial":false,"path_per_floor":["M","M","M","T","M","E","M","?","T","E","R","T","R","M","R","B",null,"M","T","?","$","M","E","M","M","T","M","R","M","?","E","R","B"],"character_chosen":"IRONCLAD","items_purchased":[],"campfire_rested":3,"item_purchase_floors":[],"current_hp_per_floor":[73,76,80,80,80,61,69,51,51,47,47,47,47,49,74,47,84,86,86,86,86,74,39,29,8,8,7,34,28,28,32,59,0,0],"gold":537,"neow_bonus":"ONE_RANDOM_RARE_CARD","is_daily":false,"chose_seed":false,"campfire_upgraded":2,"win_rate":0.0,"timestamp":1610675526,"path_taken":["M","M","M","?","M","E","M","?","T","E","R","?","R","M","R","BOSS","M","?","?","$","M","E","M","M","T","M","R","M","?","E","R","BOSS"],"items_purchased_type":[],"build_version":"2020-12-22","purchased_purges":1,"victory":false,"max_hp_per_floor":[80,80,80,80,80,80,82,82,82,84,84,84,84,84,84,84,84,86,86,86,86,88,90,92,92,92,92,92,92,92,92,92,92,92],"relic_stats":{"Busted Crown":16,"Singing Bowl":12,"Happy Flower":[5],"counters":[18,97],"Self Forming Clay":[126],"CeramicFish":63,"Pen Nib":[2],"Charon\u0027s Ashes":[37],"obtain_stats":[{"Singing Bowl":6,"Happy Flower":26,"Self Forming Clay":4,"CeramicFish":10,"Vajra":8,"Pen Nib":30,"Charon\u0027s Ashes":31,"Burning Blood":0,"Anchor":9,"HornCleat":12,"Busted Crown":17,"Bag of Marbles":23,"Paper Frog":19},{"Singing Bowl":5,"Happy Flower":14,"Self Forming Clay":3,"CeramicFish":7,"Vajra":6,"Pen Nib":16,"Charon\u0027s Ashes":17,"Burning Blood":0,"Anchor":6,"HornCleat":7,"Busted Crown":9,"Bag of Marbles":12,"Paper Frog":10},{"Singing Bowl":26,"Happy Flower":80,"Self Forming Clay":13,"CeramicFish":39,"Vajra":33,"Pen Nib":87,"Charon\u0027s Ashes":91,"Burning Blood":0,"Anchor":33,"HornCleat":39,"Busted Crown":51,"Bag of Marbles":67,"Paper Frog":55}],"Burning Blood":96},"card_choices":[{"not_picked":["Thunderclap","Sentinel","Havoc"],"picked":"SKIP","floor":1},{"not_picked":["Intimidate","Blood for Blood","Sword Boomerang"],"picked":"SKIP","floor":2},{"not_picked":["Warcry","Shrug It Off"],"picked":"Wild Strike","floor":3},{"not_picked":["Anger","Twin Strike"],"picked":"Metallicize","floor":5},{"not_picked":["Infernal Blade","Clothesline"],"picked":"Demon Form","floor":6},{"not_picked":["Clothesline","Heavy Blade","Twin Strike"],"picked":"Singing Bowl","floor":7},{"not_picked":["Clothesline","Headbutt","Infernal Blade"],"picked":"Singing Bowl","floor":10},{"not_picked":["Cleave","Armaments"],"picked":"Heavy Blade","floor":14},{"not_picked":["Barricade","Impervious"],"picked":"Demon Form","floor":16},{"not_picked":["Thunderclap"],"picked":"Singing Bowl","floor":18},{"not_picked":["Havoc+1"],"picked":"Singing Bowl","floor":22},{"not_picked":["Iron Wave"],"picked":"Singing Bowl","floor":23},{"not_picked":["True Grit"],"picked":"Singing Bowl","floor":24},{"not_picked":[],"picked":"Wild Strike","floor":25},{"not_picked":[],"picked":"Pummel","floor":27},{"not_picked":[],"picked":"Bloodletting+1","floor":29},{"not_picked":[],"picked":"Wild Strike+1","floor":31}],"player_experience":549188,"relics_obtained":[{"floor":4,"key":"Self Forming Clay"},{"floor":6,"key":"Singing Bowl"},{"floor":9,"key":"Anchor"},{"floor":10,"key":"CeramicFish"},{"floor":12,"key":"HornCleat"},{"floor":19,"key":"Paper Frog"},{"floor":23,"key":"Bag of Marbles"},{"floor":26,"key":"Happy Flower"},{"floor":31,"key":"Charon\u0027s Ashes"}],"event_choices":[{"damage_healed":0,"gold_gain":0,"player_choice":"Success","damage_taken":18,"relics_obtained":["Vajra"],"max_hp_gain":0,"max_hp_loss":0,"event_name":"Scrap Ooze","floor":8,"gold_loss":0},{"cards_removed":["Strike_R"],"damage_healed":0,"gold_gain":0,"player_choice":"Gave Gold","damage_taken":0,"max_hp_gain":0,"max_hp_loss":0,"event_name":"Beggar","floor":20,"gold_loss":75},{"damage_healed":0,"gold_gain":0,"player_choice":"Opened","damage_taken":0,"relics_obtained":["Pen Nib"],"max_hp_gain":0,"max_hp_loss":0,"event_name":"The Mausoleum","floor":30,"gold_loss":0,"cards_obtained":["Writhe"]}],"is_beta":false,"boss_relics":[{"not_picked":["SacredBark","Empty Cage"],"picked":"Busted Crown"}],"items_purged_floors":[21],"is_endless":false,"potions_floor_spawned":[1,2,5,14,23,27,29],"killed_by":"Automaton","ascension_level":0}}