{"host":"pletss163z7s8pvv","time":1610692486,"event":{"mods":["AchievementEnabler","BaseMod","Colored Map","Colored Powertips","Minty Spire (QoL Compilation)"],"gold_per_floor":[117,132,307,307,327,327,347,347,347,363,375,409,409,21,21,121,121,133,12,32,32,51,51,71,101,101,101,132,132,166,186,186,291,591,602,0,50,0,0,35,35,64,64,64,110,144,144,160,160,160],"floor_reached":51,"language":"ENG","playtime":1191,"items_purged":["Doubt"],"score":941,"play_id":"fb7d4a41-c82f-4283-90c9-b5ea79718844","local_time":"20210115003446","daily_mods":["Heirloom","Vintage","Elite Swarm"],"is_ascension_mode":false,"campfire_choices":[{"data":"Bash","floor":6,"key":"SMITH"},{"floor":13,"key":"DIG"},{"data":"Feed","floor":15,"key":"SMITH"},{"floor":23,"key":"DIG"},{"floor":29,"key":"REST"},{"data":"Limit Break","floor":32,"key":"SMITH"},{"floor":41,"key":"DIG"},{"data":"Limit Break","floor":49,"key":"SMITH"}],"circlet_count":0,"master_deck":["Strike_R","Strike_R+1","Strike_R+1","Strike_R","Strike_R+1","Defend_R","Defend_R","Defend_R","Defend_R","Bash+1","Feed+1","Anger","Pommel Strike","Immolate","Infernal Blade+1","Fire Breathing","Limit Break+1","Juggernaut","Pummel+1","Feed+1","Double Tap","CurseOfTheBell","Flex","Armaments","Pommel Strike+1","Bandage Up","Combust","Body Slam+1","Armaments+1","Demon Form","Limit Break+1","Writhe","Seeing Red+1","Immolate+1"],"relics":["Burning Blood","Torii","StoneCalendar","The Courier","Matryoshka","Eternal Feather","Whetstone","FossilizedHelix","Ice Cream","Kunai","Shovel","Boot","ClockworkSouvenir","StrikeDummy","Philosopher\u0027s Stone","Juzu Bracelet","Thread and Needle","Dead Branch","Regal Pillow","Molten Egg 2","Dream Catcher","Bag of Marbles","Anchor","Mercury Hourglass","Bird Faced Urn","Darkstone Periapt","Ancient Tea Set","Calling Bell","Paper Frog","Strawberry","Old Coin","Bottled Flame","Pear","Pocketwatch","Red Mask","InkBottle","Oddly Smooth Stone","HornCleat","Frozen Egg 2","Champion Belt","Lizard Tail","MealTicket"],"acts_visited":["Exordium","TheCity","TheBeyond"],"potions_floor_usage":[25,25,33,33,36,37,50,50,50],"damage_taken":[{"damage":11,"enemies":"Jaw Worm","floor":1,"turns":2},{"damage":6,"enemies":"Cultist","floor":2,"turns":4},{"damage":1,"enemies":"Small Slimes","floor":5,"turns":4},{"damage":13,"enemies":"2 Fungi Beasts","floor":7,"turns":3},{"damage":0,"enemies":"Blue Slaver","floor":10,"turns":2},{"damage":21,"enemies":"Exordium Thugs","floor":11,"turns":5},{"damage":21,"enemies":"Gremlin Nob","floor":12,"turns":4},{"damage":22,"enemies":"The Guardian","floor":16,"turns":7},{"damage":21,"enemies":"2 Thieves","floor":18,"turns":3},{"damage":25,"enemies":"3 Byrds","floor":20,"turns":4},{"damage":0,"enemies":"Snecko","floor":22,"turns":3},{"damage":7,"enemies":"Centurion and Healer","floor":24,"turns":4},{"damage":14,"enemies":"Gremlin Leader","floor":25,"turns":3},{"damage":14,"enemies":"Book of Stabbing","floor":28,"turns":4},{"damage":0,"enemies":"Slavers","floor":30,"turns":3},{"damage":8,"enemies":"Snake Plant","floor":31,"turns":3},{"damage":40,"enemies":"Champ","floor":33,"turns":7},{"damage":12,"enemies":"3 Shapes","floor":35,"turns":3},{"damage":32,"enemies":"Mind Bloom Boss Battle","floor":37,"turns":3},{"damage":15,"enemies":"Nemesis","floor":40,"turns":5},{"damage":27,"enemies":"Reptomancer","floor":42,"turns":4},{"damage":0,"enemies":"2 Orb Walkers","floor":45,"turns":3},{"damage":3,"enemies":"Nemesis","floor":46,"turns":4},{"damage":0,"enemies":"Orb Walker","floor":48,"turns":2},{"damage":46,"enemies":"Awakened One","floor":50,"turns":7}],"seed_played":"-4928248043614072843","potions_obtained":[{"floor":2,"key":"Explosive Potion"},{"floor":16,"key":"BlessingOfTheForge"},{"floor":18,"key":"Energy Potion"},{"floor":25,"key":"Fire Potion"},{"floor":28,"key":"Weak Potion"},{"floor":30,"key":"Dexterity Potion"},{"floor":31,"key":"DuplicationPotion"},{"floor":37,"key":"PowerPotion"},{"floor":42,"key":"AttackPotion"},{"floor":46,"key":"Block Potion"}],"is_trial":true,"path_per_floor":["M","M","?","?","M","R","M","?","T","M","M","E","R","$","R","B",null,"M","$","M","?","M","R","M","E","T","?","E","R","E","M","R","B",null,"M","$","?","?","$","E","R","E","T","?","?","E","?","M","R","B",null],"character_chosen":"IRONCLAD","items_purchased":["ClockworkSouvenir","Anger","Pommel Strike","StrikeDummy","Infernal Blade","Fire Breathing","Fruit Juice","Pear","Flex","Armaments","Pommel Strike+1","Bandage Up","Combust","Body Slam+1"],"campfire_rested":1,"item_purchase_floors":[14,14,14,14,19,19,36,36,36,36,36,36,36,36],"current_hp_per_floor":[75,75,75,75,80,80,73,73,73,79,64,49,55,55,61,45,80,65,65,50,50,60,69,68,60,60,60,56,92,96,94,96,64,109,103,118,96,96,96,97,115,104,104,142,146,150,150,150,150,110],"gold":160,"neow_bonus":"","is_daily":false,"chose_seed":false,"campfire_upgraded":4,"win_rate":0.0,"timestamp":1610692486,"path_taken":["M","M","?","?","M","R","?","?","T","M","M","E","R","$","R","BOSS","M","$","M","?","M","R","M","E","T","?","E","R","E","M","R","BOSS","M","$","?","?","$","E","R","E","T","?","?","E","?","M","R","BOSS"],"items_purchased_type":["Relic","Card","Card","Relic","Card","Card","Potion","Relic","Card","Card","Card","Card","Card","Card"],"build_version":"2020-12-22","purchased_purges":1,"victory":true,"max_hp_per_floor":[80,80,80,80,80,80,80,80,80,80,80,80,80,80,80,80,80,80,80,84,84,88,88,88,88,88,88,92,92,96,96,96,96,109,109,124,128,128,128,132,132,136,136,142,146,150,150,150,150,150],"card_choices":[{"not_picked":["Reaper","Berserk"],"picked":"Feed","floor":12},{"not_picked":["Barricade","Demon Form"],"picked":"Immolate","floor":16},{"not_picked":["Barricade","Brutality"],"picked":"Limit Break","floor":25},{"not_picked":["Barricade","Offering"],"picked":"Juggernaut","floor":28},{"not_picked":["True Grit+1","Anger+1"],"picked":"Pummel+1","floor":29},{"not_picked":["Exhume","Brutality"],"picked":"Feed+1","floor":30},{"not_picked":["Offering","Barricade"],"picked":"Double Tap","floor":33},{"not_picked":["Shrug It Off+1","Havoc"],"picked":"Armaments+1","floor":37},{"not_picked":["Offering","Brutality"],"picked":"Demon Form","floor":40},{"not_picked":["Offering","Bludgeon+1"],"picked":"Limit Break","floor":42},{"not_picked":["Dual Wield","Armaments+1"],"picked":"Seeing Red+1","floor":45},{"not_picked":["Offering","Impervious"],"picked":"Immolate+1","floor":46}],"player_experience":418025,"relics_obtained":[{"floor":1,"key":"StoneCalendar"},{"floor":2,"key":"The Courier"},{"floor":5,"key":"Matryoshka"},{"floor":7,"key":"Eternal Feather"},{"floor":9,"key":"Whetstone"},{"floor":9,"key":"FossilizedHelix"},{"floor":10,"key":"Ice Cream"},{"floor":11,"key":"Kunai"},{"floor":12,"key":"Shovel"},{"floor":13,"key":"Boot"},{"floor":18,"key":"Juzu Bracelet"},{"floor":20,"key":"Thread and Needle"},{"floor":22,"key":"Regal Pillow"},{"floor":23,"key":"Molten Egg 2"},{"floor":24,"key":"Dream Catcher"},{"floor":25,"key":"Bag of Marbles"},{"floor":26,"key":"Anchor"},{"floor":26,"key":"Mercury Hourglass"},{"floor":28,"key":"Bird Faced Urn"},{"floor":30,"key":"Darkstone Periapt"},{"floor":31,"key":"Ancient Tea Set"},{"floor":34,"key":"Paper Frog"},{"floor":34,"key":"Strawberry"},{"floor":34,"key":"Old Coin"},{"floor":35,"key":"Bottled Flame"},{"floor":37,"key":"Pocketwatch"},{"floor":40,"key":"InkBottle"},{"floor":41,"key":"Oddly Smooth Stone"},{"floor":42,"key":"HornCleat"},{"floor":43,"key":"Frozen Egg 2"},{"floor":45,"key":"Champion Belt"},{"floor":46,"key":"Lizard Tail"},{"floor":48,"key":"MealTicket"}],"event_choices":[{"damage_healed":0,"gold_gain":175,"player_choice":"AGREE","damage_taken":0,"max_hp_gain":0,"max_hp_loss":0,"event_name":"Liars Game","floor":3,"gold_loss":0,"cards_obtained":["Doubt"]},{"damage_healed":0,"gold_gain":0,"player_choice":"0 cards matched","damage_taken":0,"max_hp_gain":0,"max_hp_loss":0,"event_name":"Match and Keep!","floor":4,"gold_loss":0,"cards_obtained":[]},{"damage_healed":0,"gold_gain":0,"player_choice":"Upgraded","damage_taken":0,"max_hp_gain":0,"max_hp_loss":0,"event_name":"Upgrade Shrine","floor":8,"gold_loss":0,"cards_upgraded":["Strike_R"]},{"damage_healed":0,"gold_gain":0,"player_choice":"Opened","damage_taken":0,"relics_obtained":["Dead Branch"],"max_hp_gain":0,"max_hp_loss":0,"event_name":"The Mausoleum","floor":21,"gold_loss":0},{"damage_healed":0,"gold_gain":0,"player_choice":"Ignored","damage_taken":0,"max_hp_gain":0,"max_hp_loss":0,"event_name":"Vampires","floor":27,"gold_loss":0},{"damage_healed":0,"gold_gain":0,"player_choice":"Fight","damage_taken":0,"max_hp_gain":0,"max_hp_loss":0,"event_name":"MindBloom","floor":37,"gold_loss":0},{"damage_healed":0,"gold_gain":0,"player_choice":"Paid","damage_taken":0,"relics_obtained":["Red Mask"],"max_hp_gain":0,"max_hp_loss":0,"event_name":"Tomb of Lord Red Mask","floor":38,"gold_loss":50},{"damage_healed":34,"gold_gain":0,"player_choice":"Writhe","damage_taken":0,"max_hp_gain":0,"max_hp_loss":0,"event_name":"Winding Halls","floor":44,"gold_loss":0,"cards_obtained":["Writhe"]},{"damage_healed":0,"gold_gain":0,"player_choice":"Fight","damage_taken":0,"max_hp_gain":0,"max_hp_loss":0,"event_name":"Mysterious Sphere","floor":45,"gold_loss":0},{"damage_healed":0,"gold_gain":0,"player_choice":"Forge","damage_taken":0,"max_hp_gain":0,"max_hp_loss":0,"event_name":"Accursed Blacksmith","floor":47,"gold_loss":0,"cards_upgraded":["Infernal Blade"]}],"is_beta":false,"boss_relics":[{"not_picked":["Pandora\u0027s Box","Tiny House"],"picked":"Philosopher\u0027s Stone"},{"not_picked":["Busted Crown","Coffee Dripper"],"picked":"Calling Bell"}],"items_purged_floors":[36],"is_endless":false,"potions_floor_spawned":[2,16,18,25,28,30,31,37,42,46],"ascension_level":0}}