{"host":"6h0diz2ap0m56grs","time":1610675237,"event":{"mods":["2.2 Compatiblity","BaseMod","Colored Map","Marisa????????","Minty Spire (QoL Compilation)","Quick Restart","Replay The Spire","Shop Mod","StSLib","The Servant 0.9.4"],"gold_per_floor":[116,130,130,147,171,205,230,287,311,367,367,424,424,501,501,621,621,641,370,370,370,342,342],"floor_reached":22,"language":"ENG","playtime":652,"items_purged":[],"score":334,"play_id":"67daea55-5f93-4b74-be0d-bebb43eedae2","local_time":"20210114194717","daily_mods":["SealedDeck","Heirloom","Time Dilation","Flight"],"is_ascension_mode":true,"campfire_choices":[{"data":"Catalyst","floor":11,"key":"SMITH"},{"data":"Noxious Fumes","floor":13,"key":"SMITH"},{"data":"Replay:Poison Smokescreen","floor":15,"key":"SMITH"}],"circlet_count":0,"master_deck":["Quick Slash","Poisoned Stab","Flying Knee","Bane","Backflip","Leg Sweep","Replay:Poison Smokescreen+1","Dash","Catalyst+1","Replay:Poison Smokescreen","Riddle With Holes","Replay:Poison Smokescreen","Night Terror","Draining Mist","Noxious Fumes+1","Dash","Poison Darts"],"relics":["Snecko Eye","Ring of Chaos","replay:Trail_Library","Bronze Scales","Vajra","Replay:Bandana","Gremlin Horn","TungstenRod","Boot","BranchBurnRelic","WristBlade","MerchantsRug","Snake Skull"],"acts_visited":["Exordium","TheCity"],"potions_floor_usage":[14],"damage_taken":[{"damage":0,"enemies":"Small Slimes","floor":1,"turns":2},{"damage":0,"enemies":"Cultist","floor":2,"turns":1},{"damage":0,"enemies":"Jaw Worm","floor":4,"turns":3},{"damage":2,"enemies":"Lagavulin","floor":6,"turns":4},{"damage":0,"enemies":"Gremlin Nob","floor":7,"turns":3},{"damage":6,"enemies":"3 Sentries","floor":8,"turns":3},{"damage":0,"enemies":"Gremlin Nob","floor":10,"turns":3},{"damage":0,"enemies":"3 Sentries","floor":12,"turns":3},{"damage":2,"enemies":"Fading Forest","floor":16,"turns":10},{"damage":0,"enemies":"Chosen","floor":18,"turns":2},{"damage":8,"enemies":"2 Thieves","floor":22,"turns":2}],"seed_played":"3169903977198834058","potions_obtained":[{"floor":4,"key":"Fire Potion"},{"floor":6,"key":"Dexterity Potion"},{"floor":8,"key":"Block Potion"},{"floor":10,"key":"Fruit Juice"},{"floor":14,"key":"DuplicationPotion"}],"is_trial":true,"path_per_floor":["M","M","?","M","T","E","E","E","T","E","R","E","R","?","R","B",null,"M","$","?","?","M"],"character_chosen":"THE_SILENT","items_purchased":["MerchantsRug","Snake Skull"],"campfire_rested":0,"item_purchase_floors":[19,19],"current_hp_per_floor":[70,70,70,70,70,68,68,62,62,62,62,62,62,56,56,73,75,75,75,75,75,67,67],"gold":342,"neow_bonus":"","is_daily":false,"chose_seed":false,"campfire_upgraded":3,"win_rate":0.0,"timestamp":1610675237,"path_taken":["M","M","?","?","?","E","E","E","T","E","R","E","R","?","R","BOSS","M","$","?","?","?"],"items_purchased_type":["Relic","Relic"],"build_version":"2020-12-22","purchased_purges":0,"victory":false,"max_hp_per_floor":[70,70,70,70,70,70,70,70,70,70,70,70,70,75,75,75,75,75,75,75,75,75,75],"card_choices":[{"not_picked":["Calculated Gamble","Dodge and Roll","Blade Dance"],"picked":"SKIP","floor":1},{"not_picked":["Distraction","Backflip","Predator"],"picked":"SKIP","floor":2},{"not_picked":["Blade Dance","Outmaneuver","Dagger Spray"],"picked":"SKIP","floor":4},{"not_picked":["Bane","Deadly Poison","Slice"],"picked":"SKIP","floor":6},{"not_picked":["Acrobatics","Underhanded Strike","Hidden Blade"],"picked":"SKIP","floor":7},{"not_picked":["Underhanded Strike","Predator"],"picked":"Replay:Poison Smokescreen","floor":8},{"not_picked":["Sucker Punch","Bane","Hidden Blade"],"picked":"SKIP","floor":10},{"not_picked":["Bane","All Out Attack"],"picked":"Noxious Fumes","floor":12},{"not_picked":["Finisher","Masterful Stab"],"picked":"Dash","floor":14},{"not_picked":["Adrenaline","ReplayTheSpireMod:Necrosis"],"picked":"Poison Darts","floor":16},{"not_picked":["Dagger Throw","Concentrate+1","Deadly Poison"],"picked":"SKIP","floor":18}],"player_experience":178388,"relics_obtained":[{"floor":5,"key":"Bronze Scales"},{"floor":6,"key":"Vajra"},{"floor":7,"key":"Replay:Bandana"},{"floor":8,"key":"Gremlin Horn"},{"floor":9,"key":"Toy Ornithopter"},{"floor":10,"key":"TungstenRod"},{"floor":12,"key":"Boot"}],"event_choices":[{"damage_healed":0,"gold_gain":0,"player_choice":"1 cards matched","damage_taken":0,"max_hp_gain":0,"max_hp_loss":0,"event_name":"Match and Keep!","floor":3,"gold_loss":0,"cards_obtained":["Riddle With Holes"]},{"damage_healed":0,"gold_gain":0,"player_choice":"Bought 0 Potions","damage_taken":0,"max_hp_gain":0,"max_hp_loss":0,"event_name":"The Woman in Blue","floor":21,"gold_loss":0}],"is_beta":false,"boss_relics":[{"not_picked":["Astrolabe","Kintsugi"],"picked":"WristBlade"}],"items_purged_floors":[],"is_endless":false,"potions_floor_spawned":[4,6,8,10,18],"killed_by":"2 Thieves","ascension_level":1}}