{"host":"ji1fk25fd1ga4ji1","time":1610710925,"event":{"mods":["2.2 Compatiblity","BaseMod","Colored Map","DeckTracker","Minty Spire (QoL Compilation)","Permanent Neow","Quick Restart","StSLib","SuperFastMode"],"gold_per_floor":[113,125,141,161,161,161,161,161],"floor_reached":7,"language":"KOR","playtime":222,"items_purged":[],"score":45,"play_id":"6f915499-39a3-46b8-b171-9bc765a0e94f","local_time":"20210115204205","is_ascension_mode":true,"campfire_choices":[{"data":"Barricade","floor":6,"key":"SMITH"}],"circlet_count":0,"master_deck":["Strike_R","Strike_R","Strike_R","Strike_R","Defend_R","Defend_R","Defend_R","Defend_R","Bash","Barricade+1","Thunderclap","Entrench"],"relics":["Burning Blood"],"acts_visited":["Exordium"],"potions_floor_usage":[],"damage_taken":[{"damage":0,"enemies":"Small Slimes","floor":1,"turns":3},{"damage":6,"enemies":"Jaw Worm","floor":2,"turns":5},{"damage":6,"enemies":"Cultist","floor":3,"turns":4},{"damage":8,"enemies":"Blue Slaver","floor":4,"turns":5},{"damage":47,"enemies":"3 Sentries","floor":7,"turns":7}],"seed_played":"-8794190522779848067","potions_obtained":[{"floor":3,"key":"FearPotion"},{"floor":4,"key":"Energy Potion"}],"is_trial":false,"path_per_floor":["M","M","M","M","?","R","E"],"character_chosen":"IRONCLAD","items_purchased":[],"campfire_rested":0,"item_purchase_floors":[],"current_hp_per_floor":[62,62,62,60,53,53,6,6],"gold":161,"neow_bonus":"THREE_RARE_CARDS","is_daily":false,"chose_seed":false,"campfire_upgraded":1,"win_rate":0.0,"timestamp":1610710925,"path_taken":["M","M","M","M","?","R","E"],"items_purchased_type":[],"build_version":"2020-12-22","purchased_purges":0,"victory":false,"max_hp_per_floor":[80,80,80,80,80,80,80,80],"card_choices":[{"not_picked":["Double Tap","Impervious"],"picked":"Barricade","floor":0},{"not_picked":["Havoc","Sword Boomerang"],"picked":"Thunderclap","floor":1},{"not_picked":["Cleave","Hemokinesis","Infernal Blade"],"picked":"SKIP","floor":2},{"not_picked":["Uppercut","Anger","Dropkick"],"picked":"SKIP","floor":3},{"not_picked":["Havoc","Twin Strike"],"picked":"Entrench","floor":4}],"player_experience":478742,"relics_obtained":[],"event_choices":[{"cards_removed":["Strike_R"],"damage_healed":0,"gold_gain":0,"player_choice":"Card Removal","damage_taken":7,"max_hp_gain":0,"max_hp_loss":0,"event_name":"Golden Wing","floor":5,"gold_loss":0}],"is_beta":false,"boss_relics":[],"items_purged_floors":[],"is_endless":false,"potions_floor_spawned":[3,4],"killed_by":"3 Sentries","ascension_level":1}}