{"host":"h0xw20cia6ppa69g","time":1610696493,"event":{"mods":["AchievementEnabler","BaseMod","Colored Map","Filter the Spire","Googly Eyes","Minty Spire (QoL Compilation)","Relic Stats","StSLib","The Awakened One except there are too many feathers","everything is the same but u backflip on backflip"],"gold_per_floor":[111,111,36,36,36,70,70,1,1,1,11,37,37,54,54,159,159,176,176,207,132,150,150,178,178,178,178,178,211,211,237,237,237,237],"floor_reached":33,"language":"ENG","playtime":1411,"items_purged":["Reckless Charge"],"score":320,"play_id":"1b174483-a548-4349-8e25-27971812db57","local_time":"20210115014133","is_ascension_mode":true,"campfire_choices":[{"data":"Juggernaut","floor":7.0,"key":"SMITH"},{"data":"Pommel Strike","floor":10.0,"key":"SMITH"},{"data":"Bash","floor":15.0,"key":"SMITH"},{"data":"Uppercut","floor":23.0,"key":"SMITH"},{"floor":25.0,"key":"REST"},{"data":"Dual Wield","floor":27.0,"key":"SMITH"},{"floor":30,"key":"REST"},{"floor":32,"key":"REST"}],"circlet_count":0,"master_deck":["Bash+1","Juggernaut+1","Pommel Strike+1","Carnage","Evolve","Spot Weakness+1","Flame Barrier+1","Shrug It Off","Offering","Dual Wield+1","Twin Strike","Rage","Sword Boomerang","Uppercut+1","Havoc","Corruption","Pommel Strike","Shrug It Off+1","Exhume","Iron Wave+1","Metallicize","Twin Strike+1","Body Slam+1","Shrug It Off"],"relics":["Burning Blood","Dream Catcher","StrikeDummy","MealTicket","Pandora\u0027s Box","Red Mask","Molten Egg 2","War Paint","Juzu Bracelet"],"acts_visited":["Exordium","TheCity"],"potions_floor_usage":[33,33,33],"damage_taken":[{"damage":6.0,"enemies":"Jaw Worm","floor":1.0,"turns":4.0},{"damage":28.0,"enemies":"Gremlin Nob","floor":6.0,"turns":4.0},{"damage":0.0,"enemies":"2 Louse","floor":11.0,"turns":2.0},{"damage":10.0,"enemies":"3 Sentries","floor":12.0,"turns":8.0},{"damage":1.0,"enemies":"Cultist","floor":14.0,"turns":3.0},{"damage":26.0,"enemies":"Slime Boss","floor":16.0,"turns":11.0},{"damage":23.0,"enemies":"Shell Parasite","floor":18.0,"turns":3.0},{"damage":26.0,"enemies":"Masked Bandits","floor":20.0,"turns":4.0},{"damage":13.0,"enemies":"2 Thieves","floor":22.0,"turns":4.0},{"damage":44.0,"enemies":"Book of Stabbing","floor":24.0,"turns":6.0},{"damage":55.0,"enemies":"Gremlin Leader","floor":29.0,"turns":10.0},{"damage":11,"enemies":"Slavers","floor":31,"turns":6},{"damage":89,"enemies":"Champ","floor":33,"turns":13}],"seed_played":"1124647503572419254","potions_obtained":[{"floor":1.0,"key":"FearPotion"},{"floor":12.0,"key":"EntropicBrew"},{"floor":22.0,"key":"SmokeBomb"},{"floor":24.0,"key":"BloodPotion"},{"floor":28.0,"key":"Fruit Juice"},{"floor":28.0,"key":"Swift Potion"},{"floor":29.0,"key":"LiquidMemories"}],"is_trial":false,"path_per_floor":["M","?","$","?","?","E","R","$","T","R","M","E","?","M","R","B",null,"M","?","?","$","M","R","E","R","T","R","?","E","R","E","R","B"],"character_chosen":"IRONCLAD","items_purchased":["Carnage","Spot Weakness"],"campfire_rested":3,"item_purchase_floors":[3,8],"current_hp_per_floor":[80,64,64,64,64,42,42,42,42,42,48,44,37,42,42,22,80,63,63,43,58,51,51,13,37,37,37,58,9,34,29,54,0,0],"gold":237,"neow_bonus":"THREE_RARE_CARDS","is_daily":false,"chose_seed":false,"campfire_upgraded":5,"win_rate":0.0,"timestamp":1610696493,"path_taken":["M","?","$","?","?","E","R","$","T","R","M","E","?","M","R","BOSS","M","?","?","?","M","R","E","R","T","R","?","E","R","E","R","BOSS"],"items_purchased_type":["Card","Card"],"build_version":"2020-12-22","purchased_purges":1,"victory":false,"max_hp_per_floor":[80,80,80,80,80,80,80,80,80,80,80,80,80,80,80,80,80,80,80,80,80,80,80,80,80,80,80,85,85,85,85,85,85,85],"relic_stats":{"Dream Catcher":3,"counters":[13,78],"MealTicket":15,"Pandora\u0027s Box":["Dual Wield","Twin Strike","Reckless Charge","Rage","Sword Boomerang","Uppercut","Havoc","Corruption"],"Juzu Bracelet":0,"War Paint":["Flame Barrier","Spot Weakness"],"obtain_stats":[{"Dream Catcher":6,"MealTicket":12,"Pandora\u0027s Box":17,"Molten Egg 2":24,"Red Mask":20,"Juzu Bracelet":31,"War Paint":29,"StrikeDummy":9,"Burning Blood":0},{"Dream Catcher":2,"MealTicket":4,"Pandora\u0027s Box":6,"Molten Egg 2":10,"Red Mask":8,"Juzu Bracelet":12,"War Paint":11,"StrikeDummy":2,"Burning Blood":0},{"Dream Catcher":8,"MealTicket":18,"Pandora\u0027s Box":32,"Molten Egg 2":49,"Red Mask":39,"Juzu Bracelet":65,"War Paint":59,"StrikeDummy":8,"Burning Blood":0}],"Burning Blood":72},"card_choices":[{"not_picked":["Double Tap","Limit Break"],"picked":"Juggernaut","floor":0.0},{"not_picked":["Warcry","Entrench"],"picked":"Pommel Strike","floor":1.0},{"not_picked":["Second Wind","Armaments"],"picked":"Evolve","floor":6.0},{"not_picked":["Cleave","Rampage"],"picked":"Flame Barrier","floor":11.0},{"not_picked":["Sword Boomerang","Clash","Anger"],"picked":"SKIP","floor":12.0},{"not_picked":["Thunderclap","Anger"],"picked":"Shrug It Off","floor":14.0},{"not_picked":["Limit Break","Immolate"],"picked":"Offering","floor":16.0},{"not_picked":["Rage","Seeing Red"],"picked":"Pommel Strike","floor":18.0},{"not_picked":["Body Slam","Clothesline"],"picked":"Shrug It Off+1","floor":20.0},{"not_picked":["Reckless Charge+1","Perfected Strike"],"picked":"Exhume","floor":22.0},{"not_picked":["Intimidate","Dropkick+1"],"picked":"Iron Wave+1","floor":24.0},{"not_picked":["Whirlwind+1","Bloodletting"],"picked":"Metallicize","floor":25.0},{"not_picked":["Brutality","Clash+1","Rampage+1"],"picked":"SKIP","floor":29.0},{"not_picked":["Fire Breathing","Anger+1"],"picked":"Twin Strike+1","floor":30},{"not_picked":["Havoc+1","Fire Breathing+1"],"picked":"Body Slam+1","floor":31},{"not_picked":["Cleave+1","Flex"],"picked":"Shrug It Off","floor":32}],"player_experience":3709781,"relics_obtained":[{"floor":6.0,"key":"Dream Catcher"},{"floor":9.0,"key":"StrikeDummy"},{"floor":12.0,"key":"MealTicket"},{"floor":20.0,"key":"Red Mask"},{"floor":24.0,"key":"Molten Egg 2"},{"floor":29.0,"key":"War Paint"},{"floor":31,"key":"Juzu Bracelet"}],"event_choices":[{"damage_healed":0.0,"max_hp_gain":0.0,"max_hp_loss":0.0,"gold_gain":0.0,"event_name":"Shining Light","player_choice":"Entered Light","floor":2.0,"gold_loss":0.0,"damage_taken":16.0,"cards_upgraded":["Defend_R","Strike_R"]},{"cards_removed":["Writhe"],"damage_healed":0.0,"max_hp_gain":0.0,"max_hp_loss":0.0,"gold_gain":0.0,"event_name":"Living Wall","player_choice":"Forget","floor":4.0,"gold_loss":0.0,"damage_taken":0.0},{"damage_healed":0.0,"max_hp_gain":0.0,"max_hp_loss":0.0,"gold_gain":0.0,"event_name":"Liars Game","player_choice":"Ignored","floor":5.0,"gold_loss":0.0,"damage_taken":0.0},{"cards_removed":["Strike_R"],"damage_healed":0.0,"max_hp_gain":0.0,"max_hp_loss":0.0,"gold_gain":0.0,"event_name":"Golden Wing","player_choice":"Card Removal","floor":13.0,"gold_loss":0.0,"damage_taken":7.0},{"damage_healed":0.0,"max_hp_gain":0.0,"max_hp_loss":0.0,"gold_gain":0.0,"event_name":"Vampires","player_choice":"Ignored","floor":19.0,"gold_loss":0.0,"damage_taken":0.0},{"damage_healed":0.0,"max_hp_gain":0.0,"max_hp_loss":0.0,"gold_gain":0.0,"event_name":"Masked Bandits","player_choice":"Fought Bandits","floor":20.0,"gold_loss":0.0,"damage_taken":0.0},{"damage_healed":0.0,"max_hp_gain":0.0,"max_hp_loss":0.0,"gold_gain":0.0,"event_name":"Lab","player_choice":"Got Potions","floor":28.0,"gold_loss":0.0,"damage_taken":0.0}],"is_beta":false,"boss_relics":[{"not_picked":["Velvet Choker","Ectoplasm"],"picked":"Pandora\u0027s Box"}],"items_purged_floors":[21],"is_endless":false,"potions_floor_spawned":[1,12,22,24,29],"killed_by":"Champ","ascension_level":1}}