{"host":"bb5r3ba2ig485dr2","time":1610748022,"event":{"mods":["Act Like it!","BaseMod","CapriCore","Chen","Curses Come First","Gensokyo","Hallownest","Koishi","Lobotomy","LobotomyExtend","Marisa（霧雨　魔理沙）","Minty Spire (QoL Compilation)","Random Character Button","Rare Cards Sparkle","Reimu（博??梦）","StSLib","Td1madao Mod","The Administrix","The Bug Knight","The Immortal","The Servant 0.9.4","The Wild Card"],"gold_per_floor":[110,124,136,136,0,0,33,33,33,44,55,55,65,92,92,195,195,195,195,195,205,224,253,217,217,217,245,245,245,258,276,276,371,371,386,386,206,120,133,133,158,158,158,158,158,209,236,42,42,42,42,42,42,70,70,70],"floor_reached":55,"language":"ENG","playtime":4665,"items_purged":["HollowMod:SoulMaster"],"score":819,"play_id":"c510744c-41cb-42d3-9bb3-0cd551907b2a","local_time":"20210115230022","is_ascension_mode":false,"campfire_choices":[{"data":"HollowMod:PogoStrike","floor":6,"key":"SMITH"},{"data":"HollowMod:GrimmsGift","floor":8,"key":"SMITH"},{"data":"HollowMod:LifebloodCocoon","floor":12,"key":"SMITH"},{"data":"HollowMod:HowlingWraiths","floor":15,"key":"SMITH"},{"floor":29,"key":"RECALL"},{"floor":32,"key":"REST"},{"data":"HollowMod:SlysStrikes","floor":40,"key":"SMITH"},{"data":"HollowMod:ShapeofUnn","floor":42,"key":"SMITH"},{"data":"HollowMod:FocusHealStart","floor":45,"key":"SMITH"},{"data":"HollowMod:HeavyBlow","floor":49,"key":"SMITH"},{"data":"HollowMod:AwokenDreamNail","floor":52,"key":"SMITH"}],"circlet_count":0,"master_deck":["HollowMod:NailStrikeStart","HollowMod:NailStrikeStart","HollowMod:NailStrikeStart","HollowMod:NailStrikeStart","HollowMod:QuickDashStart","HollowMod:QuickDashStart+1","HollowMod:FocusHealStart+1","HollowMod:PogoStrike+1","Gensokyo:AllTheWorldsEvil","HollowMod:SharpenedNail","HollowMod:AwokenDreamNail+1","HollowMod:HowlingWraiths+1","HollowMod:AwokenDreamNail+1","HollowMod:CloakDash","HollowMod:GrimmsGift+1","HollowMod:LifebloodCocoon+1","HollowMod:ShapeofUnn+1","HollowMod:HeavyBlow+1","Hallownest:attackMasterCycloneSlash+1","HollowMod:CycloneSlash+1","HollowMod:SharpenedNail","HollowMod:NewJinnsSoul+1","HollowMod:PerfectDash+1","HollowMod:HuntersJournal+1","HollowMod:SlysStrikes+1","HollowMod:DoubleDash+1","Hallownest:curseDreamersLament","HollowMod:DesolateDive+1","HollowMod:DescendingDark+1","HollowMod:Grubsong+1"],"relics":["HollowMod:VesselMask","LetterFromLob","Regal Pillow","Calipers","TungstenRod","Centennial Puzzle","SlaversCollar","Prayer Wheel","Orichalcum","Du-Vu Doll","Busted Crown","Hallownest:BeastSealRelic","Hallownest:StagBellRelic1","War Paint","HollowMod:MantisClawRelic","Whetstone","Smiling Mask","FossilizedHelix","Medical Kit","HollowMod:MillibellesNoteRelic"],"acts_visited":["Hallownest:Greenpath","Hallownest:CityofTears","Hallownest:KingdomsEdge","TheEnding"],"potions_floor_usage":[10,10,14,22,27,30,33,39,50],"damage_taken":[{"damage":0,"enemies":"Hallownest:monsterHuskGuard","floor":1,"turns":3},{"damage":15,"enemies":"2_ Uuma","floor":2,"turns":3},{"damage":3,"enemies":"Hallownest:2_Tiktiks_and_1_Crawlid","floor":3,"turns":2},{"damage":11,"enemies":"Hallownest:eliteVengeflyKing","floor":7,"turns":8},{"damage":0,"enemies":"Hallownest:Guard_and_Warrior","floor":10,"turns":4},{"damage":10,"enemies":"Hallownest:1_Ooma_and_2_Uuma","floor":11,"turns":4},{"damage":0,"enemies":"Hallownest:monsterAspidMother","floor":13,"turns":6},{"damage":0,"enemies":"Hallownest:eliteMossKnight","floor":14,"turns":8},{"damage":62,"enemies":"Hallownest:BossBrokenVessel","floor":16,"turns":10},{"damage":16,"enemies":"Hallownest:2_Mistakes","floor":21,"turns":5},{"damage":0,"enemies":"Hallownest:3_Youths","floor":22,"turns":6},{"damage":0,"enemies":"Hallownest:Nosk","floor":23,"turns":9},{"damage":23,"enemies":"Hallownest:eliteWatcherKnight","floor":27,"turns":12},{"damage":22,"enemies":"Hallownest:3_Mistakes","floor":30,"turns":7},{"damage":12,"enemies":"Hallownest:monsterShrumalOgre","floor":31,"turns":7},{"damage":38,"enemies":"Hallownest:BossMantisLord","floor":33,"turns":7},{"damage":8,"enemies":"Hallownest:2_Littles","floor":35,"turns":2},{"damage":2,"enemies":"Hallownest:Shield_Heavy","floor":39,"turns":5},{"damage":0,"enemies":"Hallownest:eliteHiveKnight","floor":41,"turns":8},{"damage":0,"enemies":"Hallownest:StalkingDevout","floor":47,"turns":6},{"damage":20,"enemies":"Hallownest:Radiance","floor":50,"turns":10},{"damage":43,"enemies":"Shield and Spear","floor":54,"turns":7},{"damage":45,"enemies":"The Heart","floor":55,"turns":6}],"seed_played":"-4056742078087047031","potions_obtained":[{"floor":7,"key":"DuplicationPotion"},{"floor":10,"key":"Fruit Juice"},{"floor":11,"key":"DistilledChaos"},{"floor":14,"key":"GrandPatriotsElixir:ReiMu"},{"floor":21,"key":"Ancient Potion"},{"floor":23,"key":"AttackPotion"},{"floor":31,"key":"SneckoOil"}],"is_trial":false,"path_per_floor":["M","M","M","?","?","R","E","R","T","M","M","R","M","E","R","B",null,"M","?","?","M","M","E","$","?","T","E","T","R","M","M","R","B",null,"M","?","?","$","M","R","E","R","T","T","R","T","E","$","R","B",null,"R","$","E","B"],"character_chosen":"THE_BUGKNIGHT","items_purchased":["HollowMod:PerfectDash","HollowMod:DesolateDive","Explosive Potion","Medical Kit"],"campfire_rested":1,"item_purchase_floors":[24,38,38,48],"current_hp_per_floor":[75,70,67,67,67,67,62,62,62,67,57,57,57,67,67,15,80,80,80,80,64,70,76,76,76,76,63,63,63,41,29,68,30,80,72,72,72,72,70,70,76,76,76,76,76,76,80,80,80,60,80,80,80,43,0,0],"gold":70,"neow_bonus":"TRANSFORM_TWO_CARDS","is_daily":false,"chose_seed":false,"campfire_upgraded":9,"win_rate":0.0,"timestamp":1610748022,"path_taken":["M","M","M","?","?","R","E","R","T","M","M","R","M","E","R","BOSS","M","?","?","M","M","E","$","?","T","E","?","R","?","M","R","BOSS","M","?","?","$","M","R","E","R","T","?","R","?","E","?","R","BOSS","R","$","E","BOSS"],"items_purchased_type":["Card","Card","Potion","Relic"],"build_version":"2020-12-22","purchased_purges":1,"victory":false,"max_hp_per_floor":[75,75,75,75,75,75,75,75,75,80,80,80,80,80,80,80,80,80,80,80,80,80,80,80,80,80,80,80,80,80,80,80,80,80,80,80,80,80,80,80,80,80,80,80,80,80,80,80,80,80,80,80,80,80,80,80],"card_choices":[{"not_picked":["HollowMod:VengefulVoid","HollowMod:GoodIntentions"],"picked":"HollowMod:HowlingWraiths","floor":1},{"not_picked":["HollowMod:DoubleDash","HollowMod:HowlingWraiths"],"picked":"HollowMod:AwokenDreamNail","floor":2},{"not_picked":["HollowMod:VengefulVoid","HollowMod:LifebloodCocoon"],"picked":"HollowMod:CloakDash","floor":3},{"not_picked":["HollowMod:HuntersJournal","HollowMod:MawleksShell"],"picked":"HollowMod:GrimmsGift","floor":7},{"not_picked":["HollowMod:SoulSplash","HollowMod:DescendingDark"],"picked":"HollowMod:LifebloodCocoon","floor":10},{"not_picked":["HollowMod:TaintedHusks","HollowMod:NewLittleFool"],"picked":"HollowMod:ShapeofUnn","floor":11},{"not_picked":["HollowMod:ShadowDash","HollowMod:SoulSplash"],"picked":"HollowMod:HeavyBlow","floor":13},{"not_picked":["HollowMod:GoodIntentions","HollowMod:MawleksShell","HollowMod:SharpenedShadows"],"picked":"SKIP","floor":14},{"not_picked":["HollowMod:ZotesMagnificence","HollowMod:MidwifesHunger"],"picked":"HollowMod:SoulMaster","floor":16},{"not_picked":["HollowMod:DoubleDash","HollowMod:WraithStrike"],"picked":"HollowMod:CycloneSlash+1","floor":21},{"not_picked":["HollowMod:SiblingsSouls","HollowMod:AbyssShriek+1"],"picked":"HollowMod:SharpenedNail","floor":22},{"not_picked":["HollowMod:HuntersJournal+1","HollowMod:LifebloodCocoon"],"picked":"HollowMod:NewJinnsSoul+1","floor":23},{"not_picked":["HollowMod:SoulStrike","HollowMod:ShadowDash","HollowMod:CycloneSlash"],"picked":"SKIP","floor":27},{"not_picked":["HollowMod:MawleksShell","HollowMod:SiblingsSouls","HollowMod:MothsMistake+1"],"picked":"SKIP","floor":30},{"not_picked":["HollowMod:NewLittleFool","HollowMod:CloakDash","HollowMod:SharpenedShadows"],"picked":"SKIP","floor":30},{"not_picked":["HollowMod:ShapeofUnn","HollowMod:TaintedHusks"],"picked":"HollowMod:HuntersJournal+1","floor":31},{"not_picked":["HollowMod:NewInfectedGuardian","HollowMod:InfectedCysts","HollowMod:HowlingWraiths"],"picked":"SKIP","floor":31},{"not_picked":["HollowMod:ElderbugsWisdom","HollowMod:LordofShades"],"picked":"HollowMod:SlysStrikes","floor":33},{"not_picked":[],"picked":"HollowMod:DoubleDash+1","floor":35},{"not_picked":["HollowMod:NewGlowingWomb"],"picked":"SKIP","floor":35},{"not_picked":[],"picked":"HollowMod:DescendingDark+1","floor":39},{"not_picked":["HollowMod:NewJinnsSoul"],"picked":"SKIP","floor":39},{"not_picked":["HollowMod:HowlingWraiths"],"picked":"SKIP","floor":41},{"not_picked":[],"picked":"HollowMod:Grubsong+1","floor":47},{"not_picked":["HollowMod:NewInfectedGuardian"],"picked":"SKIP","floor":54}],"player_experience":221921,"relics_obtained":[{"floor":1,"key":"LetterFromLob"},{"floor":7,"key":"Calipers"},{"floor":9,"key":"TungstenRod"},{"floor":14,"key":"Centennial Puzzle"},{"floor":23,"key":"Prayer Wheel"},{"floor":26,"key":"Orichalcum"},{"floor":27,"key":"Du-Vu Doll"},{"floor":41,"key":"War Paint"},{"floor":43,"key":"HollowMod:MantisClawRelic"},{"floor":44,"key":"Whetstone"},{"floor":46,"key":"Smiling Mask"},{"floor":47,"key":"FossilizedHelix"},{"floor":54,"key":"HollowMod:MillibellesNoteRelic"}],"event_choices":[],"is_beta":false,"boss_relics":[{"not_picked":["Ectoplasm","Black Star"],"picked":"SlaversCollar"},{"not_picked":["RedLine:ReiMu","Astrolabe"],"picked":"Busted Crown"}],"items_purged_floors":[48],"is_endless":false,"potions_floor_spawned":[7,10,11,14,21,23,31],"killed_by":"The Heart","ascension_level":0}}