{"host":"gyphjc57tbbk9zp6","time":1610686351,"event":{"mods":["Act Like it!","BaseMod","Downfall","Elementarium","Friendly Minions","FruityMod","Gensokyo","Gremlin Skip","Hallownest","Hermit","Highlight Path","Hubris","Hyrulean Relics","Infinite Spire","Ironclad Rager","Jorbs\u0027s Wanderer Trilogy","KinomotoSakuraMod(????)","Kiyohime????","Koishi","Luminous","Mad Scientist","Marisa????????","Mimic Mod","Minty Spire (QoL Compilation)","Nova Terra(??·??)","Pale of the Ancients","Potionbrewer","Shedinja","StSLib","SuperFastMode","Td1madao Mod","The Administrix","The Alterego","The Blackbeard","The Bladedancer","The Bug Knight","The Construct","The Disciple","The Druid","The Elementalist","The Exalted","The Factory","The Hayseed","The Hierophant","The Judge","The Juggle","The Jungle","The Mystic","The Poker Player","The Senshi","The Servant 0.9.4","The Trickster","The Vixen","The Wild Card","TheHero","TheSwordswoman","TheVelvet","Yuyuko"],"gold_per_floor":[99,118,129,29,7,23,76,89,89,429,429,429],"floor_reached":11,"language":"ENG","playtime":1588,"items_purged":[],"score":63,"play_id":"3a26f8d8-44e2-48ff-a108-034c956ff6ce","local_time":"20210114225231","is_ascension_mode":false,"campfire_choices":[{"data":"hadesmod:RuyiJinguBang","floor":1,"key":"SMITH"},{"data":"hadesmod:Hitpower","floor":9,"key":"SMITH"}],"circlet_count":0,"master_deck":["hadesmod:Strike","hadesmod:Strike","hadesmod:Strike","hadesmod:SwapStrike","hadesmod:Defend","hadesmod:Defend","hadesmod:Defend","hadesmod:Defend","hadesmod:Dash","hadesmod:RuyiJinguBang+1","hadesmod:WeakWep","hadesmod:Hitpower+1","hadesmod:Snapshoot"],"relics":["hadesmod:WeaponCharger","Blue Candle","Omamori","Boot"],"acts_visited":["Gensokyo:Gensokyo"],"potions_floor_usage":[11],"damage_taken":[{"damage":4,"enemies":"Gensokyo:Python","floor":2,"turns":4},{"damage":0,"enemies":"Gensokyo:2_Kodama","floor":3,"turns":4},{"damage":7,"enemies":"Gensokyo:3_Fairies","floor":6,"turns":5},{"damage":31,"enemies":"Gensokyo:2_Rabbits","floor":8,"turns":7},{"damage":5,"enemies":"Gensokyo:VengefulSpirit","floor":10,"turns":12},{"damage":22,"enemies":"Gensokyo:Cirno","floor":11,"turns":4}],"seed_played":"6312881288624856630","potions_obtained":[{"floor":2,"key":"SneckoOil"},{"floor":8,"key":"potionbrewer:BarricadePotion"}],"is_trial":false,"path_per_floor":["R","M","M","?","COS","M","T","M","R","MIM","E"],"character_chosen":"THE_HUNTRESS","items_purchased":[],"campfire_rested":0,"item_purchase_floors":[],"current_hp_per_floor":[66,62,62,62,62,55,55,24,24,19,0,0],"gold":429,"neow_bonus":"TEN_PERCENT_HP_BONUS","is_daily":false,"chose_seed":false,"campfire_upgraded":2,"win_rate":0.0,"timestamp":1610686351,"path_taken":["R","M","M","?","COS","M","T","?","R","?","E"],"items_purchased_type":[],"build_version":"2020-12-22","purchased_purges":0,"victory":false,"max_hp_per_floor":[66,66,66,66,66,66,66,66,66,66,66,66],"card_choices":[{"not_picked":["hadesmod:GlanceShot","hadesmod:AuraAmp"],"picked":"hadesmod:WeakWep","floor":2},{"not_picked":["hadesmod:IThinkEyePatchesAreHot","hadesmod:Claws"],"picked":"hadesmod:Hitpower","floor":3},{"not_picked":["hadesmod:Claws","hadesmod:IThinkEyePatchesAreHot","hadesmod:MailBomb"],"picked":"SKIP","floor":6},{"not_picked":["hadesmod:JinnsKnowledge","hadesmod:Spin"],"picked":"hadesmod:Snapshoot","floor":8}],"player_experience":1048382,"relics_obtained":[{"floor":7,"key":"Omamori"},{"floor":10,"key":"Boot"}],"event_choices":[],"is_beta":false,"boss_relics":[],"items_purged_floors":[],"is_endless":false,"potions_floor_spawned":[2,8],"killed_by":"Gensokyo:Cirno","ascension_level":0}}