{"host":"4qr1gza03141aubc","time":1610705172,"event":{"mods":["BaseMod","Minty Spire (QoL Compilation)","Quick Restart"],"gold_per_floor":[117,117,117,217,232,266,266,292,292,292,304,304,314,327,327,423,423,423,423,338,338,338,338,338,338,338,338,189,189,189,189,189,189,189,189,189,189,189,189,189,189,189,189,189,89,89,89,89,89,89],"floor_reached":51,"language":"ENG","playtime":1917,"items_purged":["Writhe","Defend_B"],"score":781,"play_id":"b3fe4c1f-190c-4012-83c1-915bcf6c2caa","local_time":"20210115140612","is_ascension_mode":true,"campfire_choices":[{"floor":7,"key":"REST"},{"floor":10,"key":"REST"},{"data":"Sunder","floor":12,"key":"SMITH"},{"data":"Machine Learning","floor":15,"key":"SMITH"},{"data":"Scrape","floor":23,"key":"SMITH"},{"floor":30,"key":"REST"},{"floor":32,"key":"REST"},{"data":"Madness","floor":40,"key":"SMITH"},{"floor":46,"key":"REST"},{"data":"Madness","floor":49,"key":"SMITH"}],"circlet_count":0,"master_deck":["Strike_B","Strike_B+1","Strike_B","Strike_B","Defend_B","Defend_B+1","Defend_B+1","Zap+1","Sunder+1","Machine Learning+1","Scrape+1","Reboot","White Noise+1","Streamline+1","Streamline+1","FTL+1","All For One+1","Chill+1","BootSequence","Madness+1","Madness+1","Gash+1","Go for the Eyes+1","Beam Cell+1","Beam Cell+1"],"relics":["Nuclear Battery","Unceasing Top","War Paint","Thread and Needle","Ectoplasm","Anchor","Molten Egg 2","Nunchaku","Cursed Key"],"acts_visited":["Exordium","TheCity","TheBeyond"],"potions_floor_usage":[16,25,25,33,33,33,50],"damage_taken":[{"damage":6,"enemies":"Jaw Worm","floor":1,"turns":4},{"damage":0,"enemies":"2 Louse","floor":5,"turns":3},{"damage":31,"enemies":"Lagavulin","floor":6,"turns":9},{"damage":10,"enemies":"3 Sentries","floor":8,"turns":7},{"damage":0,"enemies":"Small Slimes","floor":11,"turns":2},{"damage":0,"enemies":"Looter","floor":13,"turns":3},{"damage":0,"enemies":"Blue Slaver","floor":14,"turns":2},{"damage":23,"enemies":"Slime Boss","floor":16,"turns":7},{"damage":2,"enemies":"Shell Parasite","floor":18,"turns":6},{"damage":17,"enemies":"3 Byrds","floor":21,"turns":4},{"damage":20,"enemies":"Snake Plant","floor":24,"turns":3},{"damage":0,"enemies":"Cultist and Chosen","floor":25,"turns":4},{"damage":6,"enemies":"Snecko","floor":27,"turns":4},{"damage":7,"enemies":"Snake Plant","floor":31,"turns":3},{"damage":14,"enemies":"Automaton","floor":33,"turns":6},{"damage":5,"enemies":"3 Shapes","floor":35,"turns":4},{"damage":0,"enemies":"3 Darklings","floor":36,"turns":4},{"damage":13,"enemies":"Spire Growth","floor":37,"turns":4},{"damage":5,"enemies":"4 Shapes","floor":39,"turns":4},{"damage":0,"enemies":"Transient","floor":42,"turns":5},{"damage":0,"enemies":"Spire Growth","floor":47,"turns":2},{"damage":0,"enemies":"Jaw Worm Horde","floor":48,"turns":2},{"damage":29,"enemies":"Donu and Deca","floor":50,"turns":5}],"seed_played":"-6726404656475428480","potions_obtained":[{"floor":8,"key":"SteroidPotion"},{"floor":11,"key":"PowerPotion"},{"floor":13,"key":"Energy Potion"},{"floor":16,"key":"Swift Potion"},{"floor":27,"key":"GamblersBrew"},{"floor":31,"key":"BlessingOfTheForge"},{"floor":39,"key":"GamblersBrew"},{"floor":47,"key":"LiquidMemories"}],"is_trial":false,"path_per_floor":["M","?","?","?","M","E","R","E","T","R","M","R","M","M","R","B",null,"M","?","?","M","?","R","M","M","T","M","$","?","R","M","R","B",null,"M","M","M","?","M","R","T","M","T","?","$","R","M","M","R","B",null],"character_chosen":"DEFECT","items_purchased":["FTL+1"],"campfire_rested":5,"item_purchase_floors":[28],"current_hp_per_floor":[69,62,47,47,47,16,38,28,28,50,50,50,50,50,50,27,75,73,73,73,56,56,56,36,36,36,30,30,30,52,45,67,53,75,70,70,57,48,43,43,43,43,43,43,43,65,65,65,65,36],"gold":89,"neow_bonus":"BOSS_RELIC","is_daily":false,"chose_seed":false,"campfire_upgraded":5,"win_rate":0.0,"timestamp":1610705172,"path_taken":["M","?","?","?","M","E","R","E","T","R","M","R","?","M","R","BOSS","M","?","?","M","?","R","M","M","T","M","$","?","R","M","R","BOSS","M","?","M","?","M","R","?","M","T","?","?","R","M","M","R","BOSS"],"items_purchased_type":["Card"],"build_version":"2020-12-22","purchased_purges":2,"victory":true,"max_hp_per_floor":[75,75,75,75,75,75,75,75,75,75,75,75,75,75,75,75,75,75,75,75,75,75,75,75,75,75,75,75,75,75,75,75,75,75,75,75,75,75,75,75,75,75,75,75,75,75,75,75,75,75],"card_choices":[{"not_picked":["Ball Lightning","Compile Driver"],"picked":"Leap","floor":1},{"not_picked":["Leap","Barrage","Force Field"],"picked":"SKIP","floor":5},{"not_picked":["Redo","Loop"],"picked":"Sunder","floor":6},{"not_picked":["Steam Power","Redo"],"picked":"Machine Learning","floor":8},{"not_picked":["Barrage","BootSequence"],"picked":"Scrape","floor":11},{"not_picked":["Cold Snap","Redo","Coolheaded"],"picked":"SKIP","floor":13},{"not_picked":["Streamline","Compile Driver","Ball Lightning"],"picked":"SKIP","floor":14},{"not_picked":["Amplify","Core Surge"],"picked":"Reboot","floor":16},{"not_picked":["Coolheaded","Leap"],"picked":"White Noise+1","floor":18},{"not_picked":["Fusion+1","Ball Lightning+1"],"picked":"Streamline+1","floor":21},{"not_picked":["Conserve Battery","Cold Snap+1","Stack+1"],"picked":"SKIP","floor":24},{"not_picked":["Sweeping Beam+1","Conserve Battery"],"picked":"Streamline+1","floor":25},{"not_picked":["Thunder Strike+1","Melter+1","Barrage+1"],"picked":"SKIP","floor":27},{"not_picked":["Undo+1","Melter+1","Hologram"],"picked":"SKIP","floor":31},{"not_picked":["Reboot","Amplify"],"picked":"All For One+1","floor":33},{"not_picked":["Rebound+1","Coolheaded+1"],"picked":"Chill+1","floor":35},{"not_picked":["Barrage+1","Rip and Tear+1","Redo"],"picked":"SKIP","floor":36},{"not_picked":["Cold Snap+1","Coolheaded"],"picked":"BootSequence","floor":37},{"not_picked":["Loop+1","Coolheaded"],"picked":"Gash+1","floor":39},{"not_picked":["Stack","Reprogram+1"],"picked":"Go for the Eyes+1","floor":42},{"not_picked":["Static Discharge+1","Ball Lightning+1"],"picked":"Beam Cell+1","floor":47},{"not_picked":["Hologram+1","Reprogram"],"picked":"Beam Cell+1","floor":48}],"player_experience":348468,"relics_obtained":[{"floor":6,"key":"Unceasing Top"},{"floor":8,"key":"War Paint"},{"floor":9,"key":"Thread and Needle"},{"floor":26,"key":"Nunchaku"}],"event_choices":[{"cards_removed":["Dualcast"],"damage_healed":0,"gold_gain":0,"player_choice":"Card Removal","damage_taken":7,"max_hp_gain":0,"max_hp_loss":0,"event_name":"Golden Wing","floor":2,"gold_loss":0},{"damage_healed":0,"gold_gain":0,"player_choice":"Entered Light","damage_taken":15,"max_hp_gain":0,"max_hp_loss":0,"event_name":"Shining Light","floor":3,"gold_loss":0,"cards_upgraded":["Zap","Strike_B"]},{"damage_healed":0,"gold_gain":100,"player_choice":"Pray","damage_taken":0,"max_hp_gain":0,"max_hp_loss":0,"event_name":"Golden Shrine","floor":4,"gold_loss":0},{"damage_healed":0,"gold_gain":0,"player_choice":"Opened","damage_taken":0,"relics_obtained":["Anchor"],"max_hp_gain":0,"max_hp_loss":0,"event_name":"The Mausoleum","floor":19,"gold_loss":0,"cards_obtained":["Writhe"]},{"damage_healed":0,"gold_gain":0,"player_choice":"Obtained Relic","damage_taken":0,"relics_obtained":["Molten Egg 2"],"max_hp_gain":0,"max_hp_loss":0,"event_name":"Addict","floor":20,"gold_loss":85},{"damage_healed":0,"gold_gain":99,"player_choice":"Stole From Cult","damage_taken":0,"max_hp_gain":0,"max_hp_loss":0,"event_name":"Nest","floor":22,"gold_loss":0},{"damage_healed":0,"gold_gain":0,"player_choice":"Forge","damage_taken":0,"max_hp_gain":0,"max_hp_loss":0,"event_name":"Accursed Blacksmith","floor":29,"gold_loss":0,"cards_upgraded":["Leap"]},{"damage_healed":0,"gold_gain":0,"player_choice":"Embrace Madness","damage_taken":9,"max_hp_gain":0,"max_hp_loss":0,"event_name":"Winding Halls","floor":38,"gold_loss":0,"cards_obtained":["Madness","Madness"]},{"cards_removed":["Leap"],"damage_healed":0,"gold_gain":0,"player_choice":"Removed Skill","damage_taken":0,"max_hp_gain":0,"max_hp_loss":0,"event_name":"Falling","floor":44,"gold_loss":0}],"is_beta":false,"boss_relics":[{"not_picked":["Fusion Hammer","Runic Pyramid"],"picked":"Ectoplasm"},{"not_picked":["SacredBark","Pandora\u0027s Box"],"picked":"Cursed Key"}],"items_purged_floors":[28,45],"is_endless":false,"potions_floor_spawned":[8,11,13,16,21,24,27,31,39,47],"ascension_level":3}}