{"host":"h26iowzi6bk5r55d","time":1610718481,"event":{"mods":["ATMod(°¢èªMod)","Arknights The Spire","Aspiration","BaseMod","Colored Powertips","Conspire","Downfall","Hermit","KomeijiMod","Luminous","Marisa£¨ìFÓê¡¡Ä§ÀíÉ³£©","Minty Spire (QoL Compilation)","Relic Stats","Replay The Spire","RumiaBox-Â¶Ã×æ«µÄÉñÃØºÐ×Ó","SIMod","StSLib","The Administrix","The Marked","TheVelvet","WarShipGirlsR/Õ½½¢ÉÙÅ®R mod","Yakumo Yukari mod","Youmu£¨»êÆÇÑýÃÎ£©","[GremlinLeader]The Maniac","vexMod","¡¾ÒÅÎï¿¨ÅÆ¡¿REMEMod","²ÐÁôÖ®Îï"],"gold_per_floor":[114,130,105,180,198,214,214,234,260,286,286,286,286,307,307,437,437,460,460,484,399,432,432,18,50,50,50,83,83,83,134,134,262,262,289,52,78,82,113,164,164,212,212,287,322,354,388,409,409,425],"floor_reached":51,"language":"ZHS","playtime":5169,"items_purged":["Luminous:Light_Flash_Shower","conspire:NecroticWound"],"score":856,"play_id":"94a942c9-727f-43fa-bbd1-efbe4f537c04","local_time":"20210115214801","is_ascension_mode":false,"campfire_choices":[{"data":"sneckomod:UnknownRarePower","floor":7.0,"key":"SMITH"},{"data":"AT_ChampionKick","floor":11.0,"key":"SMITH"},{"data":"Luminous:Flash_Blink_Luminous","floor":13.0,"key":"SMITH"},{"data":"Luminous:Light_Gather","floor":15.0,"key":"SMITH"},{"data":"Luminous:Freud_Wisdom1_Luminous","floor":27.0,"key":"SMITH"},{"floor":30.0,"key":"REST"},{"floor":32.0,"key":"REST"},{"floor":41,"key":"RECALL"},{"data":"Luminous:Light_Flash_Shower+1","floor":49,"key":"SMITH"}],"circlet_count":0,"master_deck":["Luminous:Light_Flash_Shower+2","Luminous:Light_Flash_Shower+1","Luminous:Dark_Abyssal_Drop+1","Luminous:Dark_Abyssal_Drop+1","Luminous:Dark_Abyssal_Drop+1","Luminous:Defend_Luminous+2","Luminous:Defend_Luminous+1","Luminous:Defend_Luminous+1","Luminous:Defend_Luminous+1","Luminous:Switch_Luminous+1","sneckomod:UnknownRarePower+1","AT_ChampionKick+1","Luminous:Darkness_Mastery_Luminous+1","Luminous:Concentrate_Luminous+1","Luminous:Concentrate_Luminous+1","Luminous:Light_Gather+1","Luminous:Flash_Blink_Luminous+1","Luminous:Light_Gather+1","Luminous:Freud_Wisdom1_Luminous+3","Luminous:Fast_Spell_Luminous+1","Finesse+2","Luminous:Mirror_Force_Luminous+1","Luminous:Reverse_Spell_Luminous+1","Secret Technique+1","Luminous:Mana_Well_Luminous+1","Luminous:Hero_Will_Luminous+1","Luminous:Accumulation_Luminous+1","Luminous:Mirror_Force_Luminous+1"],"relics":["Luminous:MirrorRelic","REME_ComplimentaryCards","AT_ATBox","NeowsBlessing","Omamori","Ginger","Golden Idol","aspiration:RunicSpoon","Replay:Bandana","Replay:Rubber Ducky","BargainBundle","Vajra","AT_BellDemon","ShirouKen","Replay:Grab Bag","Busted Crown","Sozu","Calling Bell","SSSystem","Letter Opener","conspire:InfiniteJournal","Singing Bowl","ReplayTheSpireMod:CursedCoin","TungstenRod","aspiration:Lifesprig","Blood Vial","War Paint","PreservedInsect","AT_EbonyIvory","conspire:TopHat","Mercury Hourglass","vexMod:RedPlottingStone","AT_RedNoBalance","REME_PuzzleBoxRelic","MealTicket","Du-Vu Doll","Durian"],"acts_visited":["Exordium","TheCity","TheBeyond"],"potions_floor_usage":[],"damage_taken":[{"damage":0.0,"enemies":"Jaw Worm","floor":1.0,"turns":1.0},{"damage":0.0,"enemies":"Cultist","floor":2.0,"turns":1.0},{"damage":0.0,"enemies":"Small Slimes","floor":5.0,"turns":1.0},{"damage":9.0,"enemies":"2 Fungi Beasts","floor":6.0,"turns":4.0},{"damage":17.0,"enemies":"Lots of Slimes","floor":8.0,"turns":4.0},{"damage":38.0,"enemies":"3 Sentries","floor":10.0,"turns":7.0},{"damage":1.0,"enemies":"Blue Slaver","floor":14.0,"turns":4.0},{"damage":5.0,"enemies":"Slime Boss","floor":16.0,"turns":10.0},{"damage":27.0,"enemies":"2 Thieves","floor":18.0,"turns":5.0},{"damage":23.0,"enemies":"3 Byrds","floor":20.0,"turns":7.0},{"damage":16.0,"enemies":"Shelled Parasite and Fungi","floor":22.0,"turns":13.0},{"damage":0.0,"enemies":"Snecko","floor":25.0,"turns":13.0},{"damage":10.0,"enemies":"Sentry and Sphere","floor":28.0,"turns":10.0},{"damage":22.0,"enemies":"Slavers","floor":31.0,"turns":10.0},{"damage":35.0,"enemies":"Collector","floor":33.0,"turns":13.0},{"damage":18.0,"enemies":"3 Shapes","floor":35.0,"turns":2.0},{"damage":37.0,"enemies":"Orb Walker","floor":37.0,"turns":5.0},{"damage":0.0,"enemies":"Orb Walker","floor":38.0,"turns":29.0},{"damage":0,"enemies":"Spire Growth","floor":39,"turns":6},{"damage":0,"enemies":"R_Hoarder","floor":40,"turns":14},{"damage":0,"enemies":"Nemesis","floor":42,"turns":7},{"damage":0,"enemies":"Mind Bloom Boss Battle","floor":44,"turns":7},{"damage":0,"enemies":"Sphere and 2 Shapes","floor":45,"turns":3},{"damage":0,"enemies":"Jaw Worm Horde","floor":46,"turns":2},{"damage":0,"enemies":"Maw","floor":47,"turns":5},{"damage":0,"enemies":"Sphere and 2 Shapes","floor":48,"turns":2},{"damage":55,"enemies":"Time Eater","floor":50,"turns":9}],"seed_played":"-3723431759251919296","potions_obtained":[{"floor":6.0,"key":"PowerPotion"},{"floor":10.0,"key":"EssenceOfSteel"},{"floor":14.0,"key":"FearPotion"},{"floor":18.0,"key":"champ:CounterPotion"},{"floor":20.0,"key":"EntropicBrew"},{"floor":23.0,"key":"PowerPotion"},{"floor":28.0,"key":"Toxic Potion"},{"floor":31.0,"key":"Swift Potion"}],"is_trial":false,"path_per_floor":["M","M","?","?","M","M","R","M","T","E","R","?","R","M","R","B",null,"M","?","M","?","M","?","$","M","T","R","M","?","R","E","R","B",null,"M","$","M","?","M","E","R","E","T","?","M","M","M","M","R","B",null],"character_chosen":"LuminousClass","items_purchased":["Replay:Rubber Ducky","BargainBundle","Secret Technique","Luminous:Mana_Well_Luminous","ReplayTheSpireMod:CursedCoin","TungstenRod"],"campfire_rested":2,"item_purchase_floors":[24,24,24,24,36,36],"current_hp_per_floor":[75,75,75,68,68,59,59,45,45,22,22,22,22,21,21,16,75,48,48,25,25,13,13,13,17,17,17,11,11,33,15,37,18,75,63,63,32,81,83,85,85,87,87,89,53,54,69,78,78,35],"gold":425,"neow_bonus":"THREE_ENEMY_KILL","is_daily":false,"chose_seed":false,"campfire_upgraded":6,"win_rate":0.0,"timestamp":1610718481,"path_taken":["M","M","?","?","M","M","R","?","T","E","R","?","R","M","R","BOSS","M","?","?","?","M","?","$","M","T","R","?","?","R","E","R","BOSS","M","$","M","?","M","E","R","E","T","?","M","M","M","M","R","BOSS"],"items_purchased_type":["Relic","Relic","Card","Card","Relic","Relic"],"build_version":"2020-12-22","purchased_purges":2,"victory":true,"max_hp_per_floor":[75,75,75,75,75,75,75,75,75,75,75,75,75,75,75,75,75,75,75,75,75,75,75,75,75,75,75,75,75,75,75,75,75,75,77,77,79,81,83,85,85,87,87,89,91,93,95,102,102,102],"relic_stats":{"Singing Bowl":22,"counters":[27,192],"Golden Idol":168,"aspiration:RunicSpoon":[225],"PreservedInsect":47,"Ginger":[14],"Letter Opener":[406],"War Paint":["Luminous:Defend_Luminous","Finesse"],"Mercury Hourglass":[106],"Sozu":4,"Blood Vial":10,"Busted Crown":30,"MealTicket":0,"obtain_stats":[{"AT_BellDemon":31,"aspiration:Lifesprig":37,"AT_ATBox":0,"ShirouKen":33,"Singing Bowl":35,"Vajra":26,"SSSystem":34,"Luminous:MirrorRelic":0,"Ginger":10,"conspire:TopHat":42,"Replay:Rubber Ducky":24,"conspire:InfiniteJournal":34,"Sozu":34,"Blood Vial":39,"Replay:Bandana":21,"vexMod:RedPlottingStone":44,"MealTicket":46,"AT_RedNoBalance":46,"BargainBundle":24,"NeowsBlessing":0,"Golden Idol":12,"ReplayTheSpireMod:CursedCoin":36,"aspiration:RunicSpoon":17,"Replay:Grab Bag":34,"PreservedInsect":40,"AT_EbonyIvory":42,"AT_SilverBalance":44,"Omamori":9,"Letter Opener":34,"War Paint":40,"Mercury Hourglass":43,"Calling Bell":34,"Du-Vu Doll":47,"Busted Crown":34,"Durian":48,"REME_PuzzleBoxRelic":45,"TungstenRod":36,"REME_ComplimentaryCards":0},{"AT_BellDemon":14,"aspiration:Lifesprig":17,"AT_ATBox":0,"ShirouKen":15,"Singing Bowl":16,"Vajra":12,"SSSystem":15,"Luminous:MirrorRelic":0,"Ginger":6,"conspire:TopHat":21,"Replay:Rubber Ducky":11,"conspire:InfiniteJournal":15,"Sozu":15,"Blood Vial":19,"Replay:Bandana":10,"vexMod:RedPlottingStone":22,"MealTicket":24,"AT_RedNoBalance":24,"BargainBundle":11,"NeowsBlessing":0,"Golden Idol":6,"ReplayTheSpireMod:CursedCoin":16,"aspiration:RunicSpoon":8,"Replay:Grab Bag":15,"PreservedInsect":20,"AT_EbonyIvory":21,"AT_SilverBalance":22,"Omamori":5,"Letter Opener":15,"War Paint":20,"Mercury Hourglass":21,"Calling Bell":15,"Du-Vu Doll":25,"Busted Crown":15,"Durian":26,"REME_PuzzleBoxRelic":23,"TungstenRod":16,"REME_ComplimentaryCards":0},{"AT_BellDemon":90,"aspiration:Lifesprig":110,"AT_ATBox":0,"ShirouKen":103,"Singing Bowl":105,"Vajra":70,"SSSystem":103,"Luminous:MirrorRelic":0,"Ginger":18,"conspire:TopHat":166,"Replay:Rubber Ducky":57,"conspire:InfiniteJournal":103,"Sozu":103,"Blood Vial":145,"Replay:Bandana":44,"vexMod:RedPlottingStone":172,"MealTicket":176,"AT_RedNoBalance":174,"BargainBundle":57,"NeowsBlessing":0,"Golden Idol":18,"ReplayTheSpireMod:CursedCoin":105,"aspiration:RunicSpoon":32,"Replay:Grab Bag":103,"PreservedInsect":159,"AT_EbonyIvory":166,"AT_SilverBalance":172,"Omamori":11,"Letter Opener":103,"War Paint":159,"Mercury Hourglass":166,"Calling Bell":103,"Du-Vu Doll":181,"Busted Crown":103,"Durian":183,"REME_PuzzleBoxRelic":174,"TungstenRod":105,"REME_ComplimentaryCards":0}],"TungstenRod":10},"card_choices":[{"not_picked":["Luminous:Accumulation_Luminous","Luminous:Light_Sylvan_Lance"],"picked":"Luminous:Darkness_Mastery_Luminous","floor":1.0},{"not_picked":["Luminous:Lunar_Tide_Luminous","Luminous:Blinding_Pillar_Luminous"],"picked":"Luminous:Concentrate_Luminous","floor":2.0},{"not_picked":["Luminous:Light_Sylvan_Lance","Luminous:Dark_Pressure_Void"],"picked":"Luminous:Concentrate_Luminous","floor":5.0},{"not_picked":["Luminous:Magic_Boost_Luminous","Luminous:Blinding_Pillar_Luminous","Luminous:Magic_Guard_Luminous"],"picked":"SKIP","floor":6.0},{"not_picked":["Luminous:Phantom_Treasure_Luminous","Luminous:Light_Sylvan_Lance"],"picked":"Luminous:Light_Gather","floor":8.0},{"not_picked":["Luminous:Light_Reflection","Luminous:Dark_Raid"],"picked":"Luminous:Flash_Blink_Luminous","floor":10.0},{"not_picked":["Luminous:Concentrate_Luminous","Luminous:Date_of_Light_Luminous"],"picked":"Luminous:Light_Gather","floor":14.0},{"not_picked":["Luminous:Chaos_Field_Luminous","Luminous:Equalize_Luminous"],"picked":"Luminous:Freud_Wisdom1_Luminous","floor":16.0},{"not_picked":["Luminous:Light_Gather+1","Luminous:Dark_Pressure_Void"],"picked":"Luminous:Fast_Spell_Luminous+1","floor":18.0},{"not_picked":["Luminous:Dark_Raid+1","Luminous:Dark_Dim_Erosion"],"picked":"Luminous:Mirror_Force_Luminous","floor":20.0},{"not_picked":["Luminous:Magic_Boost_Luminous","Luminous:Dark_Pressure_Void"],"picked":"Luminous:Reverse_Spell_Luminous+1","floor":22.0},{"not_picked":["Luminous:Magic_Guard_Luminous","Luminous:Darkness_Mastery_Luminous","Luminous:Blinding_Pillar_Luminous"],"picked":"SKIP","floor":25.0},{"not_picked":["Luminous:Dark_Dim_Erosion+1","Luminous:Balance_Baptism"],"picked":"Luminous:Hero_Will_Luminous","floor":28.0},{"not_picked":["Luminous:Blinding_Pillar_Luminous","Luminous:Light_Disperse"],"picked":"Luminous:Accumulation_Luminous","floor":31.0},{"not_picked":["Luminous:Chaos_Field_Luminous","Luminous:Lania_Blessing_Luminous"],"picked":"Luminous:Mirror_Force_Luminous","floor":33.0},{"not_picked":["Luminous:Magic_Boost_Luminous+1"],"picked":"Singing Bowl","floor":35.0},{"not_picked":["Luminous:Dark_Raid+1"],"picked":"Singing Bowl","floor":37.0},{"not_picked":["Luminous:Light_Glare"],"picked":"Singing Bowl","floor":38.0},{"not_picked":["Luminous:Light_Gather+1"],"picked":"Singing Bowl","floor":39},{"not_picked":["Luminous:Light_Glare+1"],"picked":"Singing Bowl","floor":40},{"not_picked":["Luminous:Phantom_Treasure_Luminous"],"picked":"Singing Bowl","floor":42},{"not_picked":["Luminous:Flash_Blink_Luminous"],"picked":"Singing Bowl","floor":44},{"not_picked":["Luminous:Light_Glare+1"],"picked":"Singing Bowl","floor":45},{"not_picked":["Luminous:Accumulation_Luminous+1"],"picked":"Singing Bowl","floor":46},{"not_picked":["Luminous:Chase_Spell_Luminous+1"],"picked":"Singing Bowl","floor":47},{"not_picked":["Luminous:Dark_Extract"],"picked":"Singing Bowl","floor":48}],"player_experience":389094,"relics_obtained":[{"floor":9.0,"key":"Omamori"},{"floor":10.0,"key":"Ginger"},{"floor":26.0,"key":"Vajra"},{"floor":31.0,"key":"AT_BellDemon"},{"floor":33.0,"key":"ShirouKen"},{"floor":34.0,"key":"SSSystem"},{"floor":34.0,"key":"Letter Opener"},{"floor":34.0,"key":"conspire:InfiniteJournal"},{"floor":35.0,"key":"Singing Bowl"},{"floor":37.0,"key":"aspiration:Lifesprig"},{"floor":39,"key":"Blood Vial"},{"floor":40,"key":"War Paint"},{"floor":40,"key":"PreservedInsect"},{"floor":42,"key":"AT_EbonyIvory"},{"floor":42,"key":"conspire:TopHat"},{"floor":43,"key":"Mercury Hourglass"},{"floor":44,"key":"vexMod:RedPlottingStone"},{"floor":44,"key":"AT_SilverBalance"},{"floor":45,"key":"REME_PuzzleBoxRelic"},{"floor":46,"key":"MealTicket"},{"floor":47,"key":"Du-Vu Doll"},{"floor":48,"key":"Durian"}],"event_choices":[{"damage_healed":0.0,"max_hp_gain":0.0,"max_hp_loss":0.0,"gold_gain":75.0,"event_name":"FaceTrader","player_choice":"Touch","floor":4.0,"gold_loss":0.0,"damage_taken":7.0},{"damage_healed":0.0,"max_hp_gain":0.0,"max_hp_loss":0.0,"gold_gain":0.0,"event_name":"Golden Idol","player_choice":"Take Wound","floor":12.0,"gold_loss":0.0,"damage_taken":0.0,"relics_obtained":["Golden Idol"],"cards_obtained":["Injury"]},{"damage_healed":0.0,"max_hp_gain":0.0,"max_hp_loss":0.0,"gold_gain":0.0,"event_name":"Match and Keep!","player_choice":"1 cards matched","floor":19.0,"gold_loss":0.0,"damage_taken":0.0,"cards_obtained":["Finesse"]},{"damage_healed":0.0,"max_hp_gain":0.0,"max_hp_loss":0.0,"gold_gain":0.0,"event_name":"Addict","player_choice":"Obtained Relic","floor":21.0,"gold_loss":85.0,"damage_taken":0.0,"relics_obtained":["Replay:Bandana"]},{"damage_healed":0.0,"max_hp_gain":0.0,"max_hp_loss":0.0,"gold_gain":0.0,"event_name":"Lab","player_choice":"Got Potions","floor":23.0,"gold_loss":0.0,"damage_taken":0.0},{"damage_healed":0.0,"max_hp_gain":0.0,"max_hp_loss":0.0,"gold_gain":0.0,"event_name":"Upgrade Shrine","player_choice":"Upgraded","floor":29.0,"gold_loss":0.0,"damage_taken":0.0,"cards_upgraded":["Luminous:Freud_Wisdom1_Luminous"]},{"damage_healed":0,"gold_gain":0,"player_choice":"Fight","damage_taken":0,"max_hp_gain":0,"max_hp_loss":0,"event_name":"MindBloom","floor":44,"gold_loss":0}],"is_beta":false,"boss_relics":[{"not_picked":["vexMod:FluxCapacitor","Runic Pyramid"],"picked":"aspiration:RunicSpoon"},{"not_picked":["aspiration:SecretTechniqueScroll","Empty Cage"],"picked":"Replay:Grab Bag"},{"not_picked":["SlaversCollar","vexMod:RockOfEvil"],"picked":"Busted Crown"},{"not_picked":["Runic Dome","Fusion Hammer"],"picked":"Sozu"},{"not_picked":["vexMod:MysteryBossChallenge","EasyGame_NEW"],"picked":"Calling Bell"}],"items_purged_floors":[24,36],"is_endless":false,"potions_floor_spawned":[6,10,14,18,20,28,31,38,40,42,46,47],"ascension_level":0}}