{"host":"8u7tvcybuv0u72fd","time":1610682795,"event":{"mods":["BaseMod","BetterRewards","Colored Map","Colored Powertips","Minty Spire (QoL Compilation)","Quick Restart","Shop Mod"],"gold_per_floor":[117,117,117,127,146,146,171,171,196,196,214,229,229,245,245,348,348,366,366,68,97,116,151,151,151,175,189,189,209,239,258,258,353,353,369,369,138,158,170,170,183,130,130,130,146,179,179,193,193,193,193,193,114,149,149,149],"floor_reached":55,"language":"ENG","playtime":2523,"items_purged":["Strike_R"],"score":964,"play_id":"ede74125-cfd6-42bd-a213-3fc56f425a17","local_time":"20210114225315","is_ascension_mode":false,"campfire_choices":[{"data":"Pain","floor":6.0,"key":"PURGE"},{"data":"Bash","floor":10.0,"key":"SMITH"},{"data":"Rage","floor":13.0,"key":"SMITH"},{"data":"Body Slam","floor":15.0,"key":"SMITH"},{"data":"Immolate","floor":24.0,"key":"SMITH"},{"data":"Clash","floor":28.0,"key":"SMITH"},{"data":"Iron Wave","floor":32.0,"key":"SMITH"},{"data":"Uppercut","floor":40.0,"key":"SMITH"},{"data":"Limit Break","floor":44.0,"key":"SMITH"},{"floor":49,"key":"RECALL"},{"data":"Cleave","floor":52,"key":"SMITH"}],"circlet_count":0,"master_deck":["Strike_R","Strike_R","Strike_R","Defend_R","Defend_R+1","Defend_R","Defend_R+1","Bash+1","Rage+1","Cleave+1","Clash+1","Body Slam+1","Immolate+1","Twin Strike+1","Dropkick","Seeing Red","Iron Wave+1","Heavy Blade+1","Limit Break+1","Uppercut+1","Shrug It Off+1","Inflame"],"relics":["Burning Blood","Sundial","Toy Ornithopter","Champion Belt","TheAbacus","Anchor","WarpedTongs","Omamori","Akabeko","SlaversCollar","Medical Kit","Bronze Scales","Red Mask","Gremlin Horn","Vajra","Busted Crown","MerchantsRug","Red Skull","InkBottle"],"acts_visited":["Exordium","TheCity","TheBeyond","TheEnding"],"potions_floor_usage":[54,55,55,55],"damage_taken":[{"damage":0.0,"enemies":"Small Slimes","floor":1.0,"turns":3.0},{"damage":5.0,"enemies":"Cultist","floor":4.0,"turns":4.0},{"damage":5.0,"enemies":"Jaw Worm","floor":5.0,"turns":3.0},{"damage":9.0,"enemies":"3 Sentries","floor":7.0,"turns":8.0},{"damage":0.0,"enemies":"Red Slaver","floor":11.0,"turns":3.0},{"damage":0.0,"enemies":"Lots of Slimes","floor":12.0,"turns":3.0},{"damage":0.0,"enemies":"Blue Slaver","floor":14.0,"turns":2.0},{"damage":33.0,"enemies":"Hexaghost","floor":16.0,"turns":8.0},{"damage":0.0,"enemies":"Spheric Guardian","floor":18.0,"turns":3.0},{"damage":5.0,"enemies":"Masked Bandits","floor":21.0,"turns":3.0},{"damage":0.0,"enemies":"3 Byrds","floor":22.0,"turns":2.0},{"damage":13.0,"enemies":"Gremlin Leader","floor":23.0,"turns":5.0},{"damage":9.0,"enemies":"Snecko","floor":27.0,"turns":5.0},{"damage":0.0,"enemies":"Cultist and Chosen","floor":29.0,"turns":4.0},{"damage":0.0,"enemies":"Slavers","floor":30.0,"turns":1.0},{"damage":0.0,"enemies":"Shelled Parasite and Fungi","floor":31.0,"turns":2.0},{"damage":52.0,"enemies":"Automaton","floor":33.0,"turns":8.0},{"damage":0.0,"enemies":"Orb Walker","floor":35.0,"turns":3.0},{"damage":7.0,"enemies":"3 Shapes","floor":38.0,"turns":3.0},{"damage":0.0,"enemies":"Sphere and 2 Shapes","floor":39.0,"turns":1.0},{"damage":10.0,"enemies":"Spire Growth","floor":41.0,"turns":4.0},{"damage":15.0,"enemies":"Writhing Mass","floor":45.0,"turns":4.0},{"damage":25.0,"enemies":"Nemesis","floor":46.0,"turns":5.0},{"damage":0,"enemies":"Sphere and 2 Shapes","floor":48,"turns":3},{"damage":68,"enemies":"Time Eater","floor":50,"turns":10},{"damage":56,"enemies":"Shield and Spear","floor":54,"turns":4},{"damage":111,"enemies":"The Heart","floor":55,"turns":6}],"seed_played":"760211453351018862","potions_obtained":[{"floor":7.0,"key":"Weak Potion"},{"floor":11.0,"key":"Weak Potion"},{"floor":12.0,"key":"Dexterity Potion"},{"floor":27.0,"key":"FearPotion"},{"floor":33.0,"key":"PowerPotion"},{"floor":35.0,"key":"LiquidMemories"},{"floor":45.0,"key":"Weak Potion"},{"floor":48,"key":"BloodPotion"},{"floor":54,"key":"LiquidMemories"}],"is_trial":false,"path_per_floor":["M","?","?","M","M","R","E","?","T","R","M","M","R","M","R","B",null,"M","?","$","?","M","E","R","?","T","M","R","M","E","M","R","B",null,"M","?","$","M","M","R","M","$","T","R","M","E","?","M","R","B",null,"R","$","E","B"],"character_chosen":"IRONCLAD","items_purchased":["Sundial","Toy Ornithopter","Fire Potion","TheAbacus","Anchor","Fire Potion","Medical Kit","Bronze Scales","Limit Break","Uppercut","MerchantsRug","Inflame"],"campfire_rested":0,"item_purchase_floors":[0,0,0,0,0,0,20,20,37,37,42,53],"current_hp_per_floor":[38,43,43,44,45,45,47,47,47,47,53,59,59,65,65,38,85,85,69,69,75,81,74,74,74,74,71,71,77,83,89,89,43,90,90,100,100,99,100,100,96,96,96,96,87,68,110,110,110,48,110,110,110,87,0,0],"gold":149,"neow_bonus":"","is_daily":false,"chose_seed":false,"campfire_upgraded":9,"win_rate":0.0,"timestamp":1610682795,"path_taken":["M","?","?","?","M","R","E","?","T","R","?","M","R","?","R","BOSS","M","?","$","?","M","E","R","?","T","M","R","M","E","M","R","BOSS","M","?","?","?","M","R","M","$","T","R","M","E","?","M","R","BOSS","R","$","E","BOSS"],"items_purchased_type":["Relic","Relic","Potion","Relic","Relic","Potion","Relic","Relic","Card","Card","Relic","Card"],"build_version":"2020-12-22","purchased_purges":1,"victory":false,"max_hp_per_floor":[80,85,85,85,85,85,85,85,85,85,85,85,85,85,85,85,85,85,90,90,90,90,90,90,90,90,90,90,90,90,90,90,90,90,90,100,100,100,100,100,100,100,100,100,100,100,110,110,110,110,110,110,110,110,110,110],"card_choices":[{"not_picked":["Carnage","Entrench"],"picked":"Rage","floor":1.0},{"not_picked":["Armaments","Heavy Blade","Flex"],"picked":"SKIP","floor":4.0},{"not_picked":["Combust","Second Wind","Perfected Strike"],"picked":"SKIP","floor":5.0},{"not_picked":["Burning Pact","Wild Strike","Shockwave"],"picked":"SKIP","floor":7.0},{"not_picked":["Sentinel","Intimidate"],"picked":"Cleave","floor":11.0},{"not_picked":["Heavy Blade","Inflame"],"picked":"Clash","floor":12.0},{"not_picked":["Wild Strike","Anger"],"picked":"Body Slam","floor":14.0},{"not_picked":["Demon Form","Limit Break"],"picked":"Immolate","floor":16.0},{"not_picked":["Twin Strike","Armaments","Clash"],"picked":"SKIP","floor":18.0},{"not_picked":["Havoc+1","Dark Embrace"],"picked":"Twin Strike+1","floor":21.0},{"not_picked":["Rage+1","Twin Strike","Armaments"],"picked":"SKIP","floor":22.0},{"not_picked":["Anger+1","Twin Strike"],"picked":"Dropkick","floor":23.0},{"not_picked":["Clothesline+1","Combust"],"picked":"Seeing Red","floor":27.0},{"not_picked":["Combust","Shockwave"],"picked":"Iron Wave","floor":29.0},{"not_picked":["True Grit+1","Heavy Blade+1","Demon Form"],"picked":"SKIP","floor":30.0},{"not_picked":["True Grit+1","Demon Form"],"picked":"Heavy Blade+1","floor":30.0},{"not_picked":["Perfected Strike+1","Bloodletting","Fire Breathing+1"],"picked":"SKIP","floor":31.0},{"not_picked":["Brutality","Corruption"],"picked":"Demon Form","floor":33.0},{"not_picked":["Whirlwind"],"picked":"SKIP","floor":35.0},{"not_picked":["Rupture"],"picked":"SKIP","floor":38.0},{"not_picked":["Perfected Strike+1"],"picked":"SKIP","floor":39.0},{"not_picked":[],"picked":"Shrug It Off+1","floor":41.0},{"not_picked":["Twin Strike+1"],"picked":"SKIP","floor":45.0},{"not_picked":["Clash"],"picked":"SKIP","floor":46.0},{"not_picked":["Iron Wave+1"],"picked":"SKIP","floor":48},{"not_picked":["Twin Strike"],"picked":"SKIP","floor":54}],"player_experience":1317954,"relics_obtained":[{"floor":7.0,"key":"Omamori"},{"floor":9.0,"key":"Akabeko"},{"floor":21.0,"key":"Red Mask"},{"floor":23.0,"key":"Gremlin Horn"},{"floor":26.0,"key":"War Paint"},{"floor":30.0,"key":"Vajra"},{"floor":46.0,"key":"Red Skull"},{"floor":54,"key":"InkBottle"}],"event_choices":[{"damage_healed":0.0,"max_hp_gain":5.0,"max_hp_loss":0.0,"gold_gain":0.0,"event_name":"Big Fish","player_choice":"Donut","floor":2.0,"gold_loss":0.0,"damage_taken":0.0},{"damage_healed":0.0,"max_hp_gain":0.0,"max_hp_loss":0.0,"gold_gain":0.0,"event_name":"Accursed Blacksmith","player_choice":"Rummage","floor":3.0,"gold_loss":0.0,"damage_taken":0.0,"relics_obtained":["WarpedTongs"],"cards_obtained":["Pain"]},{"cards_removed":["Strike_R"],"damage_healed":0.0,"max_hp_gain":0.0,"max_hp_loss":0.0,"gold_gain":0.0,"event_name":"Purifier","player_choice":"Purged","floor":8.0,"gold_loss":0.0,"damage_taken":0.0},{"damage_healed":0.0,"max_hp_gain":5.0,"max_hp_loss":0.0,"gold_gain":0.0,"event_name":"Forgotten Altar","player_choice":"Shed Blood","floor":19.0,"gold_loss":0.0,"damage_taken":21.0},{"damage_healed":0.0,"max_hp_gain":0.0,"max_hp_loss":0.0,"gold_gain":0.0,"event_name":"Masked Bandits","player_choice":"Fought Bandits","floor":21.0,"gold_loss":0.0,"damage_taken":0.0},{"damage_healed":0.0,"max_hp_gain":0.0,"max_hp_loss":0.0,"gold_gain":0.0,"event_name":"Beggar","player_choice":"Ignored","floor":25.0,"gold_loss":0.0,"damage_taken":0.0},{"damage_healed":0.0,"max_hp_gain":0.0,"max_hp_loss":0.0,"gold_gain":0.0,"event_name":"WeMeetAgain","player_choice":"Gave Potion","floor":36.0,"gold_loss":0.0,"damage_taken":0.0,"relics_obtained":["Pear"]},{"cards_removed":["Demon Form"],"damage_healed":32.0,"max_hp_gain":10.0,"max_hp_loss":0.0,"gold_gain":0.0,"event_name":"Bonfire Elementals","player_choice":"Offered Rare","floor":47.0,"gold_loss":0.0,"damage_taken":0.0}],"is_beta":false,"boss_relics":[{"not_picked":["Runic Cube","Runic Dome"],"picked":"SlaversCollar"},{"not_picked":["Astrolabe","SacredBark"],"picked":"Busted Crown"}],"items_purged_floors":[0],"is_endless":false,"potions_floor_spawned":[7,11,12,18,27,30,33,35,45,48,54],"killed_by":"The Heart","ascension_level":0}}