{"host":"kg61lsvem4dxoat8","time":1610727669,"event":{"mods":["BaseMod","Colored Powertips","Minty Spire (QoL Compilation)","Quick Restart","Rare Cards Sparkle","Relic Stats","slay the spire mod where everything is the same but ironclad has a cowboy hat"],"gold_per_floor":[119,119,137,137,160,160,190,190,263,277,290,303,316,344,344,440,440,410,410,288,288,288,288,288,288,288,288,288,288,288,288,288,288,288,288,150,150,150,25,25,25,25,25,25,25,25,25,25,25,25,25,25,25,25,25,25],"floor_reached":55,"language":"ENG","playtime":2130,"items_purged":["Strike_P","Strike_P","Strike_P"],"score":762,"play_id":"1c8e6471-c23d-4896-9c9f-d85c50643931","local_time":"20210116002109","is_ascension_mode":false,"campfire_choices":[{"data":"Eruption","floor":6,"key":"SMITH"},{"data":"FlurryOfBlows","floor":8,"key":"SMITH"},{"data":"Wallop","floor":15,"key":"SMITH"},{"data":"FlurryOfBlows","floor":23,"key":"SMITH"},{"data":"Tantrum","floor":27,"key":"SMITH"},{"data":"ClearTheMind","floor":30,"key":"SMITH"},{"data":"FlurryOfBlows","floor":32,"key":"SMITH"},{"data":"Fasting2","floor":40,"key":"SMITH"},{"data":"Crescendo","floor":47,"key":"SMITH"},{"floor":49,"key":"RECALL"},{"data":"MentalFortress","floor":52,"key":"SMITH"}],"circlet_count":0,"master_deck":["Defend_P","Defend_P","Defend_P","Eruption+1","Vigilance","FlurryOfBlows+1","FlurryOfBlows+1","Tantrum+1","EmptyBody","EmptyFist","Wallop+1","FlurryOfBlows+1","ClearTheMind+1","EmptyBody","Vault","Wallop+1","Crescendo+1","EmptyFist","Halt+1","MentalFortress+1","Protect+1","Fasting2+1","Dark Shackles","Evaluate+1","BattleHymn+1"],"relics":["PureWater","NeowsBlessing","Happy Flower","Prayer Wheel","Eternal Feather","Du-Vu Doll","Ectoplasm","Tiny House","Regal Pillow","Oddly Smooth Stone"],"acts_visited":["Exordium","TheCity","TheBeyond","TheEnding"],"potions_floor_usage":[21,33,50,50],"damage_taken":[{"damage":0,"enemies":"Jaw Worm","floor":1,"turns":1},{"damage":0,"enemies":"Cultist","floor":3,"turns":1},{"damage":0,"enemies":"3 Sentries","floor":7,"turns":2},{"damage":0,"enemies":"Small Slimes","floor":10,"turns":2},{"damage":0,"enemies":"Exordium Wildlife","floor":11,"turns":3},{"damage":0,"enemies":"2 Fungi Beasts","floor":12,"turns":2},{"damage":0,"enemies":"Exordium Thugs","floor":13,"turns":4},{"damage":0,"enemies":"Gremlin Nob","floor":14,"turns":3},{"damage":0,"enemies":"Slime Boss","floor":16,"turns":3},{"damage":8,"enemies":"2 Thieves","floor":18,"turns":2},{"damage":3,"enemies":"Shell Parasite","floor":19,"turns":4},{"damage":0,"enemies":"Centurion and Healer","floor":21,"turns":4},{"damage":0,"enemies":"Snecko","floor":22,"turns":4},{"damage":19,"enemies":"Shelled Parasite and Fungi","floor":24,"turns":4},{"damage":19,"enemies":"Snake Plant","floor":25,"turns":3},{"damage":0,"enemies":"3 Cultists","floor":28,"turns":4},{"damage":0,"enemies":"Chosen and Byrds","floor":29,"turns":3},{"damage":16,"enemies":"Snake Plant","floor":31,"turns":4},{"damage":67,"enemies":"Champ","floor":33,"turns":8},{"damage":11,"enemies":"3 Darklings","floor":35,"turns":4},{"damage":4,"enemies":"3 Shapes","floor":38,"turns":5},{"damage":0,"enemies":"Spire Growth","floor":41,"turns":3},{"damage":15,"enemies":"Writhing Mass","floor":44,"turns":5},{"damage":0,"enemies":"3 Darklings","floor":45,"turns":4},{"damage":14,"enemies":"Jaw Worm Horde","floor":48,"turns":4},{"damage":57,"enemies":"Donu and Deca","floor":50,"turns":9},{"damage":30,"enemies":"Shield and Spear","floor":54,"turns":7},{"damage":56,"enemies":"The Heart","floor":55,"turns":2}],"seed_played":"547148870058230182","potions_obtained":[{"floor":3,"key":"Weak Potion"},{"floor":7,"key":"SneckoOil"},{"floor":11,"key":"EssenceOfSteel"},{"floor":21,"key":"AttackPotion"},{"floor":22,"key":"FairyPotion"},{"floor":33,"key":"LiquidBronze"},{"floor":34,"key":"Regen Potion"},{"floor":48,"key":"SteroidPotion"}],"is_trial":false,"path_per_floor":["M","?","M","?","T","R","E","R","T","M","M","M","M","E","R","B",null,"M","M","$","M","M","R","M","M","T","R","M","M","R","M","R","B",null,"M","$","?","M","$","R","M","?","T","M","M","$","R","M","R","B",null,"R","$","E","B"],"character_chosen":"WATCHER","items_purchased":["EmptyFist","Fasting2"],"campfire_rested":0,"item_purchase_floors":[20,36],"current_hp_per_floor":[72,72,72,77,77,77,77,77,77,77,77,77,77,77,77,77,77,69,66,66,66,66,77,58,39,39,51,51,51,63,47,59,23,82,71,71,71,67,67,82,82,82,82,67,67,67,79,65,77,28,82,82,82,52,0,0],"gold":25,"neow_bonus":"THREE_ENEMY_KILL","is_daily":false,"chose_seed":false,"campfire_upgraded":10,"win_rate":0.0,"timestamp":1610727669,"path_taken":["M","?","?","?","?","R","E","R","T","M","M","M","M","E","R","BOSS","M","M","$","?","M","R","M","M","T","R","M","?","R","M","R","BOSS","M","?","?","M","?","R","M","?","T","M","?","?","R","M","R","BOSS","R","$","E","BOSS"],"items_purchased_type":["Card","Card"],"build_version":"2020-12-22","purchased_purges":3,"victory":false,"max_hp_per_floor":[72,72,72,77,77,77,77,77,77,77,77,77,77,77,77,77,77,77,77,77,77,77,77,77,77,77,77,77,77,77,77,77,77,82,82,82,82,82,82,82,82,82,82,82,82,82,82,82,82,82,82,82,82,82,82,82],"relic_stats":{"Regal Pillow":0,"Happy Flower":[34],"counters":[28,104],"Prayer Wheel":19,"Eternal Feather":86,"Ectoplasm":501,"obtain_stats":[{"Du-Vu Doll":14,"Regal Pillow":43,"Tiny House":34,"NeowsBlessing":0,"Happy Flower":5,"Oddly Smooth Stone":54,"Prayer Wheel":7,"Eternal Feather":9,"Ectoplasm":17,"PureWater":0},{"Du-Vu Doll":8,"Regal Pillow":22,"Tiny House":19,"NeowsBlessing":0,"Happy Flower":2,"Oddly Smooth Stone":27,"Prayer Wheel":3,"Eternal Feather":3,"Ectoplasm":9,"PureWater":0},{"Du-Vu Doll":18,"Regal Pillow":73,"Tiny House":61,"NeowsBlessing":0,"Happy Flower":2,"Oddly Smooth Stone":102,"Prayer Wheel":4,"Eternal Feather":4,"Ectoplasm":21,"PureWater":0}]},"card_choices":[{"not_picked":["EmptyFist","EmptyMind"],"picked":"FlurryOfBlows","floor":1},{"not_picked":["CrushJoints","Crescendo"],"picked":"FlurryOfBlows","floor":3},{"not_picked":["ThirdEye","Scrawl"],"picked":"Tantrum","floor":7},{"not_picked":["CutThroughFate","LikeWater"],"picked":"EmptyBody","floor":10},{"not_picked":["ForeignInfluence","WheelKick"],"picked":"EmptyFist","floor":10},{"not_picked":["JustLucky","PathToVictory","SashWhip"],"picked":"SKIP","floor":11},{"not_picked":["ThirdEye","WheelKick","WaveOfTheHand"],"picked":"SKIP","floor":11},{"not_picked":["TalkToTheHand","InnerPeace"],"picked":"Wallop","floor":12},{"not_picked":["SashWhip","DeceiveReality","Prostrate"],"picked":"SKIP","floor":12},{"not_picked":["SashWhip","FlyingSleeves"],"picked":"FlurryOfBlows","floor":13},{"not_picked":["PathToVictory","EmptyBody"],"picked":"ClearTheMind","floor":13},{"not_picked":["PathToVictory","Perseverance"],"picked":"EmptyBody","floor":14},{"not_picked":["SpiritShield","Scrawl"],"picked":"Vault","floor":16},{"not_picked":["FlurryOfBlows","CrushJoints"],"picked":"Wallop","floor":18},{"not_picked":["Consecrate","Evaluate+1","FlurryOfBlows"],"picked":"SKIP","floor":18},{"not_picked":["FearNoEvil","ThirdEye"],"picked":"Crescendo","floor":19},{"not_picked":["Evaluate+1","FlurryOfBlows","ClearTheMind"],"picked":"SKIP","floor":19},{"not_picked":["Indignation","ThirdEye","DeceiveReality+1"],"picked":"SKIP","floor":21},{"not_picked":["Protect","Tantrum","WindmillStrike+1"],"picked":"SKIP","floor":21},{"not_picked":["WindmillStrike","ClearTheMind","BowlingBash"],"picked":"SKIP","floor":22},{"not_picked":["PathToVictory","BowlingBash","Scrawl"],"picked":"SKIP","floor":22},{"not_picked":["Consecrate","Wireheading+1"],"picked":"Halt+1","floor":24},{"not_picked":["Weave","FlurryOfBlows","Protect+1"],"picked":"SKIP","floor":24},{"not_picked":["FollowUp","WreathOfFlame+1","CutThroughFate"],"picked":"SKIP","floor":25},{"not_picked":["DeceiveReality","Worship","SashWhip"],"picked":"SKIP","floor":25},{"not_picked":["CarveReality","BowlingBash","Wallop+1"],"picked":"SKIP","floor":28},{"not_picked":["FlyingSleeves","WaveOfTheHand","WheelKick"],"picked":"SKIP","floor":28},{"not_picked":["Halt","Perseverance","Consecrate"],"picked":"SKIP","floor":29},{"not_picked":["FlurryOfBlows","FlyingSleeves+1","Protect"],"picked":"SKIP","floor":29},{"not_picked":["LessonLearned","EmptyBody+1"],"picked":"MentalFortress","floor":31},{"not_picked":["Evaluate","ThirdEye","EmptyFist"],"picked":"SKIP","floor":31},{"not_picked":["FlyingSleeves+1","Nirvana+1"],"picked":"Protect+1","floor":35},{"not_picked":["Wireheading+1","Perseverance+1","EmptyBody"],"picked":"SKIP","floor":35},{"not_picked":["Trip","Sadistic Nature"],"picked":"Dark Shackles","floor":37},{"not_picked":["Vengeance","JustLucky+1"],"picked":"Evaluate+1","floor":38},{"not_picked":["JustLucky+1","CrushJoints+1","ClearTheMind"],"picked":"SKIP","floor":38},{"not_picked":["SignatureMove","FollowUp+1","SashWhip"],"picked":"SKIP","floor":41},{"not_picked":["Prostrate","Worship+1","CarveReality"],"picked":"SKIP","floor":41},{"not_picked":["ForeignInfluence+1","WheelKick","Crescendo+1"],"picked":"SKIP","floor":44},{"not_picked":["WindmillStrike","FollowUp+1","Wallop"],"picked":"SKIP","floor":44},{"not_picked":["FlyingSleeves","ForeignInfluence+1","FlurryOfBlows+1"],"picked":"SKIP","floor":45},{"not_picked":["FollowUp","EmptyFist+1","Study+1"],"picked":"SKIP","floor":45},{"not_picked":["Meditate+1","Prostrate+1","Swivel"],"picked":"SKIP","floor":48},{"not_picked":["Indignation","EmptyFist","BowlingBash+1"],"picked":"SKIP","floor":48},{"not_picked":["Protect","Weave+1"],"picked":"BattleHymn+1","floor":54}],"player_experience":1343278,"relics_obtained":[{"floor":5,"key":"Happy Flower"},{"floor":7,"key":"Prayer Wheel"},{"floor":9,"key":"Eternal Feather"},{"floor":14,"key":"Du-Vu Doll"},{"floor":43,"key":"Regal Pillow"},{"floor":54,"key":"Oddly Smooth Stone"}],"event_choices":[{"cards_removed":["Strike_P"],"damage_healed":0,"gold_gain":0,"player_choice":"Offered Basic","damage_taken":0,"max_hp_gain":0,"max_hp_loss":0,"event_name":"Bonfire Elementals","floor":2,"gold_loss":0},{"damage_healed":0,"gold_gain":0,"player_choice":"Donut","damage_taken":0,"max_hp_gain":5,"max_hp_loss":0,"event_name":"Big Fish","floor":4,"gold_loss":0},{"damage_healed":0,"gold_gain":0,"player_choice":"Memory 1","damage_taken":0,"max_hp_gain":0,"max_hp_loss":0,"event_name":"SensoryStone","floor":37,"gold_loss":0},{"cards_removed":["Defend_P"],"damage_healed":0,"gold_gain":0,"player_choice":"Purged","damage_taken":0,"max_hp_gain":0,"max_hp_loss":0,"event_name":"Purifier","floor":42,"gold_loss":0}],"is_beta":false,"boss_relics":[{"not_picked":["Velvet Choker","Runic Dome"],"picked":"Ectoplasm"},{"not_picked":["Runic Pyramid","Black Star"],"picked":"Tiny House"}],"items_purged_floors":[20,36,39],"is_endless":false,"potions_floor_spawned":[3,7,11,12,21,22,24,31,33,38,48],"killed_by":"The Heart","ascension_level":0}}