{"host":"w4b7hmige5bnqipq","time":1610679882,"event":{"mods":["2.2 Compatiblity","BaseMod","Colored Map","DeckTracker","Keyboard Shortcuts","Minty Spire (QoL Compilation)","Permanent Neow","Rare Cards Sparkle","SuperFastMode","everything is the same but u backflip on backflip","slay the spire mod where everything is the same but ironclad has a cowboy hat"],"gold_per_floor":[116,135,153,167,167,202,202,219,243,243,254,17,17,17,17,89,89,101,101,117,129,141,166,166,216,216,216,54,81,81,97,97,97,97],"floor_reached":33,"language":"KOR","playtime":1255,"items_purged":["Strike_G"],"score":599,"play_id":"2b9b01e9-b92a-4699-a251-3ae04e482b81","local_time":"20210115120442","is_ascension_mode":true,"campfire_choices":[{"data":"Footwork","floor":7,"key":"SMITH"},{"data":"Tactician","floor":10,"key":"SMITH"},{"data":"Dagger Spray","floor":13,"key":"SMITH"},{"data":"Neutralize","floor":15,"key":"SMITH"},{"data":"Venomology","floor":24,"key":"SMITH"},{"floor":27,"key":"REST"},{"data":"Tools of the Trade","floor":30,"key":"SMITH"},{"floor":32,"key":"REST"}],"circlet_count":0,"master_deck":["AscendersBane","Survivor","Neutralize+1","All Out Attack","Dagger Spray+1","Footwork+1","Tactician+1","Acrobatics","Tools of the Trade+1","Glass Knife","Infinite Blades","Reflex","Dodge and Roll","Dagger Throw","Glass Knife","Distraction","Poisoned Stab","Blade Dance","Prepared","Venomology+1"],"relics":["Ring of the Snake","Ornamental Fan","Centennial Puzzle","Bronze Scales","Nloth\u0027s Gift","Nunchaku","Darkstone Periapt","Medical Kit","Smiling Mask"],"acts_visited":["Exordium","TheCity"],"potions_floor_usage":[6,16,18,22,29,33],"damage_taken":[{"damage":24.0,"enemies":"Jaw Worm","floor":1.0,"turns":11.0},{"damage":2.0,"enemies":"Cultist","floor":2.0,"turns":6.0},{"damage":0.0,"enemies":"2 Louse","floor":3.0,"turns":3.0},{"damage":12.0,"enemies":"Large Slime","floor":4.0,"turns":9.0},{"damage":26,"enemies":"Gremlin Nob","floor":6,"turns":4},{"damage":16,"enemies":"Gremlin Gang","floor":8,"turns":5},{"damage":0,"enemies":"2 Fungi Beasts","floor":11,"turns":3},{"damage":13,"enemies":"Hexaghost","floor":16,"turns":9},{"damage":9,"enemies":"Shell Parasite","floor":18,"turns":2},{"damage":12,"enemies":"Spheric Guardian","floor":20,"turns":4},{"damage":5,"enemies":"Chosen and Byrds","floor":21,"turns":5},{"damage":34,"enemies":"Shelled Parasite and Fungi","floor":22,"turns":4},{"damage":21,"enemies":"Gremlin Leader","floor":23,"turns":7},{"damage":32,"enemies":"Book of Stabbing","floor":29,"turns":5},{"damage":16,"enemies":"Snake Plant","floor":31,"turns":3},{"damage":7,"enemies":"Champ","floor":33,"turns":11}],"seed_played":"-6843723376145295997","potions_obtained":[{"floor":1.0,"key":"ColorlessPotion"},{"floor":4.0,"key":"PowerPotion"},{"floor":8,"key":"CultistPotion"},{"floor":16,"key":"SneckoOil"},{"floor":18,"key":"FairyPotion"},{"floor":20,"key":"EssenceOfSteel"}],"is_trial":false,"path_per_floor":["M","M","M","M","?","E","R","M","T","R","M","$","R","?","R","B",null,"M","?","M","M","M","E","R","?","T","R","$","E","R","M","R","B"],"character_chosen":"THE_SILENT","items_purchased":["Bronze Scales","Medical Kit"],"campfire_rested":2,"item_purchase_floors":[12,28],"current_hp_per_floor":[32,30,30,18,88,62,62,46,46,46,46,46,46,39,39,26,73,64,64,52,47,13,26,26,26,26,52,52,20,20,4,30,23,23],"gold":97,"neow_bonus":"TWENTY_PERCENT_HP_BONUS","is_daily":false,"chose_seed":false,"campfire_upgraded":6,"win_rate":0.0,"timestamp":1610679882,"path_taken":["M","M","M","M","?","E","R","M","T","R","M","?","R","?","R","BOSS","M","?","M","M","?","E","R","?","T","R","?","E","R","?","R","BOSS"],"items_purchased_type":["Relic","Relic"],"build_version":"2020-12-22","purchased_purges":1,"victory":false,"max_hp_per_floor":[78,78,78,78,88,88,88,88,88,88,88,88,88,88,88,88,88,88,88,88,88,88,88,88,88,88,88,88,88,88,88,88,88,88],"card_choices":[{"not_picked":["PiercingWail","Backflip"],"picked":"All Out Attack","floor":1.0},{"not_picked":["Outmaneuver","Acrobatics"],"picked":"Dagger Spray","floor":2.0},{"not_picked":["Choke","Underhanded Strike"],"picked":"Die Die Die","floor":3.0},{"not_picked":["Slice","Dagger Throw","Choke"],"picked":"SKIP","floor":4.0},{"not_picked":["Calculated Gamble","Slice"],"picked":"Footwork","floor":6},{"not_picked":["Sucker Punch","Distraction"],"picked":"Tactician","floor":8},{"not_picked":["Deflect","Backflip"],"picked":"Acrobatics","floor":11},{"not_picked":["Night Terror","Envenom"],"picked":"Tools of the Trade","floor":16},{"not_picked":["Acrobatics","Quick Slash","Flying Knee"],"picked":"SKIP","floor":18},{"not_picked":["Prepared","Expertise"],"picked":"Blade Dance","floor":20},{"not_picked":["Slice","Outmaneuver","Sucker Punch"],"picked":"SKIP","floor":21},{"not_picked":["Infinite Blades","Blade Dance"],"picked":"Prepared","floor":22},{"not_picked":["Flechettes","Blur"],"picked":"Venomology","floor":23},{"not_picked":["Calculated Gamble","Prepared","Burst"],"picked":"SKIP","floor":29},{"not_picked":["Bane","Heel Hook","Masterful Stab"],"picked":"SKIP","floor":31}],"player_experience":491177,"relics_obtained":[{"floor":6,"key":"Ornamental Fan"},{"floor":9,"key":"Centennial Puzzle"},{"floor":23,"key":"Nunchaku"},{"floor":26,"key":"Darkstone Periapt"},{"floor":29,"key":"Smiling Mask"}],"event_choices":[{"cards_removed":["Die Die Die"],"damage_healed":60.0,"max_hp_gain":10.0,"max_hp_loss":0.0,"gold_gain":0.0,"event_name":"Bonfire Elementals","player_choice":"Offered Rare","floor":5.0,"gold_loss":0.0,"damage_taken":0.0},{"cards_removed":["Defend_G"],"damage_healed":0,"gold_gain":0,"player_choice":"Card Removal","damage_taken":7,"max_hp_gain":0,"max_hp_loss":0,"event_name":"Golden Wing","floor":14,"gold_loss":0},{"damage_healed":0,"gold_gain":0,"player_choice":"Traded Relic","damage_taken":0,"relics_obtained":["Nloth\u0027s Gift"],"max_hp_gain":0,"max_hp_loss":0,"event_name":"N\u0027loth","floor":19,"relics_lost":["Pandora\u0027s Box"],"gold_loss":0},{"damage_healed":0,"gold_gain":50,"player_choice":"Stole From Cult","damage_taken":0,"max_hp_gain":0,"max_hp_loss":0,"event_name":"Nest","floor":25,"gold_loss":0}],"is_beta":false,"boss_relics":[{"not_picked":["Fusion Hammer","Runic Dome"],"picked":"Pandora\u0027s Box"}],"items_purged_floors":[12],"is_endless":false,"potions_floor_spawned":[1,4,8,16,18,20],"killed_by":"Champ","ascension_level":20}}