{"host":"9j9ju8r45kuhshxi","time":1610707176,"event":{"mods":["BaseMod","Colored Map","Colored Powertips","Highlight Path","Marisa（F雨　魔理沙）","Minty Spire (QoL Compilation)","Replay The Spire","Ryuuou龙王","StSLib","[功能]功能增强和修复MOD"],"gold_per_floor":[116,81,81,95,71,100,100,100,124,124,163,163,188,243,243,375,375,412,425,425,425,434,489,489,538,538,556,556,614,614,650,590,708,735,762,800,841,827,897,897,925,951,1027,1070,1090,1122,1157,9999,9999,10043,10043,10052,9258,9287,9503],"floor_reached":56,"language":"ZHS","playtime":5673,"items_purged":["Strike_B","Strike_B","Defend_B","Strike_B","Defend_B","Defend_B","Strike_B","Defend_B","Blizzard","Dualcast","Zap","Scrape+1","Injury","CommonCold","Wraith","Rainbow","Blizzard+1","Mirror Shield","BasicCrystalCard+1","ReplaySolidLightProjector","Compile Driver","Steam Power+1","Steam+1","Pot Of Greed+1","Pot Of Greed+1","Pot Of Greed+1","Blizzard+1","Leap+1","Pot Of Greed+1","ReplayTheSpireMod:GoodbyeWorld+1","Rebound+1","Leap+1","ReplayTheSpireMod:Reroute Power+1","Go for the Eyes+1","Buffer+1","Stack+1","ReplayTheSpireMod:GoodbyeWorld+1","ReplayTheSpireMod:GoodbyeWorld+1","Self Repair+1","Self Repair+1","ReplayTheSpireMod:GoodbyeWorld+1"],"score":2597,"play_id":"6111838a-d5be-4d65-9399-60d7eef1301f","local_time":"20210115183935","is_ascension_mode":true,"campfire_choices":[{"floor":8.0,"key":"RECALL"},{"data":"Heatsinks","floor":10.0,"key":"SMITH"},{"data":"Barrage","floor":12.0,"key":"SMITH"},{"data":"ReplayTheSpireMod:Fabricate Wheel","floor":15.0,"key":"SMITH"},{"data":"FIFO Queue","floor":24.0,"key":"SMITH"},{"floor":28.0,"key":"REST"},{"data":"Crystallizer","floor":40,"key":"SMITH"},{"data":"Creative AI","floor":49,"key":"SMITH"},{"data":"Meteor Strike","floor":49,"key":"SMITH"}],"circlet_count":102,"master_deck":["BasicCrystalCard+1","ReplayRNGCard+1","Heatsinks+1","Beam Cell+1","Ball Lightning+1","Barrage+1","Coolheaded+1","Machine Learning+1","FIFO Queue+1","Crystallizer+1","Biased Cognition+1","Mirror Shield+1","Panic Button+1","Genetic Algorithm+1","Creative AI+1","ReplayTheSpireMod:Calculation Training+1","Consume+1","BootSequence+1","FIFO Queue+1","Apotheosis+1","Defragment+1","Meteor Strike+1","Compile Driver+1","Self Repair+1","Steam+1","Storm+1","Lockon+1","Sweeping Beam+1","Streamline+1","Defragment+1","Loop+1","Defragment+1","Heatsinks+1","Self Repair+1","FIFO Queue+1","Biased Cognition+1","Pot Of Greed+1","Capacitor+1","Creative AI+1","Creative AI+1","ReplayTheSpireMod:GoodbyeWorld+1","Storm+1","Crystallizer+1","Self Repair+1","Electrodynamics+1","Creative AI+1","Hello World+1","Pot Of Greed+1"],"relics":["Cracked Core","NeowsBlessing","BargainBundle","Emotion Chip","Replay:Bandana","Smiling Mask","Bag of Marbles","CeramicFish","Prayer Wheel","Inserter","Lee\u0027s Waffle","Oddly Smooth Stone","Pen Nib","Mirror","Sling","Pear","Replay:Wax Seal","Nunchaku","StrikeDummy","Gremlin Food","Membership Card","Iron Hammer","Tiny Chest","Whetstone","Nilry\u0027s Codex","White Beast Statue","Replay:Ancient Bell","DataDisk","Toxic Egg 2","Du-Vu Doll","DollysMirror","Bottled Lightning","Meat on the Bone","CatCart","Juzu Bracelet","War Paint","The Courier","Eternal Feather","Replay:Kaleidoscope","Orichalcum","HandDrill","Akabeko","Gambling Chip","Ancient Tea Set","Bronze Scales","Replay:Ringing Soul","ReplayTheSpireMod:TigerMarble","PreservedInsect","Molten Egg 2","Onion Ring","Durian","Omamori","Strawberry","Replay:Bottled Steam","Replay:Bottled Eggs","Symbiotic Virus","TungstenRod","Bottled Flame","Replay:Mystery Machine","Pet Ghost","Lantern","Anchor","Replay:Baseball","Singing Bowl","Potion Belt","Centennial Puzzle","Sundial","Solar Panel","Mercury Hourglass","Toy Ornithopter","Bag of Preparation","Blood Vial","Geode","Ornamental Fan","Replay:Rubber Ducky","Happy Flower","Blue Doll","Dream Catcher","ReplayTheSpireMod:Lightbulb","Vajra","MealTicket","Chameleon Ring","Carrot","Kunai","Quantum Egg","Regal Pillow","Boot","Golden Egg","Divine Protection","ReplayTheSpireMod:Ninjato","Turnip","Counterbalance","StoneCalendar","Bottled Tornado","Pondfish Scales","Torii","Replay:Bottled Flurry","Gremlin Horn","Cables","HornCleat","Ginger","Pantograph","InkBottle","Replay:Towering Pillar of Hats","Shuriken","Replay:Bottled Snecko","Question Card","Blue Candle","Incense Burner","Snack Pack","Replay:WaspNest","Darkstone Periapt","Replay:Multitool","ReplayTheSpireMod:Shallot","Mummified Hand","Replay:Accelerometer","Grinning Jar","Ice Cream","Bird Faced Urn","Lizard Tail","Letter Opener","Replay:Arrowhead","Thread and Needle","Mango","CaptainsWheel","Unceasing Top","Prayer Wheel","Calipers","Pocketwatch","Circlet","BranchBurnRelic","Guide Book"],"acts_visited":["Exordium","TheCity","TheBeyond","TheEnding"],"potions_floor_usage":[39,45,55,55,55,55,55],"damage_taken":[{"damage":0.0,"enemies":"Small Slimes","floor":1.0,"turns":1.0},{"damage":0.0,"enemies":"Cultist","floor":4.0,"turns":1.0},{"damage":0.0,"enemies":"Gremlin Nob","floor":6.0,"turns":1.0},{"damage":0.0,"enemies":"3 Sentries","floor":11.0,"turns":1.0},{"damage":0.0,"enemies":"Jaw Worm","floor":13.0,"turns":1.0},{"damage":0.0,"enemies":"Lagavulin","floor":14.0,"turns":2.0},{"damage":0.0,"enemies":"Slime Boss","floor":16.0,"turns":2.0},{"damage":0.0,"enemies":"2 Thieves","floor":18.0,"turns":1.0},{"damage":27.0,"enemies":"Book of Stabbing","floor":23.0,"turns":3.0},{"damage":0.0,"enemies":"Gremlin Leader","floor":25.0,"turns":1.0},{"damage":0.0,"enemies":"Book of Stabbing","floor":29.0,"turns":2.0},{"damage":0.0,"enemies":"Gremlin Leader","floor":31.0,"turns":1.0},{"damage":0.0,"enemies":"Champ","floor":33.0,"turns":1.0},{"damage":0.0,"enemies":"3 Darklings","floor":35.0,"turns":1.0},{"damage":0.0,"enemies":"3 Shapes","floor":36.0,"turns":1.0},{"damage":6.0,"enemies":"Spire Growth","floor":37.0,"turns":2.0},{"damage":0,"enemies":"Orin","floor":39,"turns":5},{"damage":0,"enemies":"R_Hoarder","floor":41,"turns":1},{"damage":0,"enemies":"Reptomancer","floor":44,"turns":1},{"damage":0,"enemies":"3 Darklings","floor":45,"turns":1},{"damage":0,"enemies":"Writhing Mass","floor":46,"turns":1},{"damage":0,"enemies":"R_Hoarder","floor":47,"turns":1},{"damage":0,"enemies":"Donu and Deca","floor":50,"turns":1},{"damage":0,"enemies":"Shield and Spear","floor":54,"turns":1},{"damage":0,"enemies":"The Heart","floor":55,"turns":3}],"seed_played":"-6313593290321075761","potions_obtained":[{"floor":1.0,"key":"Fire Potion"},{"floor":1.0,"key":"SmokeBomb"},{"floor":7.0,"key":"AttackPotion"},{"floor":13.0,"key":"FocusPotion"},{"floor":13.0,"key":"SkillPotion"},{"floor":14.0,"key":"FocusPotion"},{"floor":14.0,"key":"Doom Potion"},{"floor":16.0,"key":"Energy Potion"},{"floor":16.0,"key":"SteroidPotion"},{"floor":18.0,"key":"AttackPotion"},{"floor":18.0,"key":"BlessingOfTheForge"},{"floor":25.0,"key":"Languid Potion"},{"floor":25.0,"key":"Adrenaline Potion"},{"floor":31.0,"key":"Adrenaline Potion"},{"floor":36.0,"key":"Elixir"},{"floor":37.0,"key":"LiquidBronze"},{"floor":37.0,"key":"Strength Potion"},{"floor":39,"key":"SteroidPotion"},{"floor":45,"key":"SneckoOil"}],"is_trial":false,"path_per_floor":["M","$","?","M","?","E","?","R","T","R","E","R","M","E","R","B",null,"M","$","?","T","$","E","R","E","T","$","R","E","?","E","R_BF","B",null,"M","M","M","$","?","R","E","T","T","E","M","M","E","$","R","B",null,"R","$","E","B",null],"character_chosen":"DEFECT","items_purchased":["BargainBundle","Emotion Chip","Replay:Bandana","ReplayRNGCard+1","Heatsinks","Energy Potion","Explosive Potion","Blizzard","Lee\u0027s Waffle","Oddly Smooth Stone","Pen Nib","Scrape+1","Crystallizer","Sling","Pear","Replay:Wax Seal","Compile Driver","Membership Card","Iron Hammer","Tiny Chest","Mirror Shield","DollysMirror","Bottled Lightning","Meat on the Bone","Apotheosis+1","Defragment","Panic Button+1","Orichalcum","HandDrill","Akabeko","Gambling Chip","Ancient Tea Set","Bronze Scales","Replay:Ringing Soul","ReplayTheSpireMod:TigerMarble","PreservedInsect","Molten Egg 2","Onion Ring","Durian","Omamori","Strawberry","Replay:Bottled Steam","Replay:Bottled Eggs","Symbiotic Virus","TungstenRod","Bottled Flame","Replay:Mystery Machine","Pet Ghost","Lantern","Anchor","Replay:Baseball","Singing Bowl","Potion Belt","Centennial Puzzle","Sundial","Solar Panel","Mercury Hourglass","Toy Ornithopter","Bag of Preparation","Blood Vial","Geode","Ornamental Fan","Replay:Rubber Ducky","Happy Flower","Blue Doll","Dream Catcher","ReplayTheSpireMod:Lightbulb","Vajra","MealTicket","Chameleon Ring","Carrot","Kunai","Quantum Egg","Regal Pillow","Boot","Golden Egg","Divine Protection","ReplayTheSpireMod:Ninjato","Turnip","Counterbalance","StoneCalendar","Bottled Tornado","Pondfish Scales","Torii","Replay:Bottled Flurry","Gremlin Horn","Cables","HornCleat","Ginger","Pantograph","InkBottle","Replay:Towering Pillar of Hats","Shuriken","Replay:Bottled Snecko","Question Card","Blue Candle","Incense Burner","Snack Pack","Replay:WaspNest","Darkstone Periapt","Replay:Multitool","ReplayTheSpireMod:Shallot","Mummified Hand","Replay:Accelerometer","Grinning Jar","Dead Branch","Ice Cream","Bird Faced Urn","Lizard Tail","Letter Opener","Replay:Arrowhead","Thread and Needle","Mango","CaptainsWheel","Unceasing Top","Prayer Wheel","Calipers","Pocketwatch","Circlet","Circlet","Circlet","Circlet","Circlet","Circlet","Circlet","Circlet","Circlet","Circlet","Circlet","Circlet","Circlet","Circlet","Circlet","Circlet","Circlet","Circlet","Circlet","Circlet","Circlet","Circlet","Circlet","Circlet","Circlet","Circlet","Circlet","Circlet","Circlet","Circlet","Circlet","Circlet","Circlet","Circlet","Circlet","Circlet","Circlet","Circlet","Circlet","Circlet","Circlet","Circlet","Circlet","Circlet","Circlet","Circlet","Circlet","Circlet","Circlet","Circlet","Circlet","Circlet","Circlet","Circlet","Circlet","Circlet","Circlet","Circlet","Circlet","Circlet","Circlet","Circlet","Circlet","Circlet","Circlet","Circlet","Circlet","Circlet","Circlet","Circlet","Circlet","Circlet","Circlet","Circlet","Circlet","Circlet","Circlet","Circlet","Circlet","Circlet","Circlet","Circlet","Circlet","Circlet","Circlet","Circlet","Circlet","Circlet","Circlet","Circlet","Circlet","Circlet","Circlet","Circlet","Circlet","Circlet","Circlet","Circlet","Circlet","Circlet","Circlet","Milkshake","Explosive Potion","Guide Book","Steam+1","Storm+1","Lockon+1","Sweeping Beam+1","Streamline+1","Go for the Eyes+1","Rebound+1","Blizzard+1","ReplayTheSpireMod:Reroute Power+1","Leap+1","Self Repair","Stack+1","Buffer","Defragment","Loop","Defragment","Heatsinks","ReplayTheSpireMod:GoodbyeWorld","Self Repair","ReplayTheSpireMod:GoodbyeWorld","FIFO Queue","Biased Cognition","ReplayTheSpireMod:GoodbyeWorld","Self Repair","Capacitor","Creative AI","Creative AI","ReplayTheSpireMod:GoodbyeWorld","Storm","Crystallizer","Self Repair","Electrodynamics","Creative AI","Hello World","ReplayTheSpireMod:GoodbyeWorld","Swift Potion","EssenceOfDarkness"],"campfire_rested":1,"item_purchase_floors":[2,2,2,2,2,2,2,2,19,19,19,19,19,22,22,22,22,27,27,27,27,38,38,38,38,38,38,48,48,48,48,48,48,48,48,48,48,48,48,48,48,48,48,48,48,48,48,48,48,48,48,48,48,48,48,48,48,48,48,48,48,48,48,48,48,48,48,48,48,48,48,48,48,48,48,48,48,48,48,48,48,48,48,48,48,48,48,48,48,48,48,48,48,48,48,48,48,48,48,48,48,48,48,48,48,48,48,48,48,48,48,48,48,48,48,48,48,48,48,48,48,48,48,48,48,48,48,48,48,48,48,48,48,48,48,48,48,48,48,48,48,48,48,48,48,48,48,48,48,48,48,48,48,48,48,48,48,48,48,48,48,48,48,48,48,48,48,48,48,48,48,48,48,48,48,48,48,48,48,48,48,48,48,48,48,48,48,48,48,48,48,48,48,48,48,48,48,48,48,48,48,48,48,48,48,48,48,48,48,48,48,48,48,48,48,48,48,48,48,48,48,53,53,53,53,53,53,53,53,53,53,53,53,53,53,53,53,53,53,53,53,53,53,53,53,53,53,53,53,53,53,53,53,53,53,53,53,53,53],"current_hp_per_floor":[68,68,68,68,68,68,68,68,68,68,68,68,68,68,68,68,73,73,82,82,82,92,65,65,65,65,65,92,92,76,76,76,76,88,88,88,82,82,82,82,82,82,82,82,82,82,82,111,121,121,121,124,127,129,129],"gold":9503,"neow_bonus":"THREE_ENEMY_KILL","is_daily":false,"chose_seed":false,"campfire_upgraded":7,"win_rate":0.0,"timestamp":1610707175,"path_taken":["M","$","?","?","?","E","?","R","T","R","E","R","M","E","R","BOSS","M","$","?","?","$","E","R","E","T","$","R","E","?","E","R_BF","BOSS","M","M","?","$","?","R","E","?","T","E","M","M","E","$","R","BOSS","R","$","E","BOSS"],"items_purchased_type":["Relic","Relic","Relic","Card","Card","Potion","Potion","Card","Relic","Relic","Relic","Card","Card","Relic","Relic","Relic","Card","Relic","Relic","Relic","Card","Relic","Relic","Relic","Card","Card","Card","Relic","Relic","Relic","Relic","Relic","Relic","Relic","Relic","Relic","Relic","Relic","Relic","Relic","Relic","Relic","Relic","Relic","Relic","Relic","Relic","Relic","Relic","Relic","Relic","Relic","Relic","Relic","Relic","Relic","Relic","Relic","Relic","Relic","Relic","Relic","Relic","Relic","Relic","Relic","Relic","Relic","Relic","Relic","Relic","Relic","Relic","Relic","Relic","Relic","Relic","Relic","Relic","Relic","Relic","Relic","Relic","Relic","Relic","Relic","Relic","Relic","Relic","Relic","Relic","Relic","Relic","Relic","Relic","Relic","Relic","Relic","Relic","Relic","Relic","Relic","Relic","Relic","Relic","Relic","Relic","Relic","Relic","Relic","Relic","Relic","Relic","Relic","Relic","Relic","Relic","Relic","Undefined","Undefined","Undefined","Undefined","Undefined","Undefined","Undefined","Undefined","Undefined","Undefined","Undefined","Undefined","Undefined","Undefined","Undefined","Undefined","Undefined","Undefined","Undefined","Undefined","Undefined","Undefined","Undefined","Undefined","Undefined","Undefined","Undefined","Undefined","Undefined","Undefined","Undefined","Undefined","Undefined","Undefined","Undefined","Undefined","Undefined","Undefined","Undefined","Undefined","Undefined","Undefined","Undefined","Undefined","Undefined","Undefined","Undefined","Undefined","Undefined","Undefined","Undefined","Undefined","Undefined","Undefined","Undefined","Undefined","Undefined","Undefined","Undefined","Undefined","Undefined","Undefined","Undefined","Undefined","Undefined","Undefined","Undefined","Undefined","Undefined","Undefined","Undefined","Undefined","Undefined","Undefined","Undefined","Undefined","Undefined","Undefined","Undefined","Undefined","Undefined","Undefined","Undefined","Undefined","Undefined","Undefined","Undefined","Undefined","Undefined","Undefined","Undefined","Undefined","Undefined","Undefined","Undefined","Undefined","Undefined","Undefined","Undefined","Undefined","Undefined","Potion","Potion","Relic","Card","Card","Card","Card","Card","Card","Card","Card","Card","Card","Card","Card","Card","Card","Card","Card","Card","Card","Card","Card","Card","Card","Card","Card","Card","Card","Card","Card","Card","Card","Card","Card","Card","Card","Card","Potion","Potion"],"build_version":"2020-12-22","purchased_purges":41,"victory":true,"max_hp_per_floor":[75,75,75,75,75,75,75,75,75,75,75,75,75,75,75,75,75,75,82,82,82,92,92,92,92,92,92,92,92,92,92,92,92,92,92,92,92,92,92,92,92,92,92,92,92,92,92,121,121,121,121,124,127,129,129],"card_choices":[{"not_picked":["Streamline","Loop"],"picked":"BasicCrystalCard","floor":1.0},{"not_picked":["Gash","Melter"],"picked":"Beam Cell","floor":4.0},{"not_picked":["Steam","Sweeping Beam"],"picked":"Ball Lightning","floor":6.0},{"not_picked":["ReplayTheSpireMod:Repulse","Aggregate"],"picked":"Barrage","floor":11.0},{"not_picked":["Sunder","Hologram"],"picked":"Coolheaded","floor":13.0},{"not_picked":["ReplayTheSpireMod:Repulse","Redo"],"picked":"ReplayTheSpireMod:Fabricate Wheel","floor":14.0},{"not_picked":["Hyperbeam","All For One"],"picked":"Machine Learning","floor":16.0},{"not_picked":["Scrape","Redo"],"picked":"FIFO Queue","floor":18.0},{"not_picked":["Rebound+1","Ball Lightning"],"picked":"Blizzard+1","floor":18.0},{"not_picked":["ReplayGash","Beam Cell"],"picked":"ReplaySolidLightProjector","floor":23.0},{"not_picked":["Streamline","Stack"],"picked":"Biased Cognition","floor":25.0},{"not_picked":["Barrage","Scrape"],"picked":"Panic Button","floor":29.0},{"not_picked":["Coolheaded+1","Redo"],"picked":"Genetic Algorithm+1","floor":31.0},{"not_picked":["ReplayRNGCard","Thunder Strike"],"picked":"Creative AI","floor":33.0},{"not_picked":["Voices","Delirium"],"picked":"CommonCold","floor":34.0},{"not_picked":["Replay:Sluggish","CurseOfTheBell"],"picked":"Injury","floor":34.0},{"not_picked":["ReplayTheSpireMod:Splinters","Amnesia"],"picked":"Wraith","floor":34.0},{"not_picked":["Aggregate+1","Panic Button+1"],"picked":"BasicCrystalCard+1","floor":35.0},{"not_picked":["Melter","Aggregate+1","Double Energy+1"],"picked":"SKIP","floor":35.0},{"not_picked":["Skim+1","Ball Lightning"],"picked":"ReplayTheSpireMod:Calculation Training+1","floor":36.0},{"not_picked":["ReplayTheSpireMod:System Scan+1","Turbo+1"],"picked":"Consume+1","floor":36.0},{"not_picked":["Beam Cell","Turbo+1"],"picked":"BootSequence+1","floor":37.0},{"not_picked":["Steam+1","Rebound","Sweeping Beam+1"],"picked":"SKIP","floor":37.0},{"not_picked":["Conserve Battery+1","Hologram+1"],"picked":"Meteor Strike","floor":39},{"not_picked":["Go for the Eyes+1","Cold Snap+1","Steam+1"],"picked":"SKIP","floor":41},{"not_picked":["Steam+1","Crystallizer+1"],"picked":"Steam Power+1","floor":44},{"not_picked":["Leap+1","BasicCrystalCard+1","Crystallizer"],"picked":"SKIP","floor":45},{"not_picked":["Barrage","Turbo+1","ReplayTheSpireMod:Repulse+1"],"picked":"SKIP","floor":45},{"not_picked":["Coolheaded+1","Gash"],"picked":"Compile Driver+1","floor":46},{"not_picked":["ReplayTheSpireMod:GoodbyeWorld","Redo+1"],"picked":"Self Repair+1","floor":46},{"not_picked":["ReplayTheSpireMod:System Scan+1","Ball Lightning","FTL"],"picked":"SKIP","floor":47},{"not_picked":["Barrage+1","Streamline+1","Defragment+1","Redo+1"],"picked":"Singing Bowl","floor":54}],"player_experience":128785,"relics_obtained":[{"floor":6.0,"key":"Smiling Mask"},{"floor":11.0,"key":"Bag of Marbles"},{"floor":14.0,"key":"CeramicFish"},{"floor":21.0,"key":"Mirror"},{"floor":23.0,"key":"Nunchaku"},{"floor":25.0,"key":"StrikeDummy"},{"floor":26.0,"key":"Gremlin Food"},{"floor":29.0,"key":"Whetstone"},{"floor":30.0,"key":"Nilry\u0027s Codex"},{"floor":31.0,"key":"White Beast Statue"},{"floor":39,"key":"CatCart"},{"floor":41,"key":"Juzu Bracelet"},{"floor":42,"key":"War Paint"},{"floor":43,"key":"The Courier"},{"floor":44,"key":"Eternal Feather"},{"floor":47,"key":"Replay:Kaleidoscope"},{"floor":54,"key":"Circlet"}],"event_choices":[{"damage_healed":0.0,"max_hp_gain":0.0,"max_hp_loss":0.0,"gold_gain":0.0,"event_name":"Accursed Blacksmith","player_choice":"Forge","floor":3.0,"gold_loss":0.0,"damage_taken":0.0,"cards_upgraded":["BasicCrystalCard"]},{"damage_healed":0.0,"max_hp_gain":0.0,"max_hp_loss":0.0,"gold_gain":0.0,"event_name":"World of Goop","player_choice":"Left Gold","floor":5.0,"gold_loss":24.0,"damage_taken":0.0},{"damage_healed":0.0,"max_hp_gain":0.0,"max_hp_loss":0.0,"gold_gain":0.0,"event_name":"Lab","player_choice":"Got Potions","floor":7.0,"gold_loss":0.0,"damage_taken":0.0},{"damage_healed":0.0,"max_hp_gain":0.0,"max_hp_loss":0.0,"gold_gain":0.0,"event_name":"Ghosts","player_choice":"Ignored","floor":20.0,"gold_loss":0.0,"damage_taken":0.0},{"damage_healed":0.0,"max_hp_gain":0.0,"max_hp_loss":0.0,"gold_gain":0.0,"event_name":"Cursed Tome","player_choice":"Obtained Book","floor":30.0,"gold_loss":0.0,"damage_taken":16.0},{"damage_healed":0,"gold_gain":0,"player_choice":"Fight","damage_taken":0,"max_hp_gain":0,"max_hp_loss":0,"event_name":"OrinTheCat","floor":39,"gold_loss":0}],"is_beta":false,"boss_relics":[{"not_picked":["Replay:Wanted Poster","SlaversCollar"],"picked":"Inserter"},{"not_picked":["Sozu","ReplayTheSpireMod:DimensionalGlitch"],"picked":"Replay:Ancient Bell"},{"not_picked":["Art of War","ReplayFunnel"],"picked":"DataDisk"},{"not_picked":["Garlic","Frozen Egg 2"],"picked":"Toxic Egg 2"},{"not_picked":["Replay:PocketPolymizer","FossilizedHelix"],"picked":"Du-Vu Doll"}],"items_purged_floors":[2,2,2,2,2,2,2,2,19,38,38,38,38,38,38,38,38,38,38,48,48,48,53,53,53,53,53,53,53,53,53,53,53,53,53,53,53,53,53,53,53],"is_endless":false,"potions_floor_spawned":[1,1,4,4,6,13,13,14,14,16,16,18,18,25,25,31,31,31,33,33,33,35,35,36,36,37,37,37,39,41,41,41,44,44,44,44,45,45,45,46,46,46,47,47,47,47,54,54,54,54],"ascension_level":9}}