{"host":"8fuipfsvjht9cgcs","time":1610680920,"event":{"mods":["AchievementEnabler","BaseMod","Colored Map","Colored Powertips","DeckTracker","Friendly Minions","Kiyohime£¨?ýï£©","Marisa£¨Ùöéë¡¡Øª×âÞÞ£©","Minty Spire (QoL Compilation)","Prisma Mod","Replay The Spire","StSLib","SuperFastMode","The Cursed","The Gatherer"],"gold_per_floor":[109,126,126,137,62,62,62,62,108,123,161,161,181,204,204,204,204],"floor_reached":16,"language":"KOR","playtime":555,"items_purged":["Defend_G"],"score":148,"play_id":"717e390a-2a00-4c75-bda5-97376bfaedad","local_time":"20210115162200","is_ascension_mode":true,"campfire_choices":[{"data":"Tactician","floor":6,"key":"SMITH"},{"data":"Predator","floor":8,"key":"SMITH"},{"floor":12,"key":"REST"},{"data":"Calculated Gamble","floor":15,"key":"SMITH"}],"circlet_count":0,"master_deck":["Strike_G","Strike_G+1","Strike_G","Strike_G+1","Defend_G","Defend_G","Defend_G","Defend_G","Survivor","Neutralize","Predator+1","Quick Slash","Tactician+1","Acrobatics","Leg Sweep","Setup","Calculated Gamble+1"],"relics":["Ring of the Snake","Golden Idol","Simple Rune","StrikeDummy"],"acts_visited":["Exordium"],"potions_floor_usage":[11,16],"damage_taken":[{"damage":0.0,"enemies":"2 Louse","floor":1.0,"turns":4.0},{"damage":0.0,"enemies":"Cultist","floor":2.0,"turns":3.0},{"damage":9,"enemies":"Jaw Worm","floor":4,"turns":3},{"damage":5,"enemies":"Exordium Wildlife","floor":10,"turns":4},{"damage":24,"enemies":"Gremlin Nob","floor":11,"turns":4},{"damage":0,"enemies":"Looter","floor":13,"turns":4},{"damage":12,"enemies":"Lots of Slimes","floor":14,"turns":3},{"damage":18,"enemies":"Hexaghost","floor":16,"turns":12}],"seed_played":"4060243253476025185","potions_obtained":[{"floor":4,"key":"SpeedPotion"},{"floor":10,"key":"CunningPotion"},{"floor":11,"key":"Elixir"}],"is_trial":false,"path_per_floor":["M","M","?","M","$","R","?","R","T","M","E","R","M","M","R_BF","B"],"character_chosen":"THE_SILENT","items_purchased":[],"campfire_rested":1,"item_purchase_floors":[],"current_hp_per_floor":[63,63,63,54,54,54,37,37,37,32,8,29,29,17,17,0,0],"gold":204,"neow_bonus":"REMOVE_CARD","is_daily":false,"chose_seed":false,"campfire_upgraded":3,"win_rate":0.0,"timestamp":1610680920,"path_taken":["M","M","?","M","?","R","?","R","T","M","E","R","?","M","R_BF","BOSS"],"items_purchased_type":[],"build_version":"2020-12-22","purchased_purges":1,"victory":false,"max_hp_per_floor":[70,70,70,70,70,70,70,70,70,70,70,70,70,70,70,70,70],"card_choices":[{"not_picked":["Bane","Fluid Movement"],"picked":"Predator","floor":1.0},{"not_picked":["Hidden Blade","Sucker Punch"],"picked":"Quick Slash","floor":2.0},{"not_picked":["Deflect","Slice"],"picked":"Leg Sweep","floor":4},{"not_picked":["Dagger Spray","Acrobatics"],"picked":"Setup","floor":10},{"not_picked":["Blade Dance","Slice","Setup"],"picked":"SKIP","floor":11},{"not_picked":["Predator","Leg Sweep","Underhanded Strike"],"picked":"SKIP","floor":13},{"not_picked":["Dodge and Roll","Accuracy"],"picked":"Calculated Gamble","floor":14}],"player_experience":402822,"relics_obtained":[{"floor":9,"key":"Simple Rune"},{"floor":11,"key":"StrikeDummy"}],"event_choices":[{"damage_healed":0,"gold_gain":0,"player_choice":"2 cards matched","damage_taken":0,"max_hp_gain":0,"max_hp_loss":0,"event_name":"Match and Keep!","floor":3,"gold_loss":0,"cards_obtained":["Tactician","Acrobatics"]},{"damage_healed":0,"gold_gain":0,"player_choice":"Take Damage","damage_taken":17,"relics_obtained":["Golden Idol"],"max_hp_gain":0,"max_hp_loss":0,"event_name":"Golden Idol","floor":7,"gold_loss":0}],"is_beta":false,"boss_relics":[],"items_purged_floors":[5],"is_endless":false,"potions_floor_spawned":[4,10,11],"killed_by":"Hexaghost","ascension_level":9}}