{"host":"8rqsnaeml9gxb0kp","time":1610680768,"event":{"mods":["AchievementEnabler","BaseMod","Dark Map","Minty Spire (QoL Compilation)","StSLib"],"gold_per_floor":[214,214,20,35,47,72,87,87,160,171,203,223,223,253,253,348,348,367,282,282,295,43,75,75,75,75],"floor_reached":25,"language":"ENG","playtime":1262,"items_purged":["Strike_R","Strike_R"],"score":277,"play_id":"f2f90f4e-4d64-433e-9bad-751ae9cca230","local_time":"20210114191928","is_ascension_mode":true,"campfire_choices":[{"data":"Rupture","floor":8,"key":"SMITH"},{"floor":13,"key":"REST"},{"data":"Combust","floor":15,"key":"SMITH"},{"floor":24,"key":"REST"}],"circlet_count":0,"master_deck":["Strike_R","Strike_R","Strike_R+1","Defend_R","Defend_R","Defend_R+1","Defend_R","Bash","Combust+1","Rupture+1","Thunderclap","Shrug It Off","Armaments","Carnage","Battle Trance","Body Slam","Ghostly Armor","Combust","Bloodletting"],"relics":["Burning Blood","Calipers","Matryoshka","Regal Pillow","Boot","Black Star","Tiny Chest","Vajra","Bottled Lightning","Juzu Bracelet"],"acts_visited":["Exordium","TheCity"],"potions_floor_usage":[10,14,23,23,25],"damage_taken":[{"damage":3,"enemies":"Jaw Worm","floor":1,"turns":5},{"damage":7,"enemies":"2 Louse","floor":4,"turns":3},{"damage":7,"enemies":"Cultist","floor":5,"turns":4},{"damage":27,"enemies":"Lagavulin","floor":6,"turns":7},{"damage":7,"enemies":"Red Slaver","floor":7,"turns":4},{"damage":17,"enemies":"2 Fungi Beasts","floor":10,"turns":3},{"damage":14,"enemies":"3 Sentries","floor":11,"turns":5},{"damage":3,"enemies":"Blue Slaver","floor":12,"turns":5},{"damage":22,"enemies":"Gremlin Nob","floor":14,"turns":5},{"damage":16,"enemies":"Slime Boss","floor":16,"turns":9},{"damage":32,"enemies":"3 Byrds","floor":18,"turns":4},{"damage":33,"enemies":"2 Thieves","floor":21,"turns":4},{"damage":33,"enemies":"Slavers","floor":23,"turns":5},{"damage":72,"enemies":"Gremlin Leader","floor":25,"turns":4}],"seed_played":"-2878938723366456847","potions_obtained":[{"floor":1,"key":"BloodPotion"},{"floor":5,"key":"GamblersBrew"},{"floor":10,"key":"Block Potion"},{"floor":18,"key":"DuplicationPotion"},{"floor":21,"key":"EssenceOfSteel"}],"is_trial":false,"path_per_floor":["M","?","$","M","M","E","M","R","T","M","E","M","R","E","R","B",null,"M","?","?","M","$","E","R","E"],"character_chosen":"IRONCLAD","items_purchased":["Rupture","Thunderclap","Vajra"],"campfire_rested":2,"item_purchase_floors":[3,3,22],"current_hp_per_floor":[80,64,64,63,62,41,40,40,40,45,37,40,79,63,63,53,80,54,54,80,53,53,26,65,0,0],"gold":75,"neow_bonus":"HUNDRED_GOLD","is_daily":false,"chose_seed":false,"campfire_upgraded":2,"win_rate":0.0,"timestamp":1610680768,"path_taken":["M","?","$","M","M","E","M","R","T","M","E","M","R","E","R","BOSS","M","?","?","M","$","E","R","E"],"items_purchased_type":["Card","Card","Relic"],"build_version":"2020-12-22","purchased_purges":2,"victory":false,"max_hp_per_floor":[80,80,80,80,80,80,80,80,80,80,80,80,80,80,80,80,80,80,80,80,80,80,80,80,80,80],"card_choices":[{"not_picked":["Iron Wave","Sentinel"],"picked":"Combust","floor":1},{"not_picked":["Thunderclap","Pommel Strike"],"picked":"Shrug It Off","floor":4},{"not_picked":["Anger","Body Slam"],"picked":"Second Wind","floor":5},{"not_picked":["Havoc","Dropkick"],"picked":"Armaments","floor":6},{"not_picked":["Dropkick","Searing Blow"],"picked":"Carnage","floor":7},{"not_picked":["Iron Wave","Pommel Strike"],"picked":"Battle Trance","floor":10},{"not_picked":["Ghostly Armor","Headbutt","Carnage"],"picked":"SKIP","floor":11},{"not_picked":["Dropkick","Iron Wave"],"picked":"Body Slam","floor":12},{"not_picked":["Reckless Charge","True Grit"],"picked":"Ghostly Armor","floor":14},{"not_picked":["Twin Strike+1","Iron Wave+1"],"picked":"Combust","floor":18},{"not_picked":["Clothesline","Heavy Blade+1","Cleave"],"picked":"SKIP","floor":21},{"not_picked":["Sentinel+1","Clash+1"],"picked":"Bloodletting","floor":23}],"player_experience":72825,"relics_obtained":[{"floor":6,"key":"Calipers"},{"floor":9,"key":"Matryoshka"},{"floor":11,"key":"Regal Pillow"},{"floor":14,"key":"Boot"},{"floor":23,"key":"Bottled Lightning"},{"floor":23,"key":"Juzu Bracelet"}],"event_choices":[{"damage_healed":0,"gold_gain":0,"player_choice":"Entered Light","damage_taken":16,"max_hp_gain":0,"max_hp_loss":0,"event_name":"Shining Light","floor":2,"gold_loss":0,"cards_upgraded":["Defend_R","Strike_R"]},{"damage_healed":0,"gold_gain":0,"player_choice":"Obtained Relic","damage_taken":0,"relics_obtained":["Tiny Chest"],"max_hp_gain":0,"max_hp_loss":0,"event_name":"Addict","floor":19,"gold_loss":85},{"cards_removed":["Second Wind"],"damage_healed":26,"gold_gain":0,"player_choice":"Offered Uncommon","damage_taken":0,"max_hp_gain":0,"max_hp_loss":0,"event_name":"Bonfire Elementals","floor":20,"gold_loss":0}],"is_beta":false,"boss_relics":[{"not_picked":["Cursed Key","Ectoplasm"],"picked":"Black Star"}],"items_purged_floors":[3,22],"is_endless":false,"potions_floor_spawned":[1,5,10,18,21],"killed_by":"Gremlin Leader","ascension_level":3}}