{"host":"3kvzrqphghcx5kvo","time":1610695273,"event":{"mods":["AchievementEnabler","BaseMod","Colored Map","Colored Powertips","Downfall","GifTheSpireLib","Minty Spire (QoL Compilation)","Quick Restart","Rare Cards Sparkle","Relic Stats","StSLib","Unceasing Turn Reminder","everything is the same but u backflip on backflip"],"gold_per_floor":[99,112,129,129,146,156,183,183,183,195,195,227,227,246,261,364,364,364,378,394,143,162,162,187,205,205,305,305,305,305],"floor_reached":28,"language":"ENG","playtime":3527,"items_purged":[],"score":255,"play_id":"a46a276f-01b6-4cd2-9c38-3053a22df631","local_time":"20210114232113","is_ascension_mode":true,"campfire_choices":[{"data":"hexamod:Sear","floor":1.0,"key":"SMITH"},{"floor":11.0,"key":"REST"},{"floor":13.0,"key":"REST"},{"data":"hexamod:ThermalTransfer","floor":18.0,"key":"SMITH"},{"floor":23,"key":"REST"}],"circlet_count":0,"master_deck":["hexamod:Defend","hexamod:Defend","hexamod:Sear+1","hexamod:Float","hexamod:InspiringFlames","hexamod:FastForward","hexamod:ThermalTransfer+1","hexamod:TurnItUp","hexamod:HexaLevel","hexamod:CrushingStance","hexamod:GhostLash+1","hexamod:VolcanoVisage+1","hexamod:TimeOfNeed+1","hexamod:GhostShield","hexamod:HeatCrush","hexamod:ExtraCrispy","hexamod:SoulSteal+1"],"relics":["Runic Dome","Smiling Mask","Art of War","Astrolabe","Medical Kit","Vajra"],"acts_visited":["Exordium","TheCity"],"potions_floor_usage":[20,25],"damage_taken":[{"damage":12.0,"enemies":"Jaw Worm","floor":2.0,"turns":3.0},{"damage":1.0,"enemies":"Cultist","floor":3.0,"turns":4.0},{"damage":0.0,"enemies":"Small Slimes","floor":5.0,"turns":3.0},{"damage":23.0,"enemies":"Exordium Thugs","floor":6.0,"turns":4.0},{"damage":4.0,"enemies":"2 Fungi Beasts","floor":10.0,"turns":4.0},{"damage":30.0,"enemies":"Gremlin Nob","floor":12.0,"turns":4.0},{"damage":12.0,"enemies":"Gremlin Gang","floor":14.0,"turns":4.0},{"damage":6.0,"enemies":"2 Fungi Beasts","floor":15.0,"turns":3.0},{"damage":20.0,"enemies":"downfall:Ironclad","floor":16.0,"turns":6.0},{"damage":24.0,"enemies":"Spheric Guardian","floor":19.0,"turns":4.0},{"damage":23,"enemies":"3 Byrds","floor":20,"turns":5},{"damage":0,"enemies":"downfall:FleeingMerchant","floor":21,"turns":4},{"damage":21,"enemies":"Cultist and Chosen","floor":22,"turns":5},{"damage":14,"enemies":"Snecko","floor":25,"turns":4},{"damage":20,"enemies":"Snake Plant","floor":28,"turns":2}],"seed_played":"-8083018423953853839","potions_obtained":[{"floor":2.0,"key":"ColorlessPotion"},{"floor":3.0,"key":"PowerPotion"},{"floor":6.0,"key":"Energy Potion"},{"floor":14.0,"key":"Weak Potion"},{"floor":16.0,"key":"Swift Potion"},{"floor":22,"key":"FearPotion"},{"floor":25,"key":"Fruit Juice"}],"is_trial":false,"path_per_floor":["R","M","M","?","M","M","T","?","?","M","R","E","R","M","M","B",null,"R","M","M","$","M","R","T","M","?","?","M"],"character_chosen":"THE_SPIRIT","items_purchased":["hexamod:ExtraCrispy","Medical Kit"],"campfire_rested":3,"item_purchase_floors":[21,21],"current_hp_per_floor":[70,58,57,57,57,34,34,34,34,30,51,21,42,30,24,4,70,70,46,23,23,2,23,23,14,14,14,0,0,0],"gold":305,"neow_bonus":"BOSS_RELIC","is_daily":false,"chose_seed":false,"campfire_upgraded":2,"win_rate":0.0,"timestamp":1610695273,"path_taken":["R","M","M","?","?","M","T","?","?","M","R","E","R","?","M","BOSS","R","M","M","$","M","R","T","M","?","?","M"],"items_purchased_type":["Card","Relic"],"build_version":"2020-12-22","purchased_purges":0,"victory":false,"max_hp_per_floor":[70,70,70,70,70,70,70,70,70,70,70,70,70,70,70,70,70,70,70,70,70,70,70,70,75,75,75,75,75,75],"relic_stats":{"counters":[15,59],"Astrolabe":["hexamod:GhostLash","hexamod:VolcanoVisage","hexamod:TimeOfNeed"],"Art of War":[4],"Smiling Mask":0,"Medical Kit":[0],"obtain_stats":[{"Runic Dome":0,"Astrolabe":17,"Vajra":24,"Art of War":12,"Smiling Mask":7,"Medical Kit":21,"hexamod:SpiritBrand":0},{"Runic Dome":0,"Astrolabe":9,"Vajra":13,"Art of War":6,"Smiling Mask":4,"Medical Kit":12,"hexamod:SpiritBrand":0},{"Runic Dome":0,"Astrolabe":35,"Vajra":53,"Art of War":22,"Smiling Mask":14,"Medical Kit":48,"hexamod:SpiritBrand":0}]},"card_choices":[{"not_picked":["hexamod:SpectralAdrenaline","hexamod:SwordOfDarkness"],"picked":"hexamod:ThirdSeal","floor":2.0},{"not_picked":["hexamod:SkipABeat","hexamod:SpectersWail"],"picked":"hexamod:InspiringFlames","floor":3.0},{"not_picked":["hexamod:Firestarter","hexamod:Hexaguard","hexamod:SwordOfDarkness"],"picked":"SKIP","floor":3.0},{"not_picked":["hexamod:SpectersWail","hexamod:GhostShield"],"picked":"hexamod:FastForward","floor":5.0},{"not_picked":["hexamod:SpectralAdrenaline","hexamod:HeatMetal"],"picked":"hexamod:ThermalTransfer","floor":6.0},{"not_picked":["hexamod:DynamicBlow","hexamod:SkipABeat","hexamod:Firestarter"],"picked":"SKIP","floor":10.0},{"not_picked":["hexamod:HauntingEcho","hexamod:SwordOfDarkness","hexamod:BurningTouch"],"picked":"SKIP","floor":10.0},{"not_picked":["hexamod:Rewind","hexamod:SwordOfDarkness"],"picked":"hexamod:TurnItUp","floor":12.0},{"not_picked":["hexamod:HeatMetal","hexamod:ChargedBarrage","hexamod:DynamicBlow"],"picked":"SKIP","floor":12.0},{"not_picked":["hexamod:GhostOfSpirePast","hexamod:ChargedBarrage","hexamod:FlamesFromBeyond"],"picked":"SKIP","floor":14.0},{"not_picked":["hexamod:FirstSeal","hexamod:SpectralSpark","hexamod:FourthSeal"],"picked":"SKIP","floor":14.0},{"not_picked":["hexamod:GhostShield","hexamod:InspiringFlames","hexamod:SpectersWail"],"picked":"SKIP","floor":15.0},{"not_picked":["hexamod:Firestarter","hexamod:GhostLash","hexamod:RetreatToShadows"],"picked":"SKIP","floor":15.0},{"not_picked":["hexamod:GhostflameInferno","hexamod:ApocalypseNow"],"picked":"hexamod:HexaLevel","floor":16.0},{"not_picked":["hexamod:UnleashSpirits","hexamod:TurnItUp"],"picked":"hexamod:CrushingStance","floor":16.0},{"not_picked":["hexamod:FourthSeal","hexamod:GhostLash"],"picked":"hexamod:GhostShield","floor":19.0},{"not_picked":["hexamod:BacktrackSmack","hexamod:Firestarter","hexamod:NightmareGuise"],"picked":"SKIP","floor":20},{"not_picked":["hexamod:GhostflameInferno","hexamod:Hexaguard"],"picked":"hexamod:HeatCrush","floor":21},{"not_picked":["hexamod:PhantomFireball","hexamod:EmpoweredFlame","hexamod:BacktrackSmack"],"picked":"SKIP","floor":22},{"not_picked":["hexamod:AdvancingGuard","hexamod:BurningTouch"],"picked":"hexamod:SoulSteal+1","floor":25}],"player_experience":1260538,"relics_obtained":[{"floor":7.0,"key":"Smiling Mask"},{"floor":12.0,"key":"Art of War"},{"floor":24,"key":"Vajra"}],"event_choices":[{"cards_removed":["hexamod:Defend"],"damage_healed":0.0,"max_hp_gain":0.0,"max_hp_loss":0.0,"gold_gain":0.0,"event_name":"Bonfire Elementals","player_choice":"Offered Basic","floor":4.0,"gold_loss":0.0,"damage_taken":0.0},{"cards_removed":["hexamod:Defend"],"damage_healed":0.0,"max_hp_gain":0.0,"max_hp_loss":0.0,"gold_gain":0.0,"event_name":"The Cleric","player_choice":"Card Removal","floor":8.0,"gold_loss":0.0,"damage_taken":0.0},{"cards_removed":["hexamod:Strike"],"damage_healed":0.0,"max_hp_gain":0.0,"max_hp_loss":0.0,"gold_gain":0.0,"event_name":"Purifier","player_choice":"Purged","floor":9.0,"gold_loss":0.0,"damage_taken":0.0},{"cards_removed":["hexamod:Strike"],"damage_healed":0,"gold_gain":0,"player_choice":"Elegance","damage_taken":0,"max_hp_gain":0,"max_hp_loss":0,"event_name":"Back to Basics","floor":26,"gold_loss":0}],"is_beta":false,"boss_relics":[{"not_picked":["Black Star","Fusion Hammer"],"picked":"Astrolabe"}],"items_purged_floors":[],"is_endless":false,"potions_floor_spawned":[2,3,6,14,16,22,25],"killed_by":"Snake Plant","ascension_level":3}}