{"host":"v1m5rkjj38qutr02","time":1610680018,"event":{"mods":["Act Like it!","BaseMod","Challenge The Spire","Conspire","Gensokyo","GungeonMod","Hallownest","Minty Spire (QoL Compilation)","Replay The Spire","StSLib","The Bug Knight","Youmu£®ªÍ∆«—˝√Œ£©"],"gold_per_floor":[117,148,165,213,91,91,117,139,139,139,139],"floor_reached":10,"language":"ZHS","playtime":181,"items_purged":[],"score":134,"play_id":"efc2d3db-ffcd-4fd6-968f-1a96996e6d2c","local_time":"20210115110658","is_ascension_mode":true,"campfire_choices":[{"data":"Defragment","floor":6.0,"key":"SMITH"}],"circlet_count":0,"master_deck":["AscendersBane","Strike_B","Strike_B","Strike_B","Strike_B","Defend_B","Defend_B","Defend_B","Defend_B","Zap","Dualcast","Defragment+1","Conserve Battery","Hologram","Storm"],"relics":["Cracked Core","NeowsBlessing","Ice Cream","Lantern","Geode","Odd Mushroom","Oddly Smooth Stone"],"acts_visited":["Exordium"],"potions_floor_usage":[8],"damage_taken":[{"damage":0.0,"enemies":"2 Louse","floor":1.0,"turns":1.0},{"damage":0.0,"enemies":"Cultist","floor":3.0,"turns":1.0},{"damage":0.0,"enemies":"Lagavulin","floor":7.0,"turns":1.0},{"damage":7,"enemies":"The Mushroom Lair","floor":8,"turns":4},{"damage":16,"enemies":"3 Sentries","floor":10,"turns":4}],"seed_played":"7202320113454913064","potions_obtained":[{"floor":3.0,"key":"Dexterity Potion"}],"is_trial":false,"path_per_floor":["M","?","M","T","$","R","E","?","T","E"],"character_chosen":"DEFECT","items_purchased":["Defragment","Conserve Battery"],"campfire_rested":0,"item_purchase_floors":[5,5],"current_hp_per_floor":[68,68,68,68,68,68,68,61,61,45,45],"gold":139,"neow_bonus":"THREE_ENEMY_KILL","is_daily":false,"chose_seed":false,"campfire_upgraded":1,"win_rate":0.0,"timestamp":1610680018,"path_taken":["M","?","?","?","$","R","E","?","T","E"],"items_purchased_type":["Card","Card"],"build_version":"2020-12-22","purchased_purges":0,"victory":false,"max_hp_per_floor":[75,75,75,75,75,75,75,75,75,75,75],"card_choices":[{"not_picked":["Redo","Genetic Algorithm","Rebound"],"picked":"SKIP","floor":1.0},{"not_picked":["Go for the Eyes","Stack","Multi-Cast"],"picked":"SKIP","floor":3.0},{"not_picked":["Ball Lightning","Sweeping Beam"],"picked":"Hologram","floor":7.0},{"not_picked":["Glacier","Scrape"],"picked":"Storm","floor":8}],"player_experience":408597,"relics_obtained":[{"floor":2.0,"key":"Ice Cream"},{"floor":4.0,"key":"Lantern"},{"floor":7.0,"key":"Geode"},{"floor":8,"key":"Odd Mushroom"},{"floor":9,"key":"Oddly Smooth Stone"}],"event_choices":[{"damage_healed":0,"gold_gain":0,"player_choice":"Fought Mushrooms","damage_taken":0,"max_hp_gain":0,"max_hp_loss":0,"event_name":"Mushrooms","floor":8,"gold_loss":0}],"is_beta":false,"boss_relics":[],"items_purged_floors":[],"is_endless":false,"potions_floor_spawned":[3],"killed_by":"3 Sentries","ascension_level":10}}