{"host":"Angela","time":1610716618,"event":{"mods":["2.2 Compatiblity","Act Like it!","Aspiration","BaseMod","Better Third Choice","Colored Map","Conspire","DeckTracker","Downfall","Friendly Minions","Halation","Hubris","Infinite Spire","Mimic Mod","Minty Spire (QoL Compilation)","Relic Stats","Replay The Spire","Shop Mod","Spikes Relics","StSLib","vexMod"],"gold_per_floor":[99,116,116,151,168,168,199,174,174,204,215,232,243,342,355,458,458,458,478,491,491,501,515,569,569,587,599,611,611,611,631,642,642,642],"floor_reached":33,"language":"ENG","playtime":3261,"items_purged":[],"score":330,"play_id":"843db81a-2079-4ccb-b9be-ed807d0b140c","local_time":"20210115101658","is_ascension_mode":false,"campfire_choices":[{"data":"sneckomod:SnekBite","floor":1,"key":"SMITH"},{"data":"sneckomod:QuickBite","floor":9,"key":"SMITH"},{"data":"sneckomod:UnknownStrike","floor":18,"key":"SMITH"},{"floor":30,"key":"REST"}],"circlet_count":0,"master_deck":["sneckomod:Strike","sneckomod:Strike","sneckomod:Strike","sneckomod:Defend","sneckomod:Defend","sneckomod:Defend","sneckomod:TailWhip","sneckomod:SnekBite+1","sneckomod:Unknown","sneckomod:Unknown","sneckomod:UnknownClassINFINITE_BLACK","sneckomod:UnknownStrike+1","sneckomod:QuickBite+1","Writhe","sneckomod:Unknown0Cost","sneckomod:SerpentIdol","sneckomod:QuickMove","sneckomod:UnknownCommonAttack","sneckomod:MorePower","ReplayTheSpireMod:Splinters","sneckomod:Unknown1Cost","sneckomod:SlitherStrike","sneckomod:UnknownStrength+1","sneckomod:UnknownClassGUARDIAN","Seek","sneckomod:Unknown0Cost+1","sneckomod:UnknownRareSkill+1","sneckomod:WideSting+1","sneckomod:UnknownColorless+1","sneckomod:DiceCrush","sneckomod:SoulExchange","sneckomod:UnknownRareAttack+1","sneckomod:Restock","sneckomod:UnknownColorless+1","sneckomod:DefensiveFlair+1","sneckomod:UnknownBlock+1","sneckomod:DiceBlock","sneckomod:IronFang","sneckomod:UnknownUncommonPower+1","sneckomod:UnknownExhaust+1"],"relics":["sneckomod:SneckoSoul","halation:EternalFortune","conspire:TopHat","m_SnakeBloodCore","vexMod:BarristanHead","hubris:TerracottaHorce","Nloth\u0027s Gift","downfall:RedIOU"],"acts_visited":["Exordium","TheCity"],"potions_floor_usage":[16,19,20,20,22,26,28,32,33,33],"damage_taken":[{"damage":3,"enemies":"Small Slimes","floor":2,"turns":2},{"damage":1,"enemies":"Jaw Worm","floor":4,"turns":5},{"damage":3,"enemies":"Jaw Worm","floor":5,"turns":3},{"damage":4,"enemies":"Cultist","floor":7,"turns":5},{"damage":26,"enemies":"Lagavulin","floor":10,"turns":6},{"damage":0,"enemies":"Cultist","floor":11,"turns":2},{"damage":0,"enemies":"Exordium Thugs","floor":12,"turns":4},{"damage":9,"enemies":"3 Louse","floor":13,"turns":3},{"damage":7,"enemies":"Blue Slaver","floor":15,"turns":3},{"damage":26,"enemies":"downfall:Silent","floor":16,"turns":6},{"damage":15,"enemies":"conspire:FuzzyDice","floor":19,"turns":5},{"damage":0,"enemies":"Shell Parasite","floor":20,"turns":4},{"damage":52,"enemies":"Cultist and Chosen","floor":22,"turns":5},{"damage":18,"enemies":"Snecko","floor":23,"turns":6},{"damage":40,"enemies":"Centurion and Healer","floor":26,"turns":5},{"damage":0,"enemies":"Shelled Parasite and Fungi","floor":27,"turns":3},{"damage":23,"enemies":"Snecko","floor":28,"turns":5},{"damage":0,"enemies":"Snake Plant","floor":31,"turns":4},{"damage":41,"enemies":"conspire:HollyBat","floor":32,"turns":9},{"damage":43,"enemies":"downfall:Defect","floor":33,"turns":3}],"seed_played":"1215319587505921361","potions_obtained":[{"floor":10,"key":"Elixir"},{"floor":13,"key":"Strength Potion"},{"floor":15,"key":"sneckomod:MuddlingPotion"},{"floor":16,"key":"Dexterity Potion"},{"floor":19,"key":"SkillPotion"},{"floor":23,"key":"Explosive Potion"},{"floor":27,"key":"LiquidMemories"},{"floor":28,"key":"champ:CounterPotion"},{"floor":32,"key":"Ancient Potion"}],"is_trial":false,"path_per_floor":["R","M","?","MIM","M","?","MIM","?","R","E","M","M","M","?","M","B",null,"R_BF","M","M","?","M","M","T","?","M","M","M","?","R","M","M","B"],"character_chosen":"THE_SNECKO","items_purchased":[],"campfire_rested":1,"item_purchase_floors":[],"current_hp_per_floor":[99,97,100,100,97,97,97,97,97,74,77,81,75,76,74,57,97,97,91,108,108,74,60,60,60,29,32,19,19,55,68,33,0,0],"gold":642,"neow_bonus":"TEN_PERCENT_HP_BONUS","is_daily":false,"chose_seed":false,"campfire_upgraded":3,"win_rate":0.0,"timestamp":1610716618,"path_taken":["R","M","?","?","?","?","MIM","?","R","E","M","M","M","?","M","BOSS","R_BF","M","M","?","?","M","T","?","M","?","M","?","R","M","M","BOSS"],"items_purchased_type":[],"build_version":"2020-12-18","purchased_purges":0,"victory":false,"max_hp_per_floor":[99,100,103,104,104,104,105,105,105,105,105,106,106,107,109,110,110,110,111,115,115,119,120,120,120,121,121,121,121,121,121,124,124,124],"relic_stats":{"counters":[20,88],"Nloth\u0027s Gift":0,"obtain_stats":[{"vexMod:BarristanHead":14,"m_SnakeBloodCore":6,"Bronze Scales":7,"halation:EternalFortune":3,"downfall:RedIOU":29,"Nloth\u0027s Gift":25,"sneckomod:SneckoSoul":0,"conspire:TopHat":4,"Toy Ornithopter":10,"hubris:TerracottaHorce":17},{"vexMod:BarristanHead":8,"m_SnakeBloodCore":3,"Bronze Scales":4,"halation:EternalFortune":1,"downfall:RedIOU":17,"Nloth\u0027s Gift":14,"sneckomod:SneckoSoul":0,"conspire:TopHat":2,"Toy Ornithopter":5,"hubris:TerracottaHorce":10},{"vexMod:BarristanHead":30,"m_SnakeBloodCore":10,"Bronze Scales":15,"halation:EternalFortune":2,"downfall:RedIOU":72,"Nloth\u0027s Gift":59,"sneckomod:SneckoSoul":0,"conspire:TopHat":7,"Toy Ornithopter":21,"hubris:TerracottaHorce":39}]},"card_choices":[{"not_picked":["sneckomod:UnknownX","sneckomod:SoulCleanse"],"picked":"sneckomod:UnknownClassINFINITE_BLACK","floor":2},{"not_picked":["sneckomod:DiceBlock","sneckomod:UnknownVulnerable"],"picked":"sneckomod:UnknownStrike","floor":4},{"not_picked":["sneckomod:UnknownClassBLUE","sneckomod:UnknownStrike"],"picked":"sneckomod:QuickBite","floor":5},{"not_picked":["sneckomod:SerpentIdol","sneckomod:QuickBite"],"picked":"sneckomod:Unknown0Cost","floor":7},{"not_picked":["sneckomod:UnknownX","sneckomod:UnknownClassGREEN"],"picked":"sneckomod:SerpentIdol","floor":10},{"not_picked":["ReplayTheSpireMod:GoodbyeWorld","sneckomod:SoulDraw"],"picked":"sneckomod:QuickMove","floor":11},{"not_picked":["sneckomod:QuickMove","sneckomod:Nope"],"picked":"sneckomod:UnknownCommonAttack","floor":12},{"not_picked":["sneckomod:DiceCrush","sneckomod:UnknownStrike"],"picked":"sneckomod:MorePower","floor":13},{"not_picked":["ReplayTheSpireMod:GoodbyeWorld","Dagger Throw"],"picked":"sneckomod:Unknown1Cost","floor":14},{"not_picked":["sneckomod:IronFang","sneckomod:UnknownClassTHE_CHAMP_GRAY"],"picked":"sneckomod:SlitherStrike","floor":14},{"not_picked":["sneckomod:UnknownClassGUARDIAN+1","sneckomod:Unknown+1"],"picked":"sneckomod:UnknownStrength+1","floor":15},{"not_picked":["sneckomod:QuickBite","Hello World"],"picked":"sneckomod:UnknownClassGUARDIAN","floor":15},{"not_picked":["Night Terror","sneckomod:Mudshield"],"picked":"Seek","floor":16},{"not_picked":["sneckomod:UnknownClassTHE_CHAMP_GRAY+1","sneckomod:UnknownVulnerable+1"],"picked":"sneckomod:Unknown0Cost+1","floor":16},{"not_picked":["sneckomod:UnknownVulnerable+1","sneckomod:UnknownX+1"],"picked":"sneckomod:UnknownRareSkill+1","floor":19},{"not_picked":["sneckomod:SoulRoll","sneckomod:TrashToTreasure"],"picked":"sneckomod:WideSting+1","floor":19},{"not_picked":["sneckomod:UnknownClassTHE_CHAMP_GRAY+1","sneckomod:Unknown2Cost+1"],"picked":"sneckomod:UnknownColorless+1","floor":20},{"not_picked":["sneckomod:SoulRoll","sneckomod:WideSting"],"picked":"sneckomod:DiceCrush","floor":20},{"not_picked":["sneckomod:UnknownClassPURPLE+1","sneckomod:UnknownClassBLUE+1"],"picked":"sneckomod:UnknownRareAttack+1","floor":22},{"not_picked":["sneckomod:ImprovisedAttack","sneckomod:Unknown1Cost+1"],"picked":"sneckomod:Restock","floor":22},{"not_picked":["sneckomod:UnknownVulnerable+1","sneckomod:UnknownUncommonSkill+1"],"picked":"sneckomod:UnknownColorless+1","floor":23},{"not_picked":["sneckomod:UnknownCommonSkill","sneckomod:QuickMove"],"picked":"sneckomod:DefensiveFlair+1","floor":23},{"not_picked":["sneckomod:SoulDraw","sneckomod:UnknownUncommonSkill"],"picked":"sneckomod:UnknownBlock+1","floor":26},{"not_picked":["sneckomod:CheapStock","sneckomod:SnekBeam"],"picked":"sneckomod:DiceBlock","floor":27},{"not_picked":["sneckomod:QuickBite","sneckomod:DefensiveFlair"],"picked":"sneckomod:IronFang","floor":28},{"not_picked":["sneckomod:SoulRoll","sneckomod:UnknownClassPURPLE","sneckomod:WideSting+1"],"picked":"SKIP","floor":31},{"not_picked":["sneckomod:UnknownEthereal+1","Replay:UnknownCurse"],"picked":"sneckomod:UnknownUncommonPower+1","floor":32},{"not_picked":["sneckomod:DiceBlock","sneckomod:UnknownUncommonSkill"],"picked":"sneckomod:UnknownExhaust+1","floor":32}],"player_experience":80307,"relics_obtained":[{"floor":4,"key":"conspire:TopHat"},{"floor":7,"key":"Bronze Scales"},{"floor":10,"key":"Toy Ornithopter"},{"floor":14,"key":"vexMod:BarristanHead"},{"floor":20,"key":"halation:EternalFortune"},{"floor":22,"key":"halation:EternalFortune"}],"event_choices":[],"is_beta":true,"boss_relics":[{"not_picked":["Painkiller Herb","vexMod:NewClearReactor"],"picked":"hubris:TerracottaHorce"}],"items_purged_floors":[],"is_endless":false,"potions_floor_spawned":[10,13,15,16,19,23,27,28,32],"killed_by":"downfall:Defect","ascension_level":0}}