{"host":"0xtpc43j5kblke7u","time":1610685073,"event":{"mods":["AchievementEnabler","BaseMod","Colored Map","Highlight Path","Minty Spire (QoL Compilation)"],"gold_per_floor":[112,112,126,73,23,54,54,85,111,138,138,149,168,9,9,9,9],"floor_reached":16,"language":"ENG","playtime":791,"items_purged":["Strike_R"],"score":177,"play_id":"c550243a-adda-4622-acfa-d571ade3588a","local_time":"20210114233113","is_ascension_mode":true,"campfire_choices":[{"floor":7.0,"key":"REST"},{"data":"Bash","floor":15.0,"key":"SMITH"}],"circlet_count":0,"master_deck":["AscendersBane","Strike_R","Strike_R","Strike_R","Defend_R","Defend_R","Defend_R","Defend_R","Bash+1","Blind+1","Pommel Strike","Shrug It Off","Shrug It Off","Feed","Headbutt","Exhume","Dark Shackles"],"relics":["Burning Blood","Bronze Scales","CaptainsWheel","Centennial Puzzle","Ancient Tea Set","Bag of Preparation"],"acts_visited":["Exordium"],"potions_floor_usage":[16],"damage_taken":[{"damage":4.0,"enemies":"Small Slimes","floor":1.0,"turns":4.0},{"damage":0.0,"enemies":"Cultist","floor":3.0,"turns":3.0},{"damage":51.0,"enemies":"Lagavulin","floor":6.0,"turns":7.0},{"damage":23.0,"enemies":"3 Sentries","floor":8.0,"turns":10.0},{"damage":24.0,"enemies":"Gremlin Nob","floor":10.0,"turns":5.0},{"damage":0.0,"enemies":"Jaw Worm","floor":12.0,"turns":4.0},{"damage":1.0,"enemies":"Blue Slaver","floor":13.0,"turns":2.0},{"damage":48,"enemies":"Slime Boss","floor":16,"turns":7}],"seed_played":"5804454536156923056","potions_obtained":[{"floor":3.0,"key":"PowerPotion"},{"floor":10.0,"key":"FearPotion"},{"floor":12.0,"key":"SteroidPotion"}],"is_trial":false,"path_per_floor":["M","?","M","$","?","E","R","E","T","E","T","M","M","$","R","B"],"character_chosen":"IRONCLAD","items_purchased":["Shrug It Off","Dark Shackles"],"campfire_rested":1,"item_purchase_floors":[4,14],"current_hp_per_floor":[74,74,80,80,80,35,59,42,42,24,24,33,41,41,41,0,0],"gold":9,"neow_bonus":"RANDOM_COLORLESS","is_daily":false,"chose_seed":false,"campfire_upgraded":1,"win_rate":0.0,"timestamp":1610685073,"path_taken":["M","?","?","?","?","E","R","E","T","E","?","M","M","?","R","BOSS"],"items_purchased_type":["Card","Card"],"build_version":"2020-12-22","purchased_purges":1,"victory":false,"max_hp_per_floor":[80,80,80,80,80,80,80,80,80,80,80,83,86,86,86,86,86],"card_choices":[{"not_picked":["Madness","Good Instincts"],"picked":"Blind","floor":0.0},{"not_picked":["Reckless Charge","Intimidate","Blood for Blood"],"picked":"SKIP","floor":1.0},{"not_picked":["Havoc","Dual Wield"],"picked":"Pommel Strike","floor":3.0},{"not_picked":["Power Through","Flex"],"picked":"Shrug It Off","floor":6.0},{"not_picked":["Sword Boomerang","Headbutt"],"picked":"Feed","floor":8.0},{"not_picked":["Iron Wave","Rupture"],"picked":"Headbutt","floor":10.0},{"not_picked":["Sentinel","Clothesline","Iron Wave"],"picked":"SKIP","floor":12.0},{"not_picked":["Hemokinesis","Infernal Blade"],"picked":"Exhume","floor":13.0}],"player_experience":632688,"relics_obtained":[{"floor":6.0,"key":"Bronze Scales"},{"floor":8.0,"key":"CaptainsWheel"},{"floor":9.0,"key":"Centennial Puzzle"},{"floor":10.0,"key":"Ancient Tea Set"},{"floor":11.0,"key":"Bag of Preparation"}],"event_choices":[{"damage_healed":0.0,"max_hp_gain":0.0,"max_hp_loss":0.0,"gold_gain":0.0,"event_name":"Accursed Blacksmith","player_choice":"Forge","floor":2.0,"gold_loss":0.0,"damage_taken":0.0,"cards_upgraded":["Blind"]},{"cards_removed":["Strike_R"],"damage_healed":0.0,"max_hp_gain":0.0,"max_hp_loss":0.0,"gold_gain":0.0,"event_name":"The Cleric","player_choice":"Card Removal","floor":5.0,"gold_loss":50.0,"damage_taken":0.0}],"is_beta":false,"boss_relics":[],"items_purged_floors":[14],"is_endless":false,"potions_floor_spawned":[3,10,12],"killed_by":"Slime Boss","ascension_level":10}}