{"host":"g75gtovmj0ine2rf","time":1610682111,"event":{"mods":["2.2 Compatiblity","AchievementEnabler","Act Like it!","Arknights The Spire","Aspiration","Astrologer","Bard","BaseMod","Better Match","BetterRewards","CapriCore","Challenge The Spire","ChefMod","Clockwork Mod","Colored Map","Conspire","Elementarium","Energized Spire","Friendly Minions","Gensokyo","Halation","Hallownest","Hermit","HexUI Lib","Highlight Path","Hubris","Infinite Spire","Jedi Mod","Lobotomy","Menagerie","Minty Spire (QoL Compilation)","Puzzle Mod","Quick Restart","Rare Cards Sparkle","Relic Stats","Replay The Spire","Robot Space Explorer","Shade Mod","Shop Mod","Spicy Shops","StSLib","SuperFastMode","The Construct","The Cursed","The Dragon Tamer","The Factory","The Jungle","The Marked","The Runesmith","TheBandit","TheFirefly","TheSwordswoman","TheVacant","TheVelvet","Transform Curses","Wandering Minibosses","thorton","vexMod"],"gold_per_floor":[],"floor_reached":33,"language":"ENG","playtime":2876,"items_purged":[],"score":347,"play_id":"a93a5401-9ff2-42e4-9ba3-310d9de484da","local_time":"20210115144148","is_ascension_mode":false,"campfire_choices":[],"circlet_count":0,"master_deck":["ats:Strike C+1","ats:Strike G","ats:Strike S","ats:Armor Crushing Shot+1","ats:Defend+1","ats:Defend","ats:Emotion Absorption+1","ats:Shell Defense+1","ats:Revitalization","ats:Calcification","ats:Healing Strengthening","ats:Encircling Forest+1","ats:Demon Strength+1","hubris:Fate+1","ats:Thermite Blade","conspire:SpireCoStock"],"relics":["ats:Sanity","thethorton:BrokenCalculator","ats:Originium","Runesmith:Nanobots","hubris:SlimyHat","infinitespire:Midas Blood","jedi:paperlyon","Tiny House","vexMod:GhostlyGear","hubris:Reverence","Simple Rune"],"acts_visited":["Exordium","TheCity"],"potions_floor_usage":[],"damage_taken":[],"seed_played":"-3743266903357295502","potions_obtained":[],"is_trial":false,"path_per_floor":[],"character_chosen":"DOCTOR_CLASS","items_purchased":[],"campfire_rested":0,"item_purchase_floors":[],"current_hp_per_floor":[],"gold":195,"neow_bonus":"ONE_RARE_RELIC","is_daily":false,"chose_seed":false,"campfire_upgraded":4,"win_rate":0.0,"timestamp":1610682108,"path_taken":[],"items_purchased_type":["Relic","Card"],"build_version":"2020-12-22","purchased_purges":4,"victory":false,"max_hp_per_floor":[],"relic_stats":{"counters":[17,140],"obtain_stats":[{"Runesmith:Nanobots":6,"Tiny House":22,"hubris:SlimyHat":9,"infinitespire:Magic Flask":0,"vexMod:GhostlyGear":22,"thethorton:BrokenCalculator":4,"Anchor":26,"ats:Originium":6,"jedi:paperlyon":17,"Simple Rune":28,"ats:Sanity":0,"infinitespire:Midas Blood":10,"hubris:Reverence":24},{"Runesmith:Nanobots":2,"Tiny House":12,"hubris:SlimyHat":4,"infinitespire:Magic Flask":0,"vexMod:GhostlyGear":12,"thethorton:BrokenCalculator":1,"Anchor":13,"ats:Originium":2,"jedi:paperlyon":9,"Simple Rune":15,"ats:Sanity":0,"infinitespire:Midas Blood":5,"hubris:Reverence":13},{"Runesmith:Nanobots":4,"Tiny House":118,"hubris:SlimyHat":10,"infinitespire:Magic Flask":0,"vexMod:GhostlyGear":118,"thethorton:BrokenCalculator":3,"Anchor":120,"ats:Originium":4,"jedi:paperlyon":69,"Simple Rune":134,"ats:Sanity":0,"infinitespire:Midas Blood":14,"hubris:Reverence":120}]},"card_choices":[],"player_experience":1415669,"relics_obtained":[],"event_choices":[],"is_beta":false,"boss_relics":[],"items_purged_floors":[],"is_endless":false,"potions_floor_spawned":[],"killed_by":"Collector","ascension_level":0}}