{"host":"0ueeacaatm8t6jyh","time":1610705715,"event":{"mods":["AchievementEnabler","BaseMod","Colored Powertips","Minty Spire (QoL Compilation)","Quick Restart","Rare Cards Sparkle","StSLib"],"gold_per_floor":[361,373,423,256,140,165,179,179,179,104,104,131,131,150,150,223,223,235,135,115,115,115,115],"floor_reached":22,"language":"ZHS","playtime":968,"items_purged":["Strike_R","Strike_R"],"score":384,"play_id":"f1f8f732-b73a-4bc7-b937-1457fe87e32c","local_time":"20210115181515","is_ascension_mode":true,"campfire_choices":[{"floor":11.0,"key":"REST"},{"floor":13.0,"key":"REST"},{"data":"Corruption","floor":15.0,"key":"SMITH"}],"circlet_count":0,"master_deck":["AscendersBane","Strike_R","Strike_R","Strike_R","Defend_R","Defend_R","Defend_R","Defend_R","Bash","Flex","Demon Form","Battle Trance","Inflame","Whirlwind","Corruption+1","Rampage","Burning Pact","Armaments","Dark Embrace","Impervious","CurseOfTheBell","Heavy Blade","Shrug It Off+1"],"relics":["Burning Blood","Orrery","Lizard Tail","WingedGreaves","Juzu Bracelet","Potion Belt","Calling Bell","Peace Pipe","Toxic Egg 2","Boot"],"acts_visited":["Exordium","TheCity"],"potions_floor_usage":[22],"damage_taken":[{"damage":2.0,"enemies":"2 Louse","floor":1.0,"turns":2.0},{"damage":13.0,"enemies":"Cultist","floor":2.0,"turns":5.0},{"damage":30.0,"enemies":"Lagavulin","floor":6.0,"turns":6.0},{"damage":12.0,"enemies":"Jaw Worm","floor":7.0,"turns":4.0},{"damage":38.0,"enemies":"3 Sentries","floor":12.0,"turns":6.0},{"damage":11.0,"enemies":"Blue Slaver","floor":14.0,"turns":4.0},{"damage":21.0,"enemies":"Slime Boss","floor":16.0,"turns":8.0},{"damage":39.0,"enemies":"Shell Parasite","floor":18.0,"turns":6.0},{"damage":21.0,"enemies":"2 Thieves","floor":20.0,"turns":4.0},{"damage":43,"enemies":"Masked Bandits","floor":22,"turns":3}],"seed_played":"-7461709294771034476","potions_obtained":[{"floor":6.0,"key":"Block Potion"},{"floor":7.0,"key":"Block Potion"},{"floor":14.0,"key":"Block Potion"},{"floor":20.0,"key":"Fire Potion"}],"is_trial":false,"path_per_floor":["M","M","?","$","$","E","M","T","T","$","R","E","R","M","R","B",null,"M","$","M","?","?"],"character_chosen":"IRONCLAD","items_purchased":["Orrery","Rampage","Burning Pact"],"campfire_rested":2,"item_purchase_floors":[4,5,5],"current_hp_per_floor":[68,61,55,55,55,31,25,25,25,25,45,13,33,28,28,13,54,21,21,40,40,0,0],"gold":115,"neow_bonus":"TWO_FIFTY_GOLD","is_daily":false,"chose_seed":false,"campfire_upgraded":1,"win_rate":0.0,"timestamp":1610705715,"path_taken":["M","M","?","?","$","E","M","?","T","?","R","E","R","M","R","BOSS","M","$","M","?","?"],"items_purchased_type":["Relic","Card","Card"],"build_version":"2020-12-22","purchased_purges":2,"victory":false,"max_hp_per_floor":[68,68,68,68,68,68,68,68,68,68,68,68,68,68,68,68,68,68,68,68,68,68,68],"card_choices":[{"not_picked":["Havoc","Clash"],"picked":"Flex","floor":1.0},{"not_picked":["Iron Wave","Evolve","Thunderclap"],"picked":"SKIP","floor":2.0},{"not_picked":["Warcry","Body Slam"],"picked":"Demon Form","floor":4.0},{"not_picked":["Pommel Strike","Warcry"],"picked":"Battle Trance","floor":4.0},{"not_picked":["Warcry","Havoc"],"picked":"Inflame","floor":4.0},{"not_picked":["Spot Weakness","Second Wind"],"picked":"Whirlwind","floor":4.0},{"not_picked":["Juggernaut","Sever Soul"],"picked":"Corruption","floor":4.0},{"not_picked":["Clash","Perfected Strike","Pommel Strike"],"picked":"SKIP","floor":6.0},{"not_picked":["Perfected Strike","Ghostly Armor","Demon Form"],"picked":"SKIP","floor":7.0},{"not_picked":["Combust","Double Tap"],"picked":"Armaments","floor":12.0},{"not_picked":["Anger","Hemokinesis"],"picked":"Dark Embrace","floor":14.0},{"not_picked":["Immolate","Corruption"],"picked":"Impervious","floor":16.0},{"not_picked":["Iron Wave","Body Slam"],"picked":"Heavy Blade","floor":18.0},{"not_picked":["Combust","Warcry+1"],"picked":"Shrug It Off+1","floor":20.0}],"player_experience":371829,"relics_obtained":[{"floor":6.0,"key":"Lizard Tail"},{"floor":8.0,"key":"WingedGreaves"},{"floor":9.0,"key":"Juzu Bracelet"},{"floor":12.0,"key":"Potion Belt"},{"floor":17.0,"key":"Peace Pipe"},{"floor":17.0,"key":"Toxic Egg 2"},{"floor":17.0,"key":"Boot"}],"event_choices":[{"damage_healed":0.0,"max_hp_gain":0.0,"max_hp_loss":0.0,"gold_gain":50.0,"event_name":"FaceTrader","player_choice":"Touch","floor":3.0,"gold_loss":0.0,"damage_taken":6.0},{"damage_healed":0.0,"max_hp_gain":0.0,"max_hp_loss":0.0,"gold_gain":0.0,"event_name":"Vampires","player_choice":"Ignored","floor":21.0,"gold_loss":0.0,"damage_taken":0.0},{"damage_healed":0,"gold_gain":0,"player_choice":"Fought Bandits","damage_taken":0,"max_hp_gain":0,"max_hp_loss":0,"event_name":"Masked Bandits","floor":22,"gold_loss":0}],"is_beta":false,"boss_relics":[{"not_picked":["Pandora\u0027s Box","Ectoplasm"],"picked":"Calling Bell"}],"items_purged_floors":[10,19],"is_endless":false,"potions_floor_spawned":[6,7,14,20],"killed_by":"Masked Bandits","ascension_level":20}}