{"host":"fxrgx7wt2cpkbhka","time":1610684687,"event":{"mods":["AchievementEnabler","BaseMod","Colored Powertips","Minty Spire (QoL Compilation)","Permanent Neow","Slay-I","StSLib","Waifu the Spire"],"gold_per_floor":[110,38,38,52,52,52,83,83,83,115,131,141,141,141,141,246,246,265,284,284,284,319,319,319,319],"floor_reached":24,"language":"ENG","playtime":487,"items_purged":[],"score":363,"play_id":"ef09b65c-a413-4bdf-8835-e3a70956fbe8","local_time":"20210114202447","is_ascension_mode":true,"campfire_choices":[{"data":"Bash","floor":6,"key":"SMITH"},{"data":"Spot Weakness","floor":8,"key":"SMITH"},{"data":"Clash","floor":15,"key":"SMITH"},{"floor":23,"key":"REST"}],"circlet_count":0,"master_deck":["AscendersBane","Strike_R","Strike_R","Strike_R","Strike_R","Strike_R","Defend_R","Defend_R","Defend_R","Defend_R","Bash+1","Clash+1","Inflame+1","Spot Weakness+1","Clash+1","Double Tap","Writhe"],"relics":["Black Blood","NeowsBlessing","InkBottle","Ornamental Fan","TungstenRod","The Courier","Red Mask"],"acts_visited":["Exordium","TheCity"],"potions_floor_usage":[22,22],"damage_taken":[{"damage":0,"enemies":"Cultist","floor":1,"turns":1},{"damage":0,"enemies":"Small Slimes","floor":4,"turns":1},{"damage":0,"enemies":"3 Sentries","floor":7,"turns":2},{"damage":37,"enemies":"Gremlin Nob","floor":10,"turns":4},{"damage":6,"enemies":"Jaw Worm","floor":11,"turns":2},{"damage":0,"enemies":"Large Slime","floor":12,"turns":4},{"damage":30,"enemies":"Hexaghost","floor":16,"turns":7},{"damage":10,"enemies":"Chosen","floor":18,"turns":2},{"damage":16,"enemies":"3 Byrds","floor":19,"turns":6},{"damage":55,"enemies":"Masked Bandits","floor":22,"turns":4},{"damage":66,"enemies":"Gremlin Leader","floor":24,"turns":4}],"seed_played":"67258545466259930","potions_obtained":[{"floor":4,"key":"SkillPotion"},{"floor":7,"key":"BloodPotion"},{"floor":10,"key":"HeartOfIron"}],"is_trial":false,"path_per_floor":["M","$","?","M","?","R","E","R","T","E","M","M","$","$","R","B",null,"M","M","?","?","?","R","E"],"character_chosen":"IRONCLAD","items_purchased":["Inflame"],"campfire_rested":1,"item_purchase_floors":[2],"current_hp_per_floor":[78,78,78,80,80,80,80,80,80,49,49,55,55,55,55,31,68,70,66,66,66,39,63,0,0],"gold":319,"neow_bonus":"THREE_ENEMY_KILL","is_daily":false,"chose_seed":false,"campfire_upgraded":3,"win_rate":0.0,"timestamp":1610684687,"path_taken":["M","?","?","?","?","R","E","R","T","E","M","M","?","$","R","BOSS","M","M","?","?","?","R","E"],"items_purchased_type":["Card"],"build_version":"2020-12-22","purchased_purges":0,"victory":false,"max_hp_per_floor":[80,80,80,80,80,80,80,80,80,80,80,80,80,80,80,80,80,80,80,80,80,80,80,80,80],"card_choices":[{"not_picked":["Battle Trance","Armaments"],"picked":"Clash","floor":1},{"not_picked":["Iron Wave","Anger","Sword Boomerang"],"picked":"SKIP","floor":4},{"not_picked":["Entrench","Metallicize"],"picked":"Spot Weakness","floor":7},{"not_picked":["Headbutt","Juggernaut"],"picked":"Clash","floor":10},{"not_picked":["Pommel Strike","Sword Boomerang","Infernal Blade"],"picked":"SKIP","floor":11},{"not_picked":["Shrug It Off","Armaments","Body Slam"],"picked":"SKIP","floor":12},{"not_picked":["Feed","Offering"],"picked":"Double Tap","floor":16},{"not_picked":["Cleave","Hemokinesis","Havoc"],"picked":"SKIP","floor":18},{"not_picked":["Wild Strike","Cleave","Rampage+1"],"picked":"SKIP","floor":19}],"player_experience":705580,"relics_obtained":[{"floor":7,"key":"InkBottle"},{"floor":9,"key":"Ornamental Fan"},{"floor":10,"key":"TungstenRod"},{"floor":22,"key":"Red Mask"}],"event_choices":[{"damage_healed":0,"gold_gain":0,"player_choice":"Forge","damage_taken":0,"max_hp_gain":0,"max_hp_loss":0,"event_name":"Accursed Blacksmith","floor":3,"gold_loss":0,"cards_upgraded":["Inflame"]},{"damage_healed":0,"gold_gain":0,"player_choice":"Grow","damage_taken":0,"max_hp_gain":0,"max_hp_loss":0,"event_name":"Living Wall","floor":5,"gold_loss":0,"cards_upgraded":["Clash"]},{"damage_healed":0,"gold_gain":0,"player_choice":"Ignored","damage_taken":0,"max_hp_gain":0,"max_hp_loss":0,"event_name":"Ghosts","floor":20,"gold_loss":0},{"damage_healed":0,"gold_gain":0,"player_choice":"Opened","damage_taken":0,"relics_obtained":["The Courier"],"max_hp_gain":0,"max_hp_loss":0,"event_name":"The Mausoleum","floor":21,"gold_loss":0,"cards_obtained":["Writhe"]},{"damage_healed":0,"gold_gain":0,"player_choice":"Fought Bandits","damage_taken":0,"max_hp_gain":0,"max_hp_loss":0,"event_name":"Masked Bandits","floor":22,"gold_loss":0}],"is_beta":false,"boss_relics":[{"not_picked":["Coffee Dripper","Velvet Choker"],"picked":"Black Blood"}],"items_purged_floors":[],"is_endless":false,"potions_floor_spawned":[4,7,10,16,19],"killed_by":"Gremlin Leader","ascension_level":12}}