{"host":"97k5lqmr6aaz1p9r","time":1610693318,"event":{"mods":["BaseMod","Colored Map","Downfall","Jorbs\u0027s Wanderer Trilogy","Minty Spire (QoL Compilation)","StSLib"],"gold_per_floor":[99,118,136,7,182,210,256,256,256,281,291,306,306,321,334,430,430,430,440,455,530,550,475,475,506,22,22,33,33,33,33],"floor_reached":29,"language":"ENG","playtime":10553,"items_purged":["Regret","Regret"],"score":281,"play_id":"0dce2cde-55f8-466a-b71b-72bee9502b15","local_time":"20210115064838","is_ascension_mode":true,"campfire_choices":[{"data":"Slimebound:Split","floor":1.0,"key":"SMITH"},{"data":"Slimebound:SplitSpecialist","floor":8.0,"key":"SMITH"},{"floor":13.0,"key":"REST"},{"floor":18,"key":"RECALL"},{"data":"Slimebound:OneTwoCombo","floor":23,"key":"SMITH"},{"data":"Slimebound:Gluttony","floor":27,"key":"SMITH"}],"circlet_count":0,"master_deck":["Slimebound:Strike_Slimebound","Slimebound:Strike_Slimebound+1","Slimebound:Strike_Slimebound","Slimebound:Tackle","Slimebound:Defend_Slimebound","Slimebound:Defend_Slimebound","Slimebound:Defend_Slimebound","Slimebound:Defend_Slimebound","Slimebound:Split+1","Slimebound:CorrosiveSpit","Violence","Slimebound:SamplingLick+1","Slimebound:SplitLeeching+1","Slimebound:GoopSpray","Slimebound:AcidTongue","Doubt","Slimebound:SplitSpecialist+1","Slimebound:LivingWall","Slimebound:FormOfPuddle","Slimebound:GrowthPunch","Slimebound:SamplingLick","Slimebound:RejuvenatingLick","Slimebound:OneTwoCombo+1","Slimebound:SplitAcid+1","Slimebound:SplitBruiser+1","Slimebound:RainOfGoop+1","Slimebound:LeechEnergy","Slimebound:Recollect","Slimebound:OneTwoCombo","Slimebound:Gluttony+1","Slimebound:Schlurp+1"],"relics":["Slimebound:AbsorbEndCombat","Dead Branch","Oddly Smooth Stone","Pantograph","Philosopher\u0027s Stone","downfall:HeartBlessingRed","Bottled Tornado","Orichalcum"],"acts_visited":["Exordium","TheCity"],"potions_floor_usage":[28,29],"damage_taken":[{"damage":10.0,"enemies":"Cultist","floor":2.0,"turns":3.0},{"damage":13.0,"enemies":"2 Louse","floor":3.0,"turns":3.0},{"damage":16.0,"enemies":"downfall:FleeingMerchant","floor":4.0,"turns":4.0},{"damage":43.0,"enemies":"Gremlin Nob","floor":6.0,"turns":4.0},{"damage":41.0,"enemies":"3 Sentries","floor":10.0,"turns":6.0},{"damage":20.0,"enemies":"Small Slimes","floor":11.0,"turns":4.0},{"damage":13.0,"enemies":"Blue Slaver","floor":12.0,"turns":3.0},{"damage":37.0,"enemies":"Large Slime","floor":14.0,"turns":8.0},{"damage":26.0,"enemies":"Lots of Slimes","floor":15.0,"turns":4.0},{"damage":47.0,"enemies":"downfall:Silent","floor":16.0,"turns":8.0},{"damage":29,"enemies":"Spheric Guardian","floor":19,"turns":5},{"damage":45,"enemies":"3 Byrds","floor":20,"turns":4},{"damage":34,"enemies":"Centurion and Healer","floor":22,"turns":5},{"damage":45,"enemies":"Gremlin Leader","floor":25,"turns":3},{"damage":27,"enemies":"downfall:FleeingMerchant","floor":26,"turns":4},{"damage":20,"enemies":"Snake Plant","floor":28,"turns":2},{"damage":40,"enemies":"Slavers","floor":29,"turns":2}],"seed_played":"2684863611185619204","potions_obtained":[{"floor":2.0,"key":"Slimebound:SlimedPotion"},{"floor":3.0,"key":"EntropicBrew"},{"floor":10.0,"key":"FearPotion"},{"floor":15.0,"key":"Block Potion"},{"floor":16.0,"key":"SmokeBomb"},{"floor":19,"key":"Slimebound:SpawnSlimePotion"},{"floor":21,"key":"downfall:CursedFountainPotion"}],"is_trial":false,"path_per_floor":["R","M","M","$","?","E","T","R","?","E","M","M","R","M","M","B",null,"R","M","M","?","M","R","T","E","$","R","M","E"],"character_chosen":"SLIMEBOUND","items_purchased":["Slimebound:AcidTongue","Slimebound:OneTwoCombo","Slimebound:Gluttony","Orichalcum"],"campfire_rested":1,"item_purchase_floors":[4,26,26,26],"current_hp_per_floor":[60,60,59,60,60,36,36,36,36,19,15,12,30,13,19,40,60,60,53,34,34,40,40,40,23,36,36,32,0,0,0],"gold":33,"neow_bonus":"RANDOM_COLORLESS_2","is_daily":false,"chose_seed":false,"campfire_upgraded":4,"win_rate":0.0,"timestamp":1610693318,"path_taken":["R","M","M","?","?","E","T","R","?","E","?","M","R","M","M","BOSS","R","M","M","?","M","R","T","E","$","R","?","E"],"items_purchased_type":["Card","Card","Card","Relic"],"build_version":"2020-12-22","purchased_purges":2,"victory":false,"max_hp_per_floor":[60,60,60,60,60,60,60,60,60,60,60,60,60,60,60,60,60,60,60,60,60,60,60,60,60,60,60,60,60,60,60],"card_choices":[{"not_picked":["Panache","The Bomb"],"picked":"Violence","floor":0.0},{"not_picked":["Slimebound:ServeAndProtect","Slimebound:SlimeSpikes"],"picked":"Slimebound:SamplingLick","floor":2.0},{"not_picked":["Slimebound:RollThrough","Slimebound:FirmFortitude"],"picked":"Slimebound:SplitLeeching","floor":3.0},{"not_picked":["Slimebound:SpikyOuterGoop","Slimebound:FormOfPuddle"],"picked":"Slimebound:GoopSpray","floor":4.0},{"not_picked":["Slimebound:Dissolve","Slimebound:SamplingLick"],"picked":"Slimebound:SplitSpecialist","floor":6.0},{"not_picked":["Slimebound:DouseInSlime","Slimebound:BestDefense"],"picked":"Slimebound:LivingWall","floor":10.0},{"not_picked":["Slimebound:ServeAndProtect","Slimebound:RollThrough"],"picked":"Slimebound:FormOfPuddle","floor":11.0},{"not_picked":["Slimebound:SplitLeeching","Slimebound:ServeAndProtect"],"picked":"Slimebound:GrowthPunch","floor":12.0},{"not_picked":["Slimebound:SplitLeeching","Slimebound:DisruptingSlam"],"picked":"Slimebound:SamplingLick","floor":14.0},{"not_picked":["Slimebound:GrowthPunch","Slimebound:SplitBruiser"],"picked":"Slimebound:RejuvenatingLick","floor":15.0},{"not_picked":["Slimebound:TagTeam","Slimebound:PrepareCrush"],"picked":"Slimebound:OneTwoCombo","floor":16.0},{"not_picked":["Slimebound:Prepare","Slimebound:GrowthPunch"],"picked":"Slimebound:SplitAcid+1","floor":19},{"not_picked":["Slimebound:BestDefense+1","Slimebound:FirmFortitude+1"],"picked":"Slimebound:SplitBruiser+1","floor":20},{"not_picked":["Slimebound:GrowthPunch","Slimebound:DivideAndConquer"],"picked":"Slimebound:RainOfGoop+1","floor":22},{"not_picked":["Slimebound:SlimeSpikes","Slimebound:ServeAndProtect"],"picked":"Slimebound:LeechEnergy","floor":25},{"not_picked":["Slimebound:TongueLash","Slimebound:LeechingTouch"],"picked":"Slimebound:Recollect","floor":26},{"not_picked":["Slimebound:RollThrough+1","Slimebound:SlimeSpikes"],"picked":"Slimebound:Schlurp+1","floor":28}],"player_experience":668863,"relics_obtained":[{"floor":6.0,"key":"Dead Branch"},{"floor":7.0,"key":"Oddly Smooth Stone"},{"floor":10.0,"key":"Pantograph"},{"floor":25,"key":"Bottled Tornado"}],"event_choices":[],"is_beta":false,"boss_relics":[{"not_picked":["downfall:Hecktoplasm","Velvet Choker"],"picked":"Philosopher\u0027s Stone"}],"items_purged_floors":[4,26],"is_endless":false,"potions_floor_spawned":[2,3,10,14,15,16,19,20],"killed_by":"Slavers","ascension_level":2}}