{"host":"oc9z8cublggqyfxu","time":1610689684,"event":{"mods":["AchievementEnabler","Act Like it!","Aspiration","BaseMod","Colored Map","Colored Powertips","Conspire","Downfall","Gensokyo","Hallownest","Highlight Path","KinomotoSakuraMod(木之本樱)","Koishi","Lobotomy","LobotomyExtend","Marisa（F雨　魔理沙）","Minty Spire (QoL Compilation)","Quick Restart","Reimu（博丽灵梦）","Relic Stats","Remilia（蕾米莉亚）","RumiaBox-露米娅的神秘盒子","StSLib","The Administrix","The Animator","The Blackbeard","The Hierophant","The Jungle","The Servant 0.9.4","Youmu（魂魄妖梦）","Yuyuko","vexMod","【功能Mod】混沌之环修复补丁","【功能Mod】聪明的最终Boss"],"gold_per_floor":[117,117,117,133,151,151,165,175,175,175,245,264,264,264,264,264,264],"floor_reached":16,"language":"ZHS","playtime":594,"items_purged":[],"score":92,"play_id":"06a3840c-b067-449e-89a6-2feb64ce811a","local_time":"20210115134804","is_ascension_mode":false,"campfire_choices":[{"data":"Pommel Strike","floor":6,"key":"SMITH"},{"data":"Demon Form","floor":13,"key":"SMITH"},{"floor":15,"key":"RECALL"}],"circlet_count":0,"master_deck":[],"relics":["Burning Blood","CogitoBucket","AddBug","SecretRecord","SecretRecord"],"acts_visited":["Exordium"],"potions_floor_usage":[],"damage_taken":[{"damage":11,"enemies":"conspire:RoseBush","floor":1,"turns":2},{"damage":11,"enemies":"Jaw Worm","floor":4,"turns":2},{"damage":7,"enemies":"Cultist","floor":5,"turns":4},{"damage":6,"enemies":"3 Louse","floor":7,"turns":3},{"damage":12,"enemies":"Exordium Wildlife","floor":8,"turns":5},{"damage":29,"enemies":"conspire:2 RoseBushes","floor":12,"turns":4},{"damage":89,"enemies":"Hexaghost","floor":16,"turns":7}],"seed_played":"5825861485080147942","potions_obtained":[{"floor":7,"key":"BlessingOfTheForge"}],"is_trial":false,"path_per_floor":["M","?","?","M","M","R","M","M","T","?","T","M","R","?","R","B"],"character_chosen":"IRONCLAD","items_purchased":[],"campfire_rested":0,"item_purchase_floors":[],"current_hp_per_floor":[75,75,75,72,71,71,73,75,75,75,75,56,56,84,84,0,0],"gold":264,"neow_bonus":"","is_daily":false,"chose_seed":false,"campfire_upgraded":2,"win_rate":0.0,"timestamp":1610689684,"path_taken":["M","?","?","M","?","R","M","M","T","?","?","M","R","?","R","BOSS"],"items_purchased_type":[],"build_version":"2020-12-22","purchased_purges":0,"victory":false,"max_hp_per_floor":[80,80,80,80,80,80,80,84,84,84,84,84,84,84,84,84,84],"relic_stats":{"counters":[8,28],"obtain_stats":[{"CogitoBucket":0,"AddBug":1,"SecretRecord":1,"Burning Blood":0},{"CogitoBucket":0,"AddBug":1,"SecretRecord":1,"Burning Blood":0},{"CogitoBucket":0,"AddBug":2,"SecretRecord":2,"Burning Blood":0}],"Burning Blood":36},"card_choices":[{"not_picked":["CrumblingArmor","GreedKing"],"picked":"Bloodbath","floor":1},{"not_picked":["Evolve","Searing Blow"],"picked":"Inflame","floor":1},{"not_picked":["SpiderBud","OSAHOGD"],"picked":"VoidDream","floor":4},{"not_picked":["Seeing Red","Clash"],"picked":"Inflame","floor":4},{"not_picked":["FairyFestival","SpiderBud"],"picked":"OldLady","floor":5},{"not_picked":["Disarm","Warcry"],"picked":"Pommel Strike","floor":5},{"not_picked":["FairyFestival","CrumblingArmor"],"picked":"MHz","floor":7},{"not_picked":["Dark Embrace","Anger"],"picked":"Feed","floor":7},{"not_picked":["Laetitia","BeautyBeast"],"picked":"CherryBlossoms","floor":8},{"not_picked":["Perfected Strike","Havoc"],"picked":"Flex","floor":8},{"not_picked":["SpiderBud","HeroicMonk"],"picked":"GalaxyChild","floor":12},{"not_picked":["Anger","Shockwave"],"picked":"Demon Form","floor":12}],"player_experience":253380,"relics_obtained":[{"floor":1,"key":"AddBug"},{"floor":1,"key":"LetterFromLob"},{"floor":4,"key":"LetterFromLob"},{"floor":5,"key":"LetterFromLob"},{"floor":7,"key":"LetterFromLob"},{"floor":8,"key":"LetterFromLob"},{"floor":9,"key":"conspire:GlowingRock"},{"floor":11,"key":"Molten Egg 2"},{"floor":12,"key":"SecretRecord"},{"floor":12,"key":"LetterFromLob"}],"event_choices":[{"damage_healed":0,"gold_gain":0,"player_choice":"Grow","damage_taken":0,"max_hp_gain":0,"max_hp_loss":0,"event_name":"Living Wall","floor":2,"gold_loss":0,"cards_upgraded":["Inflame"]},{"damage_healed":0,"gold_gain":0,"player_choice":"Upgraded","damage_taken":0,"max_hp_gain":0,"max_hp_loss":0,"event_name":"Upgrade Shrine","floor":3,"gold_loss":0,"cards_upgraded":["Bash"]},{"damage_healed":0,"gold_gain":0,"player_choice":"带走神社","damage_taken":0,"relics_obtained":["YidongShenshe:ReiMu"],"max_hp_gain":0,"max_hp_loss":0,"event_name":"yidonshenshe","floor":10,"gold_loss":0,"cards_obtained":["Poor:ReiMu"]}],"is_beta":false,"boss_relics":[],"items_purged_floors":[],"is_endless":false,"potions_floor_spawned":[4,7],"killed_by":"Hexaghost","ascension_level":0}}