{"host":"op4w78njqr7gt84b","time":1610731244,"event":{"mods":["2.2 Compatiblity","BaseMod","Beaked The Cultist","Better Match","Better Note","Better Third Choice","BetterRewards","Colored Map","Dark Map","Downfall","Emptier Cage","Friendly Minions","GifTheSpireLib","Hubris","Mad Scientist","Minty Spire (QoL Compilation)","Permanent Neow","Rare Cards Sparkle","Replay The Spire","Shop Mod","Spicy Shops","Spikes Relics","StSLib","Steal the Spire","The Construct","The Cursed","The Disciple","The Hayseed","The IronCluck","The Poker Player","The Runesmith","Trackpad","themimic"],"gold_per_floor":[119,119,119,18,36,36,53,65,88,88,88,88,116,134,134,238,538,538,538],"floor_reached":18,"language":"ENG","playtime":838,"items_purged":["Strike_R"],"score":160,"play_id":"b4627a6a-5e5b-4901-abf4-82deec2467d1","local_time":"20210115122044","is_ascension_mode":false,"campfire_choices":[{"data":"Offering","floor":6,"key":"SMITH"},{"data":"ReplayTheSpireMod:Muscle Training","floor":10,"key":"SMITH"},{"data":"Flex","floor":15,"key":"SMITH"}],"circlet_count":0,"master_deck":["Strike_R","Strike_R","Defend_R","Defend_R","Defend_R","Bash","Headbutt","Offering+1","Thunderclap+1","Sword Boomerang+1","Pummel","Warcry","ReplayTheSpireMod:Muscle Training+1","Flex+1","Shrug It Off","Corruption","TheCursedMod:Dregs","Slimebound:Icky","TheSimpletonMod:Gnats"],"relics":["Burning Blood","Orichalcum","hubris:MysteriousPyramids","Replay:Ancient Bell","PreservedInsect","The Courier","Old Coin"],"acts_visited":["Exordium","TheCity"],"potions_floor_usage":[],"damage_taken":[{"damage":0,"enemies":"Small Slimes","floor":1,"turns":3},{"damage":6,"enemies":"Cultist","floor":5,"turns":2},{"damage":12,"enemies":"2 Louse","floor":7,"turns":2},{"damage":6,"enemies":"2 Fungi Beasts","floor":8,"turns":2},{"damage":23,"enemies":"3 Sentries","floor":13,"turns":5},{"damage":6,"enemies":"Red Slaver","floor":14,"turns":1},{"damage":9,"enemies":"Slime Boss","floor":16,"turns":9},{"damage":19,"enemies":"Shell Parasite","floor":18,"turns":4}],"seed_played":"5412543643676792868","potions_obtained":[{"floor":1,"key":"BloodPotion"},{"floor":13,"key":"ElixirPotion"},{"floor":14,"key":"Dexterity Potion"}],"is_trial":false,"path_per_floor":["M","?","?","$","M","R","M","M","T","R","?","?","E","M","R","B",null,"M"],"character_chosen":"IRONCLAD","items_purchased":["Sword Boomerang"],"campfire_rested":0,"item_purchase_floors":[4],"current_hp_per_floor":[72,77,77,77,77,77,71,71,71,71,56,61,44,44,44,41,77,58,58],"gold":538,"neow_bonus":"TRANSFORM_TWO_CARDS","is_daily":false,"chose_seed":false,"campfire_upgraded":3,"win_rate":0.0,"timestamp":1610731244,"path_taken":["M","?","?","$","M","R","M","?","T","R","?","?","E","M","R","BOSS","M"],"items_purchased_type":["Card"],"build_version":"2020-12-22","purchased_purges":1,"victory":false,"max_hp_per_floor":[72,77,77,77,77,77,77,77,77,77,77,77,77,77,77,77,77,77,77],"card_choices":[{"not_picked":["Massacre","Life Link"],"picked":"Headbutt","floor":1},{"not_picked":["Run Through","Second Wind"],"picked":"Pummel","floor":5},{"not_picked":["Fire Breathing","hubris:SharpeningStone"],"picked":"Warcry","floor":7},{"not_picked":["Shockwave","Sever Soul"],"picked":"ReplayTheSpireMod:Muscle Training","floor":8},{"not_picked":["True Grit","Replay:Undeath\u0027s Touch"],"picked":"Flex","floor":13},{"not_picked":["Clothesline","Clash"],"picked":"Shrug It Off","floor":14},{"not_picked":["Offering","Replay:Many Hands"],"picked":"Corruption","floor":16},{"not_picked":["hexamod:Haunted","hubris:Despair"],"picked":"TheCursedMod:Dregs","floor":17},{"not_picked":["TheSimpletonMod:Nettles","Voices"],"picked":"Slimebound:Icky","floor":17},{"not_picked":["Decay","Hallucinations"],"picked":"TheSimpletonMod:Gnats","floor":17}],"player_experience":195455,"relics_obtained":[{"floor":9,"key":"Orichalcum"},{"floor":13,"key":"hubris:MysteriousPyramids"}],"event_choices":[{"damage_healed":0,"gold_gain":0,"player_choice":"Donut","damage_taken":0,"max_hp_gain":5,"max_hp_loss":0,"event_name":"Big Fish","floor":2,"gold_loss":0},{"damage_healed":0,"gold_gain":0,"cards_transformed":["Strike_R"],"player_choice":"Transformed","damage_taken":0,"max_hp_gain":0,"max_hp_loss":0,"event_name":"Transmorgrifier","floor":3,"gold_loss":0,"cards_obtained":["Thunderclap"]},{"damage_healed":71,"gold_gain":0,"player_choice":"Upgrade","damage_taken":15,"max_hp_gain":0,"max_hp_loss":77,"event_name":"betterThird:BetterShining","floor":11,"gold_loss":0,"cards_upgraded":["Thunderclap","Sword Boomerang"]},{"cards_removed":["Headbutt"],"damage_healed":5,"gold_gain":0,"player_choice":"Offered Common","damage_taken":0,"max_hp_gain":0,"max_hp_loss":0,"event_name":"Bonfire Elementals","floor":12,"gold_loss":0},{"cards_removed":["Headbutt"],"damage_healed":5,"gold_gain":0,"player_choice":"Offered Special","damage_taken":0,"max_hp_gain":0,"max_hp_loss":0,"event_name":"Bonfire Elementals","floor":12,"gold_loss":0}],"is_beta":false,"boss_relics":[{"not_picked":["Runesmith:UraniumAnvil","hubris:GrandSneckoEye"],"picked":"Replay:Ancient Bell"},{"not_picked":["Juzu Bracelet","RollingBoulder"],"picked":"PreservedInsect"},{"not_picked":["Runesmith:Nanobots","Ornamental Fan"],"picked":"The Courier"},{"not_picked":["trackpad:ZombieHeart","Du-Vu Doll"],"picked":"Old Coin"}],"items_purged_floors":[4],"is_endless":false,"potions_floor_spawned":[1,13,14,16],"killed_by":"Shell Parasite","ascension_level":0}}