{"host":"0mk07bycsqo1qk03","time":1610708536,"event":{"mods":["BaseMod","Bestiary","Downfall","Hermit","Hubris","Minty Spire (QoL Compilation)","Replay The Spire","StSLib","The Cursed","The Servant 0.9.4"],"gold_per_floor":[118,118,134,149,149,149,175,194,194,244,18,35,48,61,61,61,61],"floor_reached":16,"language":"ENG","playtime":430,"items_purged":[],"score":208,"play_id":"3324095a-1f1e-456e-91fb-204ce0b5331b","local_time":"20210115120216","is_ascension_mode":true,"campfire_choices":[{"data":"Bash","floor":6.0,"key":"SMITH"}],"circlet_count":0,"master_deck":["AscendersBane","Strike_R","Strike_R","Strike_R","Strike_R","Strike_R","Defend_R","Defend_R","Defend_R","Defend_R","Bash+1","Clothesline","Pummel","ReplayTheSpireMod:Strike From Hell+1","hermit:CalledShot","Cleave","hermit:Headshot"],"relics":["Burning Blood","NeowsBlessing","MealTicket","Replay:Mystery Machine","The Courier","hubris:DisguiseKit"],"acts_visited":["Exordium"],"potions_floor_usage":[13,16],"damage_taken":[{"damage":0.0,"enemies":"Cultist","floor":1.0,"turns":1.0},{"damage":0.0,"enemies":"Jaw Worm","floor":3.0,"turns":1.0},{"damage":0.0,"enemies":"2 Louse","floor":4.0,"turns":1.0},{"damage":31.0,"enemies":"Lagavulin","floor":7.0,"turns":7.0},{"damage":8.0,"enemies":"Blue Slaver","floor":8.0,"turns":4.0},{"damage":14,"enemies":"Exordium Wildlife","floor":12,"turns":3},{"damage":8,"enemies":"Large Slime","floor":13,"turns":5},{"damage":28,"enemies":"Lots of Slimes","floor":14,"turns":4},{"damage":57,"enemies":"Slime Boss","floor":16,"turns":5}],"seed_played":"4786229447255709640","potions_obtained":[{"floor":3.0,"key":"Swift Potion"},{"floor":4.0,"key":"BlessingOfTheForge"},{"floor":7.0,"key":"Explosive Potion"},{"floor":14,"key":"Block Potion"}],"is_trial":false,"path_per_floor":["M","$","M","M","T","R","E","M","T","?","$","M","M","M","R","B"],"character_chosen":"IRONCLAD","items_purchased":["hubris:DisguiseKit"],"campfire_rested":0,"item_purchase_floors":[11],"current_hp_per_floor":[74,74,75,75,75,75,50,48,48,41,56,48,46,24,46,0,0],"gold":61,"neow_bonus":"THREE_ENEMY_KILL","is_daily":false,"chose_seed":false,"campfire_upgraded":1,"win_rate":0.0,"timestamp":1610708536,"path_taken":["M","$","M","?","?","R","E","M","T","?","$","M","M","M","R","BOSS"],"items_purchased_type":["Relic"],"build_version":"2020-12-22","purchased_purges":0,"victory":false,"max_hp_per_floor":[75,75,75,75,75,75,75,75,75,75,75,75,75,75,75,75,75],"card_choices":[{"not_picked":["Sentinel","Flex"],"picked":"Clothesline","floor":1.0},{"not_picked":["Sentinel","Bloodletting"],"picked":"Pummel","floor":3.0},{"not_picked":["Havoc","Heavy Blade","Evolve"],"picked":"SKIP","floor":4.0},{"not_picked":["Wild Strike","hubris:StunningStrike"],"picked":"ReplayTheSpireMod:Strike From Hell","floor":7.0},{"not_picked":["Cleave","Thunderclap","Clash"],"picked":"SKIP","floor":8.0},{"not_picked":["Evolve","ReplayTheSpireMod:LeadingStrike","Flex"],"picked":"hermit:CalledShot","floor":12},{"not_picked":["Bloodletting","Sword Boomerang","hermit:Ricochet"],"picked":"Cleave","floor":13},{"not_picked":["ReplayReversal","Abandon","Cleave"],"picked":"hermit:Headshot","floor":14}],"player_experience":889945,"relics_obtained":[{"floor":5.0,"key":"MealTicket"},{"floor":7.0,"key":"Replay:Mystery Machine"},{"floor":9.0,"key":"The Courier"}],"event_choices":[{"damage_healed":0,"gold_gain":50,"player_choice":"Touch","damage_taken":7,"max_hp_gain":0,"max_hp_loss":0,"event_name":"FaceTrader","floor":10,"gold_loss":0}],"is_beta":false,"boss_relics":[],"items_purged_floors":[],"is_endless":false,"potions_floor_spawned":[3,4,7,14],"killed_by":"Slime Boss","ascension_level":20}}