{"host":"9ltncrns7b9wt2tr","time":1610729924,"event":{"mods":["AchievementEnabler","BaseMod","BetterRewards","Colored Map","Colored Powertips","Minty Spire (QoL Compilation)","Quick Restart","StSLib","SuperFastMode"],"gold_per_floor":[119,44,44,61,80,113,113,143,143,143,161,236,236,263,263,365,365,381,381,381,0,12,42,58,85,109,34,133,146,177,191,191,287,287,305,317,337,112,123,153,153,183,256,256,267,267,267,143,143,143,143,143,22,53,53],"floor_reached":56,"language":"ZHS","playtime":4126,"items_purged":["MasterReality","Consecrate","Conclude"],"score":1487,"play_id":"79c633a9-dab3-4222-a5a0-551f9105ecf1","local_time":"20210116005844","is_ascension_mode":true,"campfire_choices":[{"data":"DeusExMachina","floor":7.0,"key":"SMITH"},{"data":"Ragnarok","floor":10.0,"key":"SMITH"},{"data":"Vault","floor":13.0,"key":"SMITH"},{"data":"ClearTheMind","floor":15.0,"key":"SMITH"},{"data":"Apotheosis","floor":32.0,"key":"SMITH"},{"data":"Master of Strategy","floor":41.0,"key":"SMITH"},{"floor":47.0,"key":"RECALL"},{"floor":49.0,"key":"REST"},{"data":"Study","floor":52,"key":"SMITH"}],"circlet_count":0,"master_deck":["Eruption","Vigilance","Vault+1","DeusExMachina+1","DeceiveReality","Ragnarok+1","CrushJoints","ClearTheMind+1","Devotion","CurseOfTheBell","SashWhip+1","Apotheosis+1","Blasphemy","Study+1","CutThroughFate","Collect","Adaptation","ConjureBlade","Sanctity","Master of Strategy+1","Scrawl","TalkToTheHand+1","Deep Breath","Panache"],"relics":["Pandora\u0027s Box","Bag of Marbles","Ornamental Fan","Shuriken","Anchor","Calling Bell","Mummified Hand","MealTicket","Gambling Chip","Membership Card","Bronze Scales","Sundial","Juzu Bracelet","Dream Catcher","SlaversCollar","Bag of Preparation","Gremlin Horn","Potion Belt","ClockworkSouvenir","Bottled Lightning","Strawberry"],"acts_visited":["Exordium","TheCity","TheBeyond","TheEnding"],"potions_floor_usage":[54,55,55,55],"damage_taken":[{"damage":0.0,"enemies":"Jaw Worm","floor":1.0,"turns":3.0},{"damage":0.0,"enemies":"Cultist","floor":4.0,"turns":3.0},{"damage":7.0,"enemies":"Small Slimes","floor":5.0,"turns":2.0},{"damage":0.0,"enemies":"Gremlin Nob","floor":6.0,"turns":2.0},{"damage":0.0,"enemies":"Lagavulin","floor":8.0,"turns":4.0},{"damage":0.0,"enemies":"Exordium Thugs","floor":11.0,"turns":2.0},{"damage":0.0,"enemies":"Gremlin Nob","floor":14.0,"turns":2.0},{"damage":15.0,"enemies":"The Guardian","floor":16.0,"turns":5.0},{"damage":0.0,"enemies":"2 Thieves","floor":18.0,"turns":1.0},{"damage":0.0,"enemies":"3 Byrds","floor":22.0,"turns":3.0},{"damage":15.0,"enemies":"Slavers","floor":23.0,"turns":6.0},{"damage":0.0,"enemies":"Snake Plant","floor":24.0,"turns":3.0},{"damage":0.0,"enemies":"Book of Stabbing","floor":25.0,"turns":3.0},{"damage":0.0,"enemies":"Chosen and Byrds","floor":29.0,"turns":3.0},{"damage":8.0,"enemies":"Gremlin Leader","floor":30.0,"turns":3.0},{"damage":0.0,"enemies":"Centurion and Healer","floor":31.0,"turns":3.0},{"damage":41.0,"enemies":"Collector","floor":33.0,"turns":5.0},{"damage":0.0,"enemies":"3 Shapes","floor":35.0,"turns":1.0},{"damage":0.0,"enemies":"3 Darklings","floor":36.0,"turns":1.0},{"damage":11.0,"enemies":"Maw","floor":37.0,"turns":5.0},{"damage":16.0,"enemies":"Sphere and 2 Shapes","floor":39.0,"turns":4.0},{"damage":0.0,"enemies":"Giant Head","floor":40.0,"turns":5.0},{"damage":2.0,"enemies":"Nemesis","floor":42.0,"turns":6.0},{"damage":0.0,"enemies":"Jaw Worm Horde","floor":45.0,"turns":2.0},{"damage":40,"enemies":"Donu and Deca","floor":50,"turns":5},{"damage":26,"enemies":"Shield and Spear","floor":54,"turns":3},{"damage":1,"enemies":"The Heart","floor":55,"turns":3}],"seed_played":"4624480496246980590","potions_obtained":[{"floor":3.0,"key":"Ambrosia"},{"floor":3.0,"key":"CultistPotion"},{"floor":3.0,"key":"Explosive Potion"},{"floor":4.0,"key":"BlessingOfTheForge"},{"floor":8.0,"key":"StancePotion"},{"floor":45.0,"key":"SpeedPotion"},{"floor":54,"key":"DistilledChaos"}],"is_trial":false,"path_per_floor":["M","$","?","M","M","E","R","E","T","R","M","?","R","E","R","B",null,"M","?","$","$","M","E","M","E","T","?","?","M","E","M","R","B",null,"M","M","M","$","M","E","R","E","T","?","M","?","R","$","R","B",null,"R","$","E","B",null],"character_chosen":"WATCHER","items_purchased":["Membership Card","Apotheosis","Blasphemy","Bag of Preparation","Master of Strategy","ClockworkSouvenir","SmokeBomb","Bottled Lightning"],"campfire_rested":1,"item_purchase_floors":[21,21,21,38,38,48,48,53],"current_hp_per_floor":[72,72,72,72,65,65,65,65,65,65,65,54,54,54,54,39,72,72,72,72,72,72,57,57,57,57,57,57,57,49,49,49,8,72,72,72,61,72,56,56,56,54,54,54,54,44,44,59,72,32,72,72,72,53,52],"gold":53,"neow_bonus":"BOSS_RELIC","is_daily":false,"chose_seed":false,"campfire_upgraded":7,"win_rate":0.0,"timestamp":1610729924,"path_taken":["M","$","?","?","M","E","R","E","T","R","M","?","R","E","R","BOSS","M","?","?","$","M","E","M","E","T","?","?","M","E","M","R","BOSS","M","M","M","$","M","E","R","E","T","?","M","?","R","$","R","BOSS","R","$","E","BOSS"],"items_purchased_type":["Relic","Card","Card","Relic","Card","Relic","Potion","Relic"],"build_version":"2020-12-22","purchased_purges":3,"victory":true,"max_hp_per_floor":[72,72,72,72,72,72,72,72,72,72,72,72,72,72,72,72,72,72,72,72,72,72,72,72,72,72,72,72,72,72,72,72,72,72,72,72,72,72,72,72,72,72,72,72,72,72,72,72,72,72,72,72,72,79,79],"card_choices":[{"not_picked":["Crescendo","Pray","WaveOfTheHand"],"picked":"SKIP","floor":1.0},{"not_picked":["Crescendo","Halt"],"picked":"CrushJoints","floor":4.0},{"not_picked":["Conclude","BowlingBash","EmptyFist"],"picked":"SKIP","floor":5.0},{"not_picked":["CarveReality","Halt","PathToVictory"],"picked":"SKIP","floor":6.0},{"not_picked":["BowlingBash","Ragnarok"],"picked":"Consecrate","floor":8.0},{"not_picked":["Halt","FlurryOfBlows"],"picked":"FearNoEvil","floor":11.0},{"not_picked":["Ragnarok","BowlingBash"],"picked":"ClearTheMind","floor":14.0},{"not_picked":["Brilliance","Ragnarok"],"picked":"Devotion","floor":16.0},{"not_picked":["ThirdEye","Vengeance"],"picked":"SashWhip+1","floor":18.0},{"not_picked":["EmptyFist","InnerPeace"],"picked":"Study","floor":22.0},{"not_picked":["BattleHymn","PathToVictory"],"picked":"CutThroughFate","floor":23.0},{"not_picked":["PathToVictory","Weave","SandsOfTime"],"picked":"SKIP","floor":24.0},{"not_picked":["MasterReality","Prostrate+1","SignatureMove+1"],"picked":"SKIP","floor":25.0},{"not_picked":["Evaluate+1","FlyingSleeves"],"picked":"Collect","floor":29.0},{"not_picked":["Prostrate+1","WreathOfFlame+1"],"picked":"Adaptation","floor":30.0},{"not_picked":["FlyingSleeves","EmptyFist+1","Evaluate"],"picked":"SKIP","floor":31.0},{"not_picked":["Judgement","Devotion"],"picked":"ConjureBlade","floor":33.0},{"not_picked":["CutThroughFate+1","Pray+1","FlurryOfBlows"],"picked":"SKIP","floor":35.0},{"not_picked":["ClearTheMind","CutThroughFate+1","FollowUp+1"],"picked":"SKIP","floor":36.0},{"not_picked":["FollowUp","Fasting2"],"picked":"Sanctity","floor":37.0},{"not_picked":["EmptyFist","EmptyBody+1","Prostrate"],"picked":"SKIP","floor":39.0},{"not_picked":["Nirvana","SignatureMove"],"picked":"Scrawl","floor":40.0},{"not_picked":["PathToVictory","LessonLearned","JustLucky+1"],"picked":"SKIP","floor":42.0},{"not_picked":["Nirvana+1","PathToVictory"],"picked":"TalkToTheHand+1","floor":45.0},{"not_picked":["PanicButton","Violence"],"picked":"Deep Breath","floor":46.0},{"not_picked":["Jack Of All Trades","Forethought"],"picked":"Panache","floor":46.0},{"not_picked":["Wallop+1","Consecrate","CutThroughFate+1"],"picked":"SKIP","floor":54}],"player_experience":71742,"relics_obtained":[{"floor":6.0,"key":"Bag of Marbles"},{"floor":8.0,"key":"Ornamental Fan"},{"floor":9.0,"key":"Shuriken"},{"floor":14.0,"key":"Anchor"},{"floor":17.0,"key":"Mummified Hand"},{"floor":17.0,"key":"MealTicket"},{"floor":17.0,"key":"Gambling Chip"},{"floor":23.0,"key":"Bronze Scales"},{"floor":25.0,"key":"Sundial"},{"floor":26.0,"key":"Juzu Bracelet"},{"floor":30.0,"key":"Dream Catcher"},{"floor":40.0,"key":"Gremlin Horn"},{"floor":42.0,"key":"Potion Belt"},{"floor":54,"key":"Strawberry"}],"event_choices":[{"damage_healed":0.0,"max_hp_gain":0.0,"max_hp_loss":0.0,"gold_gain":0.0,"event_name":"Lab","player_choice":"Got Potions","floor":3.0,"gold_loss":0.0,"damage_taken":0.0},{"damage_healed":0.0,"max_hp_gain":0.0,"max_hp_loss":0.0,"gold_gain":75.0,"event_name":"World of Goop","player_choice":"Gather Gold","floor":12.0,"gold_loss":0.0,"damage_taken":11.0},{"cards_removed":["FearNoEvil"],"damage_healed":0.0,"max_hp_gain":0.0,"max_hp_loss":0.0,"gold_gain":0.0,"event_name":"Bonfire Elementals","player_choice":"Offered Uncommon","floor":19.0,"gold_loss":0.0,"damage_taken":0.0},{"cards_removed":["WindmillStrike"],"damage_healed":0.0,"max_hp_gain":0.0,"max_hp_loss":0.0,"gold_gain":0.0,"event_name":"Beggar","player_choice":"Gave Gold","floor":27.0,"gold_loss":75.0,"damage_taken":0.0},{"damage_healed":0.0,"max_hp_gain":0.0,"max_hp_loss":0.0,"gold_gain":99.0,"event_name":"Nest","player_choice":"Stole From Cult","floor":28.0,"gold_loss":0.0,"damage_taken":0.0},{"cards_removed":["MasterReality"],"damage_healed":0.0,"max_hp_gain":0.0,"max_hp_loss":0.0,"gold_gain":0.0,"event_name":"Falling","player_choice":"Removed Power","floor":44.0,"gold_loss":0.0,"damage_taken":0.0},{"damage_healed":0.0,"max_hp_gain":0.0,"max_hp_loss":0.0,"gold_gain":0.0,"event_name":"SensoryStone","player_choice":"Memory 3","floor":46.0,"gold_loss":0.0,"damage_taken":10.0}],"is_beta":false,"boss_relics":[{"not_picked":["Ectoplasm","Fusion Hammer"],"picked":"Calling Bell"},{"not_picked":["Empty Cage","Snecko Eye"],"picked":"SlaversCollar"}],"items_purged_floors":[2,21,38],"is_endless":false,"potions_floor_spawned":[4,5,8,18,23,25,30,33,39,40,45,54],"ascension_level":1}}