{"host":"q50ttuv713gicbhz","time":1610736973,"event":{"mods":["AchievementEnabler","BaseMod","Bestiary","Minty Spire (QoL Compilation)"],"gold_per_floor":[112,112,128,138,151,180,180,211,211,224,0,20,31,55,55,157,207,226,238,238,238,238,238,272,119,119,119,119,119],"floor_reached":28,"language":"ENG","playtime":1855,"items_purged":["Defend_B"],"score":273,"play_id":"29e3718c-5c5c-41e0-9ac4-9cffd4171b96","local_time":"20210115205613","is_ascension_mode":false,"campfire_choices":[{"floor":7,"key":"REST"},{"data":"Defragment","floor":15,"key":"SMITH"},{"data":"Rainbow","floor":23,"key":"SMITH"},{"floor":27,"key":"REST"}],"circlet_count":0,"master_deck":["Strike_B","Strike_B","Defend_B","Defend_B","Defend_B","Zap","Dualcast","Streamline+1","Darkness","Auto Shields","Coolheaded","Multi-Cast","Go for the Eyes","Loop","Stack","Defragment+1","Ball Lightning","Rainbow+1","Hologram","Barrage+1","Genetic Algorithm+1","BootSequence","Multi-Cast"],"relics":["Cracked Core","GremlinMask","Vajra","PreservedInsect","Orichalcum","Lee\u0027s Waffle","Odd Mushroom","Tiny House","Shuriken","Bottled Lightning"],"acts_visited":["Exordium","TheCity"],"potions_floor_usage":[6,8,16],"damage_taken":[{"damage":8,"enemies":"Jaw Worm","floor":1,"turns":4},{"damage":1,"enemies":"Cultist","floor":3,"turns":3},{"damage":12,"enemies":"Small Slimes","floor":4,"turns":4},{"damage":3,"enemies":"3 Louse","floor":5,"turns":3},{"damage":52,"enemies":"Gremlin Nob","floor":6,"turns":6},{"damage":29,"enemies":"3 Sentries","floor":8,"turns":6},{"damage":4,"enemies":"2 Fungi Beasts","floor":10,"turns":4},{"damage":5,"enemies":"Exordium Thugs","floor":12,"turns":5},{"damage":1,"enemies":"Blue Slaver","floor":13,"turns":3},{"damage":24,"enemies":"The Mushroom Lair","floor":14,"turns":5},{"damage":10,"enemies":"Slime Boss","floor":16,"turns":9},{"damage":5,"enemies":"3 Byrds","floor":18,"turns":4},{"damage":0,"enemies":"Chosen","floor":19,"turns":5},{"damage":93,"enemies":"Gremlin Leader","floor":24,"turns":9},{"damage":4,"enemies":"Centurion and Healer","floor":28,"turns":2}],"seed_played":"4861585573469244362","potions_obtained":[{"floor":5,"key":"Fruit Juice"},{"floor":6,"key":"Weak Potion"},{"floor":8,"key":"Ancient Potion"},{"floor":13,"key":"DuplicationPotion"},{"floor":14,"key":"Strength Potion"},{"floor":17,"key":"CultistPotion"},{"floor":18,"key":"DuplicationPotion"}],"is_trial":false,"path_per_floor":["M","?","M","M","M","E","R","E","T","M","$","M","M","?","R","B",null,"M","M","?","?","?","R","E","$","T","R","M"],"character_chosen":"DEFECT","items_purchased":["Lee\u0027s Waffle","Loop","Regen Potion"],"campfire_rested":2,"item_purchase_floors":[11,11,25],"current_hp_per_floor":[74,74,73,61,58,11,37,8,8,4,94,89,88,64,64,54,99,94,94,94,94,94,94,1,1,1,30,26,26],"gold":119,"neow_bonus":"TEN_PERCENT_HP_BONUS","is_daily":false,"chose_seed":false,"campfire_upgraded":2,"win_rate":0.0,"timestamp":1610736973,"path_taken":["M","?","M","M","?","E","R","E","T","M","$","M","M","?","R","BOSS","M","M","?","?","?","R","E","$","T","R","?"],"items_purchased_type":["Relic","Card","Potion"],"build_version":"2020-12-22","purchased_purges":1,"victory":false,"max_hp_per_floor":[82,82,82,82,82,87,87,87,87,87,94,94,94,94,94,94,99,99,99,99,99,99,99,99,99,99,99,99,99],"card_choices":[{"not_picked":["Redo","Hologram"],"picked":"Streamline","floor":1},{"not_picked":["Redo","Streamline"],"picked":"Darkness","floor":3},{"not_picked":["Steam","Stack"],"picked":"Auto Shields","floor":4},{"not_picked":["FTL","Storm"],"picked":"Coolheaded","floor":5},{"not_picked":["Seek","Leap"],"picked":"Multi-Cast","floor":6},{"not_picked":["Fusion","Blizzard"],"picked":"Go for the Eyes","floor":8},{"not_picked":["Cold Snap","Steam","Chaos"],"picked":"SKIP","floor":10},{"not_picked":["Fusion","Aggregate"],"picked":"Stack","floor":12},{"not_picked":["Cold Snap","Barrage"],"picked":"Defragment","floor":13},{"not_picked":["Aggregate","Chaos"],"picked":"Ball Lightning","floor":14},{"not_picked":["Multi-Cast","Amplify"],"picked":"Rainbow","floor":16},{"not_picked":["Cold Snap","Reinforced Body"],"picked":"Hologram","floor":17},{"not_picked":["Ball Lightning","Gash"],"picked":"Barrage+1","floor":18},{"not_picked":["Rebound","Beam Cell+1"],"picked":"Genetic Algorithm+1","floor":19},{"not_picked":["Steam","Go for the Eyes","Chill"],"picked":"SKIP","floor":24}],"player_experience":88959,"relics_obtained":[{"floor":6,"key":"Vajra"},{"floor":8,"key":"PreservedInsect"},{"floor":9,"key":"Orichalcum"},{"floor":14,"key":"Odd Mushroom"},{"floor":24,"key":"Shuriken"},{"floor":26,"key":"Bottled Lightning"}],"event_choices":[{"damage_healed":0,"gold_gain":0,"player_choice":"Trade","damage_taken":0,"relics_obtained":["GremlinMask"],"max_hp_gain":0,"max_hp_loss":0,"event_name":"FaceTrader","floor":2,"gold_loss":0},{"damage_healed":0,"gold_gain":0,"player_choice":"Fought Mushrooms","damage_taken":0,"max_hp_gain":0,"max_hp_loss":0,"event_name":"Mushrooms","floor":14,"gold_loss":0},{"damage_healed":0,"gold_gain":0,"cards_transformed":["Strike_B","Strike_B"],"player_choice":"Became Test Subject","damage_taken":0,"max_hp_gain":0,"max_hp_loss":0,"event_name":"Drug Dealer","floor":20,"gold_loss":0,"cards_obtained":["Reboot","BootSequence"]},{"damage_healed":0,"gold_gain":0,"player_choice":"Ignored","damage_taken":0,"max_hp_gain":0,"max_hp_loss":0,"event_name":"Vampires","floor":21,"gold_loss":0},{"damage_healed":0,"gold_gain":0,"cards_transformed":["Reboot"],"player_choice":"Transformed","damage_taken":0,"max_hp_gain":0,"max_hp_loss":0,"event_name":"Transmorgrifier","floor":22,"gold_loss":0,"cards_obtained":["Multi-Cast"]}],"is_beta":false,"boss_relics":[{"not_picked":["SlaversCollar","Black Star"],"picked":"Tiny House"}],"items_purged_floors":[25],"is_endless":false,"potions_floor_spawned":[5,6,8,13,14,18],"killed_by":"Centurion and Healer","ascension_level":0}}