{"host":"Rowan","time":1610683059,"event":{"mods":["BaseMod","Minty Spire (QoL Compilation)"],"gold_per_floor":[117,38,56,67,82,109,109,72,72,37,37,113,113,124,124,222,222,222,222],"floor_reached":18,"language":"ENG","playtime":817,"items_purged":[],"score":160,"play_id":"ce2404d6-bcbb-4d32-ade6-a7378ddfdfea","local_time":"20210114195739","is_ascension_mode":false,"campfire_choices":[{"floor":7,"key":"RECALL"},{"data":"Bouncing Flask","floor":11,"key":"SMITH"},{"data":"Catalyst","floor":15,"key":"SMITH"}],"circlet_count":0,"master_deck":["Strike_G","Strike_G","Strike_G","Strike_G","Strike_G","Defend_G","Defend_G","Defend_G","Defend_G","Defend_G","Survivor","Neutralize","Terror","Footwork","Sucker Punch","Dash","Bouncing Flask+1","Acrobatics","Caltrops","Catalyst+1","Burst"],"relics":["HoveringKite","Meat on the Bone","Shuriken","SlaversCollar"],"acts_visited":["Exordium","TheCity"],"potions_floor_usage":[6,16],"damage_taken":[{"damage":0,"enemies":"2 Louse","floor":1,"turns":4},{"damage":0,"enemies":"Jaw Worm","floor":3,"turns":5},{"damage":0,"enemies":"Small Slimes","floor":4,"turns":3},{"damage":4,"enemies":"3 Louse","floor":5,"turns":5},{"damage":38,"enemies":"Gremlin Nob","floor":6,"turns":5},{"damage":3,"enemies":"2 Fungi Beasts","floor":14,"turns":4},{"damage":28,"enemies":"Slime Boss","floor":16,"turns":12},{"damage":31,"enemies":"Spheric Guardian","floor":18,"turns":6}],"seed_played":"-7388559614896264908","potions_obtained":[{"floor":4,"key":"ColorlessPotion"},{"floor":5,"key":"Ancient Potion"},{"floor":16,"key":"DuplicationPotion"}],"is_trial":false,"path_per_floor":["M","$","M","M","M","E","R","$","T","?","R","?","?","M","R","B",null,"M"],"character_chosen":"THE_SILENT","items_purchased":["Footwork","Caltrops"],"campfire_rested":0,"item_purchase_floors":[2,8],"current_hp_per_floor":[70,70,70,70,66,28,28,28,28,45,45,45,45,42,42,26,70,39,39],"gold":222,"neow_bonus":"BOSS_RELIC","is_daily":false,"chose_seed":false,"campfire_upgraded":2,"win_rate":0.0,"timestamp":1610683059,"path_taken":["M","$","M","M","M","E","R","$","T","?","R","?","?","M","R","BOSS","M"],"items_purchased_type":["Card","Card"],"build_version":"2020-12-18","purchased_purges":0,"victory":false,"max_hp_per_floor":[70,70,70,70,70,70,70,70,70,70,70,70,70,70,70,70,70,70,70],"card_choices":[{"not_picked":["Prepared","Deflect"],"picked":"Terror","floor":1},{"not_picked":["Underhanded Strike","Backflip"],"picked":"Sucker Punch","floor":3},{"not_picked":["Endless Agony","Cloak And Dagger"],"picked":"Dash","floor":4},{"not_picked":["Flying Knee","Prepared"],"picked":"Bouncing Flask","floor":5},{"not_picked":["Dagger Throw","Infinite Blades"],"picked":"Acrobatics","floor":6},{"not_picked":["Blade Dance","Endless Agony"],"picked":"Catalyst","floor":14},{"not_picked":["Malaise","Glass Knife"],"picked":"Burst","floor":16}],"player_experience":381085,"relics_obtained":[{"floor":6,"key":"Meat on the Bone"}],"event_choices":[{"damage_healed":17,"gold_gain":0,"player_choice":"Healed","damage_taken":0,"max_hp_gain":0,"max_hp_loss":0,"event_name":"The Cleric","floor":10,"gold_loss":35},{"damage_healed":0,"gold_gain":76,"player_choice":"Gained Gold","damage_taken":0,"max_hp_gain":0,"max_hp_loss":0,"event_name":"Golden Wing","floor":12,"gold_loss":0},{"damage_healed":0,"gold_gain":0,"player_choice":"Searched \u00272\u0027 times","damage_taken":0,"relics_obtained":["Shuriken"],"max_hp_gain":0,"max_hp_loss":0,"event_name":"Dead Adventurer","floor":13,"gold_loss":0}],"is_beta":true,"boss_relics":[{"not_picked":["WristBlade","Philosopher\u0027s Stone"],"picked":"SlaversCollar"}],"items_purged_floors":[],"is_endless":false,"potions_floor_spawned":[4,5,16],"killed_by":"Spheric Guardian","ascension_level":0}}