{"host":"ueaeb6fe0hvwaqzf","time":1610736789,"event":{"mods":["2.2 Compatiblity","AchievementEnabler","Act Like it!","Ascension Reborn","Aspiration","BaseMod","BetterRewards","Clawfect","Colored Map","Colored Powertips","Conspire","Defuse TimeMaze Blight","Downfall","Energized Spire","GifTheSpireLib","GungeonMod","Hallownest","Highlight Path","Hubris","Infinite Spire","Koishi","Marisa????????","Mimic Mod","Minty Spire (QoL Compilation)","Pale of the Ancients","Permanent Neow","Quick Restart","Random Character Button","Remilia??????","Replay The Spire","StSLib","Stuff the Spire","Td1madao Mod","The Bug Knight","The Disciple","The IronCluck","The Servant 0.9.4","slay the spire mod where everything is the same but ironclad has a cowboy hat"],"gold_per_floor":[113,113,132,143,154,184,184,197,224,110,110,110,138,156,156,254,254,265,275,374,334,334,369,369,385,385,403,403,420,420,420,431,466,466,562,562,577,577,632,579,595,626,373,400,424,424,449,469,485,499,499,499,499,516,516,567,567,586,586,22,22,22,22],"floor_reached":62,"language":"ENG","playtime":2680,"items_purged":["EquivalentExchange","Strike_RM"],"score":1137,"play_id":"8805d498-d017-43f6-b765-58e09ff80ed7","local_time":"20210115185309","is_ascension_mode":true,"campfire_choices":[{"data":"Deadly Poison","floor":7,"key":"SMITH"},{"data":"hexamod:Firestarter","floor":12,"key":"SMITH"},{"data":"hexamod:Firestarter","floor":15,"key":"SMITH"},{"data":"Poisoned Stab","floor":24,"key":"SMITH"},{"floor":28,"key":"REST"},{"data":"MiserableFate","floor":34,"key":"SMITH"},{"data":"StuffTheSpire:BrainWave","floor":46,"key":"SMITH"},{"data":"RedMoon","floor":51,"key":"SMITH"},{"data":"Stigmanizer","floor":57,"key":"SMITH"},{"data":"GlobalNightmare","floor":59,"key":"SMITH"}],"circlet_count":0,"master_deck":["Strike_RM","Strike_RM","Defend_RM","Defend_RM","Defend_RM","Defend_RM","RedMoon+1","ScarletShoot","Stigmanizer+1","Poisoned Stab+1","GlobalNightmare+1","Deadly Poison+1","GlobalNightmare","hexamod:Firestarter+1","hexamod:Firestarter+1","Phantasmal Killer+1","ScarletDream+1","MiserableFate+1","AbeCurse","StuffTheSpire:BrainWave+1","BombardNight+1","Stigmanizer+1","EternalNight+1","BombardNight","BloodAndWine+1"],"relics":["ScarletHat","aspiration:Nostalgia","m_HexaRing","hubris:SlimyHat","DemoMod:ClearGuonStone","FaceOfCleric","HollowMod:LifeEnderRelic","aspiration:PoetsPen_weak","hubris:HerbalPaste","HollowMod:PaleOreRelic","aspiration:DSix","DemoMod:PinkGuonStone","Abe\u0027s Treasure","TungstenRod","StuffTheSpire:GrapeVine","StuffTheSpire:Tea","Pear","DemoMod:Antibody","Blue Doll","ReplayTheSpireMod:Lightbulb","paleoftheancients:Timepiece","paleoftheancients:KeyRelic","Letter Opener","paleoftheancients:SoulOfTheCollector","StuffTheSpire:Experiment12","infinitespire:CheckeredPen","ReplayTheSpireMod:TigerMarble"],"acts_visited":["Exordium","TheCity","TheBeyond","TheBeyond"],"potions_floor_usage":[14,16,25,35,52,54,62,62],"damage_taken":[{"damage":0,"enemies":"2 Louse","floor":1,"turns":2},{"damage":0,"enemies":"Cultist","floor":3,"turns":5},{"damage":0,"enemies":"Jaw Worm","floor":4,"turns":3},{"damage":0,"enemies":"Large Slime","floor":5,"turns":5},{"damage":3,"enemies":"Lagavulin","floor":6,"turns":8},{"damage":3,"enemies":"Lots of Slimes","floor":8,"turns":4},{"damage":0,"enemies":"Replay:BlueRogue","floor":13,"turns":5},{"damage":0,"enemies":"Blue Slaver","floor":14,"turns":3},{"damage":31,"enemies":"Hexaghost","floor":16,"turns":9},{"damage":17,"enemies":"3 Byrds","floor":18,"turns":5},{"damage":0,"enemies":"Centurion and Healer","floor":19,"turns":4},{"damage":24,"enemies":"Gremlin Leader","floor":23,"turns":2},{"damage":3,"enemies":"conspire:HollyBat","floor":25,"turns":6},{"damage":14,"enemies":"Snake Plant","floor":27,"turns":2},{"damage":6,"enemies":"Shelled Parasite and Fungi","floor":29,"turns":4},{"damage":6,"enemies":"Centurion and Healer","floor":32,"turns":6},{"damage":16,"enemies":"conspire:SneckoGhost","floor":33,"turns":6},{"damage":43,"enemies":"Collector","floor":35,"turns":7},{"damage":0,"enemies":"Orb Walker","floor":37,"turns":3},{"damage":12,"enemies":"2 Orb Walkers","floor":39,"turns":4},{"damage":4,"enemies":"3 Darklings","floor":41,"turns":6},{"damage":1,"enemies":"Reptomancer","floor":42,"turns":3},{"damage":19,"enemies":"R_Hoarder","floor":44,"turns":7},{"damage":3,"enemies":"Giant Head","floor":47,"turns":5},{"damage":0,"enemies":"Sphere and 2 Shapes","floor":48,"turns":1},{"damage":14,"enemies":"Jaw Worm Horde","floor":49,"turns":4},{"damage":6,"enemies":"3 Darklings","floor":50,"turns":3},{"damage":33,"enemies":"hubris:GrandSnecko","floor":52,"turns":6},{"damage":123,"enemies":"hubris:GrandSnecko","floor":53,"turns":7},{"damage":78,"enemies":"hubris:GrandSnecko","floor":54,"turns":7},{"damage":53,"enemies":"hubris:GrandSnecko","floor":58,"turns":5},{"damage":176,"enemies":"paleoftheancients:N","floor":62,"turns":10}],"seed_played":"1905674513343512391","potions_obtained":[{"floor":3,"key":"SkillPotion"},{"floor":4,"key":"sneckomod:MuddlingPotion"},{"floor":6,"key":"Swift Potion"},{"floor":14,"key":"Swift Potion"},{"floor":18,"key":"Venom Potion"},{"floor":23,"key":"AttackPotion"},{"floor":25,"key":"BlessingOfTheForge"},{"floor":27,"key":"DemoMod:LeadSkinPotion"},{"floor":35,"key":"SteroidPotion"},{"floor":39,"key":"Weak Potion"},{"floor":44,"key":"EssenceOfSteel"},{"floor":58,"key":"champ:CounterPotion"}],"is_trial":false,"path_per_floor":["M","?","M","M","M","E","R","M","T","$","?","R","E","M","R","B",null,"M","M","?","?","AVR","E","R","M","T","M","R","M","PTL","PTL","M","E","R_BF","B",null,"M","?","?","?","M","E","$","E","T","R","E","M","M","M","R","B","M","M","?","T","R","M","R","$","?","B"],"character_chosen":"REMILIA","items_purchased":["hexamod:Firestarter","Pear","BombardNight","BloodAndWine+1","infinitespire:CheckeredPen","ReplayTheSpireMod:TigerMarble"],"campfire_rested":1,"item_purchase_floors":[10,43,60,60,60,60],"current_hp_per_floor":[75,75,75,75,75,72,72,71,71,71,71,71,73,74,74,48,78,62,64,64,64,64,46,46,51,51,43,67,73,73,73,80,80,80,46,94,95,86,87,87,84,89,99,81,81,81,101,102,99,99,99,105,106,79,79,79,79,108,108,108,108,0,0],"gold":22,"neow_bonus":"NOSTALGIA","is_daily":false,"chose_seed":false,"campfire_upgraded":9,"win_rate":0.0,"timestamp":1610736789,"path_taken":["M","?","?","M","M","E","R","M","T","$","?","R","E","M","R","BOSS","M","?","?","?","AVR","E","R","M","T","M","R","M","PTL","PTL","?","E","R_BF","BOSS","M","?","?","?","M","E","$","E","T","R","E","M","?","M","R","BOSS","M","M","?","T","R","M","R","$","?","BOSS"],"items_purchased_type":["Card","Relic","Card","Card","Relic","Relic"],"build_version":"2020-12-22","purchased_purges":2,"victory":false,"max_hp_per_floor":[75,75,75,75,75,75,75,75,75,75,75,75,76,77,77,78,78,79,80,80,80,80,81,81,82,82,83,83,84,84,84,85,93,93,94,94,95,86,87,87,88,89,99,100,100,100,101,102,103,104,104,105,106,107,107,107,107,108,108,108,108,108,108],"card_choices":[{"not_picked":["MastersStateliness","ScarletImprint"],"picked":"Stigmanizer","floor":1},{"not_picked":["MillenniumVampire","UnderTheZenith"],"picked":"Poisoned Stab","floor":3},{"not_picked":["LeisurelyOfLord","HunterOfTheNight"],"picked":"GlobalNightmare","floor":4},{"not_picked":["UnderTheZenith","hexamod:ThermalTransfer"],"picked":"Deadly Poison","floor":5},{"not_picked":["EmergencyRegeneration","RedMagic","Wraith Form v2"],"picked":"SKIP","floor":6},{"not_picked":["ScarletDevil","TwelveNightmare"],"picked":"GlobalNightmare","floor":8},{"not_picked":["Septette","ScarletNetherworld","BombardNight"],"picked":"SKIP","floor":13},{"not_picked":["BloodHunter","NightDance","VampireClaw"],"picked":"SKIP","floor":14},{"not_picked":["QueenOfMidnight","BatForm"],"picked":"Phantasmal Killer","floor":16},{"not_picked":["StarOfDavid","BlasphemousPunishment","BadLadyScramble"],"picked":"SKIP","floor":18},{"not_picked":["BloodyTrap","FavorOfDestiny"],"picked":"ScarletDream+1","floor":19},{"not_picked":["UltimateOffering","VampireKiss","BloodyTrap"],"picked":"SKIP","floor":23},{"not_picked":["BloodyHallows","Ultimatum"],"picked":"MiserableFate","floor":25},{"not_picked":["VampirishNight","EmergencyRegeneration","UnderTheZenith"],"picked":"SKIP","floor":27},{"not_picked":["RedRainbow","BloodHunter","UnderTheZenith"],"picked":"SKIP","floor":29},{"not_picked":["UnderTheZenith","ScarletDevil+1","TwelveNightmare"],"picked":"SKIP","floor":32},{"not_picked":["AfternoonTea","ForbiddenFruit","FavorOfDestiny"],"picked":"SKIP","floor":33},{"not_picked":["NightDance+1","MastersStateliness+1","BlasphemousPunishment"],"picked":"SKIP","floor":37},{"not_picked":["ScarletDream+1","RedRainbow+1","BloodRain"],"picked":"SKIP","floor":41},{"not_picked":["RedMagic","MiserableFate+1","EndlessAdversity"],"picked":"SKIP","floor":42},{"not_picked":["EternalNight+1","UltimateOffering+1","ScarletImprint"],"picked":"SKIP","floor":44},{"not_picked":["BlasphemousPunishment+1","MastersStateliness+1","RedNightlessCastle"],"picked":"SKIP","floor":47},{"not_picked":["StarOfDavid","BloodyMagicSquare+1"],"picked":"BombardNight+1","floor":48},{"not_picked":["FavorOfDestiny","AfternoonTea+1","BloodySeventeenLaser"],"picked":"SKIP","floor":49},{"not_picked":["MastersStateliness+1","VampirishNight+1"],"picked":"Stigmanizer+1","floor":50},{"not_picked":["TwelveNightmare","EndlessAdversity","RedRainbow"],"picked":"SKIP","floor":54},{"not_picked":["StarOfDavid","DiffusionOfMisfortune"],"picked":"EternalNight+1","floor":58}],"player_experience":229927,"relics_obtained":[{"floor":6,"key":"hubris:SlimyHat"},{"floor":9,"key":"DemoMod:ClearGuonStone"},{"floor":13,"key":"HollowMod:LifeEnderRelic"},{"floor":23,"key":"HollowMod:PaleOreRelic"},{"floor":26,"key":"aspiration:DSix"},{"floor":33,"key":"DemoMod:PinkGuonStone"},{"floor":39,"key":"TungstenRod"},{"floor":42,"key":"StuffTheSpire:Tea"},{"floor":44,"key":"DemoMod:Antibody"},{"floor":45,"key":"Blue Doll"},{"floor":47,"key":"ReplayTheSpireMod:Lightbulb"},{"floor":54,"key":"paleoftheancients:SoulOfTheCollector"},{"floor":56,"key":"StuffTheSpire:Experiment12"}],"event_choices":[{"damage_healed":0,"gold_gain":0,"cards_transformed":["Strike_RM"],"player_choice":"Transformed","damage_taken":0,"max_hp_gain":0,"max_hp_loss":0,"event_name":"Transmorgrifier","floor":2,"gold_loss":0,"cards_obtained":["EquivalentExchange"]},{"damage_healed":0,"gold_gain":0,"player_choice":"Trade","damage_taken":0,"relics_obtained":["FaceOfCleric"],"max_hp_gain":0,"max_hp_loss":0,"event_name":"FaceTrader","floor":11,"gold_loss":0},{"damage_healed":0,"gold_gain":99,"player_choice":"Stole From Cult","damage_taken":0,"max_hp_gain":0,"max_hp_loss":0,"event_name":"Nest","floor":20,"gold_loss":0},{"damage_healed":0,"gold_gain":0,"player_choice":"Upgrade","damage_taken":0,"max_hp_gain":0,"max_hp_loss":0,"event_name":"Designer","floor":21,"gold_loss":40,"cards_upgraded":["Phantasmal Killer"]},{"damage_healed":0,"gold_gain":0,"player_choice":"Fight","damage_taken":0,"max_hp_gain":0,"max_hp_loss":0,"event_name":"Mysterious Sphere","floor":39,"gold_loss":0},{"damage_healed":0,"gold_gain":0,"player_choice":"Paid Gold","damage_taken":0,"relics_obtained":["StuffTheSpire:GrapeVine"],"max_hp_gain":0,"max_hp_loss":0,"event_name":"WeMeetAgain","floor":40,"gold_loss":53},{"damage_healed":0,"gold_gain":0,"player_choice":"Leave","damage_taken":0,"max_hp_gain":0,"max_hp_loss":0,"event_name":"conspire:Investor","floor":55,"gold_loss":0}],"is_beta":false,"boss_relics":[{"not_picked":["aspiration:SecretTechniqueScroll","Runic Pyramid"],"picked":"aspiration:PoetsPen_weak"},{"not_picked":["Astrolabe","hubris:HollowSoul"],"picked":"Abe\u0027s Treasure"}],"items_purged_floors":[10,60],"is_endless":false,"potions_floor_spawned":[3,4,6,14,18,23,25,27,35,39,41,44,48,50,58],"killed_by":"paleoftheancients:N","ascension_level":1}}