{"host":"hbmugw1tcdgjy91l","time":1610693927,"event":{"mods":["Act Like it!","Arknights The Spire","BaseMod","Downfall","Gensokyo","Gremlin Mod","GungeonMod","Lobotomy","LobotomyExtend","Mari Mod (Legacy)","Mari\u0027s V1 Patch","Minty Spire (QoL Compilation)","Pale of the Ancients","Prisma Mod","READ ME - Guardian Mod","Replay The Spire","StSLib","TestMod","WarShipGirlsR/战舰少女R mod","vexMod","【功能Mod】混沌之环修复补丁"],"gold_per_floor":[112,33,53,133,133,133,133,163,163,197,246,2,21,41,68,84,84,194,194,209,220,14,27,27,64,14,14,14,14,29,39,67,83,83,187,187,205,165,182,204,228,228,228,228,276,187,187,240,252,279,338,343,366,385,385,84,84,103,103,24,24,24],"floor_reached":63,"language":"ZHS","playtime":4523,"items_purged":["Delirium","DemoMod:Strike_Huntress","Normality"],"score":1585,"play_id":"39b85e7f-5945-49b2-915d-1371b4ea5100","local_time":"20210115145847","is_ascension_mode":true,"campfire_choices":[{"data":"DemoMod:Polaris","floor":9.0,"key":"SMITH"},{"floor":17.0,"key":"REST"},{"data":"DemoMod:Behold!","floor":27.0,"key":"SMITH"},{"data":"DemoMod:ChanceBullets","floor":34.0,"key":"SMITH"},{"data":"DemoMod:HungryBullets","floor":42.0,"key":"SMITH"},{"data":"DemoMod:SniperShot","floor":47.0,"key":"SMITH"},{"floor":57.0,"key":"RECALL"},{"data":"DemoMod:PotionOfGunFriendShip","floor":59.0,"key":"SMITH"}],"circlet_count":0,"master_deck":["DemoMod:Strike_Huntress+1","DemoMod:Strike_Huntress+1","DemoMod:Defend_Huntress+1","DemoMod:Defend_Huntress+1","DemoMod:Defend_Huntress+1","DemoMod:Defend_Huntress+1","DemoMod:Roll","DemoMod:ManualReload+1","DemoMod:CrossBow+1","DemoMod:TeaPot","DemoMod:ChanceBullets+1","DemoMod:Polaris+1","DemoMod:HungryBullets+1","DemoMod:BulletBore+1","DemoMod:TableSutra+1","DemoMod:MachoBrace+1","DemoMod:PotionOfGunFriendShip+1","DemoMod:MachoBrace+1","DemoMod:Unmoved","DemoMod:BlankBullets+1","DemoMod:HardPowerCard","DemoMod:SniperShot+1","DemoMod:CursedBullets","DemoMod:Behold!+1","DemoMod:TableSutra+1","DemoMod:Eureka","DemoMod:BalloonGun","testmod-TemporaryDeletion+1","DemoMod:Elimentaler","DemoMod:ConditionalReflex+1","DemoMod:CombinedRifle+1"],"relics":["DemoMod:Dog","testmod-TestBox","Vajra","testmod-AssaultLearning","LetterFromLob","testmod-RainbowHikingShoes","testmod-OneHitWonder","Blue Doll","Membership Card","DemoMod:GnawedKey","Strawberry","Guide Book","Bag of Preparation","NeowsBlessing","testmod-RealStoneCalender","Velvet Choker","Ring of Hypnosis","Ring of Fury","Toy Ornithopter","vexMod:MemoryStick","testmod-LifeArmor","paleoftheancients:Timepiece","paleoftheancients:KeyRelic","CultistMask","paleoftheancients:SoulOfTheSilent","vexMod:GhostlyGear","testmod-HeartOfStrike","Bag of Marbles","vexMod:TimeEaterHat"],"acts_visited":["Exordium","TheCity","TheBeyond","paleoftheancients:PaleOfTheAncients"],"potions_floor_usage":[62],"damage_taken":[{"damage":3.0,"enemies":"Small Slimes","floor":1.0,"turns":4.0},{"damage":0.0,"enemies":"2 Louse","floor":3.0,"turns":2.0},{"damage":27.0,"enemies":"Gremlin Nob","floor":8.0,"turns":5.0},{"damage":22.0,"enemies":"3 Sentries","floor":10.0,"turns":7.0},{"damage":0.0,"enemies":"Cultist","floor":13.0,"turns":2.0},{"damage":0.0,"enemies":"3 Louse","floor":14.0,"turns":3.0},{"damage":7.0,"enemies":"Gremlin Nob","floor":15.0,"turns":4.0},{"damage":6.0,"enemies":"Exordium Thugs","floor":16.0,"turns":4.0},{"damage":14.0,"enemies":"The Guardian","floor":18.0,"turns":9.0},{"damage":25.0,"enemies":"2 Thieves","floor":20.0,"turns":5.0},{"damage":12.0,"enemies":"Shell Parasite","floor":21.0,"turns":10.0},{"damage":0.0,"enemies":"Snake Plant","floor":23.0,"turns":3.0},{"damage":0.0,"enemies":"Gremlin Leader","floor":25.0,"turns":5.0},{"damage":0.0,"enemies":"Cultist and Chosen","floor":30.0,"turns":1.0},{"damage":0.0,"enemies":"Shelled Parasite and Fungi","floor":31.0,"turns":2.0},{"damage":0.0,"enemies":"Slavers","floor":32.0,"turns":1.0},{"damage":0.0,"enemies":"Snecko","floor":33.0,"turns":1.0},{"damage":0.0,"enemies":"Automaton","floor":35.0,"turns":6.0},{"damage":1.0,"enemies":"3 Darklings","floor":37.0,"turns":4.0},{"damage":0.0,"enemies":"Orb Walker","floor":39.0,"turns":2.0},{"damage":10.0,"enemies":"4 Shapes","floor":40.0,"turns":3.0},{"damage":0.0,"enemies":"Transient","floor":41.0,"turns":5.0},{"damage":0.0,"enemies":"R_Hoarder","floor":48.0,"turns":3.0},{"damage":0.0,"enemies":"Jaw Worm Horde","floor":49.0,"turns":2.0},{"damage":0.0,"enemies":"Nemesis","floor":50.0,"turns":3.0},{"damage":12.0,"enemies":"Time Eater","floor":52.0,"turns":6.0},{"damage":12.0,"enemies":"Time Eater","floor":53.0,"turns":8.0},{"damage":28.0,"enemies":"Time Eater","floor":54.0,"turns":9.0},{"damage":8.0,"enemies":"Time Eater","floor":58.0,"turns":8.0},{"damage":123,"enemies":"paleoftheancients:N","floor":62,"turns":14}],"seed_played":"8095676587590024226","potions_obtained":[{"floor":1.0,"key":"SpeedPotion"},{"floor":3.0,"key":"testmod-TestPotion"},{"floor":13.0,"key":"Fire Potion"},{"floor":14.0,"key":"Fire Potion"},{"floor":21.0,"key":"Block Potion"},{"floor":23.0,"key":"BlessingOfTheForge"},{"floor":31.0,"key":"Elixir"},{"floor":37.0,"key":"Languid Potion"},{"floor":51.0,"key":"LifebloodPotion"},{"floor":51.0,"key":"AttackPotion"},{"floor":51.0,"key":"Energy Potion"},{"floor":58.0,"key":"Elixir"}],"is_trial":false,"path_per_floor":["M","$","M","?","PTL","PTL","?","E","R","E","T","$","M","M","E","M","R","B",null,"M","M","$","M","?","E","$","R","T","?","M","M","E","M","R","B",null,"M","?","M","M","M","R","?","?","T","$","R","E","M","E","R","B","M","M","?","$","R","M","R","$","?","B",null],"character_chosen":"HUNTRESS","items_purchased":["DemoMod:ChanceBullets","Membership Card","DemoMod:GnawedKey","DemoMod:TableSutra","Guide Book","DemoMod:CursedBullets","DemoMod:Behold!","testmod-TemporaryDeletion+1","vexMod:GhostlyGear","testmod-HeartOfStrike","Bag of Marbles","vexMod:TimeEaterHat"],"campfire_rested":1,"item_purchase_floors":[2,12,12,12,22,22,22,46,56,56,56,60],"current_hp_per_floor":[67,67,67,67,67,67,70,43,43,21,21,21,21,21,21,15,38,24,77,52,40,40,40,40,40,40,40,40,40,40,40,40,40,40,40,77,76,76,76,66,66,66,66,73,73,73,73,73,73,73,54,80,74,51,51,51,51,45,45,45,45,9],"gold":24,"neow_bonus":"RANDOM_COMMON_RELIC","is_daily":false,"chose_seed":false,"campfire_upgraded":6,"win_rate":0.0,"timestamp":1610693927,"path_taken":["M","$","M","?","PTL","PTL","?","E","R","E","T","$","M","M","E","M","R","BOSS","M","M","$","M","?","E","?","R","T","?","M","M","E","M","R","BOSS","M","?","?","?","M","R","?","?","T","?","R","E","?","E","R","BOSS","M","M","?","$","R","M","R","$","?","BOSS"],"items_purchased_type":["Card","Relic","Relic","Card","Relic","Card","Card","Card","Relic","Relic","Relic","Relic"],"build_version":"2020-12-22","purchased_purges":3,"victory":true,"max_hp_per_floor":[70,70,70,70,70,70,70,70,70,70,70,70,70,70,77,77,77,77,77,77,77,77,77,77,77,77,77,77,77,77,77,77,77,77,77,77,77,77,77,77,77,77,77,77,77,77,77,77,77,77,77,80,80,80,80,80,80,80,80,80,80,80],"card_choices":[{"not_picked":["DemoMod:BattleInHaste","DemoMod:HungryBullets"],"picked":"DemoMod:TeaPot","floor":1.0},{"not_picked":["DemoMod:HardPowerCard","DemoMod:DirectionalPad"],"picked":"DemoMod:Polaris","floor":3.0},{"not_picked":["DemoMod:Unity","DemoMod:AbyssalTentacle"],"picked":"DemoMod:HungryBullets","floor":8.0},{"not_picked":["DemoMod:Ejector","DemoMod:StickyCrossBow","DemoMod:DoubleSwitch"],"picked":"SKIP","floor":8.0},{"not_picked":["DemoMod:JK47","DemoMod:Polaris"],"picked":"DemoMod:BulletBore","floor":10.0},{"not_picked":["DemoMod:HardPowerCard","DemoMod:Unmoved"],"picked":"DemoMod:MachoBrace","floor":13.0},{"not_picked":["DemoMod:HungryBullets","DemoMod:ConditionalReflex"],"picked":"DemoMod:PotionOfGunFriendShip","floor":14.0},{"not_picked":["DemoMod:ThirdPartyController","DemoMod:Unity"],"picked":"DemoMod:MachoBrace","floor":15.0},{"not_picked":["DemoMod:MachoBrace","DemoMod:JK47"],"picked":"DemoMod:Unmoved","floor":16.0},{"not_picked":["DemoMod:ThirdPartyController","DemoMod:Elimentaler"],"picked":"DemoMod:BlankBullets","floor":18.0},{"not_picked":["DemoMod:GunstockTap","DemoMod:HighKaliber"],"picked":"DemoMod:HardPowerCard","floor":20.0},{"not_picked":["DemoMod:HardPowerCard","DemoMod:MachoBrace"],"picked":"DemoMod:SniperShot","floor":21.0},{"not_picked":["DemoMod:MegaHand","DemoMod:PracticeMakesPerfect"],"picked":"DemoMod:TableSutra","floor":23.0},{"not_picked":["DemoMod:AbyssalTentacle","DemoMod:BSG","DemoMod:HighKaliber"],"picked":"SKIP","floor":25.0},{"not_picked":["DemoMod:SkilledReload","DemoMod:AC15","DemoMod:BattleInHaste"],"picked":"SKIP","floor":30.0},{"not_picked":["DemoMod:StickyCrossBow","DemoMod:SAA","DemoMod:JK47+1"],"picked":"SKIP","floor":31.0},{"not_picked":["DemoMod:ConditionalReflex","DemoMod:DoubleSwitch"],"picked":"DemoMod:Eureka","floor":32.0},{"not_picked":["DemoMod:BoxingGlove","DemoMod:Unity","DemoMod:DirectionalPad+1"],"picked":"SKIP","floor":33.0},{"not_picked":["DemoMod:DarkMarker","DemoMod:Desperate"],"picked":"DemoMod:BalloonGun","floor":35.0},{"not_picked":["DemoMod:GunShield+1","DemoMod:HuntsMan","DemoMod:Evolver"],"picked":"SKIP","floor":37.0},{"not_picked":["DemoMod:SpreadAmmo+1","DemoMod:BattleInHaste","DemoMod:Polaris"],"picked":"SKIP","floor":39.0},{"not_picked":["DemoMod:MachoBrace","DemoMod:Ejector+1","DemoMod:SAA+1"],"picked":"SKIP","floor":40.0},{"not_picked":["DemoMod:HuntsMan+1","DemoMod:RadGun+1","DemoMod:DirectionalPad"],"picked":"SKIP","floor":41.0},{"not_picked":["DemoMod:JK47+1","DemoMod:GunstockTap"],"picked":"DemoMod:Elimentaler","floor":48.0},{"not_picked":["DemoMod:HighKaliber+1","DemoMod:Rummage+1"],"picked":"DemoMod:ConditionalReflex+1","floor":49.0},{"not_picked":["DemoMod:JK47+1","DemoMod:DirectionalPad+1","DemoMod:DoubleSwitch+1"],"picked":"SKIP","floor":50.0},{"not_picked":["DemoMod:StickyCrossBow","DemoMod:MachoBrace","DemoMod:Polaris"],"picked":"SKIP","floor":53.0},{"not_picked":["DemoMod:ConditionalReflex+1","DemoMod:HardPowerCard","DemoMod:EasyReloadBullets"],"picked":"SKIP","floor":54.0},{"not_picked":["DemoMod:AC15","DemoMod:TripleGun+1"],"picked":"DemoMod:CombinedRifle+1","floor":58.0}],"player_experience":432589,"relics_obtained":[{"floor":1.0,"key":"LetterFromLob"},{"floor":8.0,"key":"testmod-RainbowHikingShoes"},{"floor":10.0,"key":"testmod-OneHitWonder"},{"floor":11.0,"key":"Blue Doll"},{"floor":15.0,"key":"Strawberry"},{"floor":25.0,"key":"Bag of Preparation"},{"floor":32.0,"key":"testmod-RealStoneCalender"},{"floor":43.0,"key":"Ring of Hypnosis"},{"floor":43.0,"key":"Ring of Fury"},{"floor":45.0,"key":"Toy Ornithopter"},{"floor":48.0,"key":"vexMod:MemoryStick"},{"floor":50.0,"key":"testmod-LifeArmor"},{"floor":54.0,"key":"paleoftheancients:SoulOfTheSilent"}],"event_choices":[{"cards_removed":["DemoMod:RustySidearm"],"damage_healed":0.0,"max_hp_gain":0.0,"max_hp_loss":0.0,"gold_gain":0.0,"event_name":"Bonfire Elementals","player_choice":"Offered Basic","floor":24.0,"gold_loss":0.0,"damage_taken":0.0},{"damage_healed":0.0,"max_hp_gain":0.0,"max_hp_loss":0.0,"gold_gain":0.0,"event_name":"给自己的盒子","player_choice":"Swap Relic","floor":29.0,"relics_lost":["MariMod:MariFestivalBadge"],"gold_loss":0.0,"damage_taken":0.0,"relics_obtained":["NeowsBlessing"]},{"damage_healed":0.0,"max_hp_gain":0.0,"max_hp_loss":0.0,"gold_gain":0.0,"event_name":"Designer","player_choice":"Upgraded Two","floor":38.0,"gold_loss":40.0,"damage_taken":0.0,"cards_upgraded":["DemoMod:ManualReload","DemoMod:CrossBow"]}],"is_beta":false,"boss_relics":[{"not_picked":["Painkiller Herb","vexMod:EndlessSickness"],"picked":"MariMod:MariFestivalBadge"},{"not_picked":["vexMod:DeviousBotling","testmod-SaigiyounoYou"],"picked":"Velvet Choker"}],"items_purged_floors":[22,26,46],"is_endless":false,"potions_floor_spawned":[1,3,13,14,21,23,31,37,39,49,58],"ascension_level":1}}