{"host":"9kuc8qxv67wkis18","time":1610741890,"event":{"mods":["2.2 Compatiblity","AchievementEnabler","Aspiration","Astrologer","Bard","BaseMod","Beaked The Cultist","Bestiary","Better Note","Better Third Choice","Block Reminder","Challenge The Spire","ChefMod","Conspire","Curses Come First","GifTheSpireLib","Glutton Mod","Halation","Hermit","Highlight Path","Hubris","Infinite Spire","Jorbs\u0027s Wanderer Trilogy","Marked Mod","Melee Mod","Minty Spire (QoL Compilation)","Permanent Neow","Potionbrewer","Random Character Button","Rare Cards Sparkle","Replay The Spire","Shade Mod","Somnambulant","Spikes Relics","StSLib","Stuff the Spire","The Accelerator","The Blue Laboratory","The Caster","The Construct","The Cursed","The Disciple","The Florist","The Forsaken","The Hierophant","The Judge","The Juggle","The Jungle","The Marked","The Necromancer","The Showman","The Wild Card","TheArtist","Thieving Mod","everything is the same but u backflip on backflip","thorton","vexMod"],"gold_per_floor":[118,168,195,227,239,251,280,143,169,189,189,34,62,79,79,175,175,191,209,209,209,228,256,256,271,320,349,366,399,399,415,415,512,512,529,545,545,545,557,212,212,212,245,263,288,337,372,385,186,200,200,200,200,200,2,31,31],"floor_reached":58,"language":"ENG","playtime":5740,"items_purged":["hermit:Strike_Hermit","hermit:Strike_Hermit","hermit:Strike_Hermit","hermit:Strike_Hermit","hermit:Defend_Hermit"],"score":1667,"play_id":"8b73f638-1cdb-4dd4-a376-8e5a51b2ce46","local_time":"20210115151810","is_ascension_mode":true,"campfire_choices":[{"data":"hermit:Shortfuse","floor":6,"key":"SMITH"},{"floor":11,"key":"RECALL"},{"floor":15,"key":"DIG"},{"floor":24,"key":"REST"},{"floor":30,"key":"REST"},{"floor":32,"key":"REST"},{"data":"hermit:FinalCanter","floor":51,"key":"SMITH"},{"data":"hermit:FatalDesire","floor":54,"key":"SMITH"}],"circlet_count":0,"master_deck":["hermit:Defend_Hermit","hermit:Defend_Hermit","hermit:Defend_Hermit","hermit:Snapshot","hermit:Covet+1","hermit:Shortfuse+1","Delirium","Notoriety","hermit:Reprieve+1","hermit:SprayPray","hermit:CursedWeapon+1","hermit:SprayPray","hermit:Misfire","hermit:Malice","hermit:ShadowCloak","hermit:Misfire","hermit:FatalDesire+1","ReplayTheSpireMod:IOU","hermit:FinalCanter+1","hermit:Manifest+1","hermit:Horror+1","hermit:Manifest","ReplayTheSpireMod:Restless Dread","hermit:Dissolve+1","hubris:Wrath","hermit:Purgatory","hermit:CursedWeapon","hermit:CursedWeapon","hermit:Dissolve","Hatred","hermit:Misfire","hermit:ShadowCloak+1","CloudedMind","hermit:Manifest+1","hermit:Spite+1"],"relics":["hermit:Momento","NeowsBlessing","Ring of Greed","Ring of Misfortune","MawBank","Smiling Mask","Orrery","Gremlin Food","Darkstone Periapt","Oddly Smooth Stone","vexMod:BigBerry","RollingBoulder","infinitespire:Lucky Rock","Du-Vu Doll","Boot","ReplayFunnel","Centennial Puzzle","StuffTheSpire:Wildfire","War Paint","Replay:Baseball","StuffTheSpire:GrapeVine","aspiration:ChemicalBlood"],"acts_visited":["Exordium","TheCity","TheBeyond","TheEnding"],"potions_floor_usage":[7,23,31,31,44,52,52,52,52,52,52,57,57,57],"damage_taken":[{"damage":0,"enemies":"Jaw Worm","floor":1,"turns":1},{"damage":0,"enemies":"Small Slimes","floor":3,"turns":1},{"damage":0,"enemies":"Cultist","floor":4,"turns":1},{"damage":4,"enemies":"Red Slaver","floor":7,"turns":5},{"damage":15,"enemies":"Blue Slaver","floor":10,"turns":3},{"damage":17,"enemies":"Lagavulin","floor":13,"turns":6},{"damage":18,"enemies":"3 Louse","floor":14,"turns":3},{"damage":11,"enemies":"The Guardian","floor":16,"turns":11},{"damage":25,"enemies":"2 Thieves","floor":18,"turns":3},{"damage":32,"enemies":"3 Byrds","floor":19,"turns":5},{"damage":19,"enemies":"Snecko","floor":22,"turns":5},{"damage":24,"enemies":"Gremlin Leader","floor":23,"turns":5},{"damage":0,"enemies":"Chosen and Byrds","floor":25,"turns":5},{"damage":33,"enemies":"Book of Stabbing","floor":27,"turns":6},{"damage":2,"enemies":"3 Cultists","floor":28,"turns":5},{"damage":36,"enemies":"Gremlin Leader","floor":29,"turns":7},{"damage":0,"enemies":"Snake Plant","floor":31,"turns":2},{"damage":2,"enemies":"Automaton","floor":33,"turns":8},{"damage":0,"enemies":"Orb Walker","floor":35,"turns":2},{"damage":16,"enemies":"3 Darklings","floor":36,"turns":4},{"damage":0,"enemies":"Sphere and 2 Shapes","floor":39,"turns":3},{"damage":29,"enemies":"Reptomancer","floor":43,"turns":3},{"damage":38,"enemies":"Writhing Mass","floor":44,"turns":4},{"damage":0,"enemies":"2 Orb Walkers","floor":46,"turns":3},{"damage":2,"enemies":"Nemesis","floor":47,"turns":3},{"damage":9,"enemies":"Spire Growth","floor":48,"turns":4},{"damage":2,"enemies":"Sphere and 2 Shapes","floor":50,"turns":4},{"damage":0,"enemies":"Donu and Deca","floor":52,"turns":8},{"damage":9,"enemies":"Shield and Spear","floor":56,"turns":2},{"damage":57,"enemies":"The Heart","floor":57,"turns":10}],"seed_played":"8351907774335664649","potions_obtained":[{"floor":1,"key":"blueLaboratory:AbyssPotion"},{"floor":4,"key":"blueLaboratory:PhilterOfMotion"},{"floor":7,"key":"Fruit Juice"},{"floor":16,"key":"DuplicationPotion"},{"floor":18,"key":"EntropicBrew"},{"floor":23,"key":"Adrenaline Potion"},{"floor":27,"key":"Fire Potion"},{"floor":31,"key":"Regen Potion"},{"floor":35,"key":"potionbrewer:DiscountPotion"},{"floor":46,"key":"Fire Potion"}],"is_trial":false,"path_per_floor":["M","?","M","M","?","R","M","$","T","M","R","$","E","M","R","B",null,"M","M","?","AVR","M","E","R","M","T","E","M","E","R","M","R","B",null,"M","M","?","AVR","M","$","PTL","PTL","E","M","T","?","E","M","$","M","R","B",null,"R","$","E","B",null],"character_chosen":"HERMIT","items_purchased":["Orrery","hermit:Malice","hermit:ShadowCloak","Boot","hermit:Dissolve","Replay:Baseball","StuffTheSpire:GrapeVine"],"campfire_rested":3,"item_purchase_floors":[8,12,12,40,40,49,55],"current_hp_per_floor":[75,75,75,75,75,75,76,76,76,73,73,73,64,46,46,53,116,91,71,71,71,68,52,86,96,96,67,65,45,81,87,125,123,128,128,112,112,112,112,112,112,112,105,83,83,83,87,98,98,116,116,131,140,140,140,140,83],"gold":31,"neow_bonus":"THREE_ENEMY_KILL","is_daily":false,"chose_seed":false,"campfire_upgraded":3,"win_rate":0.0,"timestamp":1610741890,"path_taken":["M","?","M","M","?","R","M","$","T","M","R","$","E","M","R","BOSS","M","M","?","AVR","M","E","R","M","T","E","?","E","R","M","R","BOSS","M","M","?","AVR","M","$","PTL","PTL","E","M","T","?","E","M","$","M","R","BOSS","R","$","E","BOSS"],"items_purchased_type":["Relic","Card","Card","Relic","Card","Relic","Relic"],"build_version":"2020-12-22","purchased_purges":5,"victory":true,"max_hp_per_floor":[75,75,75,75,75,75,80,80,80,80,80,80,80,80,80,86,116,116,116,116,116,116,116,116,122,122,122,122,122,122,128,128,128,128,128,128,128,128,128,128,128,128,134,134,134,134,140,140,140,140,140,140,140,140,140,140,140],"card_choices":[{"not_picked":["hermit:Misfire","hermit:PistolWhip"],"picked":"hermit:Shortfuse","floor":1},{"not_picked":["hermit:GoldenBullet","hermit:FullyLoaded","hermit:WideOpen"],"picked":"SKIP","floor":3},{"not_picked":["hermit:LowProfile","hermit:LoneWolf","hermit:Ricochet"],"picked":"SKIP","floor":4},{"not_picked":["hermit:BodyArmor","hermit:CalledShot","hermit:LowProfile"],"picked":"SKIP","floor":7},{"not_picked":["hermit:Cheat","hermit:GoldenBullet"],"picked":"hermit:Reprieve","floor":8},{"not_picked":["hermit:CalledShot","hermit:GoldenBullet"],"picked":"hermit:SprayPray","floor":8},{"not_picked":["hermit:TrackingShot","hermit:Virtue"],"picked":"hermit:CursedWeapon","floor":8},{"not_picked":["hermit:WideOpen","hermit:Determination"],"picked":"hermit:SprayPray","floor":8},{"not_picked":["hermit:FlashPowder","hermit:TakeAim"],"picked":"hermit:Misfire","floor":8},{"not_picked":["hermit:TakeAim","hermit:LoneWolf","hermit:FullyLoaded"],"picked":"SKIP","floor":10},{"not_picked":["hermit:GhostlyPresence","hermit:Ricochet"],"picked":"hermit:Misfire","floor":13},{"not_picked":["hermit:ItchyTrigger","hermit:Scavenge"],"picked":"hermit:FatalDesire","floor":14},{"not_picked":["hermit:DeadOrAlive","hermit:Adapt"],"picked":"hermit:FinalCanter","floor":16},{"not_picked":["hermit:Quickdraw","hermit:Roulette"],"picked":"hermit:Manifest","floor":18},{"not_picked":["hermit:Desperado","hermit:Maintenance","hermit:CalledShot+1"],"picked":"SKIP","floor":19},{"not_picked":["hermit:TakeAim","hermit:TakeCover"],"picked":"hermit:Horror","floor":22},{"not_picked":["hermit:Coalescence","hermit:Spite"],"picked":"hermit:Manifest","floor":23},{"not_picked":["hermit:ItchyTrigger+1","hermit:LowProfile+1","hermit:Quickdraw"],"picked":"SKIP","floor":25},{"not_picked":["hermit:GhostlyPresence+1","hermit:Roulette","hermit:Purgatory"],"picked":"SKIP","floor":27},{"not_picked":["hermit:Coalescence","hermit:Ricochet","hermit:CalledShot"],"picked":"SKIP","floor":28},{"not_picked":["hermit:Maintenance","hermit:Combo"],"picked":"hermit:Dissolve","floor":29},{"not_picked":["hermit:HighCaliber","hermit:Scavenge","hermit:BigShot"],"picked":"SKIP","floor":31},{"not_picked":["hermit:Roughhouse","hermit:Reprieve"],"picked":"hermit:Purgatory","floor":33},{"not_picked":["hermit:Quickdraw+1","hermit:ItchyTrigger"],"picked":"hermit:CursedWeapon","floor":35},{"not_picked":["hermit:Snipe","hermit:Cheat"],"picked":"hermit:CursedWeapon","floor":36},{"not_picked":["hermit:EyeOfTheStorm","hermit:TakeCover+1","hermit:Dive+1"],"picked":"SKIP","floor":39},{"not_picked":["hermit:Snipe","hermit:HighCaliber+1","hermit:DeadMansHand+1"],"picked":"SKIP","floor":43},{"not_picked":["hermit:SprayPray+1","hermit:Roulette+1"],"picked":"hermit:Misfire","floor":44},{"not_picked":["hermit:HighCaliber+1","hermit:TakeAim"],"picked":"hermit:ShadowCloak+1","floor":46},{"not_picked":["hermit:Glare","hermit:HoleUp","hermit:RoundhouseKick"],"picked":"SKIP","floor":47},{"not_picked":["hermit:HoleUp","hermit:GoldenBullet+1","hermit:Desperado+1"],"picked":"SKIP","floor":48},{"not_picked":["hermit:Dive","hermit:Snipe"],"picked":"hermit:Manifest+1","floor":50},{"not_picked":["hermit:ItchyTrigger","hermit:Scavenge"],"picked":"hermit:Spite+1","floor":56}],"player_experience":211455,"relics_obtained":[{"floor":2,"key":"Ring of Greed"},{"floor":2,"key":"Ring of Misfortune"},{"floor":2,"key":"MawBank"},{"floor":2,"key":"Smiling Mask"},{"floor":9,"key":"Gremlin Food"},{"floor":13,"key":"Darkstone Periapt"},{"floor":15,"key":"Oddly Smooth Stone"},{"floor":23,"key":"RollingBoulder"},{"floor":27,"key":"infinitespire:Lucky Rock"},{"floor":29,"key":"Du-Vu Doll"},{"floor":43,"key":"ReplayFunnel"},{"floor":45,"key":"Centennial Puzzle"},{"floor":46,"key":"StuffTheSpire:Wildfire"},{"floor":47,"key":"War Paint"},{"floor":56,"key":"aspiration:ChemicalBlood"}],"event_choices":[{"damage_healed":0,"gold_gain":0,"player_choice":"Leave","damage_taken":0,"max_hp_gain":0,"max_hp_loss":0,"event_name":"conspire:Investor","floor":5,"gold_loss":0},{"damage_healed":0,"gold_gain":0,"player_choice":"Upgraded","damage_taken":0,"max_hp_gain":0,"max_hp_loss":0,"event_name":"Upgrade Shrine","floor":20,"gold_loss":0,"cards_upgraded":["hermit:CursedWeapon"]},{"damage_healed":0,"gold_gain":0,"player_choice":"Ignored","damage_taken":0,"max_hp_gain":0,"max_hp_loss":0,"event_name":"Tomb of Lord Red Mask","floor":37,"gold_loss":0},{"damage_healed":0,"gold_gain":0,"player_choice":"Fight","damage_taken":0,"max_hp_gain":0,"max_hp_loss":0,"event_name":"Mysterious Sphere","floor":46,"gold_loss":0}],"is_beta":false,"boss_relics":[{"not_picked":["Runic Pyramid","hermit:BartenderGlass"],"picked":"vexMod:BigBerry"},{"not_picked":["CosmicIsotope","Replay:Fungal Core","aspiration:BardSkillbook"]}],"items_purged_floors":[21,38,40,49,55],"is_endless":false,"potions_floor_spawned":[1,4,7,16,18,23,27,28,31,35,36,39,46,50],"ascension_level":2}}