{"host":"19t2eyow02s954g8","time":1610703120,"event":{"mods":["BaseMod","Colored Map","DeckTracker","Minty Spire (QoL Compilation)","StSLib","SuperFastMode"],"gold_per_floor":[114,114,114,133,133,133,164,164,164,164,179,194,218,1,1,97,97,113,132,132,5,5,48,48,72,72,88,88,108,124,143,143,143,143],"floor_reached":33,"language":"KOR","playtime":1364,"items_purged":["Strike_G"],"score":588,"play_id":"e4e4665b-a485-4c16-bdad-b48650a92d9e","local_time":"20210115183200","is_ascension_mode":true,"campfire_choices":[{"data":"Neutralize","floor":6.0,"key":"SMITH"},{"data":"1","floor":8.0,"key":"LIFT"},{"data":"2","floor":10.0,"key":"LIFT"},{"data":"Apotheosis","floor":15.0,"key":"SMITH"},{"data":"Calculated Gamble","floor":24.0,"key":"SMITH"},{"floor":28,"key":"REST"},{"data":"3","floor":32,"key":"LIFT"}],"circlet_count":0,"master_deck":["AscendersBane","Defend_G","Defend_G","Defend_G","Defend_G","Defend_G","Survivor","Neutralize+1","Blade Dance","A Thousand Cuts","Slice","Tactician","Blade Dance","Apotheosis+1","Corpse Explosion","Catalyst+1","Adrenaline+1","Reflex+1","PiercingWail","Footwork","Cloak And Dagger","Calculated Gamble+1","Backflip+1","Blur","Footwork+1"],"relics":["Ring of the Snake","NeowsBlessing","Golden Idol","Girya","Ginger","Astrolabe","Tiny Chest","Pear"],"acts_visited":["Exordium","TheCity"],"potions_floor_usage":[33,33],"damage_taken":[{"damage":0.0,"enemies":"Small Slimes","floor":1.0,"turns":1.0},{"damage":0.0,"enemies":"Jaw Worm","floor":4.0,"turns":1.0},{"damage":0.0,"enemies":"3 Sentries","floor":7.0,"turns":2.0},{"damage":0.0,"enemies":"Cultist","floor":11.0,"turns":3.0},{"damage":5.0,"enemies":"Exordium Wildlife","floor":12.0,"turns":4.0},{"damage":0.0,"enemies":"2 Fungi Beasts","floor":13.0,"turns":3.0},{"damage":12.0,"enemies":"Hexaghost","floor":16.0,"turns":9.0},{"damage":6.0,"enemies":"Shell Parasite","floor":18.0,"turns":4.0},{"damage":18.0,"enemies":"2 Thieves","floor":19.0,"turns":3.0},{"damage":3.0,"enemies":"Slavers","floor":23.0,"turns":2.0},{"damage":16,"enemies":"Shelled Parasite and Fungi","floor":25,"turns":4},{"damage":8,"enemies":"Centurion and Healer","floor":27,"turns":4},{"damage":8,"enemies":"Snake Plant","floor":29,"turns":6},{"damage":0,"enemies":"Cultist and Chosen","floor":30,"turns":6},{"damage":3,"enemies":"Centurion and Healer","floor":31,"turns":5},{"damage":30,"enemies":"Collector","floor":33,"turns":7}],"seed_played":"1429624948160237939","potions_obtained":[{"floor":1.0,"key":"CultistPotion"},{"floor":11.0,"key":"DistilledChaos"},{"floor":19.0,"key":"SpeedPotion"},{"floor":25,"key":"Dexterity Potion"}],"is_trial":false,"path_per_floor":["M","?","?","M","?","R","E","R","T","R","M","M","M","$","R","B",null,"M","M","?","$","?","E","R","M","T","M","R","M","M","M","R","B"],"character_chosen":"THE_SILENT","items_purchased":["Apotheosis","Cloak And Dagger"],"campfire_rested":1,"item_purchase_floors":[14,21],"current_hp_per_floor":[59,59,59,59,36,36,36,36,36,36,36,31,31,31,31,19,54,48,30,30,30,30,27,27,11,21,13,35,27,27,24,24,0,0],"gold":143,"neow_bonus":"THREE_ENEMY_KILL","is_daily":false,"chose_seed":false,"campfire_upgraded":3,"win_rate":0.0,"timestamp":1610703120,"path_taken":["M","?","?","?","?","R","E","R","T","R","M","M","M","?","R","BOSS","M","M","?","$","?","E","R","M","T","M","R","M","?","M","R","BOSS"],"items_purchased_type":["Card","Card"],"build_version":"2020-12-22","purchased_purges":1,"victory":false,"max_hp_per_floor":[66,66,66,66,66,66,66,66,66,66,66,66,66,66,66,66,66,66,66,66,66,66,66,66,66,76,76,76,76,76,76,76,76,76],"card_choices":[{"not_picked":["All Out Attack","Outmaneuver","Quick Slash"],"picked":"SKIP","floor":1.0},{"not_picked":["Prepared","Slice"],"picked":"Blade Dance","floor":4.0},{"not_picked":["Backflip","Acrobatics"],"picked":"A Thousand Cuts","floor":7.0},{"not_picked":["Blur","Quick Slash"],"picked":"Slice","floor":11.0},{"not_picked":["Predator","Heel Hook"],"picked":"Tactician","floor":12.0},{"not_picked":["Blur","Dagger Throw"],"picked":"Blade Dance","floor":13.0},{"not_picked":["Night Terror","Venomology"],"picked":"Corpse Explosion","floor":16.0},{"not_picked":["Bane","Dagger Throw"],"picked":"PiercingWail","floor":18.0},{"not_picked":["Prepared","Caltrops"],"picked":"Footwork","floor":19.0},{"not_picked":["Escape Plan","Slice"],"picked":"Backflip+1","floor":23.0},{"not_picked":["Concentrate","Skewer"],"picked":"Blur","floor":25},{"not_picked":["Setup","Sucker Punch","Outmaneuver"],"picked":"SKIP","floor":27},{"not_picked":["Noxious Fumes","Choke","Dagger Spray+1"],"picked":"SKIP","floor":29},{"not_picked":["Bane","Heel Hook"],"picked":"Footwork+1","floor":30},{"not_picked":["Tactician","Deadly Poison","Bane"],"picked":"SKIP","floor":31}],"player_experience":4272193,"relics_obtained":[{"floor":7.0,"key":"Girya"},{"floor":9.0,"key":"Ginger"},{"floor":23.0,"key":"Tiny Chest"},{"floor":26,"key":"Pear"}],"event_choices":[{"damage_healed":0.0,"max_hp_gain":0.0,"max_hp_loss":0.0,"gold_gain":0.0,"event_name":"Liars Game","player_choice":"Ignored","floor":2.0,"gold_loss":0.0,"damage_taken":0.0},{"cards_removed":["Strike_G"],"damage_healed":0.0,"max_hp_gain":0.0,"max_hp_loss":0.0,"gold_gain":0.0,"event_name":"Bonfire Elementals","player_choice":"Offered Basic","floor":3.0,"gold_loss":0.0,"damage_taken":0.0},{"damage_healed":0.0,"max_hp_gain":0.0,"max_hp_loss":0.0,"gold_gain":0.0,"event_name":"Golden Idol","player_choice":"Take Damage","floor":5.0,"gold_loss":0.0,"damage_taken":23.0,"relics_obtained":["Golden Idol"]},{"damage_healed":0.0,"max_hp_gain":0.0,"max_hp_loss":0.0,"gold_gain":0.0,"event_name":"Vampires","player_choice":"Ignored","floor":20.0,"gold_loss":0.0,"damage_taken":0.0},{"damage_healed":0.0,"max_hp_gain":0.0,"max_hp_loss":0.0,"gold_gain":0.0,"event_name":"The Library","player_choice":"Read","floor":22.0,"gold_loss":0.0,"damage_taken":0.0,"cards_obtained":["Calculated Gamble"]}],"is_beta":false,"boss_relics":[{"not_picked":["Sozu","SlaversCollar"],"picked":"Astrolabe"}],"items_purged_floors":[21],"is_endless":false,"potions_floor_spawned":[1,11,12,19,25,31],"killed_by":"Collector","ascension_level":20}}