{"host":"dm4yvegl9um2tlqd","time":1610698657,"event":{"mods":["2.2 Compatiblity","AchievementEnabler","BaseMod","Colored Map","DeckTracker","Highlight Path","KOR Keyword Fix","Keyboard Shortcuts","Minty Spire (QoL Compilation)","Permanent Neow","Quick Restart","Random Character Button","StSLib","SuperFastMode","everything is the same but u backflip on backflip"],"gold_per_floor":[111,14,14,14,34,34,65,65,65,95,95,115,115,132,132,233,233,253,253,270,270,288,288,322,335,335,335,348,348,348,348],"floor_reached":30,"language":"KOR","playtime":1147,"items_purged":[],"score":310,"play_id":"2beb810a-8201-4417-9221-0e5841583a45","local_time":"20210115171737","is_ascension_mode":true,"campfire_choices":[{"data":"Bash","floor":6,"key":"SMITH"},{"data":"Rampage","floor":8,"key":"SMITH"},{"data":"Flame Barrier","floor":11,"key":"SMITH"},{"data":"Burning Pact","floor":13,"key":"SMITH"},{"floor":15,"key":"REST"},{"data":"Enlightenment","floor":23,"key":"SMITH"},{"data":"Rupture","floor":27,"key":"SMITH"}],"circlet_count":0,"master_deck":["Strike_R","Strike_R","Defend_R","Defend_R","Defend_R","Bash+1","Second Wind","Enlightenment+1","Whirlwind","Rampage+1","Flame Barrier+1","Burning Pact+1","Uppercut+1","Offering","Rampage+1","Rupture+1","Warcry+1"],"relics":["Burning Blood","Question Card","Molten Egg 2","Singing Bowl","Mark of Pain","Enchiridion","InkBottle","Nloth\u0027s Gift"],"acts_visited":["Exordium","TheCity"],"potions_floor_usage":[10,22,25,28,30,30],"damage_taken":[{"damage":1,"enemies":"Cultist","floor":1,"turns":4},{"damage":4,"enemies":"Jaw Worm","floor":5,"turns":4},{"damage":46,"enemies":"Gremlin Nob","floor":7,"turns":5},{"damage":30,"enemies":"Lagavulin","floor":10,"turns":5},{"damage":0,"enemies":"2 Louse","floor":12,"turns":2},{"damage":1,"enemies":"2 Fungi Beasts","floor":14,"turns":3},{"damage":14,"enemies":"Hexaghost","floor":16,"turns":9},{"damage":29,"enemies":"2 Thieves","floor":18,"turns":4},{"damage":24,"enemies":"Shell Parasite","floor":20,"turns":5},{"damage":6,"enemies":"Snake Plant","floor":22,"turns":3},{"damage":16,"enemies":"Gremlin Leader","floor":24,"turns":5},{"damage":6,"enemies":"3 Cultists","floor":25,"turns":3},{"damage":12,"enemies":"Centurion and Healer","floor":28,"turns":6},{"damage":21,"enemies":"Slavers","floor":30,"turns":2}],"seed_played":"-8732346509203271720","potions_obtained":[{"floor":1,"key":"Strength Potion"},{"floor":12,"key":"Dexterity Potion"},{"floor":16,"key":"Regen Potion"},{"floor":18,"key":"LiquidMemories"},{"floor":22,"key":"EssenceOfSteel"},{"floor":25,"key":"Swift Potion"}],"is_trial":false,"path_per_floor":["M","$","?","?","M","R","E","R","T","E","R","M","R","M","R","B",null,"M","?","M","?","M","R","E","M","T","R","M","?","E"],"character_chosen":"IRONCLAD","items_purchased":["Enlightenment"],"campfire_rested":1,"item_purchase_floors":[2],"current_hp_per_floor":[80,80,80,80,80,80,40,40,40,16,16,22,22,27,51,43,80,59,59,43,27,34,34,26,26,26,26,20,20,0,0],"gold":348,"neow_bonus":"REMOVE_CARD","is_daily":false,"chose_seed":false,"campfire_upgraded":6,"win_rate":0.0,"timestamp":1610698657,"path_taken":["M","$","?","?","M","R","E","R","T","E","R","M","R","M","R","BOSS","M","?","?","?","M","R","E","M","T","R","M","?","E"],"items_purchased_type":["Card"],"build_version":"2020-12-22","purchased_purges":0,"victory":false,"max_hp_per_floor":[80,80,80,80,80,80,80,80,80,80,80,80,80,80,80,80,80,82,82,84,84,86,86,88,88,88,88,88,88,88,88],"card_choices":[{"not_picked":["Anger","Twin Strike"],"picked":"Second Wind","floor":1},{"not_picked":["Headbutt","Iron Wave"],"picked":"Whirlwind","floor":5},{"not_picked":["Juggernaut","Dual Wield"],"picked":"Rampage","floor":7},{"not_picked":["Perfected Strike+1","Reckless Charge+1","Searing Blow+1"],"picked":"Flame Barrier","floor":10},{"not_picked":["Sword Boomerang+1","Sever Soul+1","Sentinel"],"picked":"Burning Pact","floor":12},{"not_picked":["Pommel Strike+1","Feel No Pain","Seeing Red"],"picked":"Uppercut+1","floor":14},{"not_picked":["Limit Break","Corruption","Berserk"],"picked":"Offering","floor":16},{"not_picked":["Bloodletting","Whirlwind+1","Clash+1","Wild Strike+1"],"picked":"Singing Bowl","floor":18},{"not_picked":["Clothesline+1","Body Slam+1","Flex","Twin Strike+1"],"picked":"Singing Bowl","floor":20},{"not_picked":["Clothesline+1","Inflame","Thunderclap+1","Wild Strike+1"],"picked":"Singing Bowl","floor":22},{"not_picked":["Pommel Strike+1","Dropkick+1","Limit Break","Sword Boomerang+1"],"picked":"Singing Bowl","floor":24},{"not_picked":["Twin Strike+1","Headbutt+1","Perfected Strike+1"],"picked":"Rupture","floor":25},{"not_picked":["Heavy Blade+1","Pummel+1","Spot Weakness"],"picked":"Warcry+1","floor":28}],"player_experience":43458,"relics_obtained":[{"floor":7,"key":"Question Card"},{"floor":9,"key":"Molten Egg 2"},{"floor":10,"key":"Singing Bowl"},{"floor":21,"key":"Enchiridion"},{"floor":24,"key":"Boot"},{"floor":26,"key":"InkBottle"}],"event_choices":[{"cards_removed":["Strike_R"],"damage_healed":0,"gold_gain":0,"player_choice":"Forget","damage_taken":0,"max_hp_gain":0,"max_hp_loss":0,"event_name":"Living Wall","floor":3,"gold_loss":0},{"cards_removed":["Defend_R"],"damage_healed":0,"gold_gain":0,"player_choice":"Offered Basic","damage_taken":0,"max_hp_gain":0,"max_hp_loss":0,"event_name":"Bonfire Elementals","floor":4,"gold_loss":0},{"damage_healed":0,"gold_gain":0,"cards_transformed":["Strike_R"],"player_choice":"Transformed","damage_taken":0,"max_hp_gain":0,"max_hp_loss":0,"event_name":"Transmorgrifier","floor":19,"gold_loss":0,"cards_obtained":["Rampage"]},{"damage_healed":0,"gold_gain":0,"player_choice":"Obtained Book","damage_taken":16,"max_hp_gain":0,"max_hp_loss":0,"event_name":"Cursed Tome","floor":21,"gold_loss":0},{"damage_healed":0,"gold_gain":0,"player_choice":"Traded Relic","damage_taken":0,"relics_obtained":["Nloth\u0027s Gift"],"max_hp_gain":0,"max_hp_loss":0,"event_name":"N\u0027loth","floor":29,"relics_lost":["Boot"],"gold_loss":0}],"is_beta":false,"boss_relics":[{"not_picked":["Black Blood","Sozu"],"picked":"Mark of Pain"}],"items_purged_floors":[],"is_endless":false,"potions_floor_spawned":[1,12,16,18,22,25],"killed_by":"Slavers","ascension_level":4}}