{"host":"0r9ojvl99b3119ch","time":1610745967,"event":{"mods":["Act Like it!","BaseMod","Better Third Choice","BetterRewards","Downfall","Friendly Minions","Gensokyo","Hubris","Infinite Spire","Kiyohime????","Koishi","Marisa????????","Minty Spire (QoL Compilation)","Reimu??????","Remilia??????","Replay The Spire","Robot Space Explorer","Shop Mod","Spicy Shops","StSLib","Td1madao Mod","The Administrix","The Animator","The Judge","The Marked","The Servant 0.9.4","Waifu the Spire","WarShipGirlsR/????R mod","Youmu??????","Yuri Mod"],"gold_per_floor":[129,146,162,182,457,457,457],"floor_reached":6,"language":"ENG","playtime":603,"items_purged":[],"score":38,"play_id":"674fb508-8653-4fbc-8e64-2cd3cb5a16bd","local_time":"20210115152607","is_ascension_mode":false,"campfire_choices":[],"circlet_count":0,"master_deck":["animator:Strike_Konosuba","animator:Defend_Konosuba","animator:Strike","animator:Strike","animator:Strike","animator:Defend","animator:Defend","animator:Defend","animator:Kazuma","animator:Aqua","animator:OrikoMikuni","animator:Entoma+2","animator:Tatsumaki","Regret"],"relics":["animator:LivingPicture","animator:TheMissingPiece","animator:PurgingStone","NeowsBlessing"],"acts_visited":["Exordium"],"potions_floor_usage":[4,6],"damage_taken":[{"damage":0,"enemies":"2 Louse","floor":1,"turns":1},{"damage":0,"enemies":"Cultist","floor":2,"turns":1},{"damage":0,"enemies":"Jaw Worm","floor":3,"turns":1},{"damage":19,"enemies":"Blue Slaver","floor":4,"turns":6},{"damage":60,"enemies":"Gremlin Nob","floor":6,"turns":4}],"seed_played":"-2428973222495856337","potions_obtained":[{"floor":1,"key":"AttackPotion"},{"floor":3,"key":"GamblersBrew"}],"is_trial":false,"path_per_floor":["M","M","M","M","?","E"],"character_chosen":"THE_ANIMATOR","items_purchased":[],"campfire_rested":0,"item_purchase_floors":[],"current_hp_per_floor":[66,66,68,49,49,0,0],"gold":457,"neow_bonus":"THREE_ENEMY_KILL","is_daily":false,"chose_seed":false,"campfire_upgraded":0,"win_rate":0.0,"timestamp":1610745967,"path_taken":["M","M","M","M","?","E"],"items_purchased_type":[],"build_version":"2020-12-22","purchased_purges":0,"victory":false,"max_hp_per_floor":[66,66,68,68,68,68,68],"card_choices":[{"not_picked":["animator:Verdia","animator:Kuribayashi"],"picked":"animator:OrikoMikuni","floor":1},{"not_picked":["animator:Chung","animator:Add"],"picked":"animator:Entoma","floor":2},{"not_picked":["animator:Chung","animator:Kazuma"],"picked":"animator:Entoma","floor":3},{"not_picked":["animator:MumenRider","animator:Genos"],"picked":"animator:Tatsumaki","floor":4}],"player_experience":324466,"relics_obtained":[],"event_choices":[{"damage_healed":0,"gold_gain":275,"player_choice":"Desecrate","damage_taken":0,"max_hp_gain":0,"max_hp_loss":0,"event_name":"Golden Shrine","floor":5,"gold_loss":0,"cards_obtained":["Regret"]}],"is_beta":false,"boss_relics":[],"items_purged_floors":[],"is_endless":false,"potions_floor_spawned":[1,3],"killed_by":"Gremlin Nob","ascension_level":0}}