{"host":"pa9f0x1gh89g8gxw","time":1610696401,"event":{"mods":["BaseMod","Colored Powertips","Hubris","Infinite Spire","Minty Spire (QoL Compilation)","Replay The Spire","StSLib"],"gold_per_floor":[126,155,180,467,254,279,293,293,319,319,319],"floor_reached":10,"language":"ENG","playtime":275,"items_purged":["Regret"],"score":71,"play_id":"0418a018-7ffe-4e86-9fb2-9ded71f372f2","local_time":"20210115184001","is_ascension_mode":true,"campfire_choices":[{"data":"Whirlwind","floor":8,"key":"SMITH"}],"circlet_count":0,"master_deck":["Strike_R","Strike_R","Strike_R","Strike_R","Strike_R","Defend_R","Defend_R","Defend_R","Defend_R","Bash","Cleave","Flex","Whirlwind+1","Inflame"],"relics":["Burning Blood","MawBank","Membership Card","Gambling Chip","hubris:TenFootPole"],"acts_visited":["Exordium"],"potions_floor_usage":[10],"damage_taken":[{"damage":5,"enemies":"2 Louse","floor":1,"turns":4},{"damage":6,"enemies":"Cultist","floor":2,"turns":3},{"damage":0,"enemies":"Small Slimes","floor":3,"turns":2},{"damage":67,"enemies":"Lagavulin","floor":6,"turns":7},{"damage":7,"enemies":"Exordium Thugs","floor":7,"turns":5},{"damage":20,"enemies":"Gremlin Nob","floor":10,"turns":3}],"seed_played":"-5319693643975875553","potions_obtained":[{"floor":7,"key":"EssenceOfSteel"}],"is_trial":false,"path_per_floor":["M","M","M","?","$","E","M","R","T","E"],"character_chosen":"IRONCLAD","items_purchased":["Membership Card"],"campfire_rested":0,"item_purchase_floors":[5],"current_hp_per_floor":[80,80,80,80,80,19,18,18,18,0,0],"gold":319,"neow_bonus":"RANDOM_COMMON_RELIC","is_daily":false,"chose_seed":false,"campfire_upgraded":1,"win_rate":0.0,"timestamp":1610696401,"path_taken":["M","M","M","?","$","E","M","R","T","E"],"items_purchased_type":["Relic"],"build_version":"2020-12-22","purchased_purges":1,"victory":false,"max_hp_per_floor":[80,80,80,80,80,80,80,80,80,80,80],"card_choices":[{"not_picked":["Anger","Intimidate","Perfected Strike"],"picked":"SKIP","floor":1},{"not_picked":["Reckless Charge","Ghostly Armor"],"picked":"Cleave","floor":2},{"not_picked":["Headbutt","Evolve"],"picked":"Flex","floor":3},{"not_picked":["Berserk","Thunderclap"],"picked":"Whirlwind","floor":6},{"not_picked":["Run Through","Clothesline"],"picked":"Inflame","floor":7}],"player_experience":475201,"relics_obtained":[{"floor":6,"key":"Gambling Chip"},{"floor":9,"key":"hubris:TenFootPole"}],"event_choices":[{"damage_healed":0,"gold_gain":275,"player_choice":"Desecrate","damage_taken":0,"max_hp_gain":0,"max_hp_loss":0,"event_name":"Golden Shrine","floor":4,"gold_loss":0,"cards_obtained":["Regret"]}],"is_beta":false,"boss_relics":[],"items_purged_floors":[5],"is_endless":false,"potions_floor_spawned":[7],"killed_by":"Gremlin Nob","ascension_level":1}}