{"host":"z9nhqy1wc0bvpk1o","time":1610738815,"event":{"mods":["BaseMod","Colored Map","Colored Powertips","Downfall","Minty Spire (QoL Compilation)","Replay The Spire","StSLib","The Cursed"],"gold_per_floor":[116,133,133,133,153,186,207,207,207],"floor_reached":8,"language":"ENG","playtime":665,"items_purged":[],"score":58,"play_id":"c51a12c0-a5b4-48ee-ab74-cd21cce27a56","local_time":"20210115192655","is_ascension_mode":false,"campfire_choices":[],"circlet_count":0,"master_deck":["Strike_R","Strike_R","Strike_R","Strike_R","Strike_R","Defend_R","Defend_R","Defend_R","Defend_R","Bash","Demonic Infusion","Cleave","Heavy Blade","Replay:Undeath\u0027s Touch"],"relics":["Burning Blood","Golden Idol","FaceOfCleric","Divine Protection"],"acts_visited":["Exordium"],"potions_floor_usage":[8,8],"damage_taken":[{"damage":0,"enemies":"2 Louse","floor":1,"turns":3},{"damage":0,"enemies":"Small Slimes","floor":2,"turns":2},{"damage":10,"enemies":"Cultist","floor":5,"turns":4},{"damage":41,"enemies":"Gremlin Nob","floor":6,"turns":5},{"damage":0,"enemies":"Exordium Wildlife","floor":7,"turns":3},{"damage":44,"enemies":"Lagavulin","floor":8,"turns":6}],"seed_played":"5699806689522840416","potions_obtained":[{"floor":2,"key":"DuplicationPotion"},{"floor":6,"key":"Dexterity Potion"}],"is_trial":false,"path_per_floor":["M","M","?","?","M","E","M","E"],"character_chosen":"IRONCLAD","items_purchased":[],"campfire_rested":0,"item_purchase_floors":[],"current_hp_per_floor":[80,80,74,74,71,37,44,0,0],"gold":207,"neow_bonus":"ONE_RANDOM_RARE_CARD","is_daily":false,"chose_seed":false,"campfire_upgraded":0,"win_rate":0.0,"timestamp":1610738815,"path_taken":["M","M","?","?","?","E","M","E"],"items_purchased_type":[],"build_version":"2020-12-22","purchased_purges":0,"victory":false,"max_hp_per_floor":[80,80,74,74,75,76,77,77,77],"card_choices":[{"not_picked":["Body Slam","Anger"],"picked":"Cleave","floor":1},{"not_picked":["Burning Pact","ReplayTheSpireMod:Strike From Hell"],"picked":"Heavy Blade","floor":2},{"not_picked":["True Grit","Run Through","Massacre"],"picked":"SKIP","floor":5},{"not_picked":["Run Through","Headbutt"],"picked":"Replay:Undeath\u0027s Touch","floor":6},{"not_picked":["Warcry","Burning Pact","Dark Embrace"],"picked":"SKIP","floor":7}],"player_experience":22944,"relics_obtained":[{"floor":6,"key":"Divine Protection"}],"event_choices":[{"damage_healed":0,"gold_gain":0,"player_choice":"Lose Max HP","damage_taken":0,"relics_obtained":["Golden Idol"],"max_hp_gain":0,"max_hp_loss":6,"event_name":"Golden Idol","floor":3,"gold_loss":0},{"damage_healed":0,"gold_gain":0,"player_choice":"Trade","damage_taken":0,"relics_obtained":["FaceOfCleric"],"max_hp_gain":0,"max_hp_loss":0,"event_name":"FaceTrader","floor":4,"gold_loss":0}],"is_beta":false,"boss_relics":[],"items_purged_floors":[],"is_endless":false,"potions_floor_spawned":[2,6],"killed_by":"Lagavulin","ascension_level":0}}