{"host":"a1u4jo6xlg3w0wsm","time":1610696310,"event":{"mods":["BaseMod","Better Third Choice","DeckTracker","Downfall","Hermit","Hubris","Minty Spire (QoL Compilation)","Rare Cards Sparkle","Replay The Spire","StSLib","The Cursed"],"gold_per_floor":[112,112,130,140,42,42,76,76,125,125,153,113,129,96,96,198,198,214,214,52,63,63,63,95,95,148,148,159,159,159,191,191,191,191],"floor_reached":33,"playtime":1483,"items_purged":[],"score":347,"play_id":"3fa5a48a-8a3d-407a-b489-fcd520594aa6","local_time":"20210115203830","is_ascension_mode":true,"campfire_choices":[{"data":"expansioncontent:CaCaw","floor":6.0,"key":"SMITH"},{"data":"hermit:EyeOfTheStorm","floor":8.0,"key":"SMITH"},{"data":"hermit:FullyLoaded","floor":10.0,"key":"SMITH"},{"floor":15.0,"key":"REST"},{"floor":23.0,"key":"REST"},{"floor":27.0,"key":"REST"},{"floor":29.0,"key":"REST"},{"floor":32.0,"key":"REST"}],"circlet_count":0,"master_deck":["hermit:Strike_Hermit","hermit:Strike_Hermit","hermit:Strike_Hermit","hermit:Strike_Hermit","hermit:Defend_Hermit","hermit:Defend_Hermit","hermit:Defend_Hermit","hermit:Defend_Hermit","hermit:Snapshot","hermit:Covet","hermit:EyeOfTheStorm+1","expansioncontent:CaCaw+1","hermit:FullyLoaded+1","hermit:Showdown","hermit:Quickdraw","hermit:Quickdraw","hermit:Adapt","Sadistic Nature","hermit:Horror","hermit:Gestalt"],"relics":["hermit:Momento","NeowsBlessing","PreservedInsect","Omamori","Centennial Puzzle","hermit:BartenderGlass","hubris:Icosahedron","Question Card","Blue Doll","ReplayTheSpireMod:Lightbulb","Pocketwatch"],"acts_visited":["Exordium","TheCity"],"potions_floor_usage":[],"damage_taken":[{"damage":0.0,"enemies":"Jaw Worm","floor":1.0,"turns":1.0},{"damage":0.0,"enemies":"Cultist","floor":3.0,"turns":1.0},{"damage":0.0,"enemies":"2 Louse","floor":4.0,"turns":1.0},{"damage":20.0,"enemies":"3 Sentries","floor":7.0,"turns":8.0},{"damage":28.0,"enemies":"Gremlin Nob","floor":11.0,"turns":4.0},{"damage":6.0,"enemies":"Looter","floor":13.0,"turns":2.0},{"damage":29.0,"enemies":"The Guardian","floor":16.0,"turns":7.0},{"damage":17.0,"enemies":"2 Thieves","floor":18.0,"turns":4.0},{"damage":27.0,"enemies":"Shell Parasite","floor":21.0,"turns":6.0},{"damage":57.0,"enemies":"Book of Stabbing","floor":24.0,"turns":5.0},{"damage":26.0,"enemies":"Snake Plant","floor":28.0,"turns":3.0},{"damage":38.0,"enemies":"Slavers","floor":31.0,"turns":6.0},{"damage":60,"enemies":"Automaton","floor":33,"turns":5}],"seed_played":"8265092465058395716","potions_obtained":[{"floor":1.0,"key":"Slimebound:ThreeZeroPotion"},{"floor":7.0,"key":"Dexterity Potion"},{"floor":12.0,"key":"Strength Potion"},{"floor":12.0,"key":"LifebloodPotion"},{"floor":12.0,"key":"SteroidPotion"},{"floor":18.0,"key":"FairyPotion"},{"floor":31.0,"key":"FairyPotion"}],"is_trial":false,"path_per_floor":["M","$","M","M","$","R","E","R","T","R","E","?","M","$","R","B",null,"M","?","$","M","$","R","E","?","T","R","M","R","?","E","R","B"],"character_chosen":"HERMIT","items_purchased":["expansioncontent:CaCaw","hermit:Quickdraw","Sadistic Nature"],"campfire_rested":5,"item_purchase_floors":[5,14,20],"current_hp_per_floor":[75,75,75,75,75,75,55,55,55,55,27,27,21,21,43,14,75,58,58,58,48,48,70,13,13,13,35,9,31,31,16,38,2,2],"gold":191,"neow_bonus":"THREE_ENEMY_KILL","is_daily":false,"chose_seed":false,"campfire_upgraded":3,"win_rate":0.0,"timestamp":1610696310,"path_taken":["M","$","M","M","$","R","E","R","T","R","E","?","M","?","R","BOSS","M","?","$","M","$","R","E","?","T","R","M","R","?","E","R","BOSS"],"items_purchased_type":["Card","Card","Card"],"build_version":"2020-12-13","purchased_purges":0,"victory":false,"max_hp_per_floor":[75,75,75,75,75,75,75,75,75,75,75,75,75,75,75,75,75,75,75,75,75,75,75,75,75,75,75,75,75,75,75,75,75,75],"card_choices":[{"not_picked":["hermit:Enervate","hermit:NoHoldsBarred","hermit:LoneWolf"],"picked":"SKIP","floor":1.0},{"not_picked":["hermit:ItchyTrigger","hermit:HoleUp","hermit:Snipe"],"picked":"SKIP","floor":3.0},{"not_picked":["hermit:ItchyTrigger","hermit:CalledShot"],"picked":"hermit:EyeOfTheStorm","floor":4.0},{"not_picked":["hermit:Horror","hermit:HighCaliber"],"picked":"hermit:FullyLoaded","floor":7.0},{"not_picked":["hermit:Coalescence","hermit:NoHoldsBarred"],"picked":"hermit:Showdown","floor":11.0},{"not_picked":["hermit:Headshot","hermit:Coalescence","hermit:WideOpen"],"picked":"SKIP","floor":13.0},{"not_picked":["hermit:Gambit","hermit:BlackWind"],"picked":"hermit:Adapt","floor":16.0},{"not_picked":["hermit:Headshot+1","hermit:TrackingShot","hermit:HighCaliber"],"picked":"SKIP","floor":18.0},{"not_picked":["hermit:Headshot+1","hermit:GhostlyPresence+1"],"picked":"hermit:Horror","floor":21.0},{"not_picked":["hermit:LoneWolf","hermit:WideOpen","hermit:Purgatory"],"picked":"SKIP","floor":24.0},{"not_picked":["hermit:HighCaliber","hermit:Manifest","hermit:Cheat","hermit:Combo"],"picked":"SKIP","floor":28.0},{"not_picked":["hermit:BodyArmor+1","hermit:FullyLoaded+1","hermit:LowProfile+1"],"picked":"hermit:Gestalt","floor":31.0}],"player_experience":336909,"relics_obtained":[{"floor":7.0,"key":"PreservedInsect"},{"floor":9.0,"key":"Omamori"},{"floor":11.0,"key":"Centennial Puzzle"},{"floor":24.0,"key":"Question Card"},{"floor":26.0,"key":"Blue Doll"},{"floor":31.0,"key":"Pocketwatch"}],"event_choices":[{"damage_healed":0.0,"max_hp_gain":0.0,"max_hp_loss":0.0,"gold_gain":0.0,"event_name":"The Woman in Blue","player_choice":"Bought 3 Potions","floor":12.0,"gold_loss":0.0,"damage_taken":0.0},{"damage_healed":0.0,"max_hp_gain":0.0,"max_hp_loss":0.0,"gold_gain":0.0,"event_name":"Forgotten Altar","player_choice":"Smashed Altar","floor":25.0,"gold_loss":0.0,"damage_taken":0.0,"cards_obtained":["Decay"]}],"is_beta":false,"boss_relics":[{"not_picked":["hubris:BlackHole","Coffee Dripper"],"picked":"hermit:BartenderGlass"}],"items_purged_floors":[],"is_endless":false,"potions_floor_spawned":[1,7,13,18,31],"killed_by":"Automaton","ascension_level":4}}