{"host":"c2zlmc1hlq0427cl","time":1610738456,"event":{"mods":["100% Spire Juice","BaseMod","Googly Eyes","Hermit","Minty Spire (QoL Compilation)","Replay The Spire","StSLib","The Bug Knight","The Hayseed","The Senshi"],"gold_per_floor":[119,119,133,133,133,167,15,29,29,56,56,56,73,89,89,189,189,205,216,216,156,71,84,114,60,60,60,88,88,88,88],"floor_reached":30,"language":"ENG","playtime":1591,"items_purged":["HollowMod:NailStrikeStart"],"score":301,"play_id":"36b475f4-94a2-4b85-8ccf-54936e874d5c","local_time":"20210115132056","is_ascension_mode":false,"campfire_choices":[{"data":"HollowMod:DesolateDive","floor":11,"key":"SMITH"},{"data":"HollowMod:VengefulSpirit","floor":15,"key":"SMITH"},{"floor":27,"key":"REST"},{"floor":29,"key":"REST"}],"circlet_count":0,"master_deck":["HollowMod:NailStrikeStart","HollowMod:NailStrikeStart","HollowMod:NailStrikeStart","HollowMod:QuickDashStart","HollowMod:QuickDashStart","HollowMod:QuickDashStart","HollowMod:QuickDashStart","HollowMod:FocusHealStart","HollowMod:PogoStrike","HollowMod:DesolateDive+1","HollowMod:MantisMark+1","HollowMod:HeavyBlow","HollowMod:VengefulSpirit+1","HollowMod:SlysStrikes+1","HollowMod:ZotesMagnificence","HollowMod:Grubsong+1","HollowMod:CycloneSlash","HollowMod:BaldurShell+1","HollowMod:GrimmsGift","HollowMod:InfectedAttack","HollowMod:MothsMistake+1"],"relics":["HollowMod:VesselMask","Ring of Fangs","Ring of Hypnosis","Kunai","Mercury Hourglass","Frozen Egg 2","Sozu","Matryoshka","Question Card","Vajra","Pear","Replay:Arrowhead"],"acts_visited":["Exordium","TheCity"],"potions_floor_usage":[16,16,24],"damage_taken":[{"damage":0,"enemies":"2 Louse","floor":1,"turns":2},{"damage":13,"enemies":"Jaw Worm","floor":3,"turns":3},{"damage":5,"enemies":"HollowMod:MossKnight","floor":6,"turns":10},{"damage":0,"enemies":"Cultist","floor":8,"turns":3},{"damage":7,"enemies":"Gremlin Nob","floor":10,"turns":4},{"damage":4,"enemies":"Blue Slaver","floor":13,"turns":4},{"damage":13,"enemies":"Exordium Wildlife","floor":14,"turns":2},{"damage":42,"enemies":"HollowMod:FalseKnight","floor":16,"turns":7},{"damage":10,"enemies":"Chosen","floor":18,"turns":3},{"damage":12,"enemies":"2 Thieves","floor":19,"turns":3},{"damage":23,"enemies":"Snake Plant","floor":23,"turns":3},{"damage":20,"enemies":"Book of Stabbing","floor":24,"turns":5},{"damage":43,"enemies":"Slavers","floor":28,"turns":4},{"damage":39,"enemies":"Book of Stabbing","floor":30,"turns":4}],"seed_played":"-5812491254317810050","potions_obtained":[{"floor":1,"key":"Block Potion"},{"floor":10,"key":"AttackPotion"},{"floor":14,"key":"Adrenaline Potion"}],"is_trial":false,"path_per_floor":["M","?","M","?","?","E","$","M","T","E","R","$","M","M","R","B",null,"M","M","?","?","?","M","E","$","T","R","E","R","E"],"character_chosen":"THE_BUGKNIGHT","items_purchased":["HollowMod:VengefulSpirit","HollowMod:InfectedAttack"],"campfire_rested":2,"item_purchase_floors":[7,25],"current_hp_per_floor":[82,82,69,74,74,81,81,81,81,74,74,74,70,57,57,21,87,77,65,48,48,48,31,11,11,21,51,8,38,0,0],"gold":88,"neow_bonus":"TEN_PERCENT_HP_BONUS","is_daily":false,"chose_seed":false,"campfire_upgraded":2,"win_rate":0.0,"timestamp":1610738456,"path_taken":["M","?","M","?","?","E","$","M","T","E","R","$","M","?","R","BOSS","M","M","?","?","?","M","E","?","T","R","E","R","E"],"items_purchased_type":["Card","Card"],"build_version":"2020-12-22","purchased_purges":1,"victory":false,"max_hp_per_floor":[82,82,82,87,87,87,87,87,87,87,87,87,87,87,87,87,87,87,87,92,92,92,92,92,92,102,102,102,102,102,102],"card_choices":[{"not_picked":["HollowMod:SoulEater","HollowMod:SoulStrike"],"picked":"HollowMod:DesolateDive","floor":1},{"not_picked":["HollowMod:InfectedCysts","HollowMod:FastStrike"],"picked":"HollowMod:MantisMark","floor":3},{"not_picked":["HollowMod:DashSlash","HollowMod:GoodIntentions"],"picked":"HollowMod:HeavyBlow","floor":6},{"not_picked":["HollowMod:CornifersMapStart","HollowMod:WraithStrike","HollowMod:DoubleDash"],"picked":"SKIP","floor":8},{"not_picked":["HollowMod:VengefulVoid","HollowMod:ChannelNail"],"picked":"HollowMod:SlysStrikes+1","floor":10},{"not_picked":["HollowMod:SoulShaman","HollowMod:CloakDash","HollowMod:NewJinnsSoul"],"picked":"SKIP","floor":13},{"not_picked":["HollowMod:ShapeofUnn+1","HollowMod:DoubleDash","HollowMod:LifebloodCocoon"],"picked":"SKIP","floor":14},{"not_picked":["HollowMod:SoulMaster+1","HollowMod:MidwifesHunger"],"picked":"HollowMod:ZotesMagnificence","floor":16},{"not_picked":["HollowMod:SharpenedShadows+1","HollowMod:SiblingsSouls"],"picked":"HollowMod:Grubsong+1","floor":18},{"not_picked":["HollowMod:DashSlash","HollowMod:PerfectDash"],"picked":"HollowMod:CycloneSlash","floor":19},{"not_picked":["HollowMod:VengefulVoid","HollowMod:CornifersMapStart"],"picked":"HollowMod:BaldurShell+1","floor":23},{"not_picked":["HollowMod:WraithStrike","HollowMod:GoodIntentions"],"picked":"HollowMod:GrimmsGift","floor":24},{"not_picked":["HollowMod:HeavyBlow+1","HollowMod:VoidDash","HollowMod:MonarchWings"],"picked":"HollowMod:MothsMistake+1","floor":28}],"player_experience":59956,"relics_obtained":[{"floor":2,"key":"Ring of Fangs"},{"floor":2,"key":"Ring of Hypnosis"},{"floor":6,"key":"Kunai"},{"floor":9,"key":"Mercury Hourglass"},{"floor":10,"key":"Frozen Egg 2"},{"floor":24,"key":"Question Card"},{"floor":26,"key":"Vajra"},{"floor":26,"key":"Pear"},{"floor":28,"key":"Replay:Arrowhead"}],"event_choices":[{"damage_healed":0,"gold_gain":0,"player_choice":"Donut","damage_taken":0,"max_hp_gain":5,"max_hp_loss":0,"event_name":"Big Fish","floor":4,"gold_loss":0},{"damage_healed":0,"gold_gain":0,"player_choice":"Upgraded","damage_taken":0,"max_hp_gain":0,"max_hp_loss":0,"event_name":"Upgrade Shrine","floor":5,"gold_loss":0,"cards_upgraded":["HollowMod:MantisMark"]},{"damage_healed":0,"gold_gain":0,"player_choice":"Shed Blood","damage_taken":22,"max_hp_gain":5,"max_hp_loss":0,"event_name":"Forgotten Altar","floor":20,"gold_loss":0},{"damage_healed":0,"gold_gain":0,"player_choice":"Obtained Relic","damage_taken":0,"relics_obtained":["Matryoshka"],"max_hp_gain":0,"max_hp_loss":0,"event_name":"Addict","floor":22,"gold_loss":85}],"is_beta":false,"boss_relics":[{"not_picked":["Replay:Wanted Poster","Velvet Choker"],"picked":"Sozu"}],"items_purged_floors":[7],"is_endless":false,"potions_floor_spawned":[1,10,14,19,23],"killed_by":"Book of Stabbing","ascension_level":0}}