{"host":"bq4pt811tk9yrmjl","time":1610746123,"event":{"mods":["AchievementEnabler","BaseMod","Colored Map","Colored Powertips","Defuse TimeMaze Blight","Hermit","Minty Spire (QoL Compilation)","StSLib","SuperFastMode"],"gold_per_floor":[117,133,133,133,133,163,163,177,177,177,204,52,72,88,88,193,193,193,193],"floor_reached":18,"language":"ENG","playtime":313,"items_purged":[],"score":205,"play_id":"330dcfa9-5058-4037-9eca-d6a3f8984563","local_time":"20210115192843","is_ascension_mode":true,"campfire_choices":[{"data":"Metallicize","floor":7,"key":"SMITH"},{"data":"Iron Wave","floor":10,"key":"SMITH"},{"data":"Clash","floor":15,"key":"SMITH"}],"circlet_count":0,"master_deck":["Strike_R","Strike_R","Strike_R","Strike_R","Strike_R","Defend_R","Defend_R","Defend_R","Defend_R","Bash+1","Intimidate","Iron Wave+1","Metallicize+1","Intimidate","Clash+1","Limit Break"],"relics":["Black Blood","NeowsBlessing","Prayer Wheel","InkBottle","Juzu Bracelet"],"acts_visited":["Exordium","TheCity"],"potions_floor_usage":[11,11,16,16],"damage_taken":[{"damage":0,"enemies":"Small Slimes","floor":1,"turns":2},{"damage":0,"enemies":"Jaw Worm","floor":2,"turns":1},{"damage":0,"enemies":"Lagavulin","floor":6,"turns":1},{"damage":2,"enemies":"Cultist","floor":8,"turns":4},{"damage":17,"enemies":"3 Sentries","floor":11,"turns":11},{"damage":38,"enemies":"Exordium Thugs","floor":13,"turns":9},{"damage":4,"enemies":"Exordium Wildlife","floor":14,"turns":5},{"damage":19,"enemies":"Hexaghost","floor":16,"turns":8},{"damage":0,"enemies":"2 Thieves","floor":18,"turns":1}],"seed_played":"5538699375527421860","potions_obtained":[{"floor":1,"key":"Block Potion"},{"floor":8,"key":"Regen Potion"},{"floor":13,"key":"PowerPotion"},{"floor":14,"key":"Fire Potion"}],"is_trial":false,"path_per_floor":["M","M","$","?","?","E","R","M","T","R","E","$","M","M","R","B",null,"M"],"character_chosen":"IRONCLAD","items_purchased":["Juzu Bracelet"],"campfire_rested":0,"item_purchase_floors":[12],"current_hp_per_floor":[80,80,80,80,80,80,80,80,80,80,80,80,48,50,50,37,80,80,80],"gold":193,"neow_bonus":"THREE_ENEMY_KILL","is_daily":false,"chose_seed":false,"campfire_upgraded":3,"win_rate":0.0,"timestamp":1610746123,"path_taken":["M","M","$","?","?","E","R","?","T","R","E","$","M","M","R","BOSS","M"],"items_purchased_type":["Relic"],"build_version":"2020-12-22","purchased_purges":0,"victory":false,"max_hp_per_floor":[80,80,80,80,80,80,80,80,80,80,80,80,80,80,80,80,80,80,80],"card_choices":[{"not_picked":["Second Wind","Shrug It Off"],"picked":"Intimidate","floor":1},{"not_picked":["Dropkick","Flex"],"picked":"Iron Wave","floor":2},{"not_picked":["Armaments","Heavy Blade"],"picked":"Metallicize","floor":6},{"not_picked":["Thunderclap","Pummel"],"picked":"Intimidate","floor":8},{"not_picked":["Sword Boomerang","Thunderclap","Perfected Strike"],"picked":"SKIP","floor":8},{"not_picked":["Evolve","Carnage","Havoc"],"picked":"SKIP","floor":11},{"not_picked":["Evolve","Wild Strike","Power Through"],"picked":"SKIP","floor":13},{"not_picked":["Iron Wave","Headbutt","Thunderclap"],"picked":"SKIP","floor":13},{"not_picked":["Sentinel","Perfected Strike"],"picked":"Clash","floor":14},{"not_picked":["Perfected Strike","Corruption","Pommel Strike"],"picked":"SKIP","floor":14},{"not_picked":["Barricade","Immolate"],"picked":"Limit Break","floor":16}],"player_experience":164644,"relics_obtained":[{"floor":6,"key":"Prayer Wheel"},{"floor":11,"key":"InkBottle"}],"event_choices":[{"damage_healed":0,"gold_gain":0,"player_choice":"Ignored","damage_taken":0,"max_hp_gain":0,"max_hp_loss":0,"event_name":"Golden Wing","floor":4,"gold_loss":0},{"damage_healed":0,"gold_gain":0,"player_choice":"Forge","damage_taken":0,"max_hp_gain":0,"max_hp_loss":0,"event_name":"Accursed Blacksmith","floor":5,"gold_loss":0,"cards_upgraded":["Bash"]}],"is_beta":false,"boss_relics":[{"not_picked":["Astrolabe","Runic Dome"],"picked":"Black Blood"}],"items_purged_floors":[],"is_endless":false,"potions_floor_spawned":[1,8,13,14],"killed_by":"2 Thieves","ascension_level":1}}