{"host":"32dedufnxebqtmo3","time":1610696093,"event":{"mods":["AchievementEnabler","BaseMod","Better Third Choice","Card Filter","Colored Powertips","Defuse TimeMaze Blight","GifTheSpireLib","Minty Spire (QoL Compilation)","Permanent Neow","Relic Filter","Relic Stats","Remove Card Discount Mod","Shop Mod","StSLib","The Construct","The Cursed","Unceasing Turn Reminder"],"gold_per_floor":[216,216,240,47,47,68,68,84,84,128,152,166,14,33,33,154,154,79,79,79,79,79,79,79,28,28,28,28,28,28,28,28,28,28,28,28,28,28,28,28,28,28,28,28,28,28,28,28,28,28],"floor_reached":51,"language":"ENG","playtime":2847,"items_purged":["Injury"],"score":674,"play_id":"9ee9eb05-a258-4bcc-9515-315d20f9f5c3","local_time":"20210114233453","is_ascension_mode":false,"campfire_choices":[{"data":"construct:GuardCore+1","floor":15,"key":"SMITH"},{"data":"construct:FlameCore","floor":24,"key":"SMITH"},{"data":"construct:FlameCore+1","floor":28,"key":"SMITH"},{"data":"construct:ReactiveShield+1","floor":32,"key":"SMITH"},{"data":"construct:MetalShell","floor":40,"key":"SMITH"},{"data":"construct:MetalShell+1","floor":44,"key":"SMITH"},{"data":"construct:FlameCore+1","floor":47,"key":"SMITH"},{"data":"construct:Autoturret","floor":49,"key":"SMITH"}],"circlet_count":0,"master_deck":["construct:Strike_Gold","construct:Strike_Gold","construct:Strike_Gold","construct:Strike_Gold","construct:Strike_Gold","construct:Defend_Gold","construct:Defend_Gold","construct:Defend_Gold","construct:Defend_Gold","construct:Defend_Gold","construct:AttackMode","construct:DefenseMode+2","construct:Reinforce","construct:Disrupt","construct:GuardCore+2","construct:OneWayMirror","construct:SuppressiveFire+1","construct:Synchronize","construct:Versatility+1","construct:Versatility+1","construct:LongRangeLance","construct:FlameCore+2","construct:MetalShell+2","construct:Failsafe","construct:Autoturret+1","construct:ReactiveShield+2","construct:FlameCore+2","construct:FlameCore","construct:Forcefield+1","construct:Autoturret","Decay"],"relics":["construct:ClockworkPhoenix","Golden Idol","Molten Egg 2","InkBottle","Juzu Bracelet","Ectoplasm","construct:MegaBattery","Blood Vial","Strawberry","MawBank","Empty Cage","Bird Faced Urn","Lantern","The Courier","construct:LongRangeLance"],"acts_visited":["Exordium","TheCity","TheBeyond"],"potions_floor_usage":[12,16,16,31,33,39,41,45],"damage_taken":[{"damage":4,"enemies":"2 Louse","floor":1,"turns":3},{"damage":8,"enemies":"Small Slimes","floor":3,"turns":4},{"damage":0,"enemies":"Jaw Worm","floor":6,"turns":5},{"damage":0,"enemies":"Blue Slaver","floor":8,"turns":3},{"damage":9,"enemies":"Gremlin Nob","floor":10,"turns":4},{"damage":0,"enemies":"Looter","floor":11,"turns":4},{"damage":1,"enemies":"3 Louse","floor":12,"turns":2},{"damage":0,"enemies":"Exordium Wildlife","floor":14,"turns":5},{"damage":17,"enemies":"Slime Boss","floor":16,"turns":13},{"damage":6,"enemies":"2 Thieves","floor":18,"turns":4},{"damage":6,"enemies":"Spheric Guardian","floor":19,"turns":6},{"damage":25,"enemies":"Cultist and Chosen","floor":22,"turns":6},{"damage":4,"enemies":"Book of Stabbing","floor":23,"turns":14},{"damage":0,"enemies":"Snecko","floor":27,"turns":10},{"damage":20,"enemies":"Snake Plant","floor":29,"turns":5},{"damage":8,"enemies":"Collector","floor":33,"turns":12},{"damage":7,"enemies":"3 Shapes","floor":35,"turns":5},{"damage":16,"enemies":"3 Darklings","floor":37,"turns":6},{"damage":1,"enemies":"Mind Bloom Boss Battle","floor":39,"turns":8},{"damage":17,"enemies":"Reptomancer","floor":41,"turns":8},{"damage":9,"enemies":"Maw","floor":42,"turns":8},{"damage":0,"enemies":"Writhing Mass","floor":45,"turns":7},{"damage":22,"enemies":"3 Darklings","floor":46,"turns":7},{"damage":60,"enemies":"Time Eater","floor":50,"turns":14}],"seed_played":"8290714570727366341","potions_obtained":[{"floor":3,"key":"Explosive Potion"},{"floor":8,"key":"BlessingOfTheForge"},{"floor":11,"key":"Explosive Potion"},{"floor":14,"key":"Fire Potion"},{"floor":18,"key":"construct:ShiftPotion"},{"floor":23,"key":"SneckoOil"},{"floor":27,"key":"FairyPotion"},{"floor":31,"key":"Fruit Juice"},{"floor":31,"key":"Regen Potion"},{"floor":37,"key":"LiquidMemories"},{"floor":41,"key":"ColorlessPotion"}],"is_trial":false,"path_per_floor":["M","?","M","$","?","M","?","M","T","E","M","M","$","M","R","B",null,"M","M","?","?","M","E","R","$","T","M","R","M","?","?","R","B",null,"M","?","M","$","?","R","E","M","T","R","M","M","R","?","R","B",null],"character_chosen":"THE_CONSTRUCT_MOD","items_purchased":["construct:GuardCore","construct:OneWayMirror","construct:Missile","Juzu Bracelet","construct:Autoturret"],"campfire_rested":0,"item_purchase_floors":[4,4,4,13,25],"current_hp_per_floor":[81,81,73,73,73,73,73,73,73,64,64,63,63,63,63,46,85,79,73,73,73,48,44,44,44,51,53,53,35,35,40,40,49,97,90,90,76,76,77,77,72,75,75,75,89,81,81,81,81,33],"gold":28,"neow_bonus":"HUNDRED_GOLD","is_daily":false,"chose_seed":false,"campfire_upgraded":8,"win_rate":0.0,"timestamp":1610696093,"path_taken":["M","?","M","$","?","M","?","M","T","E","M","?","$","M","R","BOSS","M","M","?","?","M","E","R","$","T","M","R","M","?","?","R","BOSS","M","?","M","$","?","R","E","M","T","R","M","M","R","?","R","BOSS"],"items_purchased_type":["Card","Card","Card","Relic","Card"],"build_version":"2020-12-22","purchased_purges":1,"victory":true,"max_hp_per_floor":[85,85,85,85,85,85,85,85,85,85,85,85,85,85,85,85,85,85,85,85,85,85,85,85,85,92,92,92,92,92,97,97,97,97,97,97,97,97,97,97,97,97,97,97,97,97,97,97,97,97],"relic_stats":{"Blood Vial":20,"counters":[24,156],"Golden Idol":171,"Bird Faced Urn":[54],"Ectoplasm":828,"Juzu Bracelet":2,"MawBank":0,"obtain_stats":[{"Lantern":41,"Golden Idol":2,"The Courier":43,"Juzu Bracelet":13,"construct:LongRangeLance":18,"construct:ClockworkPhoenix":0,"MawBank":30,"Empty Cage":34,"Blood Vial":23,"Strawberry":26,"Bird Faced Urn":39,"Molten Egg 2":9,"Ectoplasm":17,"construct:MegaBattery":20,"InkBottle":10},{"Lantern":20,"Golden Idol":1,"The Courier":21,"Juzu Bracelet":7,"construct:LongRangeLance":10,"construct:ClockworkPhoenix":0,"MawBank":15,"Empty Cage":16,"Blood Vial":13,"Strawberry":13,"Bird Faced Urn":19,"Molten Egg 2":4,"Ectoplasm":9,"construct:MegaBattery":11,"InkBottle":5},{"Lantern":121,"Golden Idol":3,"The Courier":128,"Juzu Bracelet":25,"construct:LongRangeLance":47,"construct:ClockworkPhoenix":0,"MawBank":85,"Empty Cage":96,"Blood Vial":72,"Strawberry":72,"Bird Faced Urn":113,"Molten Egg 2":15,"Ectoplasm":43,"construct:MegaBattery":53,"InkBottle":19}],"InkBottle":[47]},"card_choices":[{"not_picked":["construct:SuppressiveFire","construct:Backfire"],"picked":"construct:Reinforce","floor":1},{"not_picked":["construct:ScrapCannon","construct:Reinforce"],"picked":"construct:Disrupt","floor":3},{"not_picked":["construct:FierceBash","construct:Boost","construct:Antimatter"],"picked":"SKIP","floor":6},{"not_picked":["construct:Boost","construct:ScrapCannon","construct:FierceBash"],"picked":"SKIP","floor":8},{"not_picked":["construct:OneWayMirror","construct:ScrapCannon+1"],"picked":"construct:SuppressiveFire+1","floor":10},{"not_picked":["construct:FlakBarrage+1","construct:Isolate"],"picked":"construct:Synchronize","floor":11},{"not_picked":["construct:Accumulate+1","construct:Backfire+1"],"picked":"construct:Versatility+1","floor":12},{"not_picked":["construct:FocusedBeam+1","construct:SyphonStrike+1"],"picked":"construct:Versatility+1","floor":14},{"not_picked":["construct:GatlingGun+1","construct:Multistage"],"picked":"construct:LongRangeLance","floor":16},{"not_picked":["construct:ScrapCannon+1","construct:Forcefield+1"],"picked":"construct:Chainstrike+1","floor":18},{"not_picked":["construct:HeavyBolt+1","construct:Missile+1"],"picked":"construct:FlameCore","floor":19},{"not_picked":["construct:Versatility+1","construct:BatteryAcid+1","construct:ShiftStrike+1"],"picked":"SKIP","floor":22},{"not_picked":["construct:Hazardproof+1","construct:Overcharge+1"],"picked":"construct:Failsafe","floor":23},{"not_picked":["construct:BatteryAcid+1","construct:Analyze"],"picked":"construct:ReactiveShield+1","floor":27},{"not_picked":["construct:Impenetrable","construct:HeavyBolt+1","construct:Versatility+1"],"picked":"SKIP","floor":29},{"not_picked":["construct:Reinforce","construct:CriticalHit+1"],"picked":"construct:FlameCore+1","floor":35},{"not_picked":["construct:HeavyBolt+1","construct:Antimatter+1"],"picked":"construct:Forcefield+1","floor":37},{"not_picked":["construct:HyperBeam+1","construct:Impenetrable","construct:Accumulate+1"],"picked":"SKIP","floor":41},{"not_picked":["construct:ScrapCannon+1","construct:Synchronize"],"picked":"construct:Autoturret","floor":42},{"not_picked":["construct:Versatility+1","construct:SuppressiveFire+1","construct:ScrapCannon+1"],"picked":"SKIP","floor":45},{"not_picked":["construct:Boost+1","construct:ShiftStrike+1","construct:Forcefield+1"],"picked":"SKIP","floor":46}],"player_experience":719590,"relics_obtained":[{"floor":9,"key":"Molten Egg 2"},{"floor":10,"key":"InkBottle"},{"floor":23,"key":"Blood Vial"},{"floor":26,"key":"Strawberry"},{"floor":39,"key":"Bird Faced Urn"},{"floor":41,"key":"Lantern"},{"floor":43,"key":"The Courier"}],"event_choices":[{"damage_healed":0,"gold_gain":0,"player_choice":"Take Wound","damage_taken":0,"relics_obtained":["Golden Idol"],"max_hp_gain":0,"max_hp_loss":0,"event_name":"Golden Idol","floor":2,"gold_loss":0,"cards_obtained":["Injury"]},{"damage_healed":0,"gold_gain":0,"player_choice":"Leave","damage_taken":0,"max_hp_gain":0,"max_hp_loss":0,"event_name":"The Cleric","floor":5,"gold_loss":0},{"damage_healed":0,"gold_gain":0,"player_choice":"Grow","damage_taken":0,"max_hp_gain":0,"max_hp_loss":0,"event_name":"Living Wall","floor":7,"gold_loss":0,"cards_upgraded":["construct:GuardCore"]},{"damage_healed":0,"gold_gain":0,"player_choice":"Opened","damage_taken":0,"relics_obtained":["construct:MegaBattery"],"max_hp_gain":0,"max_hp_loss":0,"event_name":"The Mausoleum","floor":20,"gold_loss":0},{"damage_healed":0,"gold_gain":0,"player_choice":"Read","damage_taken":0,"max_hp_gain":0,"max_hp_loss":0,"event_name":"The Library","floor":21,"gold_loss":0,"cards_obtained":["construct:MetalShell"]},{"damage_healed":0,"gold_gain":0,"player_choice":"Stole Relic","damage_taken":0,"relics_obtained":["MawBank"],"max_hp_gain":0,"max_hp_loss":0,"event_name":"Addict","floor":30,"gold_loss":0,"cards_obtained":["Shame"]},{"damage_healed":0,"gold_gain":0,"player_choice":"Got Potions","damage_taken":0,"max_hp_gain":0,"max_hp_loss":0,"event_name":"Lab","floor":31,"gold_loss":0},{"damage_healed":0,"gold_gain":0,"cards_transformed":["construct:Missile"],"player_choice":"Transformed","damage_taken":0,"max_hp_gain":0,"max_hp_loss":0,"event_name":"Transmorgrifier","floor":36,"gold_loss":0,"cards_obtained":["construct:FlameCore"]},{"damage_healed":0,"gold_gain":0,"player_choice":"Fight","damage_taken":0,"max_hp_gain":0,"max_hp_loss":0,"event_name":"MindBloom","floor":39,"gold_loss":0},{"damage_healed":0,"gold_gain":0,"player_choice":"Cursed","damage_taken":0,"max_hp_gain":0,"max_hp_loss":0,"event_name":"Wheel of Change","floor":48,"gold_loss":0,"cards_obtained":["Decay"]}],"is_beta":false,"boss_relics":[{"not_picked":["Runic Pyramid","Runic Dome"],"picked":"Ectoplasm"},{"not_picked":["Coffee Dripper","Pandora\u0027s Box"],"picked":"Empty Cage"}],"items_purged_floors":[4],"is_endless":false,"potions_floor_spawned":[3,8,11,14,18,23,27,37,41],"ascension_level":0}}