{"host":"92108ef2q9tm8rod","time":1610735940,"event":{"mods":["BaseMod","Defuse TimeMaze Blight","Minty Spire (QoL Compilation)","StSLib","The Jungle"],"gold_per_floor":[119,139,157,157,182,182,205,205,228,263,263,304,339,379,379,508,508,531,386,409,422,436,474,474,396,420,420,420,420,345,370,370,499,499,518,468,488,501,522,522,522,309,360,372,399,467,514,526,538,550],"floor_reached":51,"language":"ENG","playtime":6089,"items_purged":["Intimidate","Undo","SignatureMove"],"score":850,"play_id":"f4b061b8-4d9a-4941-a546-c20df9d7892e","local_time":"20210115183900","daily_mods":["SealedDeck","Diverse","Heirloom","Flight"],"is_ascension_mode":false,"campfire_choices":[{"data":"Reprogram","floor":6,"key":"SMITH"},{"data":"Metallicize","floor":11,"key":"SMITH"},{"floor":15,"key":"REST"},{"data":"True Grit","floor":24,"key":"SMITH"},{"data":"Rampage","floor":27,"key":"SMITH"},{"data":"Evolve","floor":29,"key":"SMITH"},{"floor":32,"key":"REST"},{"data":"Juggernaut","floor":40,"key":"SMITH"},{"data":"Undo","floor":41,"key":"SMITH"},{"floor":44,"key":"REST"},{"floor":49,"key":"REST"}],"circlet_count":0,"master_deck":["Concentrate+1","Undo+1","True Grit+1","Conserve Battery+1","Evolve+1","Reprogram+1","Metallicize+1","Juggernaut+1","Rampage+1","Gash+1","Rampage+1"],"relics":["Ring of the Serpent","TungstenRod","Golden Idol","Centennial Puzzle","Bag of Marbles","PreservedInsect","War Paint","Gremlin Horn","SacredBark","Membership Card","Snake Skull","Bag of Preparation","Unceasing Top","MawBank","Calipers","Art of War"],"acts_visited":["Exordium","TheCity","TheBeyond"],"potions_floor_usage":[13,16,33,38,45,47,50,50],"damage_taken":[{"damage":0,"enemies":"Small Slimes","floor":1,"turns":3},{"damage":0,"enemies":"Jaw Worm","floor":2,"turns":4},{"damage":0,"enemies":"Cultist","floor":3,"turns":4},{"damage":3,"enemies":"3 Louse","floor":5,"turns":5},{"damage":0,"enemies":"Large Slime","floor":7,"turns":7},{"damage":0,"enemies":"3 Sentries","floor":10,"turns":9},{"damage":3,"enemies":"Gremlin Nob","floor":12,"turns":4},{"damage":5,"enemies":"3 Sentries","floor":13,"turns":6},{"damage":1,"enemies":"Lagavulin","floor":14,"turns":4},{"damage":0,"enemies":"The Guardian","floor":16,"turns":10},{"damage":0,"enemies":"Shell Parasite","floor":18,"turns":5},{"damage":0,"enemies":"Chosen","floor":20,"turns":4},{"damage":3,"enemies":"Snake Plant","floor":21,"turns":5},{"damage":4,"enemies":"Chosen and Byrds","floor":22,"turns":5},{"damage":3,"enemies":"Slavers","floor":23,"turns":5},{"damage":2,"enemies":"Centurion and Healer","floor":31,"turns":4},{"damage":0,"enemies":"Champ","floor":33,"turns":10},{"damage":24,"enemies":"3 Darklings","floor":35,"turns":6},{"damage":0,"enemies":"Orb Walker","floor":37,"turns":6},{"damage":0,"enemies":"Sphere and 2 Shapes","floor":38,"turns":9},{"damage":1,"enemies":"3 Darklings","floor":39,"turns":4},{"damage":0,"enemies":"Writhing Mass","floor":45,"turns":4},{"damage":6,"enemies":"2 Orb Walkers","floor":46,"turns":4},{"damage":0,"enemies":"Reptomancer","floor":47,"turns":4},{"damage":4,"enemies":"Awakened One","floor":50,"turns":8}],"seed_played":"6735182795710544622","potions_obtained":[{"floor":3,"key":"Poison Potion"},{"floor":5,"key":"SpeedPotion"},{"floor":7,"key":"Dexterity Potion"},{"floor":10,"key":"Weak Potion"},{"floor":14,"key":"DuplicationPotion"},{"floor":18,"key":"Dexterity Potion"},{"floor":35,"key":"Regen Potion"},{"floor":45,"key":"Regen Potion"},{"floor":46,"key":"SteroidPotion"}],"is_trial":true,"path_per_floor":["M","M","M","?","M","R","M","?","T","E","R","E","E","E","R","B",null,"M","$","M","M","M","E","R","$","T","R","$","R","?","M","R","B",null,"M","$","M","M","M","R","R","$","T","R","M","?","E","?","R","B",null],"character_chosen":"THE_SILENT","items_purchased":["Membership Card","Rampage","Unceasing Top"],"campfire_rested":4,"item_purchase_floors":[19,25,42],"current_hp_per_floor":[70,70,70,54,51,51,51,51,51,51,51,48,43,42,63,63,70,70,70,70,67,63,60,60,60,60,60,60,60,60,58,70,70,70,46,46,46,70,69,69,69,69,69,70,70,64,70,70,70,66],"gold":562,"neow_bonus":"","is_daily":false,"chose_seed":false,"campfire_upgraded":7,"win_rate":0.0,"timestamp":1610735940,"path_taken":["M","M","M","?","M","R","M","?","T","E","R","E","E","E","R","BOSS","M","$","M","?","M","E","R","$","T","R","$","R","?","M","R","BOSS","M","$","M","M","M","R","R","$","T","R","M","?","E","?","R","BOSS"],"items_purchased_type":["Relic","Card","Relic"],"build_version":"2020-12-22","purchased_purges":3,"victory":true,"max_hp_per_floor":[70,70,70,70,70,70,70,70,70,70,70,70,70,70,70,70,70,70,70,70,70,70,70,70,70,70,70,70,70,70,70,70,70,70,70,70,70,70,70,70,70,70,70,70,70,70,70,70,70,70],"card_choices":[{"not_picked":["Rebound","Ball Lightning"],"picked":"Metallicize","floor":1},{"not_picked":["FollowUp","Doom and Gloom","Headbutt"],"picked":"SKIP","floor":2},{"not_picked":["FTL","Protect","Study"],"picked":"SKIP","floor":3},{"not_picked":["Redo","Bane","Ball Lightning"],"picked":"SKIP","floor":5},{"not_picked":["Darkness","Turbo","EmptyFist"],"picked":"SKIP","floor":7},{"not_picked":["Crescendo","Burst","Terror"],"picked":"SKIP","floor":10},{"not_picked":["Halt","FlurryOfBlows","Warcry"],"picked":"SKIP","floor":12},{"not_picked":["Pommel Strike","Heavy Blade","Rip and Tear"],"picked":"SKIP","floor":13},{"not_picked":["Accuracy","Masterful Stab","Twin Strike"],"picked":"SKIP","floor":14},{"not_picked":["Phantasmal Killer","Glass Knife"],"picked":"Juggernaut","floor":16},{"not_picked":["Quick Slash","Streamline","Whirlwind+1"],"picked":"SKIP","floor":18},{"not_picked":["Cleave","Clash","Leap"],"picked":"SKIP","floor":20},{"not_picked":["Double Energy+1","SandsOfTime+1","Battle Trance"],"picked":"SKIP","floor":21},{"not_picked":["Sucker Punch+1","Entrench","Bouncing Flask"],"picked":"SKIP","floor":22},{"not_picked":["Buffer","Hello World+1","Dark Embrace+1"],"picked":"SKIP","floor":23},{"not_picked":["FlurryOfBlows+1","Terror+1","Beam Cell"],"picked":"SKIP","floor":31},{"not_picked":["Perfected Strike","Double Energy+1","Setup"],"picked":"SKIP","floor":35},{"not_picked":["Cold Snap+1","Thunderclap+1","Pommel Strike"],"picked":"SKIP","floor":37},{"not_picked":["Clash","Doom and Gloom+1","Fission"],"picked":"SKIP","floor":38},{"not_picked":["BowlingBash","Indignation+1","Inflame+1"],"picked":"SKIP","floor":39},{"not_picked":["Finisher+1","Shockwave+1","Go for the Eyes+1"],"picked":"SKIP","floor":45},{"not_picked":["Redo+1","EmptyFist+1"],"picked":"Gash+1","floor":46},{"not_picked":["Quick Slash","Wild Strike+1","Caltrops"],"picked":"SKIP","floor":47}],"player_experience":3296356,"relics_obtained":[{"floor":9,"key":"Centennial Puzzle"},{"floor":10,"key":"Bag of Marbles"},{"floor":12,"key":"PreservedInsect"},{"floor":13,"key":"War Paint"},{"floor":14,"key":"Gremlin Horn"},{"floor":23,"key":"Snake Skull"},{"floor":26,"key":"Bag of Preparation"},{"floor":43,"key":"MawBank"},{"floor":46,"key":"Calipers"},{"floor":47,"key":"Art of War"}],"event_choices":[{"damage_healed":0,"gold_gain":0,"player_choice":"Take Damage","damage_taken":17,"relics_obtained":["Golden Idol"],"max_hp_gain":0,"max_hp_loss":0,"event_name":"Golden Idol","floor":4,"gold_loss":0},{"damage_healed":0,"gold_gain":0,"player_choice":"Bought 0 Potions","damage_taken":0,"max_hp_gain":0,"max_hp_loss":0,"event_name":"The Woman in Blue","floor":8,"gold_loss":0},{"cards_removed":["Footwork"],"damage_healed":0,"gold_gain":0,"player_choice":"Gave Gold","damage_taken":0,"max_hp_gain":0,"max_hp_loss":0,"event_name":"Beggar","floor":30,"gold_loss":75},{"damage_healed":0,"gold_gain":0,"player_choice":"Fight","damage_taken":0,"max_hp_gain":0,"max_hp_loss":0,"event_name":"Mysterious Sphere","floor":46,"gold_loss":0},{"damage_healed":0,"gold_gain":0,"player_choice":"Copied","damage_taken":0,"max_hp_gain":0,"max_hp_loss":0,"event_name":"Duplicator","floor":48,"gold_loss":0,"cards_obtained":["Rampage"]}],"is_beta":false,"boss_relics":[{"not_picked":["Snecko Eye","Coffee Dripper"],"picked":"SacredBark"},{"not_picked":["Empty Cage","Black Star"],"picked":"Ring of the Serpent"}],"items_purged_floors":[25,36,42],"is_endless":false,"potions_floor_spawned":[3,5,7,10,14,18,20,31,35,45,46],"ascension_level":0}}