{"host":"csp9nt53rootlkah","time":1610718531,"event":{"mods":["Act Like it!","BaseMod","Colored Powertips","Friendly Minions","Gensokyo","Highlight Path","Marisa£®ÏF”Í°°ƒß¿Ì…≥£©","Minty Spire (QoL Compilation)","Quick Restart","Replay The Spire","StSLib","TestMod","The Factory","The Jungle","°æ“≈ŒÔø®≈∆°øREMEMod"],"gold_per_floor":[111,125,137,137,155,189,189,220,295,295,308,308,339,352,352,449,449],"floor_reached":16,"language":"ZHS","playtime":828,"items_purged":[],"score":215,"play_id":"77ed1c0d-76d2-4876-a537-4f3f70d00306","local_time":"20210115214851","is_ascension_mode":true,"campfire_choices":[{"data":"Limit Break","floor":7,"key":"SMITH"},{"floor":12,"key":"REST"},{"data":"MeteoricShower","floor":15,"key":"SMITH"}],"circlet_count":0,"master_deck":["Strike_MRS","Strike_MRS","Defend_MRS","Defend_MRS","Defend_MRS","MasterSpark","UpSweep","Limit Break+1","NonDirectionalLaser","MagicAbsorber","GasGiant","MeteoricShower+1","MachineGunSpark"],"relics":["MiniHakkero","testmod-TestBox","REME_ComplimentaryCards","testmod-TurbochargingSystem","NeowsBlessing","Bag of Preparation","Simple Rune"],"acts_visited":["Gensokyo:Gensokyo"],"potions_floor_usage":[],"damage_taken":[{"damage":0,"enemies":"Gensokyo:3_Fairies","floor":1,"turns":1},{"damage":0,"enemies":"Gensokyo:2_Kodama","floor":2,"turns":1},{"damage":0,"enemies":"Gensokyo:Gryphon","floor":3,"turns":1},{"damage":1,"enemies":"Gensokyo:2_Rabbits","floor":5,"turns":3},{"damage":4,"enemies":"Gensokyo:Cirno","floor":6,"turns":6},{"damage":12,"enemies":"Gensokyo:Mamizou","floor":8,"turns":6},{"damage":9,"enemies":"Gensokyo:3_Kodama","floor":11,"turns":4},{"damage":3,"enemies":"Gensokyo:Aya","floor":13,"turns":4},{"damage":0,"enemies":"Gensokyo:LivingMonolith","floor":14,"turns":2},{"damage":14,"enemies":"Gensokyo:Reimu","floor":16,"turns":11}],"seed_played":"4076062010917663695","potions_obtained":[{"floor":1,"key":"Swift Potion"},{"floor":2,"key":"Elixir"},{"floor":5,"key":"Venom Potion"}],"is_trial":false,"path_per_floor":["M","M","M","?","M","E","R","E","T","?","M","R","E","M","R","B"],"character_chosen":"MARISA","items_purchased":[],"campfire_rested":1,"item_purchase_floors":[],"current_hp_per_floor":[68,68,68,38,37,33,33,21,21,21,12,34,31,31,31,17,17],"gold":449,"neow_bonus":"THREE_ENEMY_KILL","is_daily":false,"chose_seed":false,"campfire_upgraded":2,"win_rate":0.0,"timestamp":1610718531,"path_taken":["M","?","M","?","?","E","R","E","T","?","M","R","E","M","R","BOSS"],"items_purchased_type":[],"build_version":"2020-12-22","purchased_purges":0,"victory":false,"max_hp_per_floor":[75,75,75,75,75,75,75,75,75,75,75,75,75,75,75,75,75],"card_choices":[{"not_picked":["AlicesGift","OpenUniverse"],"picked":"NonDirectionalLaser","floor":1},{"not_picked":["ShootingEcho","GalacticHalo"],"picked":"MagicAbsorber","floor":2},{"not_picked":["WitchOfGreed","SporeBomb"],"picked":"GasGiant","floor":3},{"not_picked":["DoubleSpark","GravityBeat"],"picked":"MeteoricShower","floor":5},{"not_picked":["PowerUp","NonDirectionalLaser","ChargingUp"],"picked":"SKIP","floor":6},{"not_picked":["GravityBeat","AbsoluteMagnitude","NonDirectionalLaser"],"picked":"SKIP","floor":8},{"not_picked":["LuminesStrike","GravityBeat"],"picked":"MachineGunSpark","floor":11},{"not_picked":["MysteriousBeam","GrandCross","RefractionSpark"],"picked":"SKIP","floor":13},{"not_picked":["MysteriousBeam","GrandCross","RefractionSpark"],"picked":"SKIP","floor":13},{"not_picked":["DC","MysteriousBeam","JA"],"picked":"SKIP","floor":14}],"player_experience":143922,"relics_obtained":[{"floor":6,"key":"Bag of Preparation"},{"floor":13,"key":"Simple Rune"}],"event_choices":[],"is_beta":false,"boss_relics":[],"items_purged_floors":[],"is_endless":false,"potions_floor_spawned":[1,2,5,8,14],"killed_by":"Gensokyo:Reimu","ascension_level":6}}