{"host":"v79nb9qnzs8cga96","time":1610730904,"event":{"mods":["Aspiration","BaseMod","Better Note","Block Reminder","GifTheSpireLib","Marked Mod","Minty Spire (QoL Compilation)","Quarter Circle Forward PUNCH!","SacredBarkPlus","Small Relic Pack","StSLib","Stuff the Spire"],"gold_per_floor":[110,110,128,128,303,338,338,355,379,379,391,417,435,460,460,556,556,566,203,215,229,131,161,176,202,202,222,222,256,256,103,103,103,103],"floor_reached":33,"language":"ENG","playtime":1802,"items_purged":["Doubt"],"score":341,"play_id":"8aecd6f5-f22b-4f38-ba22-a4427066ab93","local_time":"20210115191504","is_ascension_mode":true,"campfire_choices":[{"data":"Pummel","floor":10,"key":"SMITH"},{"floor":15,"key":"REST"},{"floor":32,"key":"REST"}],"circlet_count":0,"master_deck":["Strike_R","Strike_R","Strike_R","Strike_R","Strike_R","Defend_R","Defend_R","Defend_R","Defend_R","Bash","Iron Wave+1","Shrug It Off","Pummel+1","Feel No Pain","Searing Blow","Rage","Thunderclap","Anger","True Grit","Armaments","StuffTheSpire:Slingshot","Rampage","Heavy Blade+1","Spot Weakness+1","StuffTheSpire:Resist","Flex","Body Slam+1","Twin Strike","Armaments+1","Ghostly Armor","Flex+1","Cleave"],"relics":["Burning Blood","aspiration:Nostalgia","StuffTheSpire:OccultApparatus","StuffTheSpire:Barrel","relicPack:OneForAll","Bronze Scales","Magic Flower","Vajra","Cursed Key","StuffTheSpire:DullRazor","Omamori","Bird Faced Urn","Dream Catcher","qcfpunch:School_Backpack","qcfpunch:Red_Headband","StuffTheSpire:Saxophone"],"acts_visited":["Exordium","TheCity"],"potions_floor_usage":[6,6,14,20,21,29,33],"damage_taken":[{"damage":3.0,"enemies":"2 Louse","floor":1.0,"turns":4.0},{"damage":1.0,"enemies":"Cultist","floor":3.0,"turns":3.0},{"damage":28,"enemies":"Lagavulin","floor":6,"turns":9},{"damage":4,"enemies":"Jaw Worm","floor":8,"turns":7},{"damage":7,"enemies":"Blue Slaver","floor":11,"turns":4},{"damage":15,"enemies":"3 Sentries","floor":12,"turns":11},{"damage":12,"enemies":"Looter","floor":13,"turns":3},{"damage":20,"enemies":"Lagavulin","floor":14,"turns":8},{"damage":53,"enemies":"Slime Boss","floor":16,"turns":12},{"damage":1,"enemies":"Chosen","floor":18,"turns":4},{"damage":15,"enemies":"2 Thieves","floor":20,"turns":4},{"damage":6,"enemies":"Centurion and Healer","floor":21,"turns":3},{"damage":20,"enemies":"Slavers","floor":23,"turns":5},{"damage":17,"enemies":"Chosen and Byrds","floor":24,"turns":4},{"damage":45,"enemies":"Book of Stabbing","floor":25,"turns":6},{"damage":15,"enemies":"Snecko","floor":27,"turns":4},{"damage":18,"enemies":"Slavers","floor":29,"turns":4},{"damage":61,"enemies":"Collector","floor":33,"turns":5}],"seed_played":"1649752000916016740","potions_obtained":[{"floor":1.0,"key":"LiquidMemories"},{"floor":3.0,"key":"Explosive Potion"},{"floor":13,"key":"AttackPotion"},{"floor":16,"key":"LiquidMemories"},{"floor":20,"key":"Fire Potion"},{"floor":25,"key":"LiquidMemories"},{"floor":29,"key":"Explosive Potion"}],"is_trial":false,"path_per_floor":["M","?","M","?","?","E","?","M","T","R","M","E","M","E","R","B",null,"M","$","M","M","$","E","M","E","T","M","?","E","T","$","R","B"],"character_chosen":"IRONCLAD","items_purchased":["StuffTheSpire:DullRazor","Armaments","StuffTheSpire:Slingshot","Rampage","StuffTheSpire:Resist","Flex","StuffTheSpire:Saxophone"],"campfire_rested":2,"item_purchase_floors":[19,19,19,19,22,22,31],"current_hp_per_floor":[80,80,80,80,80,58,58,60,60,60,59,50,47,36,60,16,80,80,80,74,77,77,66,58,22,22,25,25,19,19,19,43,0,0],"gold":103,"neow_bonus":"NOSTALGIA","is_daily":false,"chose_seed":false,"campfire_upgraded":1,"win_rate":0.0,"timestamp":1610730904,"path_taken":["M","?","?","?","?","E","?","M","T","R","M","E","M","E","R","BOSS","M","$","M","M","$","E","M","E","T","M","?","E","?","$","R","BOSS"],"items_purchased_type":["Relic","Card","Card","Card","Card","Card","Relic"],"build_version":"2020-12-22","purchased_purges":1,"victory":false,"max_hp_per_floor":[80,80,80,80,80,80,80,80,80,80,80,80,80,80,80,80,80,80,80,80,80,80,80,80,80,80,80,80,80,80,80,80,80,80],"card_choices":[{"not_picked":["Wild Strike","Metallicize"],"picked":"Iron Wave","floor":1.0},{"not_picked":["Sword Boomerang","Evolve"],"picked":"Shrug It Off","floor":3.0},{"not_picked":["Iron Wave","Wild Strike"],"picked":"Pummel","floor":6},{"not_picked":["Heavy Blade","Warcry"],"picked":"Feel No Pain","floor":8},{"not_picked":["Hemokinesis","StuffTheSpire:Pyroclast"],"picked":"Searing Blow","floor":11},{"not_picked":["Barricade","Thunderclap"],"picked":"Rage","floor":12},{"not_picked":["StuffTheSpire:Incineration","Shrug It Off"],"picked":"Thunderclap","floor":13},{"not_picked":["Perfected Strike","StuffTheSpire:Pyroclast"],"picked":"Anger","floor":14},{"not_picked":["Dropkick+1","Dark Embrace"],"picked":"True Grit","floor":18},{"not_picked":["Second Wind","Flame Barrier+1"],"picked":"Heavy Blade+1","floor":20},{"not_picked":["Pommel Strike+1","Blood for Blood"],"picked":"Spot Weakness+1","floor":21},{"not_picked":["True Grit","Sever Soul+1"],"picked":"Body Slam+1","floor":23},{"not_picked":["Dual Wield","Entrench"],"picked":"Twin Strike","floor":24},{"not_picked":["StuffTheSpire:RockThrow","Flex"],"picked":"Armaments+1","floor":25},{"not_picked":["Rage+1","Dual Wield","Ghostly Armor"],"picked":"SKIP","floor":27},{"not_picked":["Rage+1","Dual Wield"],"picked":"Ghostly Armor","floor":27},{"not_picked":["StuffTheSpire:BloodClot","Exhume"],"picked":"Flex+1","floor":29},{"not_picked":["Iron Wave","StuffTheSpire:RockThrow"],"picked":"Cleave","floor":32}],"player_experience":335552,"relics_obtained":[{"floor":6,"key":"StuffTheSpire:Barrel"},{"floor":9,"key":"Bronze Scales"},{"floor":12,"key":"Magic Flower"},{"floor":14,"key":"Vajra"},{"floor":23,"key":"Omamori"},{"floor":25,"key":"Bird Faced Urn"},{"floor":26,"key":"Dream Catcher"},{"floor":29,"key":"qcfpunch:School_Backpack"},{"floor":30,"key":"qcfpunch:Red_Headband"}],"event_choices":[{"damage_healed":0.0,"max_hp_gain":0.0,"max_hp_loss":0.0,"gold_gain":0.0,"event_name":"Upgrade Shrine","player_choice":"Upgraded","floor":2.0,"gold_loss":0.0,"damage_taken":0.0,"cards_upgraded":["Iron Wave"]},{"damage_healed":0,"gold_gain":175,"player_choice":"AGREE","damage_taken":0,"max_hp_gain":0,"max_hp_loss":0,"event_name":"Liars Game","floor":5,"gold_loss":0,"cards_obtained":["Doubt"]},{"damage_healed":0,"gold_gain":0,"player_choice":"Ignored","damage_taken":0,"max_hp_gain":0,"max_hp_loss":0,"event_name":"Beggar","floor":28,"gold_loss":0}],"is_beta":false,"boss_relics":[{"not_picked":["Coffee Dripper","aspiration:DefectSkillbook"],"picked":"Cursed Key"}],"items_purged_floors":[19],"is_endless":false,"potions_floor_spawned":[1,3,13,16,20,25,29],"killed_by":"Collector","ascension_level":1}}