{"host":"ei1qq5p14gle6mho","time":1610705389,"event":{"mods":["Act Like it!","Aspiration","BaseMod","Card Forge","Conspire","Defuse TimeMaze Blight","Elementarium","Energized Spire","Hallownest","Hubris","Infinite Spire","Mimic Mod","Minty Spire (QoL Compilation)","Pale of the Ancients","Replay The Spire","StSLib","Waifu the Spire","Wandering Minibosses","vexMod"],"gold_per_floor":[152,165,54,73,73,73,91,91,91,91,126,126,157,205,205,300,300,310,310,21,21,21,21,56,68,94,129,129,158,5,20,20,116,116,131,148,148,0,10,10,25,56,88,88,106,126,126,126],"floor_reached":47,"language":"RUS","playtime":3199,"items_purged":["Defend_G"],"score":620,"play_id":"84b436b6-52df-474c-9f62-5030c84101b6","local_time":"20210115120949","is_ascension_mode":true,"campfire_choices":[{"data":"Backstab","floor":6,"key":"SMITH"},{"floor":8,"key":"REST"},{"data":"Slice","floor":10,"key":"SMITH"},{"data":"Deadly Poison","floor":15,"key":"SMITH"},{"data":"Hallownest:attackMasterCycloneSlash","floor":23,"key":"SMITH"},{"floor":32,"key":"REST"},{"floor":40,"key":"REST"},{"floor":44,"key":"REST"}],"circlet_count":0,"master_deck":["Strike_G","Strike_G+1","Strike_G","Strike_G","Strike_G+1","Defend_G","Defend_G","Defend_G","Defend_G","Survivor","Neutralize","Slice+1","Deflect","Deflect+1","Replay:Poison Smokescreen","Backstab+1","Deadly Poison+1","ReplayTheSpireMod:Necrosis","Slice","Hallownest:attackMasterCycloneSlash+1","Prepared+1","infinitespire:Fortify","Die Die Die","Dagger Spray+1","Dagger Spray+1","Poisoned Stab","infinitespire:Neurotoxin"],"relics":["Ring of the Snake","Hammer of Thor","Seething Fire","Anvil of the Gods","Shuriken","infinitespire:ShieldingShard","Whetstone","Hallownest:SalubrasBlessingRelic","hubris:TinFlute","infinitespire:Beetle Shell","SlaversCollar","Byrd Skull","conspire:Dentures","Vajra","The Specimen","conspire:SpecialSausage","vexMod:BarristanHead","Pet Ghost","conspire:RunicOctahedron","Hallownest:KingsIdolRelic","Hallownest:StagBellRelic1","infinitespire:Eraser","The Specimen"],"acts_visited":["Hallownest:Greenpath","Hallownest:CityofTears","Hallownest:KingdomsEdge"],"potions_floor_usage":[25,27,31,39,45,47,47],"damage_taken":[{"damage":20,"enemies":"conspire:MimicChest","floor":0,"turns":7},{"damage":0,"enemies":"Hallownest:monsterHuskGuard","floor":1,"turns":4},{"damage":12,"enemies":"Hallownest:2_MossCreeps","floor":2,"turns":6},{"damage":0,"enemies":"Hallownest:2_Baldur","floor":4,"turns":4},{"damage":9,"enemies":"Hallownest:1_Baldur_1_Crawlid_1_Warrior","floor":7,"turns":6},{"damage":0,"enemies":"Hallownest:eliteVengeflyKing","floor":11,"turns":6},{"damage":0,"enemies":"Hallownest:eliteMossKnight","floor":13,"turns":7},{"damage":26,"enemies":"Hallownest:BossFalseKnight","floor":16,"turns":9},{"damage":9,"enemies":"Hallownest:3_Youths","floor":18,"turns":9},{"damage":0,"enemies":"Hallownest:Nosk","floor":24,"turns":6},{"damage":0,"enemies":"Hallownest:Guard_and_Sentry","floor":25,"turns":2},{"damage":12,"enemies":"Hallownest:eliteWatcherKnight","floor":27,"turns":13},{"damage":19,"enemies":"Nightmare","floor":29,"turns":9},{"damage":3,"enemies":"Hallownest:2_Husk_Sentries","floor":31,"turns":4},{"damage":24,"enemies":"Hallownest:BossSoulMaster","floor":33,"turns":10},{"damage":0,"enemies":"Hallownest:Shield_Heavy","floor":35,"turns":6},{"damage":25,"enemies":"Hallownest:2_Littles","floor":36,"turns":5},{"damage":14,"enemies":"Hallownest:Slobbering_and_Violent","floor":39,"turns":6},{"damage":3,"enemies":"Hallownest:monsterPrimalAspid","floor":41,"turns":5},{"damage":17,"enemies":"Nightmare","floor":42,"turns":9},{"damage":0,"enemies":"Hallownest:2_Soldiers_and_1_Guardian","floor":43,"turns":8},{"damage":9,"enemies":"Hallownest:2_Soldiers_and_1_Guardian","floor":45,"turns":6},{"damage":38,"enemies":"Hallownest:Xero_Hu_Marmu","floor":46,"turns":7},{"damage":25,"enemies":"Hallownest:2_Wandering_and_1_Horned","floor":47,"turns":3}],"seed_played":"3010180024734425335","potions_obtained":[{"floor":0,"key":"SpeedPotion"},{"floor":2,"key":"Doom Potion"},{"floor":4,"key":"CunningPotion"},{"floor":25,"key":"SkillPotion"},{"floor":29,"key":"SkillPotion"},{"floor":33,"key":"Reflective Coating"},{"floor":36,"key":"Fire Potion"},{"floor":41,"key":"Adrenaline Potion"},{"floor":45,"key":"conspire:TimeTravelPotion"}],"is_trial":false,"path_per_floor":["M","M","$","M","?","R","M","R","T","R","E","?","E","T","R","B",null,"M","?","$","?","$","R","E","M","T","E","AVR","NM","$","M","R","B",null,"M","M","?","?","M","R","M","NM","MIM","R","M","M","M"],"character_chosen":"THE_SILENT","items_purchased":["Replay:Poison Smokescreen","Byrd Skull","Pet Ghost"],"campfire_rested":4,"item_purchase_floors":[3,20,30],"current_hp_per_floor":[50,38,38,38,38,38,29,50,50,50,50,50,50,50,50,24,70,61,61,61,61,61,61,61,61,61,49,49,30,30,27,50,26,72,72,47,47,47,33,56,53,36,36,60,51,13,0,0],"gold":126,"neow_bonus":"RANDOM_EVENT","is_daily":false,"chose_seed":false,"campfire_upgraded":4,"win_rate":0.0,"timestamp":1610705389,"path_taken":["M","?","$","M","?","R","M","R","T","R","E","?","E","?","R","BOSS","M","?","$","?","?","R","E","M","T","E","AVR","NM","$","?","R","BOSS","M","M","?","?","M","R","M","NM","MIM","R","?","?","M"],"items_purchased_type":["Card","Relic","Relic"],"build_version":"2020-12-22","purchased_purges":1,"victory":false,"max_hp_per_floor":[70,70,70,70,70,70,70,70,70,70,70,70,70,70,70,70,70,70,70,70,70,70,70,70,70,70,70,70,70,70,70,72,72,72,72,72,72,72,72,74,74,74,74,76,76,76,76,76],"card_choices":[{"not_picked":["Deflect","Sucker Punch"],"picked":"Slice","floor":0},{"not_picked":["Tactician","ReplayTheSpireMod:Scrap Shanks"],"picked":"Deflect","floor":1},{"not_picked":["Endless Agony","Dash"],"picked":"Deflect","floor":2},{"not_picked":["Hidden Blade","Outmaneuver"],"picked":"Backstab","floor":4},{"not_picked":["Quick Slash","Underhanded Strike","Malaise"],"picked":"SKIP","floor":7},{"not_picked":["Riddle With Holes","Underhanded Strike","PiercingWail"],"picked":"SKIP","floor":11},{"not_picked":["conspire:PoisonWeapons","hubris:SlightOfHand"],"picked":"Deadly Poison","floor":13},{"not_picked":["Doppelganger","Unload"],"picked":"ReplayTheSpireMod:Necrosis","floor":16},{"not_picked":["Quick Slash","Acrobatics"],"picked":"Slice","floor":18},{"not_picked":["Flying Knee","Endless Agony","conspire:PoisonWeapons+1"],"picked":"SKIP","floor":24},{"not_picked":["PiercingWail","Calculated Gamble","Quick Slash"],"picked":"SKIP","floor":25},{"not_picked":["Outmaneuver","Underhanded Strike"],"picked":"Prepared+1","floor":27},{"not_picked":["Outmaneuver+1","Quick Slash+1","Blur"],"picked":"SKIP","floor":29},{"not_picked":["ReplayTheSpireMod:The Works","Outmaneuver","Blade Dance"],"picked":"SKIP","floor":31},{"not_picked":["Unload","Venomology"],"picked":"Die Die Die","floor":33},{"not_picked":["Caltrops+1","Terror"],"picked":"Dagger Spray+1","floor":35},{"not_picked":["hubris:Sniper","Acrobatics+1","Masterful Stab"],"picked":"SKIP","floor":36},{"not_picked":["Choke+1","Tactician+1","Reflex"],"picked":"SKIP","floor":39},{"not_picked":["Quick Slash+1","Flying Knee"],"picked":"Dagger Spray+1","floor":41},{"not_picked":["Dagger Spray+1","Leg Sweep+1"],"picked":"Poisoned Stab","floor":42},{"not_picked":["Expertise","hubris:Counter+1"],"picked":"infinitespire:Neurotoxin","floor":45},{"not_picked":["hubris:SlightOfHand","Blade Dance","Well Laid Plans+1"],"picked":"SKIP","floor":46}],"player_experience":119496,"relics_obtained":[{"floor":0,"key":"Shuriken"},{"floor":9,"key":"infinitespire:ShieldingShard"},{"floor":11,"key":"Whetstone"},{"floor":13,"key":"hubris:TinFlute"},{"floor":14,"key":"infinitespire:Beetle Shell"},{"floor":24,"key":"conspire:Dentures"},{"floor":27,"key":"Vajra"},{"floor":29,"key":"vexMod:BarristanHead"},{"floor":42,"key":"infinitespire:Eraser"},{"floor":43,"key":"The Specimen"}],"event_choices":[],"is_beta":false,"boss_relics":[{"not_picked":["Replay:Wanted Poster","energizedSpire:HugeHouse"],"picked":"SlaversCollar"},{"not_picked":["Replay:Drink Me","vexMod:EndlessSickness"],"picked":"conspire:RunicOctahedron"}],"items_purged_floors":[3],"is_endless":true,"potions_floor_spawned":[0,2,4,25,29,33,36,41,45],"killed_by":"Hallownest:2_Wandering_and_1_Horned","ascension_level":1}}