{"host":"b995t17pt6d05w8c","time":1610715575,"event":{"mods":["AchievementEnabler","BaseMod","Colored Map","DeckTracker","Keyboard Shortcuts","Minty Spire (QoL Compilation)","Permanent Neow","SuperFastMode"],"gold_per_floor":[113,124,136,136,152,152,173,48,129,129,129],"floor_reached":10,"language":"KOR","playtime":206,"items_purged":["Strike_G"],"score":111,"play_id":"0543a032-e579-42fb-815a-7409701ffead","local_time":"20210115215935","is_ascension_mode":true,"campfire_choices":[{"floor":6,"key":"REST"}],"circlet_count":0,"master_deck":["AscendersBane","Strike_G","Strike_G","Strike_G","Defend_G","Defend_G","Defend_G","Defend_G","Survivor","Neutralize","Tactician","Reflex","Endless Agony","Riddle With Holes","Prepared"],"relics":["Ring of the Snake","Golden Idol","InkBottle"],"acts_visited":["Exordium"],"potions_floor_usage":[7],"damage_taken":[{"damage":1,"enemies":"Small Slimes","floor":1,"turns":3},{"damage":8,"enemies":"Cultist","floor":2,"turns":5},{"damage":0,"enemies":"2 Louse","floor":3,"turns":4},{"damage":5,"enemies":"2 Fungi Beasts","floor":5,"turns":5},{"damage":11,"enemies":"Exordium Wildlife","floor":7,"turns":5},{"damage":63,"enemies":"Gremlin Nob","floor":10,"turns":5}],"seed_played":"-4603552162331135940","potions_obtained":[{"floor":1,"key":"Fire Potion"},{"floor":3,"key":"FairyPotion"}],"is_trial":false,"path_per_floor":["M","M","M","?","M","R","M","$","T","E"],"character_chosen":"THE_SILENT","items_purchased":["Prepared"],"campfire_rested":1,"item_purchase_floors":[8],"current_hp_per_floor":[58,50,50,29,24,42,31,31,31,0,0],"gold":129,"neow_bonus":"REMOVE_TWO","is_daily":false,"chose_seed":false,"campfire_upgraded":0,"win_rate":0.0,"timestamp":1610715575,"path_taken":["M","M","M","?","M","R","M","$","T","E"],"items_purchased_type":["Card"],"build_version":"2020-12-22","purchased_purges":1,"victory":false,"max_hp_per_floor":[60,60,60,60,60,60,60,60,60,60,60],"card_choices":[{"not_picked":["Backstab","Concentrate"],"picked":"Tactician","floor":1},{"not_picked":["Dagger Spray","Infinite Blades"],"picked":"Reflex","floor":2},{"not_picked":["Underhanded Strike","PiercingWail"],"picked":"Endless Agony","floor":3},{"not_picked":["PiercingWail","Deflect"],"picked":"Riddle With Holes","floor":5},{"not_picked":["PiercingWail","Sucker Punch","Setup"],"picked":"SKIP","floor":7}],"player_experience":131569,"relics_obtained":[{"floor":9,"key":"InkBottle"}],"event_choices":[{"damage_healed":0,"gold_gain":0,"player_choice":"Take Damage","damage_taken":21,"relics_obtained":["Golden Idol"],"max_hp_gain":0,"max_hp_loss":0,"event_name":"Golden Idol","floor":4,"gold_loss":0}],"is_beta":false,"boss_relics":[],"items_purged_floors":[8],"is_endless":false,"potions_floor_spawned":[1,3,5],"killed_by":"Gremlin Nob","ascension_level":17}}