{"host":"7qoz5gmva6til3yp","time":1610716074,"event":{"mods":["AchievementEnabler","BaseMod","Minty Spire (QoL Compilation)","StSLib","SuperFastMode"],"gold_per_floor":[116,116,41,41,56,88,88,122,122,135,146,146,172,191,191,296,296,309,319,219,230,245,245,245,271,271,289,289,125,135,61,61,159,159,172,192,192,212,230,230,1,1,1,30,30,51,51,66,66,66,66,66,30,30,30],"floor_reached":54,"language":"KOR","playtime":6458,"items_purged":["Strike_B","Leap","Undo","Ball Lightning"],"score":1045,"play_id":"d3a10e09-b621-4e61-9574-87d6baa49ad3","local_time":"20210115220754","is_ascension_mode":true,"campfire_choices":[{"data":"Zap","floor":7.0,"key":"SMITH"},{"data":"Redo","floor":15.0,"key":"SMITH"},{"data":"Fusion","floor":23,"key":"SMITH"},{"floor":28,"key":"REST"},{"data":"Biased Cognition","floor":32,"key":"SMITH"},{"data":"Dualcast","floor":40,"key":"SMITH"},{"data":"Glacier","floor":42,"key":"SMITH"},{"data":"Coolheaded","floor":45,"key":"SMITH"},{"data":"Chill","floor":47,"key":"SMITH"},{"floor":49,"key":"RECALL"},{"floor":52,"key":"REST"}],"circlet_count":0,"master_deck":["Zap+1","Dualcast+1","FTL+1","Cold Snap+1","Coolheaded+1","Redo+1","Biased Cognition+1","Compile Driver+1","Core Surge+1","Chill+1","Fusion+1","Blizzard+1","Sweeping Beam+1","Loop+1","Creative AI+1","Glacier+1","Electrodynamics+1","Coolheaded+1","Self Repair+1","Capacitor+1","Parasite","Barrage+1"],"relics":["Cracked Core","NeowsBlessing","Molten Egg 2","Matryoshka","DataDisk","Blue Candle","Meat on the Bone","Tiny Chest","Odd Mushroom","Pandora\u0027s Box","Bottled Flame","Frozen Egg 2","Runic Pyramid","Happy Flower","Bird Faced Urn","CeramicFish"],"acts_visited":["Exordium","TheCity","TheBeyond","TheEnding"],"potions_floor_usage":[33,50,50,50],"damage_taken":[{"damage":0.0,"enemies":"Small Slimes","floor":1.0,"turns":1.0},{"damage":0.0,"enemies":"Jaw Worm","floor":5.0,"turns":1.0},{"damage":0.0,"enemies":"Gremlin Nob","floor":6.0,"turns":1.0},{"damage":27.0,"enemies":"Lagavulin","floor":8.0,"turns":5.0},{"damage":0.0,"enemies":"Cultist","floor":10.0,"turns":2.0},{"damage":8.0,"enemies":"Looter","floor":11.0,"turns":2.0},{"damage":16.0,"enemies":"The Mushroom Lair","floor":13.0,"turns":3.0},{"damage":4.0,"enemies":"Red Slaver","floor":14.0,"turns":2.0},{"damage":0.0,"enemies":"Slime Boss","floor":16.0,"turns":7.0},{"damage":11,"enemies":"Shell Parasite","floor":18,"turns":4},{"damage":22,"enemies":"2 Thieves","floor":19,"turns":3},{"damage":12,"enemies":"Snecko","floor":21,"turns":5},{"damage":21,"enemies":"Shelled Parasite and Fungi","floor":22,"turns":4},{"damage":14,"enemies":"Gremlin Leader","floor":25,"turns":5},{"damage":21,"enemies":"Cultist and Chosen","floor":27,"turns":5},{"damage":4,"enemies":"3 Cultists","floor":30,"turns":3},{"damage":13,"enemies":"Champ","floor":33,"turns":6},{"damage":3,"enemies":"Orb Walker","floor":35,"turns":3},{"damage":28,"enemies":"3 Darklings","floor":36,"turns":4},{"damage":0,"enemies":"Maw","floor":38,"turns":6},{"damage":25,"enemies":"Spire Growth","floor":39,"turns":5},{"damage":0,"enemies":"Reptomancer","floor":44,"turns":6},{"damage":21,"enemies":"Writhing Mass","floor":46,"turns":8},{"damage":12,"enemies":"Maw","floor":48,"turns":7},{"damage":19,"enemies":"Donu and Deca","floor":50,"turns":6},{"damage":88,"enemies":"Shield and Spear","floor":54,"turns":6}],"seed_played":"-3222824320299187513","potions_obtained":[{"floor":1.0,"key":"BlessingOfTheForge"},{"floor":11.0,"key":"FocusPotion"},{"floor":13.0,"key":"Strength Potion"},{"floor":16.0,"key":"SpeedPotion"},{"floor":33,"key":"EssenceOfSteel"},{"floor":35,"key":"PotionOfCapacity"}],"is_trial":false,"path_per_floor":["M","?","$","?","M","E","R","E","T","M","M","T","?","M","R","B",null,"M","M","$","M","M","R","?","E","T","M","R","$","M","$","R","B",null,"M","M","T","M","M","R","$","R","T","E","R","M","R","M","R","B",null,"R","$","E"],"character_chosen":"DEFECT","items_purchased":["Loop+1","Glacier","Capacitor+1","Barrage+1"],"campfire_rested":2,"item_purchase_floors":[29,31,41,53],"current_hp_per_floor":[68,73,73,66,66,66,66,39,39,39,31,31,27,35,35,47,72,61,51,51,51,42,42,42,40,40,31,55,55,51,51,51,50,73,70,42,42,42,29,29,29,29,29,59,59,70,70,76,76,71,78,80,80,0,0],"gold":30,"neow_bonus":"THREE_ENEMY_KILL","is_daily":false,"chose_seed":false,"campfire_upgraded":8,"win_rate":0.0,"timestamp":1610716074,"path_taken":["M","?","$","?","M","E","R","E","T","M","M","?","?","M","R","BOSS","M","M","$","M","M","R","?","E","T","M","R","$","M","$","R","BOSS","M","?","?","M","M","R","$","R","T","E","R","M","R","?","R","BOSS","R","$","E"],"items_purchased_type":["Card","Card","Card","Card"],"build_version":"2020-12-22","purchased_purges":4,"victory":false,"max_hp_per_floor":[75,80,80,80,80,80,80,80,80,80,80,80,80,80,80,80,80,80,80,80,80,80,80,80,80,80,80,80,80,80,80,80,80,80,80,80,80,80,80,80,80,80,80,80,80,80,80,80,80,80,80,80,80,80,80],"card_choices":[{"not_picked":["Streamline","Recycle","Stack"],"picked":"SKIP","floor":1.0},{"not_picked":["Aggregate","Turbo"],"picked":"Ball Lightning","floor":5.0},{"not_picked":["Cold Snap+1","Redo"],"picked":"FTL+1","floor":6.0},{"not_picked":["Steam Power","Redo"],"picked":"Cold Snap+1","floor":8.0},{"not_picked":["Beam Cell+1","Reinforced Body"],"picked":"Coolheaded","floor":10.0},{"not_picked":["Leap","Creative AI"],"picked":"Redo","floor":11.0},{"not_picked":["Turbo","Recycle"],"picked":"Leap","floor":14.0},{"not_picked":["Echo Form","Creative AI"],"picked":"Biased Cognition","floor":16.0},{"not_picked":["Hologram+1","Compile Driver+1","Steam"],"picked":"SKIP","floor":18},{"not_picked":["Steam Power+1","Leap"],"picked":"Blizzard+1","floor":19},{"not_picked":["Compile Driver+1","Cold Snap+1","Hello World"],"picked":"SKIP","floor":21},{"not_picked":["Rebound+1","Rip and Tear+1","Streamline+1"],"picked":"SKIP","floor":22},{"not_picked":["Conserve Battery","Force Field","Cold Snap+1"],"picked":"SKIP","floor":25},{"not_picked":["Doom and Gloom+1","Leap"],"picked":"Sweeping Beam+1","floor":27},{"not_picked":["Sweeping Beam+1","Compile Driver+1"],"picked":"Creative AI+1","floor":30},{"not_picked":["Amplify","Multi-Cast"],"picked":"Electrodynamics+1","floor":33},{"not_picked":["Glacier+1","Beam Cell+1","Barrage+1"],"picked":"SKIP","floor":35},{"not_picked":["BootSequence+1","Go for the Eyes+1"],"picked":"Coolheaded+1","floor":36},{"not_picked":["Recycle+1","Ball Lightning+1","Reprogram"],"picked":"SKIP","floor":38},{"not_picked":["Recycle+1","Glacier"],"picked":"Self Repair+1","floor":39},{"not_picked":["Sunder+1","Loop+1","Creative AI+1"],"picked":"SKIP","floor":44},{"not_picked":["Ball Lightning+1","Stack+1","Tempest"],"picked":"SKIP","floor":46},{"not_picked":["Compile Driver+1","Steam+1","Gash+1"],"picked":"SKIP","floor":48}],"player_experience":352200,"relics_obtained":[{"floor":6.0,"key":"Molten Egg 2"},{"floor":8.0,"key":"Matryoshka"},{"floor":9.0,"key":"DataDisk"},{"floor":9.0,"key":"Blue Candle"},{"floor":12.0,"key":"Meat on the Bone"},{"floor":12.0,"key":"Tiny Chest"},{"floor":13.0,"key":"Odd Mushroom"},{"floor":25,"key":"Bottled Flame"},{"floor":26,"key":"Frozen Egg 2"},{"floor":37,"key":"Happy Flower"},{"floor":43,"key":"Bird Faced Urn"},{"floor":44,"key":"CeramicFish"}],"event_choices":[{"damage_healed":0.0,"max_hp_gain":5.0,"max_hp_loss":0.0,"gold_gain":0.0,"event_name":"Big Fish","player_choice":"Donut","floor":2.0,"gold_loss":0.0,"damage_taken":0.0},{"cards_removed":["Defend_B"],"damage_healed":0.0,"max_hp_gain":0.0,"max_hp_loss":0.0,"gold_gain":0.0,"event_name":"Golden Wing","player_choice":"Card Removal","floor":4.0,"gold_loss":0.0,"damage_taken":7.0},{"damage_healed":0.0,"max_hp_gain":0.0,"max_hp_loss":0.0,"gold_gain":0.0,"event_name":"Mushrooms","player_choice":"Fought Mushrooms","floor":13.0,"gold_loss":0.0,"damage_taken":0.0},{"cards_removed":["Multi-Cast"],"damage_healed":0,"gold_gain":0,"player_choice":"Purged","damage_taken":0,"max_hp_gain":0,"max_hp_loss":0,"event_name":"Purifier","floor":24,"gold_loss":0}],"is_beta":false,"boss_relics":[{"not_picked":["Inserter","Cursed Key"],"picked":"Pandora\u0027s Box"},{"not_picked":["Coffee Dripper","Astrolabe"],"picked":"Runic Pyramid"}],"items_purged_floors":[3,20,29,41],"is_endless":false,"potions_floor_spawned":[1,11,13,16,27,30,33,35,39,46],"killed_by":"Shield and Spear","ascension_level":7}}