{"host":"ohuqxemsk44kggmp","time":1610716863,"event":{"mods":["Act Like it!","BaseMod","Better Third Choice","Colored Powertips","Conspire","Marked Mod","Minty Spire (QoL Compilation)","Pale of the Ancients","Railgun Mod","Replay The Spire","StSLib","The Alterego","Waifu the Spire"],"gold_per_floor":[112,112,143,161,161,189,189,0,0,0,0,31,81,146,146,243,243,259,298,384,420,130,130,158,158,158,216,261,261,291,334,334,460,460,497,547,565,606,706,706,736,736,736,786,821,859,859,870,870,870,882,882,949,465,465,483,483,80,80,80],"floor_reached":61,"language":"ENG","playtime":4971,"items_purged":["Pain"],"score":1476,"play_id":"9d67264e-ac33-430e-b90f-5be7bdb3ba91","local_time":"20210115142103","is_ascension_mode":true,"campfire_choices":[{"data":"HandOfGreed","floor":7.0,"key":"SMITH"},{"floor":10.0,"key":"REST"},{"floor":15.0,"key":"RECALL"},{"floor":23.0,"key":"REST"},{"floor":25.0,"key":"REST"},{"floor":29.0,"key":"REST"},{"data":"TheRailgun:Discharge","floor":40.0,"key":"SMITH"},{"floor":42.0,"key":"REST"},{"floor":47.0,"key":"REST"},{"floor":49.0,"key":"REST"},{"data":"TheRailgun:Oneesama","floor":55,"key":"SMITH"},{"floor":57,"key":"REST"}],"circlet_count":0,"master_deck":["TheRailgun:Strike","TheRailgun:Strike","TheRailgun:Strike","TheRailgun:Strike","TheRailgun:Defend","TheRailgun:Defend","TheRailgun:Defend","TheRailgun:Defend","TheRailgun:Discharge+1","TheRailgun:Static","TheRailgun:Zip","HandOfGreed+1","TheRailgun:Thunderbolt","TheRailgun:Scatter_Railgun+1","TheRailgun:Electric_Fence+1","TheRailgun:Electrical_Storm","TheRailgun:Biribiri","TheRailgun:Lightning_Speed","TheRailgun:Supercharge+1","TheRailgun:Heroinism+1","TheRailgun:Stun_Shock+1","TheRailgun:Spark+1","ReplayTheSpireMod:Brewmster+1","TheRailgun:Heroinism+1","TheRailgun:Positive_Field+1","TheRailgun:Level_6+1","TheRailgun:Positive_Field","TheRailgun:Magnetic_Movement","TheRailgun:Railgun+1","TheRailgun:Negative_Field","Madness","Madness","TheRailgun:Iron_Dust_Vial","TheRailgun:Negative_Field","TheRailgun:Oneesama+1","TheRailgun:Electrical_Fire","TheRailgun:Heroinism","TheRailgun:Coin_Flip+1","TheRailgun:Mental_Out+1","TheRailgun:Thunderjolt+1","TheRailgun:Scatter_Railgun+1","ReplayTheSpireMod:Brewmster+1","TheRailgun:Charge+1"],"relics":["TheRailgun:CoinRelic","Replay:Bottled Snecko","SsserpentHead","Replay:Bottled Steam","Golden Egg","Pantograph","Mirror","ChewingGum","Incense Burner","Divine Protection","conspire:BottledYoYo","Sundial","Counterbalance","Blue Candle","Shuriken","Nunchaku","Garlic","paleoftheancients:Timepiece","paleoftheancients:KeyRelic","Meat on the Bone","CultistMask","paleoftheancients:SoulOfTheThorton","Guide Book","Gremlin Food","paleoftheancients:SoulOfTheHexaghost","Eternal Feather","Chemical X"],"acts_visited":["Exordium","TheCity","TheBeyond","TheBeyond"],"potions_floor_usage":[52,52,56,56,56,56,56,56,56,56,56,56,56,56,56,60,60,60,60,60,60,60,60,60,60,60,60,60,60,60,60,60,60],"damage_taken":[{"damage":0.0,"enemies":"conspire:RoseBush","floor":1.0,"turns":2.0},{"damage":0.0,"enemies":"Cultist","floor":3.0,"turns":2.0},{"damage":5.0,"enemies":"Jaw Worm","floor":4.0,"turns":2.0},{"damage":16.0,"enemies":"Replay:BlueRogue","floor":6.0,"turns":4.0},{"damage":25.0,"enemies":"Lagavulin","floor":12.0,"turns":4.0},{"damage":5.0,"enemies":"Exordium Wildlife","floor":14.0,"turns":4.0},{"damage":15.0,"enemies":"Slime Boss","floor":16.0,"turns":6.0},{"damage":32.0,"enemies":"2 Thieves","floor":18.0,"turns":3.0},{"damage":14.0,"enemies":"Shell Parasite","floor":19.0,"turns":4.0},{"damage":9.0,"enemies":"Centurion and Healer","floor":21.0,"turns":3.0},{"damage":5.0,"enemies":"conspire:Head Lice","floor":24.0,"turns":7.0},{"damage":33.0,"enemies":"Slavers","floor":27.0,"turns":5.0},{"damage":11.0,"enemies":"Snake Plant","floor":28.0,"turns":3.0},{"damage":13.0,"enemies":"Book of Stabbing","floor":30.0,"turns":3.0},{"damage":2.0,"enemies":"Cultist and Chosen","floor":31.0,"turns":3.0},{"damage":30.0,"enemies":"Pondfish","floor":33.0,"turns":8.0},{"damage":0.0,"enemies":"3 Shapes","floor":35.0,"turns":3.0},{"damage":0.0,"enemies":"Orb Walker","floor":37.0,"turns":3.0},{"damage":3.0,"enemies":"Maw","floor":38.0,"turns":6.0},{"damage":0.0,"enemies":"Mind Bloom Boss Battle","floor":39.0,"turns":4.0},{"damage":28.0,"enemies":"Giant Head","floor":41.0,"turns":7.0},{"damage":48.0,"enemies":"Nemesis","floor":45.0,"turns":7.0},{"damage":17.0,"enemies":"Sphere and 2 Shapes","floor":46.0,"turns":4.0},{"damage":30.0,"enemies":"Jaw Worm Horde","floor":48.0,"turns":3.0},{"damage":45.0,"enemies":"Replay:Hell Engine","floor":50.0,"turns":9.0},{"damage":0.0,"enemies":"","floor":51.0,"turns":4.0},{"damage":91,"enemies":"","floor":52,"turns":7},{"damage":0,"enemies":"paleoftheancients:Thorton1","floor":53,"turns":2},{"damage":58,"enemies":"paleoftheancients:Thorton1","floor":56,"turns":9},{"damage":9,"enemies":"paleoftheancients:N","floor":60,"turns":13}],"seed_played":"129431211278561606","potions_obtained":[{"floor":1.0,"key":"Ancient Potion"},{"floor":14.0,"key":"ColorlessPotion"},{"floor":16.0,"key":"Fire Potion"},{"floor":18.0,"key":"Energy Potion"},{"floor":27.0,"key":"BlessingOfTheForge"},{"floor":28.0,"key":"Explosive Potion"},{"floor":31.0,"key":"Cursed Concoction"},{"floor":35.0,"key":"Elixir"},{"floor":39.0,"key":"SmokeBomb"},{"floor":51.0,"key":"Reflective Coating"},{"floor":53,"key":"ColorlessPotion"}],"is_trial":false,"path_per_floor":["M","?","M","M","?","E","R","$","T","R","$","E","$","M","R","B",null,"M","M","?","M","$","R","E","R","T","E","M","R","E","M","R","B",null,"M","?","M","M","?","R","E","R","T","?","E","M","R","M","R","B","M","M","M","$","R","M","R","$","?","B",null],"character_chosen":"THE_DEFAULT","items_purchased":["Golden Egg","ReplayTheSpireMod:Brewmster","TheRailgun:Heroinism","Guide Book","Gremlin Food","ReplayTheSpireMod:Brewmster","Eternal Feather","Chemical X"],"campfire_rested":8,"item_purchase_floors":[8,22,22,54,54,54,58,58],"current_hp_per_floor":[70,70,70,65,65,49,49,49,49,70,70,45,45,40,40,50,70,38,24,24,15,15,36,31,52,52,19,22,43,44,42,63,54,70,70,61,70,70,70,70,56,70,70,70,36,33,54,38,59,70,70,70,70,70,70,38,59,59,59,61],"gold":80,"neow_bonus":"RANDOM_COLORLESS_2","is_daily":false,"chose_seed":false,"campfire_upgraded":3,"win_rate":0.0,"timestamp":1610716863,"path_taken":["M","?","M","?","?","E","R","?","T","R","$","E","?","M","R","BOSS","M","M","?","M","$","R","E","R","T","E","M","R","E","M","R","BOSS","M","?","M","M","?","R","E","R","T","?","E","M","R","M","R","BOSS","M","M","?","$","R","M","R","$","?","BOSS"],"items_purchased_type":["Relic","Card","Card","Relic","Relic","Card","Relic","Relic"],"build_version":"2020-12-22","purchased_purges":1,"victory":true,"max_hp_per_floor":[70,70,70,70,70,70,70,70,70,70,70,70,70,70,70,70,70,70,70,70,70,70,70,70,70,70,70,70,70,70,70,70,70,70,70,70,70,70,70,70,70,70,70,70,70,70,70,70,70,70,70,70,70,70,70,70,70,70,70,70],"card_choices":[{"not_picked":["Panache","Midas Touch"],"picked":"HandOfGreed","floor":0.0},{"not_picked":["TheRailgun:Charge","TheRailgun:Coin_Flip"],"picked":"TheRailgun:Thunderbolt","floor":1.0},{"not_picked":["TheRailgun:Crackle","TheRailgun:Lightningbolt"],"picked":"TheRailgun:Scatter_Railgun","floor":3.0},{"not_picked":["TheRailgun:Discharge","TheRailgun:Hypercharge"],"picked":"TheRailgun:Electric_Fence","floor":4.0},{"not_picked":["TheRailgun:Magnetic_Flight","TheRailgun:Electric_Fence"],"picked":"TheRailgun:Electrical_Storm","floor":6.0},{"not_picked":["TheRailgun:Coin_Flip","TheRailgun:Zip"],"picked":"TheRailgun:Biribiri","floor":12.0},{"not_picked":["TheRailgun:Push","TheRailgun:Positive_Field"],"picked":"TheRailgun:Lightning_Speed","floor":14.0},{"not_picked":["TheRailgun:Thundervolt","TheRailgun:Thunder"],"picked":"TheRailgun:Supercharge","floor":16.0},{"not_picked":["TheRailgun:Thundershock","TheRailgun:Battery_Pack"],"picked":"TheRailgun:Heroinism","floor":18.0},{"not_picked":["TheRailgun:Thundershock","TheRailgun:Pull","TheRailgun:Crack+1"],"picked":"SKIP","floor":19.0},{"not_picked":["TheRailgun:Zip","TheRailgun:Electrical_Fire+1"],"picked":"TheRailgun:Stun_Shock","floor":20.0},{"not_picked":["TheRailgun:Crack","TheRailgun:Recharge"],"picked":"TheRailgun:Spark+1","floor":21.0},{"not_picked":["TheRailgun:Recharge","TheRailgun:Electrical_Fire"],"picked":"TheRailgun:Positive_Field+1","floor":24.0},{"not_picked":["TheRailgun:Recharge","TheRailgun:Hypercharge"],"picked":"TheRailgun:Level_6","floor":27.0},{"not_picked":["TheRailgun:Teleporter","TheRailgun:Hypercharge","TheRailgun:Sister_Network"],"picked":"SKIP","floor":28.0},{"not_picked":["TheRailgun:Thundershock","TheRailgun:Scatter_Railgun"],"picked":"TheRailgun:Positive_Field","floor":30.0},{"not_picked":["TheRailgun:Taser","TheRailgun:Sister_Noise"],"picked":"TheRailgun:Magnetic_Movement","floor":31.0},{"not_picked":["TheRailgun:Judgement_Officer","TheRailgun:Magnetic_Flight"],"picked":"TheRailgun:Railgun","floor":33.0},{"not_picked":["TheRailgun:Stun_Shock+1","TheRailgun:Discharge+1"],"picked":"TheRailgun:Negative_Field","floor":35.0},{"not_picked":["TheRailgun:Zap","TheRailgun:Battery_Pack+1"],"picked":"TheRailgun:Iron_Dust_Vial","floor":37.0},{"not_picked":["TheRailgun:Battery_Pack","TheRailgun:Crackle"],"picked":"TheRailgun:Negative_Field","floor":38.0},{"not_picked":["TheRailgun:Thundervolt","TheRailgun:Sister_Noise"],"picked":"TheRailgun:Oneesama","floor":39.0},{"not_picked":["TheRailgun:Push","TheRailgun:Spark"],"picked":"TheRailgun:Electrical_Fire","floor":41.0},{"not_picked":["TheRailgun:Taser+1","TheRailgun:Iron_Dust_Vial+1"],"picked":"TheRailgun:Heroinism","floor":45.0},{"not_picked":["TheRailgun:Recharge+1","TheRailgun:Battery_Pack"],"picked":"TheRailgun:Coin_Flip+1","floor":46.0},{"not_picked":["TheRailgun:Crack","TheRailgun:Gekotamania"],"picked":"TheRailgun:Mental_Out+1","floor":48.0},{"not_picked":["TheRailgun:Coin_Flip","TheRailgun:Magnetic_Movement+1"],"picked":"TheRailgun:Thunderjolt+1","floor":51.0},{"not_picked":["TheRailgun:Charge","TheRailgun:Electrical_Fire+1"],"picked":"TheRailgun:Scatter_Railgun+1","floor":53},{"not_picked":["TheRailgun:Gekota_Phone+1","TheRailgun:Zap"],"picked":"TheRailgun:Charge+1","floor":56}],"player_experience":501527,"relics_obtained":[{"floor":6.0,"key":"Replay:Bottled Steam"},{"floor":9.0,"key":"Pantograph"},{"floor":12.0,"key":"Mirror"},{"floor":20.0,"key":"Incense Burner"},{"floor":24.0,"key":"Divine Protection"},{"floor":27.0,"key":"conspire:BottledYoYo"},{"floor":30.0,"key":"Sundial"},{"floor":39.0,"key":"Counterbalance"},{"floor":41.0,"key":"Blue Candle"},{"floor":43.0,"key":"Shuriken"},{"floor":44.0,"key":"Nunchaku"},{"floor":45.0,"key":"Garlic"},{"floor":53,"key":"paleoftheancients:SoulOfTheThorton"},{"floor":56,"key":"paleoftheancients:SoulOfTheHexaghost"}],"event_choices":[{"damage_healed":0.0,"max_hp_gain":0.0,"max_hp_loss":0.0,"gold_gain":0.0,"event_name":"WeMeetAgain","player_choice":"Gave Potion","floor":2.0,"gold_loss":0.0,"damage_taken":0.0,"relics_obtained":["Replay:Bottled Snecko"]},{"damage_healed":0.0,"max_hp_gain":0.0,"max_hp_loss":0.0,"gold_gain":0.0,"event_name":"FaceTrader","player_choice":"Trade","floor":5.0,"gold_loss":0.0,"damage_taken":0.0,"relics_obtained":["SsserpentHead"]},{"damage_healed":0.0,"max_hp_gain":0.0,"max_hp_loss":0.0,"gold_gain":0.0,"event_name":"Winding Halls","player_choice":"Embrace Madness","floor":36.0,"gold_loss":0.0,"damage_taken":9.0,"cards_obtained":["Madness","Madness"]},{"damage_healed":0.0,"max_hp_gain":0.0,"max_hp_loss":0.0,"gold_gain":0.0,"event_name":"MindBloom","player_choice":"Fight","floor":39.0,"gold_loss":0.0,"damage_taken":0.0},{"damage_healed":0.0,"max_hp_gain":0.0,"max_hp_loss":0.0,"gold_gain":0.0,"event_name":"Wheel of Change","player_choice":"Relic","floor":44.0,"gold_loss":0.0,"damage_taken":0.0}],"is_beta":false,"boss_relics":[{"not_picked":["Replay:Ancient Bell","conspire:SlowCooker"],"picked":"ChewingGum"},{"not_picked":["Sozu","Painkiller Herb","conspire:SeveredTorchhead"]}],"items_purged_floors":[22],"is_endless":false,"potions_floor_spawned":[1,14,16,18,27,28,30,31,35,39,41,51,53],"ascension_level":1}}