{"host":"9d9dhukr2jywmy0f","time":1610705250,"event":{"mods":["2.2 Compatiblity","Alarm Clock","BaseMod","Bestiary","Block Reminder","Colored Map","Colored Powertips","Curses Come First","DeckTracker","Highlight Path","Key Reminder","Minty Spire (QoL Compilation)","Quick Restart","Rare Cards Sparkle","Relic Sorter","Relic Stats","Spire Birthday Party","StSLib","SuperFastMode","Synergy Search","The Poker Player","Unceasing Turn Reminder","Unknown Chances"],"gold_per_floor":[115,135,135,60,60,60,89,89,138,165,181,195,195,195,195,295,295,309,52,64,81,94,94,129,129,184,196,196,221,221,237,237,341,341,353,353,353,162,175,175,175,193,244,244,262,112,132,142,142,142,142,142,38,65,65],"floor_reached":56,"language":"ZHS","playtime":3061,"items_purged":["PokerPlayerMod:Diamond1","PokerPlayerMod:Spade2","PokerPlayerMod:Diamond2","PokerPlayerMod:Club2"],"score":1556,"play_id":"b6dd7d55-a280-4539-abc2-4a9690563cd1","local_time":"20210115180730","is_ascension_mode":true,"metric_token":1494,"campfire_choices":[{"data":"PokerPlayerMod:Mulligan","floor":6.0,"key":"SMITH"},{"data":"PokerPlayerMod:Raise","floor":8.0,"key":"SMITH"},{"data":"PokerPlayerMod:Raise","floor":13.0,"key":"SMITH"},{"data":"PokerPlayerMod:BadJoker","floor":15.0,"key":"SMITH"},{"data":"PokerPlayerMod:WildCard","floor":23.0,"key":"SMITH"},{"data":"PokerPlayerMod:CardPrinter","floor":28.0,"key":"SMITH"},{"data":"PokerPlayerMod:CardPrinter+1","floor":30.0,"key":"SMITH"},{"data":"PokerPlayerMod:CardPrinter+2","floor":32.0,"key":"SMITH"},{"data":"PokerPlayerMod:CardPrinter+3","floor":40.0,"key":"SMITH"},{"data":"PokerPlayerMod:CardPrinter+4","floor":44.0,"key":"SMITH"},{"floor":49.0,"key":"RECALL"},{"data":"PokerPlayerMod:CardPrinter+5","floor":52.0,"key":"SMITH"}],"circlet_count":0,"master_deck":["PokerPlayerMod:Diamond3","PokerPlayerMod:Diamond4","PokerPlayerMod:Diamond8","PokerPlayerMod:Spade6","PokerPlayerMod:Spade4","PokerPlayerMod:BadJoker+1","PokerPlayerMod:Mulligan+1","PokerPlayerMod:CardBurn","PokerPlayerMod:Raise+1","PokerPlayerMod:CardPrinter+6","PokerPlayerMod:ClubShade","PokerPlayerMod:MagicTrick","PokerPlayerMod:Raise+1","PokerPlayerMod:WildCard+1","PokerPlayerMod:Club8","PokerPlayerMod:CardBurn","PokerPlayerMod:Diamond9","PokerPlayerMod:Raise+1"],"relics":["PokerPlayerMod:DeckCase","Bird Faced Urn","Omamori","Vajra","Question Card","Empty Cage","PokerPlayerMod:PenAndEraser","Singing Bowl","Strawberry","PokerPlayerMod:Splitter","Runic Dome","Ancient Tea Set","Anchor"],"acts_visited":["Exordium","TheCity","TheBeyond","TheEnding"],"potions_floor_usage":[55,55],"damage_taken":[{"damage":0.0,"enemies":"2 Louse","floor":1.0,"turns":2.0},{"damage":5.0,"enemies":"Jaw Worm","floor":2.0,"turns":3.0},{"damage":6.0,"enemies":"3 Sentries","floor":7.0,"turns":4.0},{"damage":12.0,"enemies":"Lagavulin","floor":10.0,"turns":4.0},{"damage":0.0,"enemies":"Small Slimes","floor":11.0,"turns":2.0},{"damage":14.0,"enemies":"Exordium Wildlife","floor":12.0,"turns":3.0},{"damage":9.0,"enemies":"The Guardian","floor":16.0,"turns":11.0},{"damage":0.0,"enemies":"Spheric Guardian","floor":18.0,"turns":3.0},{"damage":2.0,"enemies":"2 Thieves","floor":20.0,"turns":3.0},{"damage":4.0,"enemies":"Centurion and Healer","floor":21.0,"turns":4.0},{"damage":0.0,"enemies":"Shelled Parasite and Fungi","floor":22.0,"turns":4.0},{"damage":15.0,"enemies":"Book of Stabbing","floor":24.0,"turns":6.0},{"damage":1.0,"enemies":"3 Cultists","floor":27.0,"turns":4.0},{"damage":0.0,"enemies":"Slavers","floor":29.0,"turns":1.0},{"damage":0.0,"enemies":"Chosen and Byrds","floor":31.0,"turns":4.0},{"damage":22.0,"enemies":"Collector","floor":33.0,"turns":10.0},{"damage":17.0,"enemies":"3 Darklings","floor":35.0,"turns":6.0},{"damage":10.0,"enemies":"Orb Walker","floor":39.0,"turns":4.0},{"damage":0.0,"enemies":"Jaw Worm Horde","floor":42.0,"turns":4.0},{"damage":3.0,"enemies":"Spire Growth","floor":45.0,"turns":3.0},{"damage":5.0,"enemies":"Maw","floor":47.0,"turns":7.0},{"damage":5.0,"enemies":"4 Shapes","floor":48.0,"turns":2.0},{"damage":32.0,"enemies":"Donu and Deca","floor":50.0,"turns":5.0},{"damage":10.0,"enemies":"Shield and Spear","floor":54.0,"turns":3.0},{"damage":75,"enemies":"The Heart","floor":55,"turns":7}],"seed_played":"-4090591725515032973","potions_obtained":[{"floor":1.0,"key":"Energy Potion"},{"floor":7.0,"key":"Dexterity Potion"},{"floor":11.0,"key":"ColorlessPotion"},{"floor":16.0,"key":"Weak Potion"},{"floor":20.0,"key":"LiquidMemories"},{"floor":22.0,"key":"Block Potion"},{"floor":24.0,"key":"Dexterity Potion"},{"floor":33.0,"key":"Fire Potion"},{"floor":45.0,"key":"LiquidBronze"},{"floor":48.0,"key":"DuplicationPotion"}],"is_trial":false,"path_per_floor":["M","M","?","$","?","R","E","R","T","E","M","M","R","T","R","B",null,"M","$","M","M","M","R","E","?","T","M","R","E","R","M","R","B",null,"M","?","?","$","M","R","?","M","T","R","M","$","M","M","R","B",null,"R","$","E","B",null],"character_chosen":"THE_POKER_PLAYER","items_purchased":["PokerPlayerMod:PenAndEraser","PokerPlayerMod:Diamond9","FairyPotion"],"campfire_rested":0,"item_purchase_floors":[19,38,53],"current_hp_per_floor":[47,45,45,45,45,45,41,41,41,31,37,31,31,31,31,28,42,44,44,44,44,47,47,34,34,41,44,44,48,48,52,52,34,55,42,42,42,42,38,38,38,44,44,44,45,45,46,45,45,17,57,57,57,51,3],"gold":65,"neow_bonus":"ONE_RARE_RELIC","is_daily":false,"chose_seed":false,"campfire_upgraded":11,"win_rate":0.0,"timestamp":1610705250,"path_taken":["M","M","?","$","?","R","E","R","T","E","M","M","R","?","R","BOSS","M","$","M","M","M","R","E","?","T","M","R","E","R","M","R","BOSS","M","?","?","?","M","R","?","M","T","R","M","$","M","M","R","BOSS","R","$","E","BOSS"],"items_purchased_type":["Relic","Card","Potion"],"build_version":"2020-11-30","purchased_purges":4,"victory":true,"max_hp_per_floor":[47,47,47,47,47,47,47,47,47,47,47,47,47,47,47,47,47,47,47,47,47,47,47,49,49,56,58,58,60,60,62,62,62,62,62,62,62,62,64,64,64,66,66,66,66,66,68,70,70,70,70,70,70,72,72],"relic_stats":{"Singing Bowl":18,"counters":[25,109],"Bird Faced Urn":[69],"Question Card":18,"obtain_stats":[{"PokerPlayerMod:PenAndEraser":19,"Singing Bowl":24,"Vajra":10,"Omamori":7,"Question Card":14,"Empty Cage":17,"Ancient Tea Set":43,"keyreminder:keyreminder":9,"Runic Dome":34,"PokerPlayerMod:DeckCase":0,"Anchor":54,"Bird Faced Urn":0,"Strawberry":26,"PokerPlayerMod:Splitter":29},{"PokerPlayerMod:PenAndEraser":8,"Singing Bowl":12,"Vajra":4,"Omamori":3,"Question Card":6,"Empty Cage":7,"Ancient Tea Set":19,"keyreminder:keyreminder":3,"Runic Dome":16,"PokerPlayerMod:DeckCase":0,"Anchor":24,"Bird Faced Urn":0,"Strawberry":12,"PokerPlayerMod:Splitter":14},{"PokerPlayerMod:PenAndEraser":32,"Singing Bowl":49,"Vajra":13,"Omamori":9,"Question Card":18,"Empty Cage":29,"Ancient Tea Set":82,"keyreminder:keyreminder":9,"Runic Dome":68,"PokerPlayerMod:DeckCase":0,"Anchor":102,"Bird Faced Urn":0,"Strawberry":49,"PokerPlayerMod:Splitter":54}]},"card_choices":[{"not_picked":["PokerPlayerMod:FlyingCard","PokerPlayerMod:Diamond2","PokerPlayerMod:Diamond1"],"picked":"SKIP","floor":1.0},{"not_picked":["PokerPlayerMod:MagicTrick","PokerPlayerMod:Spade2"],"picked":"PokerPlayerMod:CardBurn","floor":2.0},{"not_picked":["PokerPlayerMod:Manipulation","PokerPlayerMod:Diamond1"],"picked":"PokerPlayerMod:CardPrinter","floor":7.0},{"not_picked":["PokerPlayerMod:Sharpen","PokerPlayerMod:FlyingCard"],"picked":"PokerPlayerMod:ClubShade","floor":10.0},{"not_picked":["PokerPlayerMod:Extraction","PokerPlayerMod:DiamondStrike"],"picked":"PokerPlayerMod:MagicTrick","floor":11.0},{"not_picked":["PokerPlayerMod:SpadeStrike","PokerPlayerMod:Fold"],"picked":"PokerPlayerMod:Raise","floor":12.0},{"not_picked":["PokerPlayerMod:WasteCollection","PokerPlayerMod:Heart7","PokerPlayerMod:GamblerForm"],"picked":"PokerPlayerMod:WildCard","floor":16.0},{"not_picked":["PokerPlayerMod:Club1","PokerPlayerMod:Spade1","PokerPlayerMod:MagicTrick","PokerPlayerMod:Diamond2"],"picked":"SKIP","floor":18.0},{"not_picked":["PokerPlayerMod:Diamond1","PokerPlayerMod:Club2","PokerPlayerMod:Diamond2","PokerPlayerMod:Diamond5"],"picked":"SKIP","floor":20.0},{"not_picked":["PokerPlayerMod:Diamond4","PokerPlayerMod:DiamondStrike","PokerPlayerMod:Raise","PokerPlayerMod:Diamond2"],"picked":"SKIP","floor":21.0},{"not_picked":["PokerPlayerMod:ClubStrike","PokerPlayerMod:Spade3","PokerPlayerMod:Diamond1","PokerPlayerMod:Trickery"],"picked":"SKIP","floor":22.0},{"not_picked":["PokerPlayerMod:Diamond2","PokerPlayerMod:Spade6","PokerPlayerMod:Manipulation","PokerPlayerMod:Diamond4"],"picked":"Singing Bowl","floor":24.0},{"not_picked":["PokerPlayerMod:ClubDance+1","PokerPlayerMod:Diamond3","PokerPlayerMod:Spade1","PokerPlayerMod:MagicTrick"],"picked":"Singing Bowl","floor":27.0},{"not_picked":["PokerPlayerMod:PoorCopy","PokerPlayerMod:Configure","PokerPlayerMod:Club3","PokerPlayerMod:DamnStraight"],"picked":"Singing Bowl","floor":29.0},{"not_picked":["PokerPlayerMod:ClubsClub","PokerPlayerMod:HeartStrike","PokerPlayerMod:Club1","PokerPlayerMod:Trickery+1"],"picked":"Singing Bowl","floor":31.0},{"not_picked":["PokerPlayerMod:RoyalStrike","PokerPlayerMod:Spade7","PokerPlayerMod:TheDieIsCast"],"picked":"PokerPlayerMod:Club8","floor":33.0},{"not_picked":["PokerPlayerMod:Heart2","PokerPlayerMod:Spade4","PokerPlayerMod:Spade6"],"picked":"PokerPlayerMod:CardBurn","floor":35.0},{"not_picked":["PokerPlayerMod:CardBurn","PokerPlayerMod:Diamond3","PokerPlayerMod:Diamond1","PokerPlayerMod:CardPrinter"],"picked":"Singing Bowl","floor":39.0},{"not_picked":["PokerPlayerMod:Diamond5","PokerPlayerMod:CardPrinter","PokerPlayerMod:Diamond7","PokerPlayerMod:Spade1"],"picked":"Singing Bowl","floor":42.0},{"not_picked":["PokerPlayerMod:ClubsClub+1","PokerPlayerMod:CardPrinter","PokerPlayerMod:Club2"],"picked":"PokerPlayerMod:Raise+1","floor":45.0},{"not_picked":["PokerPlayerMod:Heart3","PokerPlayerMod:DiamondStrike+1","PokerPlayerMod:Spade3","PokerPlayerMod:Spade2"],"picked":"Singing Bowl","floor":47.0},{"not_picked":["PokerPlayerMod:DartThrow","PokerPlayerMod:Diamond1","PokerPlayerMod:Extraction","PokerPlayerMod:Club2"],"picked":"Singing Bowl","floor":48.0},{"not_picked":["PokerPlayerMod:DamnStraight+1","PokerPlayerMod:Club3","PokerPlayerMod:HeartStrike","PokerPlayerMod:Spade2"],"picked":"Singing Bowl","floor":54.0}],"player_experience":858063,"relics_obtained":[{"floor":7.0,"key":"Omamori"},{"floor":10.0,"key":"Vajra"},{"floor":14.0,"key":"Question Card"},{"floor":24.0,"key":"Singing Bowl"},{"floor":26.0,"key":"Strawberry"},{"floor":29.0,"key":"PokerPlayerMod:Splitter"},{"floor":43.0,"key":"Ancient Tea Set"},{"floor":54.0,"key":"Anchor"}],"event_choices":[{"damage_healed":0.0,"max_hp_gain":0.0,"max_hp_loss":0.0,"gold_gain":0.0,"cards_transformed":["PokerPlayerMod:Spade1"],"event_name":"Living Wall","player_choice":"Change","floor":3.0,"gold_loss":0.0,"damage_taken":0.0,"cards_obtained":["PokerPlayerMod:Raise"]},{"damage_healed":0.0,"max_hp_gain":0.0,"max_hp_loss":0.0,"gold_gain":0.0,"event_name":"Liars Game","player_choice":"Ignored","floor":5.0,"gold_loss":0.0,"damage_taken":0.0},{"damage_healed":0.0,"max_hp_gain":0.0,"max_hp_loss":0.0,"gold_gain":0.0,"event_name":"Ghosts","player_choice":"Ignored","floor":25.0,"gold_loss":0.0,"damage_taken":0.0},{"damage_healed":0.0,"max_hp_gain":0.0,"max_hp_loss":0.0,"gold_gain":0.0,"event_name":"Tomb of Lord Red Mask","player_choice":"Ignored","floor":36.0,"gold_loss":0.0,"damage_taken":0.0},{"cards_removed":["PokerPlayerMod:TrumpStrike"],"damage_healed":0.0,"max_hp_gain":0.0,"max_hp_loss":0.0,"gold_gain":0.0,"event_name":"Falling","player_choice":"Removed Attack","floor":37.0,"gold_loss":0.0,"damage_taken":0.0},{"damage_healed":0.0,"max_hp_gain":0.0,"max_hp_loss":0.0,"gold_gain":0.0,"event_name":"Mysterious Sphere","player_choice":"Ignored","floor":41.0,"gold_loss":0.0,"damage_taken":0.0}],"is_beta":false,"boss_relics":[{"not_picked":["Tiny House","Black Star"],"picked":"Empty Cage"},{"not_picked":["SlaversCollar","Velvet Choker"],"picked":"Runic Dome"}],"items_purged_floors":[4,19,38,46],"is_endless":false,"potions_floor_spawned":[1,7,11,16,20,21,22,24,33,45,48,54],"ascension_level":8}}