{"host":"hbvn1mkfq2iixsau","time":1610745924,"event":{"mods":["AchievementEnabler","Act Like it!","BaseMod","Better Altar","Better Match","Better Sensory Stone","Better Skull","Better Third Choice","Colored Map","Displayed Cursed Tome","Minty Spire (QoL Compilation)","Quick Restart","Relic Stats","Replay The Spire","Shop Mod","StSLib","The Jungle"],"gold_per_floor":[109,109,109,109,109,144,159,191,243,243,44,75,93,93,93,222,222,238,238,238,53,72,113,113,149,227,227,267,287,212,247,247,376,376,395,395,414,433,234,234,268,120,120,120,151,171,210,223,223,223,223,223,20,54,54,54],"floor_reached":55,"language":"ENG","playtime":3570,"items_purged":["Parasite","Amnesia"],"score":964,"play_id":"e6a97256-0b6f-41b3-abb3-f1da564e3d6f","local_time":"20210115232524","is_ascension_mode":true,"campfire_choices":[{"floor":15.0,"key":"REST"},{"floor":24.0,"key":"REST"},{"floor":27.0,"key":"REST"},{"floor":32.0,"key":"REST"},{"floor":40.0,"key":"RECALL"},{"floor":44.0,"key":"REST"},{"floor":49.0,"key":"REST"},{"data":"Echo Form","floor":52,"key":"SMITH"}],"circlet_count":1,"master_deck":["Strike_B+1","Strike_B","Strike_B+1","Strike_B+1","Defend_B","Defend_B","Defend_B+1","Zap","Dualcast","Apotheosis+1","Beam Cell+1","Chaos+1","Coolheaded+1","Conserve Battery+1","Defragment+1","Creative AI+1","Echo Form+1","Barrage","Ball Lightning","Barrage+1","Buffer","Ball Lightning","Consume+1","Mirror Shield+1","Echo Form+1","Crystallizer+1","Storm+1","Heatsinks+1","Defragment","BasicCrystalCard+1","Loop+1","Electrodynamics+1","Time Bomb+1","Storm+1","Coolheaded+1","BasicCrystalCard+1","Static Discharge+1"],"relics":["Cracked Core","NeowsBlessing","Gremlin Food","Blue Doll","War Paint","Golden Idol","DataDisk","Oddly Smooth Stone","Cursed Key","theJungle:Creamberry","Replay:WaspNest","Replay:Bottled Flurry","Garlic","Mirror","Prayer Wheel","Sundial","Black Star","MerchantsRug","Cables","Circlet","Bag of Marbles","ReplayTheSpireMod:Lightbulb","Geode","Dream Catcher","Bronze Scales","Vajra"],"acts_visited":["Exordium","Exordium","TheBeyond","TheEnding"],"potions_floor_usage":[55,55],"damage_taken":[{"damage":0.0,"enemies":"Cultist","floor":1.0,"turns":1.0},{"damage":0.0,"enemies":"Gremlin Nob","floor":6.0,"turns":1.0},{"damage":0.0,"enemies":"2 Louse","floor":7.0,"turns":1.0},{"damage":28.0,"enemies":"Lagavulin","floor":8.0,"turns":5.0},{"damage":22.0,"enemies":"Gremlin Nob","floor":12.0,"turns":4.0},{"damage":0.0,"enemies":"Jaw Worm","floor":13.0,"turns":2.0},{"damage":5.0,"enemies":"The Guardian","floor":16.0,"turns":8.0},{"damage":13.0,"enemies":"theJungle:MUSHROOMGANG","floor":18.0,"turns":5.0},{"damage":13.0,"enemies":"theJungle:GiantWrat","floor":22.0,"turns":4.0},{"damage":23.0,"enemies":"theJungle:MamaSnecko","floor":23.0,"turns":6.0},{"damage":25.0,"enemies":"theJungle:2_Phrogs","floor":25.0,"turns":4.0},{"damage":41.0,"enemies":"theJungle:MamaSnecko","floor":28.0,"turns":6.0},{"damage":1.0,"enemies":"theJungle:Lyon","floor":29.0,"turns":4.0},{"damage":0.0,"enemies":"theJungle:2_Phrogs","floor":31.0,"turns":6.0},{"damage":34.0,"enemies":"theJungle:QueenSpyder","floor":33.0,"turns":7.0},{"damage":0.0,"enemies":"3 Shapes","floor":35.0,"turns":6.0},{"damage":8.0,"enemies":"3 Darklings","floor":37.0,"turns":3.0},{"damage":13.0,"enemies":"4 Shapes","floor":38.0,"turns":7.0},{"damage":33.0,"enemies":"Reptomancer","floor":41.0,"turns":7.0},{"damage":5.0,"enemies":"Nemesis","floor":45.0,"turns":5.0},{"damage":19.0,"enemies":"Spire Growth","floor":46.0,"turns":4.0},{"damage":6.0,"enemies":"Reptomancer","floor":47.0,"turns":6.0},{"damage":19.0,"enemies":"3 Darklings","floor":48.0,"turns":2.0},{"damage":34,"enemies":"Time Eater","floor":50,"turns":7},{"damage":66,"enemies":"Shield and Spear","floor":54,"turns":5},{"damage":6,"enemies":"The Heart","floor":55,"turns":3}],"seed_played":"-6191857880944326326","potions_obtained":[{"floor":12.0,"key":"Regen Potion"},{"floor":13.0,"key":"Dexterity Potion"},{"floor":16.0,"key":"Fire Potion"},{"floor":25.0,"key":"SteroidPotion"},{"floor":28.0,"key":"LifebloodPotion"},{"floor":29.0,"key":"Explosive Potion"},{"floor":35.0,"key":"SpeedPotion"},{"floor":38.0,"key":"Elixir"},{"floor":45.0,"key":"Toxic Potion"},{"floor":46.0,"key":"Regen Potion"}],"is_trial":false,"path_per_floor":["M","?","?","?","$","E","M","E","T","?","$","E","M","?","R","B",null,"M","$","?","?","M","E","R","E","T","R","E","M","?","E","R","B",null,"M","?","M","M","$","R","E","$","T","R","E","M","E","M","R","B",null,"R","$","E","B"],"character_chosen":"DEFECT","items_purchased":["DataDisk","Defragment+1","Storm+1","MerchantsRug","Defragment","BasicCrystalCard+1","EssenceOfSteel"],"campfire_rested":6,"item_purchase_floors":[11,11,39,39,42,53,53],"current_hp_per_floor":[75,75,75,75,75,75,75,47,47,29,29,7,7,7,29,24,75,62,62,62,62,49,26,48,36,36,58,17,16,16,16,38,4,75,75,75,75,62,62,62,29,29,29,50,59,40,48,29,50,16,72,72,72,6,0,0],"gold":54,"neow_bonus":"THREE_ENEMY_KILL","is_daily":false,"chose_seed":false,"campfire_upgraded":1,"win_rate":0.0,"timestamp":1610745924,"path_taken":["M","?","?","?","?","E","?","E","T","?","$","E","M","?","R","BOSS","M","$","?","?","M","E","R","E","T","R","E","M","?","E","R","BOSS","M","?","?","M","$","R","E","$","T","R","E","M","E","M","R","BOSS","R","$","E","BOSS"],"items_purchased_type":["Relic","Card","Card","Relic","Card","Card","Potion"],"build_version":"2020-12-22","purchased_purges":2,"victory":false,"max_hp_per_floor":[75,75,75,75,75,75,75,75,75,75,75,75,75,75,75,75,75,75,75,75,75,75,75,75,75,75,75,75,75,75,75,75,75,75,75,75,75,75,75,75,75,72,72,72,72,72,72,72,72,72,72,72,72,72,72,72],"relic_stats":{"Dream Catcher":1,"counters":[26,119],"Golden Idol":176,"Sundial":[4],"Bronze Scales":[3],"Prayer Wheel":6,"Black Star":4,"War Paint":["Coolheaded","Defend_B"],"Cursed Key":2,"obtain_stats":[{"Vajra":54,"Blue Doll":8,"theJungle:Creamberry":21,"Cursed Key":17,"BranchBurnRelic":44,"Dream Catcher":47,"Sundial":31,"Prayer Wheel":29,"Replay:Bottled Flurry":25,"Cracked Core":0,"Gremlin Food":6,"MerchantsRug":39,"NeowsBlessing":0,"Golden Idol":10,"Dead Branch":41,"Oddly Smooth Stone":12,"Circlet":0,"Replay:WaspNest":23,"Geode":47,"War Paint":9,"Cables":41,"DataDisk":11,"Bronze Scales":54,"Garlic":26,"Black Star":34,"Bag of Marbles":45,"Mirror":28,"ReplayTheSpireMod:Lightbulb":45},{"Vajra":25,"Blue Doll":4,"theJungle:Creamberry":8,"Cursed Key":7,"BranchBurnRelic":19,"Dream Catcher":22,"Sundial":14,"Prayer Wheel":13,"Replay:Bottled Flurry":11,"Cracked Core":0,"Gremlin Food":2,"MerchantsRug":18,"NeowsBlessing":0,"Golden Idol":4,"Dead Branch":19,"Oddly Smooth Stone":5,"Circlet":0,"Replay:WaspNest":10,"Geode":22,"War Paint":4,"Cables":19,"DataDisk":4,"Bronze Scales":25,"Garlic":11,"Black Star":15,"Bag of Marbles":20,"Mirror":12,"ReplayTheSpireMod:Lightbulb":20},{"Vajra":116,"Blue Doll":8,"theJungle:Creamberry":27,"Cursed Key":22,"BranchBurnRelic":87,"Dream Catcher":102,"Sundial":57,"Prayer Wheel":49,"Replay:Bottled Flurry":41,"Cracked Core":0,"Gremlin Food":2,"MerchantsRug":80,"NeowsBlessing":0,"Golden Idol":8,"Dead Branch":87,"Oddly Smooth Stone":12,"Circlet":0,"Replay:WaspNest":37,"Geode":102,"War Paint":8,"Cables":87,"DataDisk":8,"Bronze Scales":116,"Garlic":41,"Black Star":64,"Bag of Marbles":92,"Mirror":47,"ReplayTheSpireMod:Lightbulb":92}],"Cables":[30,21,6,1,2]},"card_choices":[{"not_picked":["Compile Driver","Sweeping Beam"],"picked":"ReplayTheSpireMod:GoodbyeWorld","floor":1.0},{"not_picked":["Rebound","Cold Snap"],"picked":"Chaos","floor":6.0},{"not_picked":["Gash","ReplaySolidLightProjector"],"picked":"Coolheaded","floor":7.0},{"not_picked":["Steam Power","Beam Cell"],"picked":"Conserve Battery","floor":8.0},{"not_picked":["Cold Snap","Hologram"],"picked":"Creative AI","floor":12.0},{"not_picked":["Cold Snap","ReplaySort","Redo"],"picked":"SKIP","floor":13.0},{"not_picked":["Multi-Cast","Core Surge"],"picked":"Echo Form","floor":16.0},{"not_picked":["Steam+1","Turbo"],"picked":"Barrage","floor":18.0},{"not_picked":["BasicCrystalCard","Gash"],"picked":"Ball Lightning","floor":22.0},{"not_picked":["Leap","Recycle+1"],"picked":"Barrage+1","floor":23.0},{"not_picked":["Compile Driver","Steam","Turbo"],"picked":"SKIP","floor":25.0},{"not_picked":["Turbo","Ball Lightning"],"picked":"ReplayTheSpireMod:Fabricate Wheel+1","floor":28.0},{"not_picked":["Steam","Panic Button"],"picked":"Ball Lightning","floor":29.0},{"not_picked":["Hologram","Gash+1"],"picked":"Consume+1","floor":29.0},{"not_picked":["Conserve Battery+1","ReplaySort+1","Rebound"],"picked":"SKIP","floor":31.0},{"not_picked":["Hyperbeam+1","All For One+1"],"picked":"Mirror Shield+1","floor":33.0},{"not_picked":["Skim+1","Conserve Battery","Steam"],"picked":"SKIP","floor":35.0},{"not_picked":["Rip and Tear+1","Redo+1","Hello World+1"],"picked":"SKIP","floor":35.0},{"not_picked":["BasicCrystalCard","Rebound"],"picked":"Echo Form+1","floor":37.0},{"not_picked":["Lockon+1","Steam+1","Cold Snap"],"picked":"SKIP","floor":37.0},{"not_picked":["Auto Shields+1","Conserve Battery+1"],"picked":"Crystallizer+1","floor":38.0},{"not_picked":["Barrage","Go for the Eyes+1","ReplayTheSpireMod:Reroute Power+1"],"picked":"SKIP","floor":38.0},{"not_picked":["Beam Cell","Reprogram+1"],"picked":"Heatsinks+1","floor":41.0},{"not_picked":["Leap","Auto Shields+1"],"picked":"BasicCrystalCard+1","floor":45.0},{"not_picked":["Stack","Barrage+1"],"picked":"Loop+1","floor":46.0},{"not_picked":["BasicCrystalCard+1","Barrage","Go for the Eyes"],"picked":"SKIP","floor":46.0},{"not_picked":["ReplayTheSpireMod:Repulse+1","Gash"],"picked":"Electrodynamics+1","floor":47.0},{"not_picked":["Gash+1","Turbo+1"],"picked":"Time Bomb+1","floor":48.0},{"not_picked":["Reprogram+1","Time Bomb+1"],"picked":"Storm+1","floor":48.0},{"not_picked":["Undo+1","Leap+1"],"picked":"Coolheaded+1","floor":49.0},{"not_picked":["BasicCrystalCard+1","Streamline+1"],"picked":"Static Discharge+1","floor":54}],"player_experience":239449,"relics_obtained":[{"floor":6.0,"key":"Gremlin Food"},{"floor":8.0,"key":"Blue Doll"},{"floor":9.0,"key":"War Paint"},{"floor":12.0,"key":"Oddly Smooth Stone"},{"floor":23.0,"key":"Replay:WaspNest"},{"floor":25.0,"key":"Replay:Bottled Flurry"},{"floor":26.0,"key":"Garlic"},{"floor":28.0,"key":"Mirror"},{"floor":31.0,"key":"Sundial"},{"floor":41.0,"key":"Cables"},{"floor":41.0,"key":"Dead Branch"},{"floor":45.0,"key":"Bag of Marbles"},{"floor":45.0,"key":"ReplayTheSpireMod:Lightbulb"},{"floor":47.0,"key":"Geode"},{"floor":47.0,"key":"Dream Catcher"},{"floor":54,"key":"Bronze Scales"},{"floor":54,"key":"Vajra"}],"event_choices":[{"damage_healed":0.0,"max_hp_gain":0.0,"max_hp_loss":0.0,"gold_gain":0.0,"event_name":"The Cleric","player_choice":"Leave","floor":2.0,"gold_loss":0.0,"damage_taken":0.0},{"damage_healed":75.0,"max_hp_gain":0.0,"max_hp_loss":75.0,"gold_gain":0.0,"event_name":"betterThird:BetterShining","player_choice":"Embrace","floor":3.0,"gold_loss":0.0,"damage_taken":0.0},{"damage_healed":0.0,"max_hp_gain":0.0,"max_hp_loss":0.0,"gold_gain":0.0,"event_name":"Golden Idol","player_choice":"Take Damage","floor":10.0,"gold_loss":0.0,"damage_taken":18.0,"relics_obtained":["Golden Idol"]},{"damage_healed":0.0,"max_hp_gain":0.0,"max_hp_loss":0.0,"gold_gain":0.0,"event_name":"The Woman in Blue","player_choice":"Bought 0 Potions","floor":14.0,"gold_loss":0.0,"damage_taken":0.0},{"damage_healed":0.0,"max_hp_gain":0.0,"max_hp_loss":0.0,"gold_gain":0.0,"event_name":"betterMatch:BetterMatch","player_choice":"2","floor":30.0,"gold_loss":0.0,"damage_taken":0.0,"cards_obtained":["betterMatch:CommonCard"]},{"cards_removed":["ReplayTheSpireMod:GoodbyeWorld"],"damage_healed":0.0,"max_hp_gain":0.0,"max_hp_loss":0.0,"gold_gain":0.0,"event_name":"Bonfire Elementals","player_choice":"Offered Uncommon","floor":36.0,"gold_loss":0.0,"damage_taken":0.0}],"is_beta":false,"boss_relics":[{"not_picked":["Painkiller Herb","Ectoplasm"],"picked":"Cursed Key"},{"not_picked":["ChewingGum","Replay:Drink Me"],"picked":"Black Star"}],"items_purged_floors":[42,53],"is_endless":false,"potions_floor_spawned":[12,13,16,22,25,28,29,35,38,45,46],"killed_by":"The Heart","ascension_level":1}}