{"host":"ny1uxs7aco9qql8p","time":1610670407,"event":{"mods":["AchievementEnabler","Alarm Clock","BaseMod","Bestiary","Colored Map","Colored Powertips","DeckTracker","Filter the Spire","Highlight Path","Minty Spire (QoL Compilation)","Permanent Neow","Quick Restart","Rare Cards Sparkle","Relic Stats"],"gold_per_floor":[116,116,136,136,35,35,70,70,97,130,144,161,190,190,190,311,311,324,249,267,267,281,310,310,336,389,6,6,6,22,297,297,395,445,462,18,68,79,90,117,117,147,172,186,186,186,186,186,186,186,186,186,39,69,69,69],"floor_reached":55,"language":"ENG","playtime":10355,"items_purged":["Defend_G","Strike_G","Defend_G"],"score":868,"play_id":"8a2c74b2-fffb-48d2-b107-70f997544f33","local_time":"20210114192647","is_ascension_mode":true,"campfire_choices":[{"data":"Caltrops","floor":6.0,"key":"SMITH"},{"floor":8.0,"key":"REST"},{"floor":15.0,"key":"REST"},{"data":"After Image","floor":24.0,"key":"SMITH"},{"floor":28.0,"key":"RECALL"},{"data":"Infinite Blades","floor":32.0,"key":"SMITH"},{"floor":41.0,"key":"REST"},{"floor":45.0,"key":"REST"},{"data":"Noxious Fumes","floor":49.0,"key":"SMITH"},{"data":"Envenom","floor":52.0,"key":"SMITH"}],"circlet_count":0,"master_deck":["Defend_G+1","Defend_G+1","Survivor","Neutralize","Die Die Die","Caltrops+1","PiercingWail","Dagger Spray","Backstab","After Image+1","Backstab","PiercingWail","Phantasmal Killer","Corpse Explosion","Dodge and Roll+1","Venomology+1","Dagger Throw+1","Backflip+1","Underhanded Strike+1","Finisher","Choke+1","Infinite Blades+1","Deflect+1","Die Die Die","Envenom+1","Blur","Flechettes+1","Noxious Fumes+1","Heel Hook+1","Blade Dance","Catalyst+1","Deflect","Blade Dance+1","Footwork","Predator"],"relics":["Ring of the Snake","Anchor","Omamori","White Beast Statue","Dead Branch","Bloody Idol","Astrolabe","PreservedInsect","Juzu Bracelet","Boot","MutagenicStrength","Tiny House","Mercury Hourglass","Du-Vu Doll","Singing Bowl","Potion Belt","Snake Skull","Bag of Preparation","Orichalcum"],"acts_visited":["Exordium","TheCity","TheBeyond","TheEnding"],"potions_floor_usage":[55,55],"damage_taken":[{"damage":5.0,"enemies":"Small Slimes","floor":1.0,"turns":4.0},{"damage":0.0,"enemies":"2 Louse","floor":3.0,"turns":2.0},{"damage":7.0,"enemies":"Lagavulin","floor":7.0,"turns":9.0},{"damage":7.0,"enemies":"3 Sentries","floor":10.0,"turns":5.0},{"damage":1.0,"enemies":"Jaw Worm","floor":11.0,"turns":2.0},{"damage":0.0,"enemies":"Looter","floor":12.0,"turns":3.0},{"damage":33.0,"enemies":"Gremlin Nob","floor":13.0,"turns":5.0},{"damage":3.0,"enemies":"Hexaghost","floor":16.0,"turns":8.0},{"damage":8.0,"enemies":"Spheric Guardian","floor":18.0,"turns":3.0},{"damage":0.0,"enemies":"3 Byrds","floor":20.0,"turns":2.0},{"damage":0.0,"enemies":"Centurion and Healer","floor":22.0,"turns":7.0},{"damage":11.0,"enemies":"Slavers","floor":23.0,"turns":3.0},{"damage":0.0,"enemies":"Book of Stabbing","floor":25.0,"turns":2.0},{"damage":0.0,"enemies":"Snecko","floor":30.0,"turns":5.0},{"damage":89.0,"enemies":"Champ","floor":33.0,"turns":12.0},{"damage":11.0,"enemies":"3 Shapes","floor":35.0,"turns":6.0},{"damage":4.0,"enemies":"2 Orb Walkers","floor":37.0,"turns":3.0},{"damage":0.0,"enemies":"Orb Walker","floor":38.0,"turns":2.0},{"damage":1.0,"enemies":"Sphere and 2 Shapes","floor":39.0,"turns":4.0},{"damage":45.0,"enemies":"Giant Head","floor":40.0,"turns":7.0},{"damage":25.0,"enemies":"Reptomancer","floor":42.0,"turns":7.0},{"damage":0.0,"enemies":"Transient","floor":44.0,"turns":5.0},{"damage":60.0,"enemies":"Awakened One","floor":50.0,"turns":12.0},{"damage":20.0,"enemies":"Shield and Spear","floor":54.0,"turns":6.0},{"damage":72,"enemies":"The Heart","floor":55,"turns":3}],"seed_played":"-7248188339767571852","potions_obtained":[{"floor":1.0,"key":"LiquidMemories"},{"floor":3.0,"key":"Dexterity Potion"},{"floor":11.0,"key":"FairyPotion"},{"floor":12.0,"key":"GamblersBrew"},{"floor":18.0,"key":"Fire Potion"},{"floor":20.0,"key":"PowerPotion"},{"floor":22.0,"key":"Fruit Juice"},{"floor":23.0,"key":"Strength Potion"},{"floor":25.0,"key":"DuplicationPotion"},{"floor":30.0,"key":"SpeedPotion"},{"floor":33.0,"key":"Ancient Potion"},{"floor":34.0,"key":"DistilledChaos"},{"floor":35.0,"key":"DuplicationPotion"},{"floor":37.0,"key":"Ancient Potion"},{"floor":38.0,"key":"BlessingOfTheForge"},{"floor":39.0,"key":"Weak Potion"},{"floor":40.0,"key":"Poison Potion"},{"floor":42.0,"key":"SpeedPotion"},{"floor":44.0,"key":"Explosive Potion"},{"floor":54.0,"key":"AttackPotion"}],"is_trial":false,"path_per_floor":["M","?","M","?","$","R","E","R","T","E","M","M","E","?","R","B",null,"M","?","M","?","M","E","R","E","T","$","R","?","M","?","R","B",null,"M","$","?","M","M","E","R","E","T","M","R","?","?","?","R","B",null,"R","$","E","B"],"character_chosen":"THE_SILENT","items_purchased":["Dagger Spray","Boot","Infinite Blades","Deflect","Mercury Hourglass","Noxious Fumes","Bag of Preparation"],"campfire_rested":4,"item_purchase_floors":[5,27,27,27,36,36,53],"current_hp_per_floor":[65,51,51,51,51,51,44,65,65,58,57,57,24,24,45,42,70,62,62,62,62,72,66,66,71,75,75,75,75,75,75,75,27,80,74,74,75,80,80,42,66,46,51,56,80,78,78,78,78,18,78,78,78,63,0,0],"gold":69,"neow_bonus":"THREE_RARE_CARDS","is_daily":false,"chose_seed":false,"campfire_upgraded":5,"win_rate":0.0,"timestamp":1610670407,"path_taken":["M","?","M","?","?","R","E","R","T","E","M","M","E","?","R","BOSS","M","?","M","?","?","E","R","E","T","$","R","?","M","?","R","BOSS","M","$","?","M","M","E","R","E","T","M","R","?","?","?","R","BOSS","R","$","E","BOSS"],"items_purchased_type":["Card","Relic","Card","Card","Relic","Card","Relic"],"build_version":"2020-12-22","purchased_purges":3,"victory":false,"max_hp_per_floor":[70,70,70,70,70,70,70,70,70,70,70,70,70,70,70,70,70,70,70,70,70,75,75,75,75,75,75,75,75,75,75,75,75,80,80,80,80,80,80,82,82,82,82,82,82,78,78,78,78,78,78,78,78,78,78,78],"relic_stats":{"Singing Bowl":2,"counters":[25,126],"Dead Branch":[154],"Astrolabe":["Dodge and Roll","Venomology","Leg Sweep"],"PreservedInsect":292,"Snake Skull":[47],"Juzu Bracelet":1,"Bag of Preparation":[4],"Orichalcum":[0],"Boot":[66],"Mercury Hourglass":[178],"Bloody Idol":70,"obtain_stats":[{"Potion Belt":42,"Tiny House":34,"Singing Bowl":40,"Golden Idol":14,"Dead Branch":13,"Astrolabe":17,"PreservedInsect":23,"Snake Skull":43,"Omamori":9,"Juzu Bracelet":25,"Bag of Preparation":53,"Orichalcum":54,"Boot":27,"White Beast Statue":10,"Mercury Hourglass":36,"Du-Vu Doll":37,"Anchor":7,"Bloody Idol":21,"MutagenicStrength":29,"Ring of the Snake":0},{"Potion Belt":21,"Tiny House":15,"Singing Bowl":20,"Golden Idol":7,"Dead Branch":7,"Astrolabe":8,"PreservedInsect":12,"Snake Skull":21,"Omamori":3,"Juzu Bracelet":13,"Bag of Preparation":23,"Orichalcum":24,"Boot":13,"White Beast Statue":4,"Mercury Hourglass":16,"Du-Vu Doll":17,"Anchor":3,"Bloody Idol":10,"MutagenicStrength":13,"Ring of the Snake":0},{"Potion Belt":100,"Tiny House":72,"Singing Bowl":93,"Golden Idol":30,"Dead Branch":30,"Astrolabe":38,"PreservedInsect":53,"Snake Skull":100,"Omamori":15,"Juzu Bracelet":55,"Bag of Preparation":117,"Orichalcum":123,"Boot":55,"White Beast Statue":20,"Mercury Hourglass":78,"Du-Vu Doll":81,"Anchor":15,"Bloody Idol":43,"MutagenicStrength":55,"Ring of the Snake":0}],"Ring of the Snake":[50]},"card_choices":[{"not_picked":["Venomology","Wraith Form v2"],"picked":"Die Die Die","floor":0.0},{"not_picked":["Acrobatics","Endless Agony"],"picked":"Caltrops","floor":1.0},{"not_picked":["Underhanded Strike","Poisoned Stab"],"picked":"PiercingWail","floor":3.0},{"not_picked":["Catalyst","Heel Hook"],"picked":"Backstab","floor":7.0},{"not_picked":["Deadly Poison","Dodge and Roll"],"picked":"After Image","floor":10.0},{"not_picked":["Dagger Throw","Sucker Punch"],"picked":"Backstab","floor":11.0},{"not_picked":["Prepared","Sucker Punch"],"picked":"PiercingWail","floor":12.0},{"not_picked":["Bane","Doppelganger"],"picked":"Phantasmal Killer","floor":13.0},{"not_picked":["Phantasmal Killer","Glass Knife"],"picked":"Corpse Explosion","floor":16.0},{"not_picked":["Deadly Poison+1","Outmaneuver"],"picked":"Dagger Throw+1","floor":18.0},{"not_picked":["Dodge and Roll","Calculated Gamble"],"picked":"Backflip+1","floor":20.0},{"not_picked":["Slice","Acrobatics"],"picked":"Underhanded Strike+1","floor":22.0},{"not_picked":["Noxious Fumes+1","Deadly Poison+1"],"picked":"Finisher","floor":23.0},{"not_picked":["Slice+1","Catalyst"],"picked":"Choke+1","floor":25.0},{"not_picked":["Reflex+1","Backflip"],"picked":"Die Die Die","floor":30.0},{"not_picked":["Phantasmal Killer","Unload"],"picked":"Envenom","floor":33.0},{"not_picked":["Deflect","Quick Slash+1"],"picked":"Blur","floor":34.0},{"not_picked":["Outmaneuver","Leg Sweep"],"picked":"Flechettes+1","floor":35.0},{"not_picked":["Backflip","Deadly Poison"],"picked":"Heel Hook+1","floor":37.0},{"not_picked":["Quick Slash","Outmaneuver+1"],"picked":"Blade Dance","floor":38.0},{"not_picked":["Prepared","Deadly Poison+1"],"picked":"Catalyst+1","floor":39.0},{"not_picked":["Dagger Spray","All Out Attack","Deflect"],"picked":"Singing Bowl","floor":40.0},{"not_picked":["Dagger Spray+1","Flying Knee"],"picked":"Deflect","floor":42.0},{"not_picked":["Glass Knife","Slice"],"picked":"Blade Dance+1","floor":44.0},{"not_picked":["All Out Attack+1","Escape Plan"],"picked":"Predator","floor":54.0}],"player_experience":196866,"relics_obtained":[{"floor":7.0,"key":"Anchor"},{"floor":9.0,"key":"Omamori"},{"floor":10.0,"key":"White Beast Statue"},{"floor":13.0,"key":"Dead Branch"},{"floor":23.0,"key":"PreservedInsect"},{"floor":25.0,"key":"Juzu Bracelet"},{"floor":37.0,"key":"Du-Vu Doll"},{"floor":40.0,"key":"Singing Bowl"},{"floor":42.0,"key":"Potion Belt"},{"floor":43.0,"key":"Snake Skull"},{"floor":54.0,"key":"Orichalcum"}],"event_choices":[{"damage_healed":0.0,"max_hp_gain":0.0,"max_hp_loss":0.0,"gold_gain":0.0,"event_name":"Shining Light","player_choice":"Entered Light","floor":2.0,"gold_loss":0.0,"damage_taken":14.0,"cards_upgraded":["Defend_G","Defend_G"]},{"cards_removed":["Normality"],"damage_healed":0.0,"max_hp_gain":0.0,"max_hp_loss":0.0,"gold_gain":0.0,"event_name":"Living Wall","player_choice":"Forget","floor":4.0,"gold_loss":0.0,"damage_taken":0.0},{"damage_healed":0.0,"max_hp_gain":0.0,"max_hp_loss":0.0,"gold_gain":0.0,"event_name":"Golden Idol","player_choice":"Take Wound","floor":14.0,"gold_loss":0.0,"damage_taken":0.0,"relics_obtained":["Golden Idol"],"cards_obtained":["Injury"]},{"cards_removed":["Defend_G"],"damage_healed":0.0,"max_hp_gain":0.0,"max_hp_loss":0.0,"gold_gain":0.0,"event_name":"Beggar","player_choice":"Gave Gold","floor":19.0,"gold_loss":75.0,"damage_taken":0.0},{"damage_healed":0.0,"max_hp_gain":0.0,"max_hp_loss":0.0,"gold_gain":0.0,"event_name":"Forgotten Altar","player_choice":"Gave Idol","floor":21.0,"relics_lost":["Golden Idol"],"gold_loss":0.0,"damage_taken":0.0,"relics_obtained":["Bloody Idol"]},{"damage_healed":0.0,"max_hp_gain":0.0,"max_hp_loss":0.0,"gold_gain":0.0,"event_name":"Drug Dealer","player_choice":"Inject Mutagens","floor":29.0,"gold_loss":0.0,"damage_taken":0.0,"relics_obtained":["MutagenicStrength"]},{"damage_healed":0.0,"max_hp_gain":0.0,"max_hp_loss":0.0,"gold_gain":275.0,"event_name":"Golden Shrine","player_choice":"Desecrate","floor":31.0,"gold_loss":0.0,"damage_taken":0.0,"cards_obtained":["Regret"]},{"damage_healed":0.0,"max_hp_gain":0.0,"max_hp_loss":0.0,"gold_gain":0.0,"event_name":"Mysterious Sphere","player_choice":"Fight","floor":37.0,"gold_loss":0.0,"damage_taken":0.0},{"damage_healed":0.0,"max_hp_gain":0.0,"max_hp_loss":4.0,"gold_gain":0.0,"event_name":"Winding Halls","player_choice":"Max HP","floor":46.0,"gold_loss":0.0,"damage_taken":0.0},{"cards_removed":["Leg Sweep"],"damage_healed":0.0,"max_hp_gain":0.0,"max_hp_loss":0.0,"gold_gain":0.0,"event_name":"Falling","player_choice":"Removed Skill","floor":47.0,"gold_loss":0.0,"damage_taken":0.0},{"damage_healed":0.0,"max_hp_gain":0.0,"max_hp_loss":0.0,"gold_gain":0.0,"cards_transformed":["Strike_G"],"event_name":"Transmorgrifier","player_choice":"Transformed","floor":48.0,"gold_loss":0.0,"damage_taken":0.0,"cards_obtained":["Footwork"]}],"is_beta":false,"boss_relics":[{"not_picked":["Runic Dome","Snecko Eye"],"picked":"Astrolabe"},{"not_picked":["Runic Pyramid","Busted Crown"],"picked":"Tiny House"}],"items_purged_floors":[5,27,36],"is_endless":false,"potions_floor_spawned":[1,3,11,12,13,16,18,20,22,23,25,30,33,35,37,38,39,40,42,44,54],"killed_by":"The Heart","ascension_level":1}}