{"host":"f5gffvlv6a66yqkd","time":1610732346,"event":{"mods":["2.2 Compatiblity","Alarm Clock","BaseMod","Colored Map","Custom Start","DeckTracker","Keyboard Shortcuts","Minty Spire (QoL Compilation)","Permanent Neow","Quick Restart","Relic Stats","StSLib","SuperFastMode"],"gold_per_floor":[14,25,25,25,45,45,76,76,127,127,144,69,69,94,94,187,187,206,206,219,233,55,94,118,118,200,245,145,145,145,20,20,113,113,129,129,148,192,149,149,149,149],"floor_reached":41,"language":"KOR","playtime":1095,"items_purged":["WreathOfFlame+1","Prostrate","Defend_P"],"score":822,"play_id":"234be2d6-652f-4338-b62c-a7e2ee9a3f41","local_time":"20210116023906","is_ascension_mode":true,"campfire_choices":[{"data":"WheelKick","floor":6.0,"key":"SMITH"},{"data":"BowlingBash","floor":8.0,"key":"SMITH"},{"floor":10.0,"key":"RECALL"},{"data":"CrushJoints","floor":15.0,"key":"SMITH"},{"floor":25.0,"key":"REST"},{"floor":29.0,"key":"REST"},{"floor":32.0,"key":"REST"},{"data":"Adaptation","floor":40,"key":"SMITH"}],"circlet_count":0,"master_deck":["AscendersBane","Eruption+1","Vigilance","WheelKick+1","BowlingBash+1","CrushJoints+1","Vault","Wish+1","Meditate+1","Halt+1","Impatience","EmptyMind","Halt","Scrawl","Adaptation+1"],"relics":["PureWater","Oddly Smooth Stone","Juzu Bracelet","Golden Idol","Astrolabe","StoneCalendar","HornCleat","Coffee Dripper"],"acts_visited":["Exordium","TheCity","TheBeyond"],"potions_floor_usage":[38,41],"damage_taken":[{"damage":2.0,"enemies":"Cultist","floor":1.0,"turns":3.0},{"damage":5.0,"enemies":"Small Slimes","floor":2.0,"turns":5.0},{"damage":5.0,"enemies":"2 Louse","floor":5.0,"turns":3.0},{"damage":5.0,"enemies":"3 Sentries","floor":7.0,"turns":5.0},{"damage":0.0,"enemies":"Large Slime","floor":11.0,"turns":2.0},{"damage":0.0,"enemies":"Exordium Wildlife","floor":14.0,"turns":2.0},{"damage":12.0,"enemies":"Slime Boss","floor":16.0,"turns":8.0},{"damage":0.0,"enemies":"Spheric Guardian","floor":18.0,"turns":3.0},{"damage":16.0,"enemies":"2 Thieves","floor":20.0,"turns":3.0},{"damage":18.0,"enemies":"Cultist and Chosen","floor":21.0,"turns":4.0},{"damage":18.0,"enemies":"Book of Stabbing","floor":23.0,"turns":4.0},{"damage":0.0,"enemies":"Shelled Parasite and Fungi","floor":24.0,"turns":4.0},{"damage":9.0,"enemies":"Snecko","floor":27.0,"turns":5.0},{"damage":15,"enemies":"Champ","floor":33,"turns":8},{"damage":0,"enemies":"Orb Walker","floor":35,"turns":2},{"damage":11,"enemies":"3 Darklings","floor":37,"turns":3},{"damage":0,"enemies":"Transient","floor":38,"turns":7},{"damage":44,"enemies":"Nemesis","floor":41,"turns":7}],"seed_played":"2476530873724783980","potions_obtained":[{"floor":1.0,"key":"Regen Potion"},{"floor":2.0,"key":"SkillPotion"},{"floor":11.0,"key":"StancePotion"},{"floor":18.0,"key":"Strength Potion"},{"floor":23.0,"key":"Block Potion"},{"floor":24.0,"key":"Block Potion"},{"floor":35,"key":"Dexterity Potion"},{"floor":36,"key":"DistilledChaos"},{"floor":38,"key":"BottledMiracle"}],"is_trial":false,"path_per_floor":["M","M","?","?","M","R","E","R","T","R","M","?","?","M","R","B",null,"M","?","M","M","$","E","M","R","T","M","$","R","?","$","R","B",null,"M","?","M","M","$","R","E"],"character_chosen":"WATCHER","items_purchased":["Impatience","Adaptation"],"campfire_rested":3,"item_purchase_floors":[22,39],"current_hp_per_floor":[59,54,54,54,49,49,58,58,58,58,58,58,35,35,35,23,57,57,57,41,23,23,5,5,25,25,16,16,36,36,36,56,41,61,61,61,50,50,50,50,6,6],"gold":149,"neow_bonus":"REMOVE_TWO","is_daily":false,"chose_seed":false,"campfire_upgraded":4,"win_rate":0.0,"timestamp":1610732346,"path_taken":["M","?","?","?","M","R","E","R","T","R","M","?","?","M","R","BOSS","M","?","M","M","$","E","M","R","T","M","$","R","?","?","R","BOSS","M","?","M","M","$","R","E"],"items_purchased_type":["Card","Card"],"build_version":"2020-12-22","purchased_purges":3,"victory":false,"max_hp_per_floor":[68,68,68,68,68,68,68,68,68,68,68,68,68,68,68,68,68,68,68,68,68,68,68,68,68,68,68,68,68,68,68,68,68,68,68,68,68,68,68,68,68,68],"relic_stats":{"counters":[18,78],"Golden Idol":79,"Astrolabe":["WreathOfFlame","Wish","Meditate"],"StoneCalendar":[104],"Juzu Bracelet":1,"obtain_stats":[{"HornCleat":26,"Golden Idol":13,"Astrolabe":17,"Oddly Smooth Stone":7,"StoneCalendar":23,"Juzu Bracelet":9,"Coffee Dripper":34,"PureWater":0},{"HornCleat":12,"Golden Idol":5,"Astrolabe":7,"Oddly Smooth Stone":4,"StoneCalendar":11,"Juzu Bracelet":4,"Coffee Dripper":14,"PureWater":0},{"HornCleat":46,"Golden Idol":18,"Astrolabe":28,"Oddly Smooth Stone":16,"StoneCalendar":42,"Juzu Bracelet":16,"Coffee Dripper":59,"PureWater":0}]},"card_choices":[{"not_picked":["Prostrate","ClearTheMind","Crescendo"],"picked":"SKIP","floor":1.0},{"not_picked":["Crescendo","JustLucky","FlyingSleeves"],"picked":"SKIP","floor":2.0},{"not_picked":["Meditate","FollowUp"],"picked":"WheelKick","floor":5.0},{"not_picked":["Nirvana","Protect"],"picked":"BowlingBash","floor":7.0},{"not_picked":["Evaluate","MasterReality"],"picked":"CrushJoints","floor":11.0},{"not_picked":["JustLucky","Crescendo","CarveReality"],"picked":"SKIP","floor":14.0},{"not_picked":["LessonLearned","Brilliance"],"picked":"Vault","floor":16.0},{"not_picked":["ThirdEye","CarveReality","Evaluate"],"picked":"SKIP","floor":18.0},{"not_picked":["JustLucky","FlurryOfBlows"],"picked":"Halt+1","floor":20.0},{"not_picked":["Alpha","Consecrate","SashWhip"],"picked":"SKIP","floor":21.0},{"not_picked":["FollowUp","Prostrate"],"picked":"EmptyMind","floor":23.0},{"not_picked":["FollowUp+1","Prostrate"],"picked":"Halt","floor":24.0},{"not_picked":["WindmillStrike","Conclude","Consecrate+1"],"picked":"SKIP","floor":27.0},{"not_picked":["Wish","Alpha"],"picked":"Scrawl","floor":33},{"not_picked":["ThirdEye","JustLucky","Crescendo"],"picked":"SKIP","floor":35},{"not_picked":["JustLucky+1","ForeignInfluence","SashWhip+1"],"picked":"SKIP","floor":37},{"not_picked":["FollowUp","Evaluate+1","BowlingBash"],"picked":"SKIP","floor":38}],"player_experience":1565912,"relics_obtained":[{"floor":7.0,"key":"Oddly Smooth Stone"},{"floor":9.0,"key":"Juzu Bracelet"},{"floor":23.0,"key":"StoneCalendar"},{"floor":26.0,"key":"HornCleat"}],"event_choices":[{"damage_healed":0.0,"max_hp_gain":0.0,"max_hp_loss":0.0,"gold_gain":0.0,"cards_transformed":["Strike_P"],"event_name":"Living Wall","player_choice":"Change","floor":3.0,"gold_loss":0.0,"damage_taken":0.0,"cards_obtained":["Prostrate"]},{"damage_healed":0.0,"max_hp_gain":0.0,"max_hp_loss":0.0,"gold_gain":0.0,"event_name":"Upgrade Shrine","player_choice":"Upgraded","floor":4.0,"gold_loss":0.0,"damage_taken":0.0,"cards_upgraded":["Eruption"]},{"cards_removed":["Strike_P"],"damage_healed":0.0,"max_hp_gain":0.0,"max_hp_loss":0.0,"gold_gain":0.0,"event_name":"The Cleric","player_choice":"Card Removal","floor":12.0,"gold_loss":75.0,"damage_taken":0.0},{"damage_healed":0.0,"max_hp_gain":0.0,"max_hp_loss":0.0,"gold_gain":0.0,"event_name":"Golden Idol","player_choice":"Take Damage","floor":13.0,"gold_loss":0.0,"damage_taken":23.0,"relics_obtained":["Golden Idol"]},{"damage_healed":0.0,"max_hp_gain":0.0,"max_hp_loss":0.0,"gold_gain":0.0,"event_name":"Ghosts","player_choice":"Ignored","floor":19.0,"gold_loss":0.0,"damage_taken":0.0},{"damage_healed":0.0,"max_hp_gain":0.0,"max_hp_loss":0.0,"gold_gain":0.0,"event_name":"Vampires","player_choice":"Ignored","floor":30.0,"gold_loss":0.0,"damage_taken":0.0},{"damage_healed":0,"gold_gain":0,"player_choice":"Got Potions","damage_taken":0,"max_hp_gain":0,"max_hp_loss":0,"event_name":"Lab","floor":36,"gold_loss":0}],"is_beta":false,"boss_relics":[{"not_picked":["Sozu","Runic Dome"],"picked":"Astrolabe"},{"not_picked":["Snecko Eye","Fusion Hammer"],"picked":"Coffee Dripper"}],"items_purged_floors":[22,28,31],"is_endless":false,"potions_floor_spawned":[1,2,11,18,23,24,35,38],"killed_by":"Nemesis","ascension_level":20}}