{"host":"lb27wy21808d043q","time":1610669362,"event":{"mods":["AchievementEnabler","BaseMod","BetterRewards","Clockwork Mod","Colored Map","Conspire","Curses Come First","Halation","Highlight Path","Hubris","Infinite Spire","Marisa????????","Minty Spire (QoL Compilation)","Replay The Spire","StSLib","The Animator","The Bug Knight","The Servant 0.9.4","Yuri Mod"],"gold_per_floor":[99,116,46,46,46,73,98,125,150,180,196,221,221,255,255,351,351,366,385,310,310,310,338,366,396,396,7,39,68,103,133,133,236,236,254,254,254,304,322,322,322],"floor_reached":40,"language":"ENG","playtime":3450,"items_purged":["Dagger Throw","Concentrate","Cloak And Dagger"],"score":737,"play_id":"f7c6fe69-abfa-4951-88d3-e5c32c27d136","local_time":"20210115010922","daily_mods":["Draft","Heirloom","Time Dilation","Flight","DeadlyEvents","Elite Swarm","Terminal"],"is_ascension_mode":false,"campfire_choices":[{"data":"Adrenaline","floor":13,"key":"SMITH"},{"data":"Adrenaline","floor":15,"key":"SMITH"}],"circlet_count":0,"master_deck":["Catalyst+1","Toxin Wave","Blade Dance","Dagger Spray","Concentrate","Deadly Poison","Poisoned Stab","Prepared","Bane","Bouncing Flask","Dodge and Roll","Envenom","Sneak Up+1","Corpse Explosion","ReplayTheSpireMod:Necrosis","Poison Darts","Infinite Blades","Adrenaline+1","Adrenaline+1","Replay:Bag of Tricks","Tactician+1","Expertise","ReplayTheSpireMod:Black Plague","Pot Of Greed","Pot Of Greed","Pot Of Greed","infinitespire:Neurotoxin","infinitespire:Neurotoxin","Burst","Poisoned Stab+1"],"relics":["Pocketwatch","Sizzling Blood","Vajra","Replay:Kaleidoscope","Replay:WaspNest","halation:VictoryRuler","halation:AfternoonTea","conspire:BottledYoYo","hubris:TenFootPole","Bottled Tornado","halation:HeavySnake","Grinning Jar","Replay:PocketPolymizer","Anchor","Sundial","infinitespire:CursedDice","Bronze Scales","Dream Catcher","infinitespire:Lucky Rock","halation:PrussianBluePaint","Replay:Grab Bag","Philosopher\u0027s Stone","Replay:Bronze Core","HoveringKite","halation:LostSnail","halation:QuantumPhysicsTextbook"],"acts_visited":["Exordium","TheCity","TheBeyond"],"potions_floor_usage":[10,16,23,24,31,33,33,35,40],"damage_taken":[{"damage":0,"enemies":"Small Slimes","floor":2,"turns":2},{"damage":3,"enemies":"Gremlin Nob","floor":6,"turns":3},{"damage":22,"enemies":"Lagavulin","floor":7,"turns":4},{"damage":3,"enemies":"Gremlin Nob","floor":8,"turns":3},{"damage":4,"enemies":"Lagavulin","floor":10,"turns":2},{"damage":9,"enemies":"2 Louse","floor":11,"turns":2},{"damage":5,"enemies":"Gremlin Nob","floor":12,"turns":3},{"damage":13,"enemies":"3 Sentries","floor":14,"turns":3},{"damage":0,"enemies":"Slime Boss","floor":16,"turns":3},{"damage":0,"enemies":"Chosen","floor":18,"turns":3},{"damage":0,"enemies":"2 Thieves","floor":19,"turns":2},{"damage":4,"enemies":"Gremlin Leader","floor":23,"turns":4},{"damage":16,"enemies":"Book of Stabbing","floor":24,"turns":3},{"damage":10,"enemies":"Gremlin Leader","floor":25,"turns":4},{"damage":10,"enemies":"Nightmare","floor":28,"turns":3},{"damage":0,"enemies":"Slavers","floor":29,"turns":2},{"damage":21,"enemies":"Book of Stabbing","floor":30,"turns":5},{"damage":13,"enemies":"conspire:SneckoGhost","floor":31,"turns":4},{"damage":28,"enemies":"hubris:MusketHawk","floor":33,"turns":5},{"damage":16,"enemies":"3 Shapes","floor":35,"turns":2},{"damage":22,"enemies":"Mind Bloom Boss Battle","floor":38,"turns":4},{"damage":0,"enemies":"3 Darklings","floor":39,"turns":1},{"damage":23,"enemies":"Reptomancer","floor":40,"turns":2}],"seed_played":"-2431059855579267804","potions_obtained":[{"floor":8,"key":"AttackPotion"},{"floor":11,"key":"DistilledChaos"},{"floor":14,"key":"Regen Potion"},{"floor":19,"key":"Weak Potion"},{"floor":28,"key":"Elixir"},{"floor":30,"key":"DuplicationPotion"},{"floor":31,"key":"ColorlessPotion"},{"floor":32,"key":"Regen Potion"},{"floor":33,"key":"Toxic Potion"}],"is_trial":true,"path_per_floor":["?","M","$","?","?","E","E","E","T","E","M","E","R","E","R","B",null,"M","M","?","?","AVR","E","E","E","T","$","NM","E","E","E","R_BF","B",null,"M","?","AVR","?","M","E"],"character_chosen":"THE_SILENT","items_purchased":["Envenom","infinitespire:CursedDice"],"campfire_rested":0,"item_purchase_floors":[3,27],"current_hp_per_floor":[72,71,70,69,68,67,49,50,50,50,45,44,44,35,35,39,56,55,54,53,52,51,50,45,39,39,39,33,37,20,11,11,19,39,27,27,27,9,13,0,0],"gold":322,"neow_bonus":"","is_daily":false,"chose_seed":false,"campfire_upgraded":2,"win_rate":0.0,"timestamp":1610669362,"path_taken":["?","M","$","?","?","E","E","E","T","E","?","E","R","?","R","BOSS","M","M","?","?","AVR","E","E","E","T","$","NM","E","E","?","R_BF","BOSS","M","?","AVR","?","?","E"],"items_purchased_type":["Card","Relic"],"build_version":"2020-12-22","purchased_purges":3,"victory":false,"max_hp_per_floor":[72,71,70,69,68,67,66,65,64,63,62,61,60,59,58,57,56,55,54,53,52,51,50,49,48,47,46,45,44,43,42,41,40,39,38,37,36,35,34,34,34],"card_choices":[{"not_picked":["Blade Dance","Prepared"],"picked":"Catalyst","floor":0},{"not_picked":["ReplayTheSpireMod:Tripwire","Prepared"],"picked":"Toxin Wave","floor":0},{"not_picked":["Sneak Up","Dodge and Roll"],"picked":"Blade Dance","floor":0},{"not_picked":["All Out Attack","Masterful Stab"],"picked":"Concentrate","floor":0},{"not_picked":["conspire:DoublingDagger","Flying Knee"],"picked":"Prepared","floor":0},{"not_picked":["Dagger Throw","Calculated Gamble"],"picked":"Dagger Spray","floor":0},{"not_picked":["Flying Knee","Calculated Gamble"],"picked":"Concentrate","floor":0},{"not_picked":["Dagger Throw","Blade Dance"],"picked":"Deadly Poison","floor":0},{"not_picked":["Bane","hubris:SlightOfHand"],"picked":"Poisoned Stab","floor":0},{"not_picked":["Skewer","Cloak And Dagger"],"picked":"Prepared","floor":0},{"not_picked":["Terror","Calculated Gamble"],"picked":"Bane","floor":0},{"not_picked":["PiercingWail","Slice"],"picked":"Dagger Throw","floor":0},{"not_picked":["Dodge and Roll","Underhanded Strike"],"picked":"Bouncing Flask","floor":0},{"not_picked":["Backflip","Acrobatics"],"picked":"Fluid Movement","floor":0},{"not_picked":["Dagger Throw","Blur"],"picked":"Cloak And Dagger","floor":0},{"not_picked":["conspire:DoublingDagger","Dagger Throw"],"picked":"Dodge and Roll","floor":2},{"not_picked":["Doppelganger","Die Die Die"],"picked":"Corpse Explosion","floor":6},{"not_picked":["Atom Bomb","Tools of the Trade"],"picked":"ReplayTheSpireMod:Necrosis","floor":7},{"not_picked":["Corpse Explosion","Malaise"],"picked":"Poison Darts","floor":8},{"not_picked":["Corpse Explosion","Glass Knife","Grand Finale"],"picked":"SKIP","floor":10},{"not_picked":["Hidden Blade","Slice"],"picked":"Infinite Blades","floor":11},{"not_picked":["infinitespire:Neurotoxin","Poison Darts"],"picked":"Adrenaline","floor":12},{"not_picked":["A Thousand Cuts","Die Die Die"],"picked":"Adrenaline","floor":14},{"not_picked":["After Image","Phantasmal Killer"],"picked":"Replay:Bag of Tricks","floor":16},{"not_picked":["Draining Mist+1","Outmaneuver"],"picked":"Tactician+1","floor":18},{"not_picked":["Sucker Punch","Terror+1"],"picked":"Expertise","floor":19},{"not_picked":["After Image","Storm of Steel","Malaise"],"picked":"SKIP","floor":23},{"not_picked":["Tools of the Trade","ReplayTheSpireMod:Necrosis"],"picked":"infinitespire:Neurotoxin","floor":24},{"not_picked":["Poison Darts","Doppelganger","Phantasmal Killer"],"picked":"SKIP","floor":25},{"not_picked":["Replay:Bag of Tricks","ReplayTheSpireMod:Necrosis"],"picked":"infinitespire:Neurotoxin","floor":28},{"not_picked":["Phantasmal Killer","Poison Darts"],"picked":"Burst","floor":29},{"not_picked":["Phantasmal Killer","Replay:Bag of Tricks","Tools of the Trade"],"picked":"SKIP","floor":30},{"not_picked":["Malaise","Glass Knife","Atom Bomb"],"picked":"SKIP","floor":31},{"not_picked":["hubris:Counter","Acrobatics","hubris:TrickCloak+1"],"picked":"SKIP","floor":35},{"not_picked":["PiercingWail","ReplayTheSpireMod:Shiv Toss+1"],"picked":"Poisoned Stab+1","floor":39}],"player_experience":5744,"relics_obtained":[{"floor":5,"key":"Vajra"},{"floor":6,"key":"Replay:Kaleidoscope"},{"floor":7,"key":"Replay:WaspNest"},{"floor":8,"key":"halation:VictoryRuler"},{"floor":9,"key":"halation:AfternoonTea"},{"floor":10,"key":"conspire:BottledYoYo"},{"floor":12,"key":"hubris:TenFootPole"},{"floor":14,"key":"Bottled Tornado"},{"floor":23,"key":"Grinning Jar"},{"floor":24,"key":"Replay:PocketPolymizer"},{"floor":25,"key":"Anchor"},{"floor":26,"key":"Sundial"},{"floor":28,"key":"Bronze Scales"},{"floor":29,"key":"Dream Catcher"},{"floor":30,"key":"infinitespire:Lucky Rock"},{"floor":31,"key":"halation:PrussianBluePaint"},{"floor":38,"key":"halation:QuantumPhysicsTextbook"}],"event_choices":[{"cards_removed":["Fluid Movement"],"damage_healed":0,"gold_gain":0,"player_choice":"Gave Gold","damage_taken":0,"max_hp_gain":0,"max_hp_loss":0,"event_name":"Beggar","floor":20,"gold_loss":75},{"damage_healed":0,"gold_gain":0,"player_choice":"0 cards matched","damage_taken":0,"max_hp_gain":0,"max_hp_loss":0,"event_name":"Match and Keep!","floor":21,"gold_loss":0,"cards_obtained":[]},{"damage_healed":0,"gold_gain":0,"player_choice":"Got Potions","damage_taken":0,"max_hp_gain":0,"max_hp_loss":0,"event_name":"Lab","floor":32,"gold_loss":0},{"damage_healed":0,"gold_gain":0,"player_choice":"Fight","damage_taken":0,"max_hp_gain":0,"max_hp_loss":0,"event_name":"MindBloom","floor":38,"gold_loss":0}],"is_beta":false,"boss_relics":[{"not_picked":["ReplayTheSpireMod:DimensionalGlitch","hubris:Stopwatch"],"picked":"halation:HeavySnake"},{"not_picked":["halation:MonkeysPaw","Painkiller Herb"],"picked":"Replay:Grab Bag"},{"not_picked":["hubris:RunicObelisk","Cursed Key"],"picked":"Philosopher\u0027s Stone"},{"not_picked":["Runic Dome","hubris:VirtuousBlindfold"],"picked":"Replay:Bronze Core"},{"not_picked":["Black Star","halation:Yufonium"],"picked":"HoveringKite"}],"items_purged_floors":[22,27,37],"is_endless":true,"potions_floor_spawned":[8,11,14,19,28,30,31,33],"killed_by":"Reptomancer","ascension_level":0}}