{"host":"3qkmyeoym75lj4wn","time":1610737491,"event":{"mods":["2.2 Compatiblity","BaseMod","Block Reminder","Colored Powertips","Highlight Path","Minty Spire (QoL Compilation)","Permanent Neow","Potion Indicator Mod","Rare Cards Sparkle","Relic Stats","StSLib","Unceasing Turn Reminder"],"gold_per_floor":[117,78,97,109,109,140,158,158,158],"floor_reached":8,"language":"ENG","playtime":306,"items_purged":[],"score":116,"play_id":"8c26133f-7f4d-448f-a35a-87777bbf7df7","local_time":"20210115190451","is_ascension_mode":true,"campfire_choices":[],"circlet_count":0,"master_deck":["AscendersBane","Strike_B","Strike_B","Strike_B","Defend_B","Defend_B","Defend_B","Defend_B","Zap","Dualcast","Panacea","Defragment","Capacitor","Cold Snap","Gash"],"relics":["Cracked Core","DataDisk"],"acts_visited":["Exordium"],"potions_floor_usage":[3],"damage_taken":[{"damage":8,"enemies":"2 Louse","floor":1,"turns":2},{"damage":7,"enemies":"Jaw Worm","floor":3,"turns":2},{"damage":1,"enemies":"Cultist","floor":4,"turns":4},{"damage":18,"enemies":"Lagavulin","floor":6,"turns":8},{"damage":12,"enemies":"Exordium Wildlife","floor":7,"turns":3},{"damage":23,"enemies":"3 Sentries","floor":8,"turns":4}],"seed_played":"5742704577838583981","potions_obtained":[{"floor":1,"key":"SneckoOil"},{"floor":6,"key":"CultistPotion"}],"is_trial":false,"path_per_floor":["M","?","M","M","?","E","M","E"],"character_chosen":"DEFECT","items_purchased":[],"campfire_rested":0,"item_purchase_floors":[],"current_hp_per_floor":[56,56,49,48,48,30,18,0,0],"gold":158,"neow_bonus":"RANDOM_COLORLESS","is_daily":false,"chose_seed":false,"campfire_upgraded":0,"win_rate":0.0,"timestamp":1610737491,"path_taken":["M","?","M","M","?","E","?","E"],"items_purchased_type":[],"build_version":"2020-12-22","purchased_purges":0,"victory":false,"max_hp_per_floor":[71,71,71,71,71,71,71,71,71],"relic_stats":{"counters":[6,23],"obtain_stats":[{"DataDisk":6,"Cracked Core":0},{"DataDisk":4,"Cracked Core":0},{"DataDisk":16,"Cracked Core":0}]},"card_choices":[{"not_picked":["Deep Breath","Impatience"],"picked":"Panacea","floor":0},{"not_picked":["Self Repair","Leap"],"picked":"Defragment","floor":1},{"not_picked":["Coolheaded","Barrage"],"picked":"Capacitor","floor":3},{"not_picked":["Sweeping Beam","Fusion"],"picked":"Cold Snap","floor":4},{"not_picked":["Hyperbeam","Steam"],"picked":"Gash","floor":6},{"not_picked":["Compile Driver","Capacitor","Redo"],"picked":"SKIP","floor":7}],"player_experience":1681878,"relics_obtained":[{"floor":6,"key":"DataDisk"}],"event_choices":[{"damage_healed":0,"gold_gain":0,"player_choice":"Left Gold","damage_taken":0,"max_hp_gain":0,"max_hp_loss":0,"event_name":"World of Goop","floor":2,"gold_loss":39},{"cards_removed":["Strike_B"],"damage_healed":0,"gold_gain":0,"player_choice":"Purged","damage_taken":0,"max_hp_gain":0,"max_hp_loss":0,"event_name":"Purifier","floor":5,"gold_loss":0}],"is_beta":false,"boss_relics":[],"items_purged_floors":[],"is_endless":false,"potions_floor_spawned":[1,6],"killed_by":"3 Sentries","ascension_level":20}}