{"host":"cjhtzh7tp54jdfyv","time":1610753256,"event":{"mods":["AchievementEnabler","BaseMod","Colored Map","Colored Powertips","Curses Come First","DeckTracker","Filter the Spire","Minty Spire (QoL Compilation)","RNG Fix","Relic Sorter","Relic Stats","StSLib","UnlockEverythingMod","ojb\u0027s Better Paths Mod","ojb\u0027s Info Mod"],"gold_per_floor":[363,363,19,19,37,63,63,90,90,365,365,201,235,253,253,325,325,340,615,615,465,465,491,491,549,620,708,724,724,763,455,455,554,554,589,409,473,293,358,391,445,225,225,294,313,329,329,386,386,436,461,461,461,53,83,83],"floor_reached":57,"language":"ENG","playtime":5431,"items_purged":["Regret","Regret","Defend_G","Bane+1","Bite+1","Bite+1","HandOfGreed+1"],"score":2892,"play_id":"39a6de3d-d875-4b5d-8b76-100ccb3065ae","local_time":"20210115182736","is_ascension_mode":true,"campfire_choices":[{"data":"Neutralize","floor":7,"key":"SMITH"},{"floor":11,"key":"REST"},{"data":"Crippling Poison","floor":15,"key":"SMITH"},{"data":"Outmaneuver","floor":24,"key":"SMITH"},{"data":"Blade Dance","floor":29,"key":"SMITH"},{"data":"Panache","floor":32,"key":"SMITH"},{"floor":49,"key":"RECALL"},{"data":"Phantasmal Killer","floor":53,"key":"SMITH"}],"circlet_count":0,"master_deck":["AscendersBane","Defend_G","Defend_G","Defend_G","Survivor","Neutralize+1","Slice+1","Quick Slash+1","Slice+1","Slice+1","Dash+1","Crippling Poison+1","After Image","Acrobatics","HandOfGreed+1","Bite+1","Outmaneuver+1","Blade Dance+1","Predator+1","Expertise","Panache+1","Night Terror","Enlightenment+1","Panache","Dodge and Roll","Phantasmal Killer+1","Flash of Steel+1","Venomology","Expertise","Acrobatics","Good Instincts","Backflip","Calculated Gamble","Blur","Thinking Ahead","Dodge and Roll","Thinking Ahead","Deflect","Phantasmal Killer"],"relics":["Ring of the Snake","Paper Crane","Membership Card","Molten Egg 2","Torii","Akabeko","Eternal Feather","Happy Flower","WingedGreaves","Coffee Dripper","Centennial Puzzle","Kunai","Mummified Hand","HornCleat","Astrolabe","Art of War","Potion Belt","Turnip","Bag of Preparation","OrangePellets","Nunchaku"],"acts_visited":["Exordium","TheCity","TheBeyond","TheEnding"],"potions_floor_usage":[6,8,45,48,48,50,51,55,56,56,56,56,56],"damage_taken":[{"damage":3,"enemies":"Cultist","floor":1,"turns":6},{"damage":0,"enemies":"Jaw Worm","floor":5,"turns":3},{"damage":17,"enemies":"3 Sentries","floor":6,"turns":9},{"damage":45,"enemies":"Lagavulin","floor":8,"turns":7},{"damage":0,"enemies":"Gremlin Nob","floor":13,"turns":3},{"damage":0,"enemies":"2 Louse","floor":14,"turns":2},{"damage":16,"enemies":"The Guardian","floor":16,"turns":15},{"damage":2,"enemies":"Chosen","floor":18,"turns":5},{"damage":11,"enemies":"Gremlin Leader","floor":23,"turns":7},{"damage":4,"enemies":"Book of Stabbing","floor":25,"turns":5},{"damage":32,"enemies":"3 Byrds","floor":27,"turns":13},{"damage":3,"enemies":"Snake Plant","floor":28,"turns":6},{"damage":1,"enemies":"Snecko","floor":30,"turns":5},{"damage":0,"enemies":"Champ","floor":33,"turns":14},{"damage":25,"enemies":"Orb Walker","floor":35,"turns":6},{"damage":1,"enemies":"3 Shapes","floor":37,"turns":3},{"damage":11,"enemies":"Jaw Worm Horde","floor":39,"turns":4},{"damage":16,"enemies":"Giant Head","floor":40,"turns":8},{"damage":18,"enemies":"Nemesis","floor":41,"turns":7},{"damage":1,"enemies":"4 Shapes","floor":44,"turns":3},{"damage":34,"enemies":"Maw","floor":45,"turns":8},{"damage":1,"enemies":"Writhing Mass","floor":46,"turns":4},{"damage":1,"enemies":"Reptomancer","floor":48,"turns":5},{"damage":1,"enemies":"Donu and Deca","floor":50,"turns":8},{"damage":19,"enemies":"Time Eater","floor":51,"turns":13},{"damage":1,"enemies":"Shield and Spear","floor":55,"turns":8},{"damage":53,"enemies":"The Heart","floor":56,"turns":11}],"seed_played":"-7949378555206970377","potions_obtained":[{"floor":4,"key":"GamblersBrew"},{"floor":4,"key":"FairyPotion"},{"floor":6,"key":"Fruit Juice"},{"floor":8,"key":"Poison Potion"},{"floor":18,"key":"FairyPotion"},{"floor":44,"key":"LiquidMemories"},{"floor":48,"key":"ColorlessPotion"},{"floor":55,"key":"Block Potion"}],"is_trial":false,"path_per_floor":["M","?","$","?","M","E","R","E","T","?","R","$","E","M","R","B",null,"M","?","?","$","?","E","R","E","T","M","M","R","M","$","R","B",null,"M","$","M","$","M","E","E","$","T","M","M","M","?","E","R","B","B",null,"R","$","E","B",null],"character_chosen":"THE_SILENT","items_purchased":["Membership Card","Molten Egg 2","Slice+1","Quick Slash+1","Happy Flower","DuplicationPotion","HandOfGreed+1","HornCleat","Panache","Panache","Dodge and Roll","Phantasmal Killer","Flash of Steel+1","Acrobatics","Good Instincts","Ancient Potion","Bag of Preparation","OrangePellets","Thinking Ahead","Deflect"],"campfire_rested":1,"item_purchase_floors":[3,3,3,3,12,12,21,31,31,36,36,38,38,42,42,42,54,54,54,54],"current_hp_per_floor":[41,41,41,41,41,24,24,21,21,21,51,51,51,51,60,44,64,62,62,62,62,49,45,49,48,48,26,32,47,49,49,49,49,49,24,24,29,29,21,17,5,5,5,7,8,13,13,15,36,38,25,43,49,49,49,2],"gold":83,"neow_bonus":"TWO_FIFTY_GOLD","is_daily":false,"chose_seed":false,"campfire_upgraded":6,"win_rate":0.0,"timestamp":1610753256,"path_taken":["M","?","$","?","M","E","R","E","T","?","R","$","E","?","R","BOSS","M","?","?","$","?","E","R","E","T","M","?","R","M","$","R","BOSS","M","$","M","$","M","E","E","$","T","M","M","M","?","E","R","BOSS","BOSS","R","$","E","BOSS"],"items_purchased_type":["Relic","Relic","Card","Card","Relic","Potion","Card","Relic","Card","Card","Card","Card","Card","Card","Card","Potion","Relic","Relic","Card","Card"],"build_version":"2020-12-22","purchased_purges":7,"victory":true,"max_hp_per_floor":[66,66,66,66,66,66,66,71,71,71,71,71,71,71,71,71,71,71,71,71,71,49,49,49,49,49,49,49,49,49,49,49,49,49,49,49,49,49,49,49,49,49,49,49,49,49,49,49,49,49,49,49,49,49,49,49],"relic_stats":{"Torii":66,"Happy Flower":[54],"counters":[27,188],"Astrolabe":["HandOfGreed","Enlightenment","Bane"],"Eternal Feather":64,"Bag of Preparation":[4],"OrangePellets":[4],"Centennial Puzzle":[50],"Nunchaku":[3],"Mummified Hand":[48],"Turnip":[5],"Art of War":[3],"Kunai":[91],"obtain_stats":[{"Potion Belt":41,"Torii":6,"Happy Flower":12,"Astrolabe":34,"Eternal Feather":9,"Bag of Preparation":54,"Paper Crane":2,"Akabeko":8,"OrangePellets":54,"Centennial Puzzle":23,"Nunchaku":55,"HornCleat":31,"Mummified Hand":26,"Molten Egg 2":3,"WingedGreaves":13,"Turnip":48,"Coffee Dripper":17,"Art of War":40,"Membership Card":3,"Kunai":25,"Ring of the Snake":0},{"Potion Belt":19,"Torii":3,"Happy Flower":4,"Astrolabe":14,"Eternal Feather":4,"Bag of Preparation":25,"Paper Crane":1,"Akabeko":4,"OrangePellets":25,"Centennial Puzzle":9,"Nunchaku":26,"HornCleat":13,"Mummified Hand":10,"Molten Egg 2":1,"WingedGreaves":5,"Turnip":23,"Coffee Dripper":7,"Art of War":18,"Membership Card":1,"Kunai":10,"Ring of the Snake":0},{"Potion Belt":128,"Torii":18,"Happy Flower":25,"Astrolabe":100,"Eternal Feather":25,"Bag of Preparation":169,"Paper Crane":6,"Akabeko":25,"OrangePellets":169,"Centennial Puzzle":57,"Nunchaku":177,"HornCleat":86,"Mummified Hand":62,"Molten Egg 2":6,"WingedGreaves":28,"Turnip":148,"Coffee Dripper":45,"Art of War":121,"Membership Card":6,"Kunai":62,"Ring of the Snake":0}],"Ring of the Snake":[54]},"card_choices":[{"not_picked":["PiercingWail","Escape Plan"],"picked":"Sucker Punch","floor":1},{"not_picked":["Blur","Catalyst"],"picked":"Slice+1","floor":5},{"not_picked":["Tactician","Bane+1"],"picked":"Slice+1","floor":6},{"not_picked":["Masterful Stab+1","PiercingWail"],"picked":"Dash+1","floor":8},{"not_picked":["PiercingWail","Dagger Throw+1"],"picked":"Crippling Poison","floor":13},{"not_picked":["Expertise","Prepared","Flying Knee+1"],"picked":"SKIP","floor":14},{"not_picked":["Adrenaline","Venomology"],"picked":"After Image","floor":16},{"not_picked":["Poisoned Stab+1","Caltrops+1"],"picked":"Acrobatics","floor":18},{"not_picked":["Infinite Blades","Quick Slash+1"],"picked":"Outmaneuver","floor":23},{"not_picked":["Backflip","Glass Knife+1"],"picked":"Blade Dance","floor":25},{"not_picked":["Concentrate","Sucker Punch+1"],"picked":"Predator+1","floor":27},{"not_picked":["Cloak And Dagger","Catalyst","Slice+1"],"picked":"SKIP","floor":28},{"not_picked":["Cloak And Dagger","Catalyst","Slice+1"],"picked":"SKIP","floor":28},{"not_picked":["Backstab+1","Noxious Fumes"],"picked":"Expertise","floor":30},{"not_picked":["Venomology","Glass Knife+1"],"picked":"Night Terror","floor":33},{"not_picked":["Slice+1","Outmaneuver","Flying Knee+1"],"picked":"SKIP","floor":35},{"not_picked":["Dagger Throw+1","Deadly Poison","Outmaneuver"],"picked":"SKIP","floor":37},{"not_picked":["Sucker Punch+1","Dagger Throw+1","Distraction"],"picked":"SKIP","floor":39},{"not_picked":["Predator+1","Prepared"],"picked":"Venomology","floor":40},{"not_picked":["Flying Knee+1","Outmaneuver"],"picked":"Expertise","floor":41},{"not_picked":["Catalyst+1","Deadly Poison"],"picked":"Backflip","floor":44},{"not_picked":["Sucker Punch+1","Distraction"],"picked":"Calculated Gamble","floor":45},{"not_picked":["Prepared+1","Infinite Blades"],"picked":"Blur","floor":46},{"not_picked":["PanicButton","Panacea"],"picked":"Thinking Ahead","floor":47},{"not_picked":["Acrobatics","Sucker Punch+1"],"picked":"Dodge and Roll","floor":48},{"not_picked":["Deadly Poison+1","Distraction"],"picked":"Phantasmal Killer","floor":55}],"player_experience":4569118,"relics_obtained":[{"floor":6,"key":"Torii"},{"floor":8,"key":"Akabeko"},{"floor":9,"key":"Eternal Feather"},{"floor":13,"key":"WingedGreaves"},{"floor":23,"key":"Centennial Puzzle"},{"floor":25,"key":"Kunai"},{"floor":26,"key":"Mummified Hand"},{"floor":40,"key":"Art of War"},{"floor":41,"key":"Potion Belt"},{"floor":48,"key":"Turnip"},{"floor":55,"key":"Nunchaku"}],"event_choices":[{"cards_removed":["Sucker Punch"],"damage_healed":0,"gold_gain":0,"player_choice":"Gave Card","damage_taken":0,"relics_obtained":["Paper Crane"],"max_hp_gain":0,"max_hp_loss":0,"event_name":"WeMeetAgain","floor":2,"gold_loss":0},{"damage_healed":0,"gold_gain":0,"player_choice":"Got Potions","damage_taken":0,"max_hp_gain":0,"max_hp_loss":0,"event_name":"Lab","floor":4,"gold_loss":0},{"damage_healed":0,"gold_gain":275,"player_choice":"Desecrate","damage_taken":0,"max_hp_gain":0,"max_hp_loss":0,"event_name":"Golden Shrine","floor":10,"gold_loss":0,"cards_obtained":["Regret"]},{"damage_healed":0,"gold_gain":275,"player_choice":"Desecrate","damage_taken":0,"max_hp_gain":0,"max_hp_loss":0,"event_name":"Golden Shrine","floor":19,"gold_loss":0,"cards_obtained":["Regret"]},{"damage_healed":0,"gold_gain":0,"player_choice":"Ignored","damage_taken":0,"max_hp_gain":0,"max_hp_loss":0,"event_name":"The Mausoleum","floor":20,"gold_loss":0},{"damage_healed":0,"gold_gain":0,"player_choice":"Became a vampire","damage_taken":0,"max_hp_gain":0,"max_hp_loss":22,"event_name":"Vampires","floor":22,"gold_loss":0,"cards_obtained":["Bite","Bite","Bite","Bite","Bite"]},{"damage_healed":0,"gold_gain":0,"player_choice":"Memory 1","damage_taken":0,"max_hp_gain":0,"max_hp_loss":0,"event_name":"SensoryStone","floor":47,"gold_loss":0}],"is_beta":false,"boss_relics":[{"not_picked":["Runic Dome","Runic Pyramid"],"picked":"Coffee Dripper"},{"not_picked":["Ring of the Serpent","Fusion Hammer"],"picked":"Astrolabe"}],"items_purged_floors":[12,21,31,36,38,42,54],"is_endless":false,"potions_floor_spawned":[6,8,13,18,23,27,33,35,37,44,48,55],"ascension_level":20}}