{"host":"5waj3nq586zfb9qv","time":1610724943,"event":{"mods":["BaseMod","Better Vampires","Colored Map","Colored Powertips","GifTheSpireLib","Highlight Path","Marisa£®ÏF”Í°°ƒß¿Ì…≥£©","Minty Spire (QoL Compilation)","Quick Restart","Shop Mod","StSLib","SuperFastMode","The Servant 0.9.4","Waifu the Spire"],"gold_per_floor":[109,120,120,136,21,48,48,48,74,117,129,156,168,211,223,355,367,393,21,21,21,21,61,61,99,99,115,115,115,115,153,153,277,277,298,298,298,318,181,217,217,217,217,217,233,566,55,90,90,90],"floor_reached":51,"language":"ZHS","playtime":2863,"items_purged":["Strike_S","Shame","Decay"],"score":887,"play_id":"987490d2-2be6-4f41-bf09-fa459cf618c7","local_time":"20210115233543","is_ascension_mode":true,"campfire_choices":[{"floor":7.0,"key":"REST"},{"floor":11.0,"key":"REST"},{"floor":15.0,"key":"REST"},{"data":"Sunlight","floor":29.0,"key":"SMITH"},{"floor":32.0,"key":"REST"},{"data":"MurderousAura","floor":41.0,"key":"SMITH"},{"data":"FlawlessForm","floor":44,"key":"SMITH"},{"data":"KidneyShot","floor":49,"key":"SMITH"}],"circlet_count":0,"master_deck":["Strike_S","Strike_S","Defend_S","Defend_S","Defend_S","Defend_S","KidneyShot+1","Exchange","Moondial","SurpressingFire","Rearm","WasteNot","Sunlight+1","Injury","TheWorld","SoulSculpture","Deny","LightFlow","Desolation","DoubleEdge","FlawlessForm+1","Manipulate","Luminosity","Sabotage","SilverBlades","Contraction","Gouge","Desolation","Contraction+1","StarChef","FastForward","BottledTime","FloweringNight","MurderousAura+1","FanOfKnives+1","TimeWarp","RealityMarble","Comet+1","Panache","Finesse","Advance","LightFlow","Panache","SurpressingFire"],"relics":["SplendidAttire","Mango","Boot","MawBank","Toy Ornithopter","Juzu Bracelet","Orrery","Anchor","Oddly Smooth Stone","Thread and Needle","Ornamental Fan","Centennial Puzzle","Vajra","Coffee Dripper","Pen Nib","Gremlin Horn","Membership Card","Eternal Feather","Happy Flower"],"acts_visited":["Exordium","TheCity","TheBeyond"],"potions_floor_usage":[50,50],"damage_taken":[{"damage":1.0,"enemies":"Small Slimes","floor":1.0,"turns":4.0},{"damage":5.0,"enemies":"2 Louse","floor":2.0,"turns":3.0},{"damage":0.0,"enemies":"Cultist","floor":4.0,"turns":3.0},{"damage":60.0,"enemies":"Gremlin Nob","floor":6.0,"turns":7.0},{"damage":28.0,"enemies":"3 Sentries","floor":10.0,"turns":9.0},{"damage":0.0,"enemies":"Large Slime","floor":12.0,"turns":6.0},{"damage":6.0,"enemies":"Lagavulin","floor":14.0,"turns":6.0},{"damage":24.0,"enemies":"The Guardian","floor":16.0,"turns":13.0},{"damage":15.0,"enemies":"Shell Parasite","floor":18.0,"turns":4.0},{"damage":13.0,"enemies":"Book of Stabbing","floor":23.0,"turns":6.0},{"damage":25.0,"enemies":"Slavers","floor":25.0,"turns":5.0},{"damage":0.0,"enemies":"Spheric Guardian","floor":27.0,"turns":4.0},{"damage":5.0,"enemies":"Book of Stabbing","floor":31.0,"turns":7.0},{"damage":36.0,"enemies":"Collector","floor":33.0,"turns":9.0},{"damage":0.0,"enemies":"Orb Walker","floor":35.0,"turns":3.0},{"damage":2.0,"enemies":"3 Shapes","floor":38.0,"turns":2.0},{"damage":0.0,"enemies":"Nemesis","floor":40.0,"turns":7.0},{"damage":0,"enemies":"Spire Growth","floor":45,"turns":5},{"damage":0,"enemies":"Giant Head","floor":48,"turns":7},{"damage":26,"enemies":"Time Eater","floor":50,"turns":7}],"seed_played":"-7989755616868769412","potions_obtained":[{"floor":1.0,"key":"LiquidBronze"},{"floor":4.0,"key":"SpeedPotion"},{"floor":6.0,"key":"SpeedPotion"},{"floor":16.0,"key":"Swift Potion"},{"floor":33.0,"key":"Weak Potion"},{"floor":38.0,"key":"ColorlessPotion"},{"floor":40.0,"key":"AttackPotion"}],"is_trial":false,"path_per_floor":["M","M","?","M","$","E","R","?","T","E","R","M","?","E","R","B",null,"M","$","?","?","?","E","?","E","T","M","T","R","?","E","R","B",null,"M","?","?","M","$","E","R","?","T","R","M","?","$","E","R","B",null],"character_chosen":"THE_SERVANT","items_purchased":["WasteNot","Orrery","SilverBlades","Contraction","Gouge","RealityMarble","Membership Card","Eternal Feather","LightFlow","Panache","SurpressingFire"],"campfire_rested":4,"item_purchase_floors":[5,19,19,19,19,39,47,47,47,47,47],"current_hp_per_floor":[72,67,72,72,72,12,35,35,35,7,30,30,30,24,47,23,78,63,63,63,63,63,50,50,30,30,30,30,30,30,25,48,22,78,78,78,78,76,76,76,76,71,71,71,71,71,71,71,78,62],"gold":90,"neow_bonus":"ONE_RARE_RELIC","is_daily":false,"chose_seed":false,"campfire_upgraded":4,"win_rate":0.0,"timestamp":1610724943,"path_taken":["M","M","?","M","$","E","R","?","T","E","R","M","?","E","R","BOSS","M","$","?","?","?","E","?","E","T","M","?","R","?","E","R","BOSS","M","?","?","M","$","E","R","?","T","R","M","?","$","E","R","BOSS"],"items_purchased_type":["Card","Relic","Card","Card","Card","Card","Relic","Relic","Card","Card","Card"],"build_version":"2020-12-22","purchased_purges":3,"victory":true,"max_hp_per_floor":[73,73,78,78,78,78,78,78,78,78,78,78,78,78,78,78,78,78,78,78,78,78,78,78,78,78,78,78,78,78,78,78,78,78,78,78,78,78,78,78,78,78,78,78,78,78,78,78,78,78],"card_choices":[{"not_picked":["DualDimension","FastForward"],"picked":"Moondial","floor":1.0},{"not_picked":["ShiftingGears","Reset"],"picked":"SurpressingFire","floor":2.0},{"not_picked":["Snipe","ShatteredReality"],"picked":"Rearm","floor":4.0},{"not_picked":["Ricochet","Starlight"],"picked":"Sunlight","floor":6.0},{"not_picked":["Potential","Alleviate"],"picked":"TimeWarp","floor":10.0},{"not_picked":["Potential","Starlight"],"picked":"TheWorld","floor":12.0},{"not_picked":["ShatteredReality","Reset"],"picked":"Deny","floor":14.0},{"not_picked":["Duplication","KillingDoll"],"picked":"LightFlow","floor":16.0},{"not_picked":["Spin+1","Moondial+1"],"picked":"Desolation","floor":18.0},{"not_picked":["Rearm","Read"],"picked":"DoubleEdge","floor":19.0},{"not_picked":["Ricochet","Spin"],"picked":"FlawlessForm","floor":19.0},{"not_picked":["Rewind","Alleviate+1"],"picked":"Manipulate","floor":19.0},{"not_picked":["Spin","Replace+1"],"picked":"Luminosity","floor":19.0},{"not_picked":["Rewind","Rearm+1"],"picked":"Sabotage","floor":19.0},{"not_picked":["Alleviate+1","PendulumOfEternity"],"picked":"Contraction+1","floor":23.0},{"not_picked":["RealityMarble","Barrier"],"picked":"FastForward","floor":25.0},{"not_picked":["Defy","ShatteredReality"],"picked":"BottledTime","floor":27.0},{"not_picked":["ShatteredReality","FastForward+1"],"picked":"FloweringNight","floor":31.0},{"not_picked":["Solidify","PendulumOfEternity"],"picked":"MurderousAura","floor":33.0},{"not_picked":["DoubleEdge+1","Rewind+1"],"picked":"FanOfKnives+1","floor":35.0},{"not_picked":["Hightail+1","ShatteredReality"],"picked":"TimeWarp","floor":38.0},{"not_picked":["Unruled+1","Alleviate+1"],"picked":"Comet+1","floor":40.0},{"not_picked":["Mayhem","Purity"],"picked":"Panache","floor":42},{"not_picked":["Good Instincts","Dramatic Entrance"],"picked":"Finesse","floor":42},{"not_picked":["Barrier","Potential"],"picked":"Advance","floor":45},{"not_picked":["FastForward+1","PendulumOfEternity","BottledTime"],"picked":"SKIP","floor":48}],"player_experience":61333,"relics_obtained":[{"floor":6.0,"key":"Boot"},{"floor":9.0,"key":"MawBank"},{"floor":10.0,"key":"Toy Ornithopter"},{"floor":14.0,"key":"Juzu Bracelet"},{"floor":23.0,"key":"Oddly Smooth Stone"},{"floor":25.0,"key":"Thread and Needle"},{"floor":26.0,"key":"Ornamental Fan"},{"floor":28.0,"key":"Centennial Puzzle"},{"floor":31.0,"key":"Vajra"},{"floor":40.0,"key":"Pen Nib"},{"floor":43,"key":"Gremlin Horn"},{"floor":48,"key":"Happy Flower"}],"event_choices":[{"damage_healed":0.0,"max_hp_gain":5.0,"max_hp_loss":0.0,"gold_gain":0.0,"event_name":"Big Fish","player_choice":"Donut","floor":3.0,"gold_loss":0.0,"damage_taken":0.0},{"damage_healed":0.0,"max_hp_gain":0.0,"max_hp_loss":0.0,"gold_gain":0.0,"event_name":"Golden Idol","player_choice":"Take Wound","floor":8.0,"gold_loss":0.0,"damage_taken":0.0,"relics_obtained":["Golden Idol"],"cards_obtained":["Injury"]},{"damage_healed":0.0,"max_hp_gain":0.0,"max_hp_loss":0.0,"gold_gain":0.0,"cards_transformed":["Strike_S"],"event_name":"Living Wall","player_choice":"Change","floor":13.0,"gold_loss":0.0,"damage_taken":0.0,"cards_obtained":["SoulSculpture"]},{"damage_healed":0.0,"max_hp_gain":0.0,"max_hp_loss":0.0,"gold_gain":0.0,"event_name":"Addict","player_choice":"Stole Relic","floor":20.0,"gold_loss":0.0,"damage_taken":0.0,"relics_obtained":["Anchor"],"cards_obtained":["Shame"]},{"damage_healed":0.0,"max_hp_gain":0.0,"max_hp_loss":0.0,"gold_gain":0.0,"event_name":"Duplicator","player_choice":"Copied","floor":21.0,"gold_loss":0.0,"damage_taken":0.0,"cards_obtained":["Desolation"]},{"damage_healed":0.0,"max_hp_gain":0.0,"max_hp_loss":0.0,"gold_gain":0.0,"event_name":"Ghosts","player_choice":"Ignored","floor":22.0,"gold_loss":0.0,"damage_taken":0.0},{"damage_healed":0.0,"max_hp_gain":0.0,"max_hp_loss":0.0,"gold_gain":0.0,"event_name":"The Library","player_choice":"Read","floor":24.0,"gold_loss":0.0,"damage_taken":0.0,"cards_obtained":["StarChef"]},{"damage_healed":0.0,"max_hp_gain":0.0,"max_hp_loss":0.0,"gold_gain":0.0,"event_name":"Forgotten Altar","player_choice":"Smashed Altar","floor":30.0,"gold_loss":0.0,"damage_taken":0.0,"cards_obtained":["Decay"]},{"damage_healed":0.0,"max_hp_gain":0.0,"max_hp_loss":0.0,"gold_gain":0.0,"event_name":"Tomb of Lord Red Mask","player_choice":"Ignored","floor":36.0,"gold_loss":0.0,"damage_taken":0.0},{"cards_removed":["TimeWarp"],"damage_healed":0.0,"max_hp_gain":0.0,"max_hp_loss":0.0,"gold_gain":0.0,"event_name":"Falling","player_choice":"Removed Attack","floor":37.0,"gold_loss":0.0,"damage_taken":0.0},{"damage_healed":0,"gold_gain":0,"player_choice":"Memory 2","damage_taken":5,"max_hp_gain":0,"max_hp_loss":0,"event_name":"SensoryStone","floor":42,"gold_loss":0},{"damage_healed":0,"gold_gain":333,"player_choice":"Gave Idol","damage_taken":0,"max_hp_gain":0,"max_hp_loss":0,"event_name":"The Moai Head","floor":46,"relics_lost":["Golden Idol"],"gold_loss":0}],"is_beta":false,"boss_relics":[{"not_picked":["Velvet Choker","Calling Bell"],"picked":"SplendidAttire"},{"not_picked":["StoneMask","Runic Pyramid"],"picked":"Coffee Dripper"}],"items_purged_floors":[5,39,47],"is_endless":false,"potions_floor_spawned":[1,4,6,16,18,33,38,40,48],"ascension_level":1}}