{"host":"3pvh99l9qedhoxgj","time":1610692163,"event":{"mods":["Alarm Clock","BaseMod","Colored Map","Colored Powertips","Conspire","Highlight Path","Infinite Spire","Minty Spire (QoL Compilation)","Relic Stats","Replay The Spire","StSLib","The Bug Knight","[功能]功能增强和修复MOD","【遗物卡牌】REMEMod"],"gold_per_floor":[118,193,2,13,23,52,52,77,157,7,34,34,34,69,69,168,168,182,182,182,196,102,131,56,83,107,107,173,173,78,78,78,174,174,187,201,216,216,109,135,145,145,168,195,228,259,156,73,73,73],"floor_reached":51,"language":"ZHS","playtime":3005,"items_purged":["Strike_R","HollowMod:PogoStrike","HollowMod:PogoStrike+1","HollowMod:QuickDashStart","HollowMod:QuickDashStart","HollowMod:NailStrikeStart","HollowMod:NailStrikeStart","HollowMod:LifebloodCocoon","HollowMod:DreamGate","HollowMod:QuickDashStart","Violence","ReplayTheSpireMod:Splinters","HollowMod:CoiledNail+1","HollowMod:HowlingWraiths+1","HollowMod:NailStrikeStart+1","HollowMod:NailStrikeStart+1"],"score":922,"play_id":"fa033037-3593-4732-9dfd-254a9a116eb4","local_time":"20210115142923","is_ascension_mode":false,"campfire_choices":[{"data":"HollowMod:SlysStrikes","floor":7.0,"key":"SMITH"},{"data":"Magnetism","floor":12.0,"key":"SMITH"},{"floor":15.0,"key":"DIG"},{"data":"HollowMod:SoulMaster","floor":27.0,"key":"SMITH"},{"data":"HollowMod:Weaversong","floor":29.0,"key":"SMITH"},{"floor":49,"key":"REST"}],"circlet_count":0,"master_deck":["HollowMod:QuickDashStart+2","HollowMod:FocusHealStart+1","HollowMod:SlysStrikes+1","HollowMod:HuntersJournal+1","conspire:Banana+1","HollowMod:DashSlash+1","HollowMod:Weaversong+1","Dramatic Entrance+1","Magnetism+1","HollowMod:SoulMaster+1","HollowMod:ChannelNail+1","HollowMod:SoulEater+1","HollowMod:VengefulSpirit+1","HollowMod:DesolateDive+1","HollowMod:GreatSlash+1","HollowMod:DashSlash+1","HollowMod:PerfectDash+1","HollowMod:SlysStrikes","HollowMod:CloakDash+1","HollowMod:CycloneSlash+1","Panache","HollowMod:BaldurShell","Jack Of All Trades","HollowMod:CycloneSlash+1","HollowMod:MantisMark","HollowMod:SoulStrike+1","HollowMod:DashSlash+1","HollowMod:SoulVessel+1","REME_WheelOfFate","HollowMod:DesolateDive+1","Anger+1"],"relics":["HollowMod:VesselMask","REME_ComplimentaryCards","Blood Vial","Sling","Simple Rune","Meat on the Bone","War Paint","Molten Egg 2","Anchor","Regal Pillow","Toolbox","Pet Ghost","Bronze Scales","Dream Catcher","conspire:RoyalGoblet","Oddly Smooth Stone","Lantern","Membership Card","REME_LimitBreaker","infinitespire:CursedDice","Orichalcum","ReplayTheSpireMod:Lightbulb","StoneCalendar","Guide Book","Fusion Hammer","Gremlin Food","Torii","Frozen Eye","Bag of Marbles","Whetstone","Pocketwatch","PreservedInsect","Replay:Arrowhead","Letter Opener","TheAbacus","infinitespire:Eraser","InkBottle","PrismaticShard","BranchBurnRelic"],"acts_visited":["Exordium","TheCity","TheBeyond"],"potions_floor_usage":[50],"damage_taken":[{"damage":1.0,"enemies":"Cultist","floor":1.0,"turns":3.0},{"damage":2.0,"enemies":"Small Slimes","floor":4.0,"turns":4.0},{"damage":2.0,"enemies":"2 Louse","floor":5.0,"turns":3.0},{"damage":6.0,"enemies":"Lagavulin","floor":6.0,"turns":4.0},{"damage":6.0,"enemies":"Gremlin Nob","floor":8.0,"turns":3.0},{"damage":8.0,"enemies":"Replay:BlueRogue","floor":11.0,"turns":3.0},{"damage":28.0,"enemies":"Lagavulin","floor":14.0,"turns":4.0},{"damage":20.0,"enemies":"HollowMod:FalseKnight","floor":16.0,"turns":5.0},{"damage":18.0,"enemies":"2 Thieves","floor":18.0,"turns":4.0},{"damage":10.0,"enemies":"Shell Parasite","floor":21.0,"turns":4.0},{"damage":59.0,"enemies":"REME_1_Revenger","floor":23.0,"turns":4.0},{"damage":0.0,"enemies":"HollowMod:Nosk","floor":25.0,"turns":5.0},{"damage":0.0,"enemies":"Chosen and Byrds","floor":28.0,"turns":4.0},{"damage":41.0,"enemies":"HollowMod:NKGrimm","floor":33.0,"turns":7.0},{"damage":15.0,"enemies":"3 Shapes","floor":35.0,"turns":3.0},{"damage":31.0,"enemies":"3 Darklings","floor":36.0,"turns":4.0},{"damage":19.0,"enemies":"Transient","floor":37.0,"turns":5.0},{"damage":14.0,"enemies":"Giant Head","floor":40.0,"turns":6.0},{"damage":30.0,"enemies":"4 Shapes","floor":41.0,"turns":2.0},{"damage":13.0,"enemies":"Nemesis","floor":44.0,"turns":5.0},{"damage":41.0,"enemies":"Giant Head","floor":46.0,"turns":7.0},{"damage":0.0,"enemies":"infinitespire:Three Voidlings","floor":48.0,"turns":1.0},{"damage":123.0,"enemies":"Nightmare_Alpha","floor":48.0,"turns":7.0},{"damage":44,"enemies":"Awakened One","floor":50,"turns":5}],"seed_played":"-1799977305941028280","potions_obtained":[{"floor":4.0,"key":"Dexterity Potion"},{"floor":4.0,"key":"Block Potion"},{"floor":5.0,"key":"FearPotion"},{"floor":6.0,"key":"Energy Potion"},{"floor":6.0,"key":"Regen Potion"},{"floor":8.0,"key":"REME_GoldPotion"},{"floor":8.0,"key":"REME_GoldPotion"},{"floor":11.0,"key":"BlessingOfTheForge"},{"floor":14.0,"key":"FearPotion"},{"floor":16.0,"key":"SteroidPotion"},{"floor":16.0,"key":"Dexterity Potion"},{"floor":21.0,"key":"Fire Potion"},{"floor":23.0,"key":"REME_GoldPotion"},{"floor":23.0,"key":"SkillPotion"},{"floor":23.0,"key":"Energy Potion"},{"floor":25.0,"key":"ColorlessPotion"},{"floor":28.0,"key":"Strength Potion"},{"floor":28.0,"key":"FairyPotion"},{"floor":35.0,"key":"Fire Potion"},{"floor":36.0,"key":"Strength Potion"},{"floor":37.0,"key":"SkillPotion"},{"floor":37.0,"key":"CultistPotion"},{"floor":41.0,"key":"Block Potion"},{"floor":44.0,"key":"Toxic Potion"},{"floor":46.0,"key":"Strength Potion"},{"floor":46.0,"key":"FearPotion"}],"is_trial":false,"path_per_floor":["M","?","$","M","M","E","R","E","T","$","E","R","?","E","R_BF","B",null,"M","?","T","M","$","E","?","E","T","R","M","R","$","?","R_BF","B",null,"M","M","M","?","$","E","M","?","T","E","?","E","$","?","R_BF","B",null],"character_chosen":"THE_BUGKNIGHT","items_purchased":["Blood Vial","Sling","Simple Rune","ReplayTheSpireMod:Necrogeddon","HollowMod:HuntersJournal","conspire:Banana","Anchor","Regal Pillow","Toolbox","Dramatic Entrance+1","Magnetism","Lantern","Membership Card","HollowMod:theNailsmith","HollowMod:SoulEater+1","HollowMod:RecoilStrike+1","ReplayTheSpireMod:Lightbulb","StoneCalendar","Guide Book","HollowMod:DashSlash+1","Violence","Gremlin Food","Torii","Frozen Eye","Panache","HollowMod:BaldurShell","Jack Of All Trades","HollowMod:CycloneSlash+1","Replay:Arrowhead","Letter Opener","TheAbacus","REME_WheelOfFate","infinitespire:Eraser","InkBottle","PrismaticShard","HollowMod:DesolateDive+1"],"campfire_rested":1,"item_purchase_floors":[3,3,3,3,3,3,10,10,10,10,10,22,22,22,22,22,30,30,30,30,30,39,39,39,39,39,39,39,47,47,47,47,48,48,48,48],"current_hp_per_floor":[88,80,80,87,88,85,85,87,87,87,83,83,105,85,85,75,109,93,93,93,93,93,60,60,74,74,74,78,78,78,78,119,86,121,108,91,86,86,86,86,70,70,70,73,73,58,58,60,115,89],"gold":73,"neow_bonus":"TWENTY_PERCENT_HP_BONUS","is_daily":false,"chose_seed":false,"campfire_upgraded":4,"win_rate":0.0,"timestamp":1610692163,"path_taken":["M","?","$","?","?","E","R","E","T","$","E","R","?","E","R_BF","BOSS","M","?","?","?","$","E","?","E","T","R","M","R","?","?","R_BF","BOSS","M","?","?","?","$","E","?","?","T","E","?","E","$","?","R_BF","BOSS"],"items_purchased_type":["Relic","Relic","Relic","Card","Card","Card","Relic","Relic","Relic","Card","Card","Relic","Relic","Card","Card","Card","Relic","Relic","Relic","Card","Card","Relic","Relic","Relic","Card","Card","Card","Card","Relic","Relic","Relic","Card","Relic","Relic","Relic","Card"],"build_version":"2020-12-22","purchased_purges":16,"victory":true,"max_hp_per_floor":[89,89,89,90,91,92,92,93,93,93,95,95,105,107,107,109,109,111,111,111,113,113,115,115,117,117,117,119,119,119,119,119,121,121,123,125,127,127,127,129,129,129,129,131,131,133,133,135,135,137],"relic_stats":{"Regal Pillow":21,"Torii":16,"counters":[24,102],"StoneCalendar":[0],"PreservedInsect":113,"Whetstone":["HollowMod:NailStrikeStart","HollowMod:NailStrikeStart"],"Letter Opener":[5],"War Paint":["conspire:Banana","HollowMod:FocusHealStart"],"Orichalcum":[42],"Blood Vial":38,"Dream Catcher":2,"TheAbacus":[18],"Bronze Scales":[284],"obtain_stats":[{"Regal Pillow":10,"Lantern":22,"conspire:RoyalGoblet":17,"Torii":39,"HollowMod:VesselMask":0,"StoneCalendar":30,"Whetstone":43,"Sling":3,"PrismaticShard":48,"Pet Ghost":11,"Blood Vial":3,"Frozen Eye":39,"BranchBurnRelic":49,"Dream Catcher":15,"TheAbacus":47,"Toolbox":10,"Fusion Hammer":34,"infinitespire:Eraser":48,"InkBottle":48,"Gremlin Food":39,"infinitespire:CursedDice":25,"Guide Book":30,"Dead Branch":44,"Oddly Smooth Stone":20,"PreservedInsect":46,"Letter Opener":47,"War Paint":8,"REME_LimitBreaker":23,"Orichalcum":26,"Replay:Arrowhead":47,"Anchor":10,"Bronze Scales":14,"Simple Rune":3,"Molten Egg 2":9,"Bag of Marbles":40,"Membership Card":22,"ReplayTheSpireMod:Lightbulb":30,"REME_ComplimentaryCards":0,"Meat on the Bone":6,"Pocketwatch":45},{"Regal Pillow":5,"Lantern":10,"conspire:RoyalGoblet":8,"Torii":17,"HollowMod:VesselMask":0,"StoneCalendar":13,"Whetstone":19,"Sling":1,"PrismaticShard":23,"Pet Ghost":6,"Blood Vial":1,"Frozen Eye":17,"BranchBurnRelic":23,"Dream Catcher":7,"TheAbacus":21,"Toolbox":5,"Fusion Hammer":14,"infinitespire:Eraser":23,"InkBottle":23,"Gremlin Food":17,"infinitespire:CursedDice":12,"Guide Book":13,"Dead Branch":20,"Oddly Smooth Stone":9,"PreservedInsect":21,"Letter Opener":21,"War Paint":5,"REME_LimitBreaker":11,"Orichalcum":12,"Replay:Arrowhead":21,"Anchor":5,"Bronze Scales":7,"Simple Rune":1,"Molten Egg 2":5,"Bag of Marbles":18,"Membership Card":10,"ReplayTheSpireMod:Lightbulb":13,"REME_ComplimentaryCards":0,"Meat on the Bone":4,"Pocketwatch":20},{"Regal Pillow":17,"Lantern":37,"conspire:RoyalGoblet":29,"Torii":69,"HollowMod:VesselMask":0,"StoneCalendar":50,"Whetstone":77,"Sling":3,"PrismaticShard":97,"Pet Ghost":20,"Blood Vial":3,"Frozen Eye":69,"BranchBurnRelic":97,"Dream Catcher":24,"TheAbacus":89,"Toolbox":17,"Fusion Hammer":57,"infinitespire:Eraser":97,"InkBottle":97,"Gremlin Food":69,"infinitespire:CursedDice":46,"Guide Book":50,"Dead Branch":82,"Oddly Smooth Stone":33,"PreservedInsect":89,"Letter Opener":89,"War Paint":17,"REME_LimitBreaker":41,"Orichalcum":46,"Replay:Arrowhead":89,"Anchor":17,"Bronze Scales":24,"Simple Rune":3,"Molten Egg 2":17,"Bag of Marbles":75,"Membership Card":37,"ReplayTheSpireMod:Lightbulb":50,"REME_ComplimentaryCards":0,"Meat on the Bone":14,"Pocketwatch":82}],"InkBottle":[3],"Meat on the Bone":72,"Pocketwatch":[9]},"card_choices":[{"not_picked":["HollowMod:VengefulVoid","HollowMod:HeavyBlow","HollowMod:FastStrike"],"picked":"SKIP","floor":1.0},{"not_picked":["HollowMod:SharpenedShadows","HollowMod:PerfectDash","HollowMod:NewGlowingWomb"],"picked":"SKIP","floor":4.0},{"not_picked":["HollowMod:ShadowDash","HollowMod:FastStrike"],"picked":"HollowMod:DashSlash","floor":5.0},{"not_picked":["HollowMod:BrokenVessel","HollowMod:SoulStrike"],"picked":"HollowMod:Weaversong","floor":6.0},{"not_picked":["HollowMod:SiblingsSouls","HollowMod:SiblingsShadow"],"picked":"HollowMod:DreamGate","floor":8.0},{"not_picked":["HollowMod:AbyssShriek+1","HollowMod:DoubleDash"],"picked":"HollowMod:LifebloodCocoon","floor":11.0},{"not_picked":["HollowMod:TaintedHusks","HollowMod:NewJinnsSoul"],"picked":"HollowMod:HowlingWraiths+1","floor":14.0},{"not_picked":["HollowMod:NewInfectedGuardian","HollowMod:LifebloodCore"],"picked":"HollowMod:SoulMaster","floor":16.0},{"not_picked":["HollowMod:NewGlowingWomb","HollowMod:PureNailStrike+1"],"picked":"HollowMod:ChannelNail+1","floor":18.0},{"not_picked":["HollowMod:DoubleDash","HollowMod:NewLittleFool+1","HollowMod:GoodIntentions"],"picked":"SKIP","floor":21.0},{"not_picked":["HollowMod:VengefulVoid+1","HollowMod:HeavyBlow+1"],"picked":"HollowMod:VengefulSpirit+1","floor":23.0},{"not_picked":["HollowMod:NewJinnsSoul","HollowMod:InfectedCysts+1"],"picked":"HollowMod:DesolateDive+1","floor":25.0},{"not_picked":["HollowMod:PerfectDash+1","HollowMod:AbyssShriek+1"],"picked":"HollowMod:GreatSlash+1","floor":28.0},{"not_picked":["HollowMod:VoidDash","HollowMod:NewInfectedGuardian"],"picked":"HollowMod:SlysStrikes","floor":33.0},{"not_picked":["HollowMod:HowlingWraiths+1","HollowMod:SiblingsShadow+1"],"picked":"HollowMod:CloakDash+1","floor":35.0},{"not_picked":["HollowMod:DungDefenderAura","HollowMod:SiblingsShadow+1","HollowMod:GoodIntentions+1"],"picked":"SKIP","floor":36.0},{"not_picked":["HollowMod:CornifersMapStart+1","HollowMod:SharpenedShadows"],"picked":"HollowMod:CycloneSlash+1","floor":37.0},{"not_picked":["HollowMod:NewJinnsSoul","HollowMod:BlackTendrils+1"],"picked":"HollowMod:MantisMark","floor":40.0},{"not_picked":["HollowMod:FallenFury+1","HollowMod:GoodIntentions"],"picked":"HollowMod:SoulStrike+1","floor":41.0},{"not_picked":["HollowMod:SharpenedShadows","HollowMod:PureNailStrike+1"],"picked":"HollowMod:CoiledNail+1","floor":44.0},{"not_picked":["HollowMod:TaintedHusks+1","HollowMod:FastStrike+1"],"picked":"HollowMod:DashSlash+1","floor":45.0},{"not_picked":["HollowMod:MothsMistake+1","HollowMod:SharpenedNail+1"],"picked":"HollowMod:SoulVessel+1","floor":46.0},{"not_picked":["Skim+1","HandOfGreedSenior+1"],"picked":"Anger+1","floor":49}],"player_experience":98046,"relics_obtained":[{"floor":6.0,"key":"Meat on the Bone"},{"floor":8.0,"key":"War Paint"},{"floor":9.0,"key":"Molten Egg 2"},{"floor":11.0,"key":"Pet Ghost"},{"floor":14.0,"key":"Bronze Scales"},{"floor":15.0,"key":"Dream Catcher"},{"floor":20.0,"key":"Oddly Smooth Stone"},{"floor":23.0,"key":"REME_LimitBreaker"},{"floor":25.0,"key":"infinitespire:CursedDice"},{"floor":26.0,"key":"Orichalcum"},{"floor":40.0,"key":"Bag of Marbles"},{"floor":43.0,"key":"Whetstone"},{"floor":44.0,"key":"Dead Branch"},{"floor":45.0,"key":"Pocketwatch"},{"floor":46.0,"key":"PreservedInsect"}],"event_choices":[{"damage_healed":0.0,"max_hp_gain":0.0,"max_hp_loss":0.0,"gold_gain":75.0,"event_name":"FaceTrader","player_choice":"Touch","floor":2.0,"gold_loss":0.0,"damage_taken":8.0},{"cards_removed":["ReplayTheSpireMod:Necrogeddon"],"damage_healed":12.0,"max_hp_gain":10.0,"max_hp_loss":0.0,"gold_gain":0.0,"event_name":"Bonfire Elementals","player_choice":"Offered Rare","floor":13.0,"gold_loss":0.0,"damage_taken":0.0},{"damage_healed":0.0,"max_hp_gain":0.0,"max_hp_loss":0.0,"gold_gain":0.0,"event_name":"Ghosts","player_choice":"Ignored","floor":19.0,"gold_loss":0.0,"damage_taken":0.0},{"cards_removed":["HollowMod:theNailsmith"],"damage_healed":0.0,"max_hp_gain":0.0,"max_hp_loss":0.0,"gold_gain":0.0,"event_name":"Beggar","player_choice":"Gave Gold","floor":24.0,"gold_loss":75.0,"damage_taken":0.0},{"damage_healed":0.0,"max_hp_gain":0.0,"max_hp_loss":0.0,"gold_gain":0.0,"cards_transformed":["HollowMod:RecoilStrike"],"event_name":"Transmorgrifier","player_choice":"Transformed","floor":31.0,"gold_loss":0.0,"damage_taken":0.0,"cards_obtained":["HollowMod:PerfectDash"]},{"damage_healed":0.0,"max_hp_gain":0.0,"max_hp_loss":0.0,"gold_gain":0.0,"event_name":"SecretPortal","player_choice":"Ignored","floor":38.0,"gold_loss":0.0,"damage_taken":0.0},{"damage_healed":0.0,"max_hp_gain":0.0,"max_hp_loss":0.0,"gold_gain":0.0,"event_name":"conspire:Investor","player_choice":"Leave","floor":42.0,"gold_loss":0.0,"damage_taken":0.0}],"is_beta":false,"boss_relics":[{"not_picked":["Pandora\u0027s Box","ReplayTheSpireMod:SealedPack"],"picked":"conspire:RoyalGoblet"},{"not_picked":["conspire:RunicOctahedron","REME_DuelDisc"],"picked":"Fusion Hammer"}],"items_purged_floors":[3,3,3,3,3,3,10,22,22,30,39,47,47,47,48,48],"is_endless":false,"potions_floor_spawned":[4,4,5,6,6,8,8,11,14,16,16,21,23,23,23,25,28,28,35,36,37,37,37,41,44,44,46,46,48],"ascension_level":0}}