{"host":"opg65mucj6ra7dr1","time":1610711043,"event":{"mods":["BaseMod","DeckTracker","Keyboard Shortcuts","Minty Spire (QoL Compilation)","Permanent Neow","Quick Restart","everything is the same but u backflip on backflip"],"gold_per_floor":[110,285,265,38,55,80,97,97,97,48,62,72,91,91,91,191,191,207,207,225,78,93,93,93],"floor_reached":23,"language":"KOR","playtime":620,"items_purged":["Doubt","Strike_R+1"],"score":270,"play_id":"d671ba34-9fc1-4336-be67-bead8bc75119","local_time":"20210115204403","is_ascension_mode":true,"campfire_choices":[{"data":"Demon Form","floor":8.0,"key":"SMITH"},{"data":"Bash","floor":15.0,"key":"SMITH"}],"circlet_count":0,"master_deck":["Strike_R+1","Strike_R+1","Strike_R+1","Defend_R+1","Defend_R+1","Defend_R+1","Defend_R+1","Bash+1","Ghostly Armor","Demon Form+1","Spot Weakness+1","Shrug It Off","Headbutt","Flex","Thunderclap","Rage","Limit Break","Battle Trance","Heavy Blade","Metallicize"],"relics":["Burning Blood","Letter Opener","War Paint","Philosopher\u0027s Stone"],"acts_visited":["Exordium","TheCity"],"potions_floor_usage":[],"damage_taken":[{"damage":11.0,"enemies":"Cultist","floor":1.0,"turns":4.0},{"damage":1.0,"enemies":"2 Louse","floor":5.0,"turns":4.0},{"damage":40.0,"enemies":"Lagavulin","floor":6.0,"turns":5.0},{"damage":2.0,"enemies":"Jaw Worm","floor":7.0,"turns":6.0},{"damage":11.0,"enemies":"Looter","floor":11.0,"turns":3.0},{"damage":16.0,"enemies":"Lots of Slimes","floor":12.0,"turns":4.0},{"damage":5.0,"enemies":"Blue Slaver","floor":13.0,"turns":3.0},{"damage":18.0,"enemies":"Hexaghost","floor":16.0,"turns":10.0},{"damage":27.0,"enemies":"Shell Parasite","floor":18.0,"turns":5.0},{"damage":10.0,"enemies":"3 Byrds","floor":20.0,"turns":6.0},{"damage":28.0,"enemies":"3 Cultists","floor":22.0,"turns":5.0},{"damage":0,"enemies":"Gremlin Leader","floor":23,"turns":1}],"seed_played":"-1767327844839874704","potions_obtained":[{"floor":3.0,"key":"SneckoOil"},{"floor":6.0,"key":"ElixirPotion"},{"floor":11.0,"key":"Block Potion"},{"floor":12.0,"key":"ColorlessPotion"},{"floor":13.0,"key":"EssenceOfSteel"},{"floor":18.0,"key":"Weak Potion"},{"floor":22.0,"key":"Ancient Potion"}],"is_trial":false,"path_per_floor":["M","?","?","$","M","E","M","R","T","$","M","M","M","?","R","B",null,"M","?","M","$","M","E"],"character_chosen":"IRONCLAD","items_purchased":["Demon Form","Flex","Heavy Blade"],"campfire_rested":0,"item_purchase_floors":[4,10,21],"current_hp_per_floor":[67,67,67,67,72,38,42,42,42,42,37,27,28,28,28,16,64,43,43,39,39,17,17,17],"gold":93,"neow_bonus":"REMOVE_CARD","is_daily":false,"chose_seed":false,"campfire_upgraded":2,"win_rate":0.0,"timestamp":1610711043,"path_taken":["M","?","?","$","?","E","M","R","T","?","M","M","M","?","R","BOSS","M","?","M","$","M","E"],"items_purchased_type":["Card","Card","Card"],"build_version":"2020-12-22","purchased_purges":2,"victory":false,"max_hp_per_floor":[80,80,80,80,80,80,80,80,80,80,80,80,80,80,80,80,80,80,80,80,80,80,80,80],"card_choices":[{"not_picked":["Perfected Strike","Havoc"],"picked":"Ghostly Armor","floor":1.0},{"not_picked":["Feel No Pain","Wild Strike"],"picked":"Spot Weakness","floor":5.0},{"not_picked":["Dark Embrace","Disarm"],"picked":"Shrug It Off","floor":6.0},{"not_picked":["Dark Embrace","Anger"],"picked":"Headbutt","floor":7.0},{"not_picked":["Inflame","Blood for Blood"],"picked":"Thunderclap","floor":11.0},{"not_picked":["Corruption","Warcry"],"picked":"Rage","floor":12.0},{"not_picked":["Anger","Clothesline","Rupture"],"picked":"SKIP","floor":13.0},{"not_picked":["Impervious","Reaper"],"picked":"Limit Break","floor":16.0},{"not_picked":["Fire Breathing","Sentinel+1","Headbutt"],"picked":"SKIP","floor":18.0},{"not_picked":["Warcry","Body Slam+1"],"picked":"Battle Trance","floor":20.0},{"not_picked":["Body Slam","Flex"],"picked":"Metallicize","floor":22.0}],"player_experience":125012,"relics_obtained":[{"floor":6.0,"key":"Letter Opener"},{"floor":9.0,"key":"War Paint"}],"event_choices":[{"damage_healed":0.0,"max_hp_gain":0.0,"max_hp_loss":0.0,"gold_gain":175.0,"event_name":"Liars Game","player_choice":"AGREE","floor":2.0,"gold_loss":0.0,"damage_taken":0.0,"cards_obtained":["Doubt"]},{"damage_healed":0.0,"max_hp_gain":0.0,"max_hp_loss":0.0,"gold_gain":0.0,"event_name":"The Woman in Blue","player_choice":"Bought 1 Potion","floor":3.0,"gold_loss":0.0,"damage_taken":0.0},{"damage_healed":0.0,"max_hp_gain":0.0,"max_hp_loss":0.0,"gold_gain":0.0,"event_name":"Golden Idol","player_choice":"Ignored","floor":14.0,"gold_loss":0.0,"damage_taken":0.0},{"damage_healed":0.0,"max_hp_gain":0.0,"max_hp_loss":0.0,"gold_gain":0.0,"event_name":"Back to Basics","player_choice":"Simplicity","floor":19.0,"gold_loss":0.0,"damage_taken":0.0,"cards_upgraded":["Strike_R","Strike_R","Strike_R","Strike_R","Defend_R","Defend_R","Defend_R"]}],"is_beta":false,"boss_relics":[{"not_picked":["Astrolabe","Tiny House"],"picked":"Philosopher\u0027s Stone"}],"items_purged_floors":[4,21],"is_endless":false,"potions_floor_spawned":[6,11,12,13,18,22],"killed_by":"Gremlin Leader","ascension_level":8}}