{"host":"t7mx8yfj1no5p62f","time":1610732289,"event":{"mods":["BaseMod","Bestiary","Colored Map","Colored Powertips","Minty Spire (QoL Compilation)","Relic Stats","StSLib","ojb\u0027s Info Mod"],"gold_per_floor":[112,112,136,152,152,195,195,226,252,287,437,23,0,18,18,111,111,129,148,148,168,168,168],"floor_reached":22,"language":"ENG","playtime":589,"items_purged":["Strike_B"],"score":558,"play_id":"7e63d0a7-77b4-47d2-967e-142df4ccb0b6","local_time":"20210115123809","is_ascension_mode":true,"campfire_choices":[{"floor":7.0,"key":"REST"},{"data":"Rip and Tear","floor":15.0,"key":"SMITH"}],"circlet_count":0,"master_deck":["AscendersBane","Zap","Dualcast","Ball Lightning+1","Beam Cell","Glacier","Defragment","Rip and Tear+1","Seek","Skim","Cold Snap","Hyperbeam","Consume","Doom and Gloom","Hologram","Conserve Battery","Defragment"],"relics":["Cracked Core","Golden Idol","Akabeko","PreservedInsect","Omamori","Du-Vu Doll","Pocketwatch","Pandora\u0027s Box","Bird Faced Urn"],"acts_visited":["Exordium","TheCity"],"potions_floor_usage":[],"damage_taken":[{"damage":1.0,"enemies":"2 Louse","floor":1.0,"turns":4.0},{"damage":3.0,"enemies":"Small Slimes","floor":3.0,"turns":4.0},{"damage":12.0,"enemies":"Jaw Worm","floor":4.0,"turns":2.0},{"damage":25.0,"enemies":"Lagavulin","floor":6.0,"turns":6.0},{"damage":29.0,"enemies":"Gremlin Nob","floor":8.0,"turns":4.0},{"damage":0.0,"enemies":"Lagavulin","floor":10.0,"turns":6.0},{"damage":0.0,"enemies":"Large Slime","floor":14.0,"turns":4.0},{"damage":0.0,"enemies":"Slime Boss","floor":16.0,"turns":5.0},{"damage":8.0,"enemies":"Spheric Guardian","floor":18.0,"turns":4.0},{"damage":0.0,"enemies":"Chosen","floor":19.0,"turns":2.0},{"damage":10.0,"enemies":"Snecko","floor":21.0,"turns":5.0},{"damage":32,"enemies":"Snake Plant","floor":22,"turns":2}],"seed_played":"-293950002296357562","potions_obtained":[{"floor":6.0,"key":"SteroidPotion"},{"floor":8.0,"key":"EntropicBrew"}],"is_trial":false,"path_per_floor":["M","?","M","M","?","E","R","E","T","E","?","$","?","M","R","B",null,"M","M","?","M","M"],"character_chosen":"DEFECT","items_purchased":["Pocketwatch"],"campfire_rested":1,"item_purchase_floors":[12],"current_hp_per_floor":[63,58,55,43,43,18,35,6,6,6,6,6,6,6,6,6,45,37,37,37,29,0,0],"gold":168,"neow_bonus":"REMOVE_TWO","is_daily":false,"chose_seed":false,"campfire_upgraded":1,"win_rate":0.0,"timestamp":1610732289,"path_taken":["M","?","M","M","?","E","R","E","T","E","?","$","?","M","R","BOSS","M","M","?","M","M"],"items_purchased_type":["Relic"],"build_version":"2020-12-22","purchased_purges":1,"victory":false,"max_hp_per_floor":[64,58,58,58,58,58,58,58,58,58,58,58,58,58,58,58,58,58,58,58,58,58,58],"relic_stats":{"counters":[12,48],"Golden Idol":65,"Bird Faced Urn":[4],"Pandora\u0027s Box":["Skim","Cold Snap","Hyperbeam","Consume","Doom and Gloom"],"PreservedInsect":29,"obtain_stats":[{"Du-Vu Doll":10,"Golden Idol":2,"Bird Faced Urn":20,"Pandora\u0027s Box":17,"PreservedInsect":8,"Omamori":9,"Cracked Core":0,"Akabeko":6,"Pocketwatch":12},{"Du-Vu Doll":6,"Golden Idol":1,"Bird Faced Urn":10,"Pandora\u0027s Box":8,"PreservedInsect":5,"Omamori":5,"Cracked Core":0,"Akabeko":4,"Pocketwatch":6},{"Du-Vu Doll":26,"Golden Idol":4,"Bird Faced Urn":41,"Pandora\u0027s Box":35,"PreservedInsect":20,"Omamori":20,"Cracked Core":0,"Akabeko":16,"Pocketwatch":26}],"Pocketwatch":[42]},"card_choices":[{"not_picked":["Conserve Battery","Static Discharge"],"picked":"Ball Lightning","floor":1.0},{"not_picked":["Double Energy","Reinforced Body"],"picked":"Beam Cell","floor":3.0},{"not_picked":["Steam","Beam Cell","Recycle"],"picked":"SKIP","floor":4.0},{"not_picked":["Compile Driver","Double Energy"],"picked":"Glacier","floor":6.0},{"not_picked":["Barrage","Multi-Cast"],"picked":"Defragment","floor":8.0},{"not_picked":["Stack","Aggregate","Static Discharge"],"picked":"SKIP","floor":10.0},{"not_picked":["Redo","Heatsinks"],"picked":"Rip and Tear","floor":14.0},{"not_picked":["Thunder Strike","Reboot"],"picked":"Seek","floor":16.0},{"not_picked":["Steam","White Noise"],"picked":"Hologram","floor":18.0},{"not_picked":["Turbo","Beam Cell"],"picked":"Conserve Battery","floor":19.0},{"not_picked":["Hologram","White Noise"],"picked":"Defragment","floor":21.0}],"player_experience":1770875,"relics_obtained":[{"floor":6.0,"key":"Akabeko"},{"floor":8.0,"key":"PreservedInsect"},{"floor":9.0,"key":"Omamori"},{"floor":10.0,"key":"Du-Vu Doll"}],"event_choices":[{"damage_healed":0.0,"max_hp_gain":0.0,"max_hp_loss":6.0,"gold_gain":0.0,"event_name":"Golden Idol","player_choice":"Lose Max HP","floor":2.0,"gold_loss":0.0,"damage_taken":0.0,"relics_obtained":["Golden Idol"]},{"damage_healed":0.0,"max_hp_gain":0.0,"max_hp_loss":0.0,"gold_gain":0.0,"event_name":"Living Wall","player_choice":"Grow","floor":5.0,"gold_loss":0.0,"damage_taken":0.0,"cards_upgraded":["Ball Lightning"]},{"damage_healed":0.0,"max_hp_gain":0.0,"max_hp_loss":0.0,"gold_gain":150.0,"event_name":"Liars Game","player_choice":"AGREE","floor":11.0,"gold_loss":0.0,"damage_taken":0.0,"cards_obtained":["Doubt"]},{"damage_healed":0.0,"max_hp_gain":0.0,"max_hp_loss":0.0,"gold_gain":0.0,"event_name":"World of Goop","player_choice":"Left Gold","floor":13.0,"gold_loss":23.0,"damage_taken":0.0},{"damage_healed":0.0,"max_hp_gain":0.0,"max_hp_loss":0.0,"gold_gain":0.0,"event_name":"The Mausoleum","player_choice":"Opened","floor":20.0,"gold_loss":0.0,"damage_taken":0.0,"relics_obtained":["Bird Faced Urn"],"cards_obtained":["Writhe"]}],"is_beta":false,"boss_relics":[{"not_picked":["Philosopher\u0027s Stone","Ectoplasm"],"picked":"Pandora\u0027s Box"}],"items_purged_floors":[12],"is_endless":false,"potions_floor_spawned":[6,8,16,19,21],"killed_by":"Snake Plant","ascension_level":20}}