{"host":"ockkdcgl3b18tfz9","time":1610687170,"event":{"mods":["2.2 Compatiblity","BaseMod","Better Skull","Better Third Choice","BetterRewards","Hermit","Minty Spire (QoL Compilation)","Quick Restart","Replay The Spire","Spicy Shops","StSLib","SuperFastMode","The Jungle"],"gold_per_floor":[118,83,83,96,96,96,110,110,110,110,110,110,130,146,175,175,272,272,238,250,175,188,200,200,228,228,228,228,228],"floor_reached":28,"language":"ENG","playtime":673,"items_purged":["Decay"],"score":498,"play_id":"ae0cd1b3-f605-4e19-adaf-63367aea0d31","local_time":"20210115120610","is_ascension_mode":true,"campfire_choices":[{"data":"Flex","floor":6,"key":"SMITH"},{"floor":8,"key":"RECALL"},{"data":"Uppercut","floor":11,"key":"SMITH"},{"floor":16,"key":"REST"},{"floor":24,"key":"REST"}],"circlet_count":0,"master_deck":["Strike_R","Strike_R","Strike_R","Strike_R","Strike_R","Defend_R","Defend_R","Defend_R","Defend_R","Bash","Flex+1","Thunderclap","Life Link","Ghostly Armor","Jack Of All Trades","Power Through+1","Uppercut+1","Twin Strike","Heavy Blade","Shrug It Off","Limit Break+1","Inflame","Heavy Blade+1","Seeing Red","Cleave+1"],"relics":["Burning Blood","Blue Doll","Incense Burner","BargainBundle","MealTicket","Blood Vial","Replay:Ringing Soul","Boot","Question Card","SacredBark","Replay:Bottled Snecko","Golden Egg"],"acts_visited":["Exordium","TheCity"],"potions_floor_usage":[15,15,17,17,23,25],"damage_taken":[{"damage":12,"enemies":"2 Louse","floor":1,"turns":3},{"damage":0,"enemies":"Small Slimes","floor":4,"turns":3},{"damage":0,"enemies":"Cultist","floor":7,"turns":2},{"damage":5,"enemies":"Exordium Wildlife","floor":13,"turns":3},{"damage":16,"enemies":"Lots of Slimes","floor":14,"turns":4},{"damage":33,"enemies":"3 Sentries","floor":15,"turns":7},{"damage":74,"enemies":"Fading Forest","floor":17,"turns":11},{"damage":17,"enemies":"2 Thieves","floor":19,"turns":5},{"damage":21,"enemies":"Spheric Guardian","floor":20,"turns":5},{"damage":37,"enemies":"Shelled Parasite and Fungi","floor":22,"turns":6},{"damage":23,"enemies":"Chosen and Byrds","floor":23,"turns":8},{"damage":41,"enemies":"Slavers","floor":25,"turns":3},{"damage":35,"enemies":"Snecko","floor":28,"turns":5}],"seed_played":"447247139505702123","potions_obtained":[{"floor":20,"key":"Dexterity Potion"},{"floor":23,"key":"Explosive Potion"}],"is_trial":false,"path_per_floor":["M","?","?","M","?","R","M","R","T","T","R","?","M","M","E","R","B",null,"M","M","$","M","M","R","E","?","T","M"],"character_chosen":"IRONCLAD","items_purchased":["Blue Doll","BargainBundle","MealTicket","Flex","Thunderclap","Life Link","Blood Vial","Venom Potion","BlessingOfTheForge","Energy Potion","ColorlessPotion","Jack Of All Trades","Power Through+1"],"campfire_rested":2,"item_purchase_floors":[0,0,0,0,0,0,0,0,0,0,0,0,0],"current_hp_per_floor":[28,48,48,56,56,56,64,64,64,64,64,67,73,65,43,69,14,73,67,57,72,46,34,65,32,32,32,0,0],"gold":228,"neow_bonus":"","is_daily":false,"chose_seed":false,"campfire_upgraded":2,"win_rate":0.0,"timestamp":1610687170,"path_taken":["M","?","?","M","?","R","?","R","T","T","R","?","M","?","E","R","BOSS","M","?","$","M","M","R","E","?","T","M"],"items_purchased_type":["Relic","Relic","Relic","Card","Card","Card","Relic","Potion","Potion","Potion","Potion","Card","Card"],"build_version":"2020-12-22","purchased_purges":1,"victory":false,"max_hp_per_floor":[80,80,80,80,80,80,80,80,80,80,80,83,86,86,89,89,92,92,95,98,98,101,104,104,104,104,104,104,104],"card_choices":[{"not_picked":["Run Through","Clash","Power Through"],"picked":"SKIP","floor":1},{"not_picked":["Sever Soul","Combust"],"picked":"Uppercut","floor":4},{"not_picked":["Headbutt","Iron Wave"],"picked":"Twin Strike","floor":7},{"not_picked":["Eclipse","Defy Death"],"picked":"Heavy Blade","floor":13},{"not_picked":["Twin Strike","Dual Wield","Headbutt"],"picked":"SKIP","floor":14},{"not_picked":["Anger","Thunderclap"],"picked":"Shrug It Off","floor":15},{"not_picked":["Corruption","Double Tap","Impervious"],"picked":"Limit Break","floor":17},{"not_picked":["Flame Barrier","Iron Wave","Cleave+1"],"picked":"Inflame","floor":19},{"not_picked":["ReplayTheSpireMod:Strike From Hell","Ghostly Armor","Run Through"],"picked":"Heavy Blade+1","floor":20},{"not_picked":["Evolve","Replay:Many Hands","Wild Strike"],"picked":"Seeing Red","floor":22},{"not_picked":["Rupture","Thunderclap","Heavy Blade"],"picked":"Cleave+1","floor":23},{"not_picked":["Clash","Dual Wield","True Grit+1","Seeing Red"],"picked":"SKIP","floor":25}],"player_experience":275420,"relics_obtained":[{"floor":9,"key":"Replay:Ringing Soul"},{"floor":10,"key":"Boot"},{"floor":15,"key":"Question Card"},{"floor":25,"key":"Replay:Bottled Snecko"},{"floor":27,"key":"Golden Egg"}],"event_choices":[{"damage_healed":20,"gold_gain":0,"player_choice":"Healed","damage_taken":0,"max_hp_gain":0,"max_hp_loss":0,"event_name":"The Cleric","floor":2,"gold_loss":35},{"damage_healed":0,"gold_gain":0,"player_choice":"Ignored","damage_taken":0,"max_hp_gain":0,"max_hp_loss":0,"event_name":"Golden Wing","floor":3,"gold_loss":0},{"damage_healed":0,"gold_gain":0,"player_choice":"Bought 0 Potions","damage_taken":0,"max_hp_gain":0,"max_hp_loss":0,"event_name":"The Woman in Blue","floor":5,"gold_loss":0},{"damage_healed":0,"gold_gain":0,"player_choice":"Cursed","damage_taken":0,"max_hp_gain":0,"max_hp_loss":0,"event_name":"Wheel of Change","floor":12,"gold_loss":0,"cards_obtained":["Decay"]},{"damage_healed":0,"gold_gain":0,"player_choice":"Upgraded","damage_taken":0,"max_hp_gain":0,"max_hp_loss":0,"event_name":"Upgrade Shrine","floor":26,"gold_loss":0,"cards_upgraded":["Limit Break"]}],"is_beta":false,"boss_relics":[{"not_picked":["Replay:Bronze Core","ReplayTheSpireMod:DimensionalGlitch"],"picked":"SacredBark"}],"items_purged_floors":[21],"is_endless":false,"potions_floor_spawned":[4,7,14,20,23],"killed_by":"Snecko","ascension_level":8}}