{"host":"ss2ocoam53r2lno0","time":1610717097,"event":{"mods":["Act Like it!","BaseMod","ChefMod","Clockwork Mod","Colored Powertips","Curses Come First","Displayed Cursed Tome","Downfall","Evolution","Googly Eyes","Hallownest","Highlight Path","Minty Spire (QoL Compilation)","Poor People Problems","Rare Cards Sparkle","Robot Space Explorer","Shade Mod","Shop Mod","Spicy Shops","StSLib","The Marked"],"gold_per_floor":[117,131,131,131,147,147,490,490,490,490,490,511,511,524,524,524,524],"floor_reached":16,"language":"ENG","playtime":1027,"items_purged":[],"score":130,"play_id":"57c63087-a0f7-4a5b-a39a-f77edc26a47b","local_time":"20210115142457","is_ascension_mode":true,"campfire_choices":[{"data":"Clockwork:CraftCopperScales","floor":6,"key":"SMITH"},{"floor":8,"key":"REST"},{"data":"Clockwork:TimeOut","floor":10,"key":"SMITH"},{"data":"Clockwork:CraftBloodPhial","floor":13,"key":"SMITH"},{"data":"Clockwork:Pluck","floor":15,"key":"SMITH"}],"circlet_count":0,"master_deck":["Clockwork:Pluck+1","Clockwork:Pluck+1","Clockwork:Strike","Clockwork:Strike","Clockwork:Shield","Clockwork:Shield","Clockwork:Shield","Clockwork:Shield","Clockwork:Tinker","Clockwork:WarmUp","Clockwork:TimeOut+1","Clockwork:HeadStart","Clockwork:OccamsRazor"],"relics":["Clockwork:MomentumEngine","EVO:Axolotl","Golden Idol","Clockwork:CopperScales","Old Coin","Pantograph","Clockwork:BloodPhial"],"acts_visited":["Exordium"],"potions_floor_usage":[7,14],"damage_taken":[{"damage":0,"enemies":"2 Louse","floor":1,"turns":4},{"damage":1,"enemies":"Jaw Worm","floor":2,"turns":6},{"damage":6,"enemies":"Small Slimes","floor":5,"turns":5},{"damage":52,"enemies":"Gremlin Nob","floor":7,"turns":8},{"damage":8,"enemies":"Red Slaver","floor":12,"turns":6},{"damage":0,"enemies":"Large Slime","floor":14,"turns":8},{"damage":70,"enemies":"The Guardian","floor":16,"turns":13}],"seed_played":"-379871805875424091","potions_obtained":[{"floor":1,"key":"Ancient Potion"},{"floor":7,"key":"Energy Potion"}],"is_trial":false,"path_per_floor":["M","M","?","?","M","R","E","R","T","R","?","M","R","M","R","B"],"character_chosen":"CLOCKWORK","items_purchased":[],"campfire_rested":1,"item_purchase_floors":[],"current_hp_per_floor":[77,76,76,76,70,70,18,41,41,41,41,33,33,39,39,0,0],"gold":524,"neow_bonus":"THREE_CARDS","is_daily":false,"chose_seed":false,"campfire_upgraded":4,"win_rate":0.0,"timestamp":1610717097,"path_taken":["M","M","?","?","M","R","E","R","T","R","?","M","R","M","R","BOSS"],"items_purchased_type":[],"build_version":"2020-12-22","purchased_purges":0,"victory":false,"max_hp_per_floor":[85,85,85,79,79,79,79,79,79,79,79,79,79,79,79,79,79],"card_choices":[{"not_picked":["Clockwork:Roundhouse","Clockwork:Friction"],"picked":"Clockwork:TimeOut","floor":0},{"not_picked":["Clockwork:SystemScan","Clockwork:ReserveSystems","Clockwork:SearchingStrike"],"picked":"SKIP","floor":1},{"not_picked":["Clockwork:TiltAWhirl","Clockwork:Pluck","Clockwork:Enhance"],"picked":"SKIP","floor":2},{"not_picked":["Clockwork:Selectivity","Clockwork:ChargingShield"],"picked":"Clockwork:CraftCopperScales","floor":5},{"not_picked":["Clockwork:AdaptiveCannon","Clockwork:InertialShield"],"picked":"Clockwork:HeadStart","floor":7},{"not_picked":["Clockwork:SnapKeep","Clockwork:InertialShield"],"picked":"Clockwork:CraftBloodPhial","floor":12},{"not_picked":["Clockwork:Minimalism","Clockwork:RevUp"],"picked":"Clockwork:OccamsRazor","floor":14}],"player_experience":727786,"relics_obtained":[{"floor":7,"key":"Old Coin"},{"floor":9,"key":"Pantograph"}],"event_choices":[{"damage_healed":0,"gold_gain":0,"player_choice":"Ignored","damage_taken":0,"max_hp_gain":0,"max_hp_loss":0,"event_name":"Liars Game","floor":3,"gold_loss":0},{"damage_healed":0,"gold_gain":0,"player_choice":"Lose Max HP","damage_taken":0,"relics_obtained":["Golden Idol"],"max_hp_gain":0,"max_hp_loss":6,"event_name":"Golden Idol","floor":4,"gold_loss":0},{"damage_healed":0,"gold_gain":0,"player_choice":"Forge","damage_taken":0,"max_hp_gain":0,"max_hp_loss":0,"event_name":"Accursed Blacksmith","floor":11,"gold_loss":0,"cards_upgraded":["Clockwork:Pluck"]}],"is_beta":false,"boss_relics":[],"items_purged_floors":[],"is_endless":false,"potions_floor_spawned":[1,7],"killed_by":"The Guardian","ascension_level":6}}