{"host":"wutzay93uet9pf9y","time":1610744031,"event":{"mods":["BaseMod","Colored Map","Downfall","Minty Spire (QoL Compilation)","StSLib"],"gold_per_floor":[99,99,99,99,99,24,71,56,56,90,90,105,105,119,134,237,237,237,38,51,1,1,1,1,1,15,15,15,15,290,315,326,326,326,326],"floor_reached":33,"language":"ENG","playtime":1198,"items_purged":["Slimebound:Tackle"],"score":257,"play_id":"f6cdf5be-55da-4f45-9806-a4ab7bfdfc08","local_time":"20210115155351","is_ascension_mode":false,"campfire_choices":[{"floor":1.0,"key":"RECALL"},{"data":"Slimebound:ForwardTackle","floor":6.0,"key":"SMITH"},{"data":"Slimebound:MinionMaster","floor":9.0,"key":"SMITH"},{"floor":13.0,"key":"REST"},{"data":"Slimebound:Overexert","floor":18,"key":"SMITH"},{"data":"Slimebound:MassFeed","floor":23,"key":"SMITH"},{"data":"Slimebound:SlimeBarrage","floor":25,"key":"SMITH"},{"data":"Slimebound:SplitBruiser","floor":27,"key":"SMITH"},{"data":"Slimebound:SplitLeeching","floor":29,"key":"SMITH"}],"circlet_count":0,"master_deck":["Slimebound:Strike_Slimebound","Slimebound:Strike_Slimebound","Slimebound:Strike_Slimebound","Slimebound:Defend_Slimebound","Slimebound:Defend_Slimebound","Slimebound:Defend_Slimebound","Slimebound:Defend_Slimebound","Slimebound:Split","Slimebound:CorrosiveSpit","Slimebound:SplitBruiser+1","Slimebound:SplitAcid","Slimebound:ForwardTackle+1","Slimebound:MinionMaster+1","Slimebound:SplitMire","Slimebound:SplitLeeching+1","Slimebound:PressTheAttack","Slimebound:SlimeBarrage+1","Slimebound:Overexert+1","Slimebound:MassFeed+1","Slimebound:SplitBruiser+1","Regret","Slimebound:SplitAcid+1","Slimebound:SplitAcid"],"relics":["Slimebound:AbsorbEndCombat","downfall:HeartsMalice","downfall:HeartBlessingRed","Juzu Bracelet","Eternal Feather","downfall:BrokenWingStatue","SacredBark","Membership Card","Letter Opener","Lantern"],"acts_visited":["Exordium","TheCity"],"potions_floor_usage":[16,16,16,19,31,32],"damage_taken":[{"damage":0.0,"enemies":"Small Slimes","floor":2.0,"turns":1.0},{"damage":0.0,"enemies":"Cultist","floor":4.0,"turns":1.0},{"damage":0.0,"enemies":"2 Louse","floor":5.0,"turns":1.0},{"damage":28.0,"enemies":"downfall:FleeingMerchant","floor":8.0,"turns":4.0},{"damage":27.0,"enemies":"Gremlin Nob","floor":10.0,"turns":3.0},{"damage":29.0,"enemies":"Large Slime","floor":12.0,"turns":4.0},{"damage":23.0,"enemies":"Blue Slaver","floor":14.0,"turns":4.0},{"damage":23.0,"enemies":"2 Fungi Beasts","floor":15.0,"turns":3.0},{"damage":32,"enemies":"downfall:Ironclad","floor":16,"turns":6},{"damage":25,"enemies":"downfall:FleeingMerchant","floor":19,"turns":4},{"damage":40,"enemies":"Shell Parasite","floor":20,"turns":4},{"damage":44,"enemies":"Centurion and Healer","floor":26,"turns":5},{"damage":45,"enemies":"Slavers","floor":31,"turns":3},{"damage":29,"enemies":"Snake Plant","floor":32,"turns":3},{"damage":22,"enemies":"downfall:Defect","floor":33,"turns":3}],"seed_played":"-7145495987638460823","potions_obtained":[{"floor":10.0,"key":"Fire Potion"},{"floor":12.0,"key":"SteroidPotion"},{"floor":14.0,"key":"SpeedPotion"},{"floor":15.0,"key":"DistilledChaos"},{"floor":16,"key":"Weak Potion"},{"floor":26,"key":"champ:CounterPotion"},{"floor":31,"key":"Dexterity Potion"}],"is_trial":false,"path_per_floor":["R","M","?","M","M","R","T","$","R","E","?","M","R","M","M","B",null,"R","$","M","?","?","R","T","R","M","R","T","R","?","E","M","B"],"character_chosen":"SLIMEBOUND","items_purchased":["Membership Card"],"campfire_rested":1,"item_purchase_floors":[19],"current_hp_per_floor":[60,60,60,60,60,60,60,48,48,31,31,16,43,36,29,13,60,60,47,25,50,50,59,59,60,38,50,50,60,60,31,14,0,0,0],"gold":326,"neow_bonus":"THREE_ENEMY_KILL","is_daily":false,"chose_seed":false,"campfire_upgraded":7,"win_rate":0.0,"timestamp":1610744031,"path_taken":["R","M","?","M","?","R","T","?","R","E","?","M","R","M","M","BOSS","R","$","M","?","?","R","T","R","M","R","?","R","?","E","M","BOSS"],"items_purchased_type":["Relic"],"build_version":"2020-12-22","purchased_purges":1,"victory":false,"max_hp_per_floor":[60,60,60,60,60,60,60,60,60,60,60,60,60,60,60,60,60,60,60,60,60,60,60,60,60,60,60,60,60,60,60,60,60,60,60],"card_choices":[{"not_picked":["Slimebound:SlimeSpikes","Slimebound:ViciousTackle"],"picked":"Slimebound:SplitBruiser","floor":2.0},{"not_picked":["Slimebound:SplitMire","Slimebound:FinishingTackle"],"picked":"Slimebound:SplitAcid","floor":4.0},{"not_picked":["Slimebound:Replication","Slimebound:RollThrough"],"picked":"Slimebound:ForwardTackle","floor":5.0},{"not_picked":["Slimebound:Nibble","Slimebound:MegaLick"],"picked":"Slimebound:MinionMaster","floor":8.0},{"not_picked":["Slimebound:Gluttony","Slimebound:MegaLick"],"picked":"Slimebound:SplitMire","floor":10.0},{"not_picked":["Slimebound:Schlurp","Slimebound:Prepare"],"picked":"Slimebound:SplitLeeching","floor":12.0},{"not_picked":["Slimebound:SplitLeeching","Slimebound:RollThrough"],"picked":"Slimebound:PressTheAttack","floor":14.0},{"not_picked":["Slimebound:Prepare","Slimebound:ServeAndProtect"],"picked":"Slimebound:SlimeBarrage","floor":15.0},{"not_picked":["Slimebound:Darklings","Slimebound:WasteNot"],"picked":"Slimebound:Overexert","floor":16},{"not_picked":["Slimebound:ViciousTackle","Slimebound:GrowthPunch"],"picked":"Slimebound:MassFeed","floor":19},{"not_picked":["Slimebound:ViciousTackle","Slimebound:GrowthPunch","Slimebound:Schlurp"],"picked":"SKIP","floor":20},{"not_picked":["Slimebound:ViciousTackle","Slimebound:GoopSpray"],"picked":"Slimebound:SplitBruiser","floor":26},{"not_picked":["Slimebound:MegaLick","Slimebound:LeechingTouch"],"picked":"Slimebound:SplitAcid+1","floor":31},{"not_picked":["Slimebound:ComboTackle","Slimebound:Schlurp"],"picked":"Slimebound:SplitAcid","floor":32}],"player_experience":296219,"relics_obtained":[{"floor":7.0,"key":"Juzu Bracelet"},{"floor":10.0,"key":"Eternal Feather"},{"floor":28,"key":"Letter Opener"},{"floor":31,"key":"Lantern"}],"event_choices":[{"damage_healed":0.0,"max_hp_gain":0.0,"max_hp_loss":0.0,"gold_gain":0.0,"event_name":"Upgrade Shrine","player_choice":"Upgraded","floor":3.0,"gold_loss":0.0,"damage_taken":0.0,"cards_upgraded":["Slimebound:SplitBruiser"]}],"is_beta":false,"boss_relics":[{"not_picked":["Slimebound:AbsorbEndCombatUpgraded","Runic Dome"],"picked":"SacredBark"}],"items_purged_floors":[19],"is_endless":false,"potions_floor_spawned":[10,12,14,15,16,26,31],"killed_by":"downfall:Defect","ascension_level":0}}