{"host":"cimxalwyqyblhb3d","time":1610747366,"event":{"mods":["AchievementEnabler","BaseMod","Colored Powertips","Downfall","Evolution","Minty Spire (QoL Compilation)","Quick Restart","Relic Stats","StSLib"],"gold_per_floor":[99,114,114,99,110,110,133,151,164,184,204,223,223,84,94,194,194,194,204,218,318,334,334,361,374,374,185,185,9,26,26,45,146,146,146,156,173,64,64,64,64,64,82,96,96,96,96,96,96],"floor_reached":47,"language":"FRA","playtime":2701,"items_purged":[],"score":448,"play_id":"354cc1b2-9a65-4460-90a1-a6015ed51e4c","local_time":"20210115224926","is_ascension_mode":false,"campfire_choices":[{"data":"Slimebound:Split","floor":1.0,"key":"SMITH"},{"data":"Slimebound:TongueLash","floor":13,"key":"SMITH"},{"data":"Slimebound:LeadByExample","floor":18,"key":"SMITH"},{"floor":23,"key":"REST"},{"floor":26,"key":"REST"},{"data":"Slimebound:MinionMaster","floor":35,"key":"SMITH"},{"floor":46,"key":"REST"}],"circlet_count":0,"master_deck":["Slimebound:RollThrough","Slimebound:Defend_Slimebound","Slimebound:Defend_Slimebound","Slimebound:Defend_Slimebound","Slimebound:Defend_Slimebound","Slimebound:Split+1","Slimebound:CorrosiveSpit","Slimebound:FinishingTackle","Slimebound:Gluttony+1","Slimebound:SplitMire","Slimebound:TongueLash+1","Slimebound:SplitMire","Slimebound:LeechEnergy","Slimebound:Repurpose","Slimebound:SplitMire","Slimebound:LeadByExample+1","Slimebound:LeechEnergy","Slimebound:RallyTheTroops","Slimebound:SplitAcid","Slimebound:FirmFortitude","Slimebound:Schlurp","Slimebound:ViciousTackle","Slimebound:LeechLife","Slimebound:SplitMire","Slimebound:SplitAcid","Slimebound:LevelUp","Slimebound:MinionMaster+1","Slimebound:SlimeBarrage","Slimebound:RejuvenatingLick","Slimebound:RainOfGoop","expansioncontent:BronzeBeam","Slimebound:SplitLeeching","Parasite","Slimebound:SplitLeeching+1"],"relics":["Slimebound:AbsorbEndCombat","EVO:Axolotl","Nunchaku","Slimebound:TarBlob","White Beast Statue","Juzu Bracelet","Pen Nib","Lizard Tail","Boot","Empty Cage","Ice Cream","Molten Egg 2"],"acts_visited":["Exordium","TheCity","TheBeyond"],"potions_floor_usage":[16,16,20,29,33,33,37,43,43,45,47],"damage_taken":[{"damage":11.0,"enemies":"2 Louse","floor":2.0,"turns":3.0},{"damage":21.0,"enemies":"downfall:FleeingMerchant","floor":4.0,"turns":4.0},{"damage":12.0,"enemies":"Cultist","floor":5.0,"turns":4.0},{"damage":11,"enemies":"Small Slimes","floor":8,"turns":3},{"damage":19,"enemies":"2 Fungi Beasts","floor":9,"turns":3},{"damage":29,"enemies":"Lots of Slimes","floor":10,"turns":3},{"damage":13,"enemies":"3 Louse","floor":11,"turns":3},{"damage":30,"enemies":"Gremlin Gang","floor":12,"turns":3},{"damage":24,"enemies":"downfall:FleeingMerchant","floor":14,"turns":4},{"damage":36,"enemies":"Large Slime","floor":15,"turns":4},{"damage":43,"enemies":"downfall:Ironclad","floor":16,"turns":6},{"damage":12,"enemies":"Chosen","floor":19,"turns":3},{"damage":32,"enemies":"Centurion and Healer","floor":20,"turns":3},{"damage":58,"enemies":"downfall:LadyInBlue","floor":21,"turns":4},{"damage":58,"enemies":"Snake Plant","floor":22,"turns":3},{"damage":45,"enemies":"Sentry and Sphere","floor":25,"turns":4},{"damage":38,"enemies":"downfall:FleeingMerchant","floor":27,"turns":4},{"damage":52,"enemies":"downfall:FleeingMerchant","floor":29,"turns":3},{"damage":48,"enemies":"3 Cultists","floor":30,"turns":4},{"damage":30,"enemies":"Snecko","floor":32,"turns":3},{"damage":89,"enemies":"downfall:Watcher","floor":33,"turns":5},{"damage":40,"enemies":"3 Shapes","floor":36,"turns":3},{"damage":60,"enemies":"Orb Walker","floor":37,"turns":4},{"damage":52,"enemies":"Jaw Worm Horde","floor":43,"turns":3},{"damage":53,"enemies":"Writhing Mass","floor":44,"turns":6},{"damage":0,"enemies":"Transient","floor":45,"turns":1},{"damage":92,"enemies":"Giant Head","floor":47,"turns":6}],"seed_played":"-3975698083358066463","potions_obtained":[{"floor":2.0,"key":"SteroidPotion"},{"floor":9,"key":"sneckomod:MuddlingPotion"},{"floor":10,"key":"EssenceOfSteel"},{"floor":19,"key":"ColorlessPotion"},{"floor":21,"key":"Slimebound:SpawnSlimePotion"},{"floor":21,"key":"Energy Potion"},{"floor":22,"key":"PowerPotion"},{"floor":29,"key":"Slimebound:ThreeZeroPotion"},{"floor":33,"key":"Dexterity Potion"},{"floor":36,"key":"DuplicationPotion"},{"floor":37,"key":"PowerPotion"},{"floor":43,"key":"SmokeBomb"},{"floor":44,"key":"Swift Potion"}],"is_trial":false,"path_per_floor":["R","M","?","$","M","?","T","M","M","M","M","M","R","$","M","B",null,"R","M","M","?","M","R","T","M","R","$","?","$","M","?","M","B",null,"R","M","M","$","?","?","T","?","M","M","M","R","E"],"character_chosen":"SLIMEBOUND","items_purchased":["Slimebound:LeadByExample","Slimebound:LeechEnergy","Slimebound:SplitMire","Pen Nib","Lizard Tail","Boot","Slimebound:LevelUp","Slimebound:RejuvenatingLick","Slimebound:RainOfGoop"],"campfire_rested":3,"item_purchase_floors":[14,14,27,27,29,29,29,38,38],"current_hp_per_floor":[66,65,65,57,55,55,55,56,53,44,47,39,39,45,41,38,66,66,66,62,56,36,55,55,34,53,66,54,34,48,48,54,71,71,71,61,13,13,62,62,62,62,39,34,34,52,0,0,0],"gold":96,"neow_bonus":"TEN_PERCENT_HP_BONUS","is_daily":false,"chose_seed":false,"campfire_upgraded":4,"win_rate":0.0,"timestamp":1610747366,"path_taken":["R","M","?","?","M","?","T","M","M","M","M","M","R","$","M","BOSS","R","M","M","?","?","R","T","M","R","$","?","$","M","?","M","BOSS","R","M","M","$","?","?","T","?","M","M","M","R","E"],"items_purchased_type":["Card","Card","Card","Relic","Relic","Relic","Card","Card","Card"],"build_version":"2020-12-22","purchased_purges":0,"victory":false,"max_hp_per_floor":[66,66,66,66,66,66,66,66,66,66,66,66,66,66,66,66,66,66,66,66,66,66,66,66,66,66,66,71,71,71,71,71,71,71,71,71,71,71,62,62,62,62,62,62,62,62,62,62,62],"relic_stats":{"Nunchaku":[12],"Lizard Tail":35,"counters":[27,95],"Pen Nib":[4],"Juzu Bracelet":1,"Boot":[0],"obtain_stats":[{"Ice Cream":41,"Nunchaku":7,"Lizard Tail":29,"Molten Egg 2":42,"Pen Nib":27,"Slimebound:AbsorbEndCombat":0,"Juzu Bracelet":24,"EVO:Axolotl":0,"Boot":29,"Empty Cage":34,"White Beast Statue":21,"Slimebound:TarBlob":17},{"Ice Cream":23,"Nunchaku":3,"Lizard Tail":18,"Molten Egg 2":23,"Pen Nib":17,"Slimebound:AbsorbEndCombat":0,"Juzu Bracelet":15,"EVO:Axolotl":0,"Boot":18,"Empty Cage":21,"White Beast Statue":14,"Slimebound:TarBlob":11},{"Ice Cream":79,"Nunchaku":9,"Lizard Tail":61,"Molten Egg 2":79,"Pen Nib":58,"Slimebound:AbsorbEndCombat":0,"Juzu Bracelet":50,"EVO:Axolotl":0,"Boot":61,"Empty Cage":73,"White Beast Statue":47,"Slimebound:TarBlob":37}]},"card_choices":[{"not_picked":["Slimebound:Dissolve","Slimebound:SlimeSpikes"],"picked":"Slimebound:FinishingTackle","floor":2.0},{"not_picked":["Slimebound:PressTheAttack","Slimebound:Dissolve"],"picked":"Slimebound:Gluttony","floor":4.0},{"not_picked":["Slimebound:Replication","Slimebound:SplitLeeching","Slimebound:HauntingLick"],"picked":"SKIP","floor":5.0},{"not_picked":["Slimebound:Repurpose","Slimebound:ServeAndProtect"],"picked":"Slimebound:SplitMire","floor":8},{"not_picked":["Slimebound:GrowthPunch","Slimebound:ServeAndProtect"],"picked":"Slimebound:TongueLash","floor":9},{"not_picked":["Slimebound:ForwardTackle","Slimebound:Nibble"],"picked":"Slimebound:SplitMire","floor":10},{"not_picked":["Slimebound:AcidTongue","Slimebound:DivideAndConquer"],"picked":"Slimebound:LeechEnergy","floor":11},{"not_picked":["Slimebound:SelfFormingGoo","Slimebound:LeechingTouch"],"picked":"Slimebound:Repurpose","floor":12},{"not_picked":["Slimebound:SlimeSpikes","Slimebound:LeechingTouch"],"picked":"Slimebound:SplitMire","floor":14},{"not_picked":["Slimebound:FormOfPuddle","Slimebound:ServeAndProtect","Slimebound:HauntingLick"],"picked":"SKIP","floor":15},{"not_picked":["Slimebound:MassRepurpose","Slimebound:PrepareCrush"],"picked":"Slimebound:RallyTheTroops","floor":16},{"not_picked":["Slimebound:ComboTackle","Slimebound:Equalize"],"picked":"Slimebound:SplitAcid","floor":19},{"not_picked":["Slimebound:ComboTackle+1","Slimebound:SlimeSpikes"],"picked":"Slimebound:FirmFortitude","floor":20},{"not_picked":["Slimebound:TongueLash","Slimebound:DivideAndConquer"],"picked":"Slimebound:Schlurp","floor":21},{"not_picked":["Slimebound:ComboTackle","Slimebound:LeechEnergy"],"picked":"Slimebound:ViciousTackle","floor":22},{"not_picked":["Slimebound:PressTheAttack","Slimebound:SplitBruiser+1","Slimebound:LeechingTouch"],"picked":"SKIP","floor":25},{"not_picked":["Slimebound:RollThrough+1","Slimebound:SlimeSpikes"],"picked":"Slimebound:LeechLife","floor":27},{"not_picked":["Slimebound:FinishingTackle","Slimebound:ComboTackle"],"picked":"Slimebound:SplitAcid","floor":29},{"not_picked":["Slimebound:SlimeTap","Slimebound:Nibble","Slimebound:ViciousTackle"],"picked":"SKIP","floor":30},{"not_picked":["Slimebound:ProtectTheBoss","Slimebound:LeechingTouch","Slimebound:ServeAndProtect"],"picked":"SKIP","floor":32},{"not_picked":["Slimebound:LeechLife","Slimebound:CheckThePlaybook"],"picked":"Slimebound:MinionMaster","floor":33},{"not_picked":["Slimebound:Nibble","Slimebound:DivideAndConquer"],"picked":"Slimebound:SlimeBarrage","floor":36},{"not_picked":["Slimebound:SlimeBrawl","Slimebound:DivideAndConquer","Slimebound:FirmFortitude"],"picked":"SKIP","floor":37},{"not_picked":["expansioncontent:Sear","expansioncontent:YouAreMine"],"picked":"expansioncontent:BronzeBeam","floor":40},{"not_picked":["Slimebound:DivideAndConquer+1","Slimebound:AcidTongue+1"],"picked":"Slimebound:SplitLeeching","floor":43},{"not_picked":["Slimebound:DivideAndConquer+1","Slimebound:Nibble+1"],"picked":"Slimebound:SplitLeeching+1","floor":44}],"player_experience":514986,"relics_obtained":[{"floor":7,"key":"Nunchaku"},{"floor":21,"key":"White Beast Statue"},{"floor":24,"key":"Juzu Bracelet"},{"floor":41,"key":"Ice Cream"},{"floor":42,"key":"Molten Egg 2"}],"event_choices":[{"cards_removed":["Slimebound:Strike_Slimebound"],"damage_healed":0.0,"max_hp_gain":0.0,"max_hp_loss":0.0,"gold_gain":0.0,"event_name":"Bonfire Elementals","player_choice":"Offered Basic","floor":3.0,"gold_loss":0.0,"damage_taken":0.0},{"damage_healed":0,"gold_gain":0,"player_choice":"Grow","damage_taken":0,"max_hp_gain":0,"max_hp_loss":0,"event_name":"Living Wall","floor":6,"gold_loss":0,"cards_upgraded":["Slimebound:Gluttony"]},{"damage_healed":0,"gold_gain":0,"player_choice":"Got Potions","damage_taken":0,"max_hp_gain":0,"max_hp_loss":0,"event_name":"Lab","floor":31,"gold_loss":0}],"is_beta":false,"boss_relics":[{"not_picked":["Astrolabe","Calling Bell"],"picked":"Slimebound:TarBlob"},{"not_picked":["Velvet Choker","Coffee Dripper"],"picked":"Empty Cage"}],"items_purged_floors":[],"is_endless":false,"potions_floor_spawned":[2,9,10,12,15,19,21,22,25,27,29,30,32,33,36,37,43,44,45],"killed_by":"Giant Head","ascension_level":0}}