{"host":"khkox7sggahain0a","time":1610690118,"event":{"mods":["Act Like it!","Arknights The Spire","BaseMod","Downfall","Gensokyo","Lobotomy","LobotomyExtend","Marisa£®ÏF”Í°°ƒß¿Ì…≥£©","Minty Spire (QoL Compilation)","StSLib","The Animator","Waifu the Spire"],"gold_per_floor":[279,279,58,75,87,87,105,105,105,115,142,142,92,119,119,224,224,238,252,103,118,217,217,251,251,275,286,319,335,335,349,349,444,444,472,484,512,149,149,149,177,194,194,226,241,241,256,266,266,266,266],"floor_reached":50,"language":"ZHS","playtime":2969,"items_purged":["CrumblingArmor","ats:Strike C","ats:Strike G"],"score":707,"play_id":"dff20a41-70e8-4ef6-ab34-1e5a2cf44f2e","local_time":"20210115135518","is_ascension_mode":true,"campfire_choices":[{"data":"ats:Composite Medical Shells","floor":6.0,"key":"SMITH"},{"data":"ats:Healing Strengthening","floor":8.0,"key":"SMITH"},{"data":"ats:Thorns","floor":15.0,"key":"SMITH"},{"data":"ats:Dogmatic Field","floor":23.0,"key":"SMITH"},{"floor":30.0,"key":"RECALL"},{"data":"ats:Thorns","floor":32.0,"key":"SMITH"},{"data":"ats:Revitalization","floor":40.0,"key":"SMITH"},{"data":"Discovery","floor":46.0,"key":"SMITH"},{"data":"ats:Healing Strengthening","floor":49,"key":"SMITH"}],"circlet_count":0,"master_deck":["ats:Strike S","ats:Armor Crushing Shot","ats:Defend","ats:Defend","ats:Defend","ats:Defend","ats:Emotion Absorption","ats:Composite Medical Shells+1","ats:Healing Strengthening+1","ats:Revitalization+1","ats:Apocalypse","PunishingBird","ats:Shell Defense","ats:Thorns+1","NothingThere","CENSORED","ats:Dogmatic Field+1","QueenOfHatred","MeatLantern","ats:Shell Defense","ats:Apocalypse","OSAHOGD","ats:Revitalization","Wellcheers","ats:Wolf Pack","Writhe","ats:Thorns+1","ats:Revitalization","ats:Revitalization","ats:Rat Pack","CurseOfTheBell","expansioncontent:AwakenDeath","Discovery+1","expansioncontent:SuperHexaguard","ats:Revitalization","ats:Shell Defense+1","BlackSwan","BigBird","ats:Healing Strengthening+1","ats:Automatic Cover+1","LongBird","ats:Healing Strengthening+1"],"relics":["ats:Sanity","CogitoBucket","LetterFromLob","WarpedTongs","ats:Originium","Ice Cream","Toy Ornithopter","ats:Tactical Delivery","TreeSap","Letter Opener","Smiling Mask","ats:Berate","PreservedInsect","LuminousBracelet","Calling Bell","MawBank","The Courier","FossilizedHelix","Pear","Juzu Bracelet","TungstenRod","Pantograph","Theresia","ats:Lavender","Dream Catcher"],"acts_visited":["Exordium","TheCity","TheBeyond"],"potions_floor_usage":[],"damage_taken":[{"damage":1.0,"enemies":"Cultist","floor":1.0,"turns":3.0},{"damage":37.0,"enemies":"Jaw Worm","floor":4.0,"turns":5.0},{"damage":15.0,"enemies":"2 Louse","floor":5.0,"turns":4.0},{"damage":31.0,"enemies":"Red Slaver","floor":7.0,"turns":5.0},{"damage":34.0,"enemies":"Exordium Wildlife","floor":10.0,"turns":6.0},{"damage":34.0,"enemies":"Lagavulin","floor":11.0,"turns":10.0},{"damage":23.0,"enemies":"Gremlin Nob","floor":14.0,"turns":4.0},{"damage":77.0,"enemies":"The Guardian","floor":16.0,"turns":11.0},{"damage":36.0,"enemies":"Shell Parasite","floor":18.0,"turns":7.0},{"damage":27.0,"enemies":"2 Thieves","floor":19.0,"turns":3.0},{"damage":35.0,"enemies":"Shelled Parasite and Fungi","floor":21.0,"turns":5.0},{"damage":68.0,"enemies":"Gremlin Leader","floor":24.0,"turns":8.0},{"damage":21.0,"enemies":"3 Cultists","floor":27.0,"turns":3.0},{"damage":33.0,"enemies":"Book of Stabbing","floor":28.0,"turns":6.0},{"damage":118.0,"enemies":"Centurion and Healer","floor":29.0,"turns":9.0},{"damage":172.0,"enemies":"Sentry and Sphere","floor":31.0,"turns":18.0},{"damage":91.0,"enemies":"Automaton","floor":33.0,"turns":9.0},{"damage":19.0,"enemies":"3 Darklings","floor":35.0,"turns":3.0},{"damage":24.0,"enemies":"Orb Walker","floor":37.0,"turns":4.0},{"damage":123.0,"enemies":"Giant Head","floor":41.0,"turns":11.0},{"damage":141.0,"enemies":"Transient","floor":42.0,"turns":6.0},{"damage":51.0,"enemies":"Nemesis","floor":44.0,"turns":8.0},{"damage":0.0,"enemies":"3 Darklings","floor":45.0,"turns":4.0},{"damage":71.0,"enemies":"Spire Growth","floor":47.0,"turns":7.0},{"damage":27,"enemies":"Writhing Mass","floor":48,"turns":6},{"damage":145,"enemies":"FixerMidnight","floor":50,"turns":2}],"seed_played":"6896696308875635366","potions_obtained":[{"floor":1.0,"key":"champ:CounterPotion"},{"floor":7.0,"key":"SkillPotion"},{"floor":11.0,"key":"Explosive Potion"},{"floor":14.0,"key":"ats:Emergency Sanity Potion"},{"floor":16.0,"key":"Swift Potion"},{"floor":24.0,"key":"Ancient Potion"},{"floor":29.0,"key":"FairyPotion"},{"floor":33.0,"key":"Fire Potion"},{"floor":42.0,"key":"SmokeBomb"},{"floor":47.0,"key":"champ:CounterPotion"}],"is_trial":false,"path_per_floor":["M","?","$","M","M","R","M","R","T","M","E","?","?","E","R","B",null,"M","M","$","M","?","R","E","?","T","M","E","M","R","M","R","B",null,"M","?","M","$","?","R","E","M","T","E","M","R","M","M","R","B"],"character_chosen":"DOCTOR_CLASS","items_purchased":["ats:Healing Strengthening","ats:Revitalization","ats:Apocalypse","ats:Apocalypse","Pear","Juzu Bracelet"],"campfire_rested":0,"item_purchase_floors":[3,3,3,20,38,38],"current_hp_per_floor":[71,71,71,55,58,58,49,49,49,44,70,63,63,55,55,72,72,72,66,66,72,72,72,72,72,72,65,72,87,87,87,87,87,87,86,76,87,97,97,97,87,72,72,72,62,62,62,62,62,0,0],"gold":266,"neow_bonus":"","is_daily":false,"chose_seed":false,"campfire_upgraded":8,"win_rate":0.0,"timestamp":1610690118,"path_taken":["M","?","$","M","M","R","M","R","T","?","E","?","?","E","R","BOSS","M","M","$","M","?","R","E","?","T","M","E","M","R","?","R","BOSS","M","?","M","$","?","R","E","M","T","E","M","R","M","M","R","BOSS"],"items_purchased_type":["Card","Card","Card","Card","Relic","Relic"],"build_version":"2020-12-22","purchased_purges":3,"victory":false,"max_hp_per_floor":[72,72,72,72,72,72,72,72,72,72,72,72,72,72,72,72,72,72,72,72,72,72,72,72,72,72,72,72,87,87,87,87,87,87,87,87,87,97,97,97,87,72,72,72,62,62,62,62,62,62,62],"card_choices":[{"not_picked":["SpiderBud","OSAHOGD","OldLady"],"picked":"Singing Bowl","floor":1.0},{"not_picked":["Bloodbath","FairyFestival"],"picked":"CrumblingArmor","floor":1.0},{"not_picked":["ats:Neurotoxin","ats:Poison Spread"],"picked":"ats:Composite Medical Shells","floor":1.0},{"not_picked":["Scorched","UniverseFragment","NakedNest"],"picked":"Singing Bowl","floor":4.0},{"not_picked":["ats:Explosion Area Strengthen","ats:Thorns","ats:Powerful Strike"],"picked":"SKIP","floor":4.0},{"not_picked":["FairyFestival","CherryBlossoms"],"picked":"PunishingBird","floor":5.0},{"not_picked":["ats:Ignite","ats:Curse Doll","ats:Poison Spread"],"picked":"SKIP","floor":5.0},{"not_picked":["WallGazer","CrumblingArmor","VoidDream"],"picked":"Singing Bowl","floor":7.0},{"not_picked":["ats:Flexible Camouflage","ats:Assault Order","ats:Poison Spread"],"picked":"SKIP","floor":7.0},{"not_picked":["FairyFestival","OldLady","GreedKing"],"picked":"Singing Bowl","floor":10.0},{"not_picked":["ats:Powerful Strike","ats:Leaping Hammer"],"picked":"ats:Shell Defense","floor":10.0},{"not_picked":["CherryBlossoms","BlackSwan","BeautyBeast"],"picked":"Singing Bowl","floor":11.0},{"not_picked":["ats:Soul Rend","ats:Explosion Area Strengthen"],"picked":"ats:Thorns","floor":11.0},{"not_picked":["Yin","Porccubus"],"picked":"NothingThere","floor":14.0},{"not_picked":["ats:Beaten Up","ats:Hook Shot","ats:Volcano"],"picked":"SKIP","floor":14.0},{"not_picked":["ShyLook","HeroicMonk","SpiderBud"],"picked":"Singing Bowl","floor":16.0},{"not_picked":["BigBadWolf","BodiesMountain"],"picked":"CENSORED","floor":16.0},{"not_picked":["ats:Disruption Kick","ats:Rat Pack"],"picked":"ats:Dogmatic Field","floor":16.0},{"not_picked":["SingingMachine","NakedNest"],"picked":"QueenOfHatred","floor":18.0},{"not_picked":["ats:Sunburst+1","ats:Powerful Strike","ats:Explosion Area Strengthen+1"],"picked":"SKIP","floor":18.0},{"not_picked":["Murderer","Scorched"],"picked":"MeatLantern","floor":19.0},{"not_picked":["ats:Hook Shot","ats:Demon Strength"],"picked":"ats:Shell Defense","floor":19.0},{"not_picked":["Yin","Scarecrow","LaLuna"],"picked":"Singing Bowl","floor":21.0},{"not_picked":["UniverseFragment","CrumblingArmor"],"picked":"OSAHOGD","floor":21.0},{"not_picked":["ats:Hammer On+1","ats:Explosion Area Strengthen"],"picked":"ats:Revitalization","floor":21.0},{"not_picked":["Yin","Wellcheers","Rudolta"],"picked":"Singing Bowl","floor":24.0},{"not_picked":["UniverseFragment","LittlePrince"],"picked":"Wellcheers","floor":24.0},{"not_picked":["ats:Support Order+1","ats:Childhood Dance"],"picked":"ats:Wolf Pack","floor":24.0},{"not_picked":["SilentOrchestra","BeautyBeast","GreedKing"],"picked":"Singing Bowl","floor":27.0},{"not_picked":["ats:Powerful Strike","ats:Childhood Dance"],"picked":"ats:Thorns","floor":27.0},{"not_picked":["GalaxyChild","NakedNest","Scarecrow"],"picked":"Singing Bowl","floor":28.0},{"not_picked":["ats:Ignite+1","ats:Defend Order"],"picked":"ats:Revitalization","floor":28.0},{"not_picked":["MHz","Porccubus","RedShoes"],"picked":"Singing Bowl","floor":29.0},{"not_picked":["ats:Assault Order","ats:Consecutive Shot Auto+1"],"picked":"ats:Revitalization","floor":29.0},{"not_picked":["Yin","VoidDream","LittleHelper"],"picked":"Singing Bowl","floor":31.0},{"not_picked":["ats:Explosion Area Strengthen","ats:Poison Spread","ats:Consecutive Shot Auto"],"picked":"SKIP","floor":31.0},{"not_picked":["VoidDream","MeltingLove","BodiesMountain"],"picked":"Singing Bowl","floor":33.0},{"not_picked":["ats:Ambush","ats:Echo Reverb"],"picked":"ats:Rat Pack","floor":33.0},{"not_picked":["Variant","HappyTeddy","CrumblingArmor"],"picked":"Singing Bowl","floor":35.0},{"not_picked":["ats:Leaping Hammer+1","ats:Support Order","ats:Assault Order"],"picked":"SKIP","floor":35.0},{"not_picked":["Mind Blast","Enlightenment"],"picked":"expansioncontent:AwakenDeath","floor":36.0},{"not_picked":["Magnetism","Transmutation"],"picked":"Discovery","floor":36.0},{"not_picked":["The Bomb","PanicButton"],"picked":"expansioncontent:SuperHexaguard","floor":36.0},{"not_picked":["FieryBird","WallGazer","Woodsman"],"picked":"Singing Bowl","floor":37.0},{"not_picked":["ats:Cat Scratch+1","ats:Shadow Raid"],"picked":"ats:Revitalization","floor":37.0},{"not_picked":["GalaxyChild","Rudolta","Yin"],"picked":"Singing Bowl","floor":41.0},{"not_picked":["ats:Volcano","ats:Consecutive Shot Auto"],"picked":"ats:Shell Defense+1","floor":41.0},{"not_picked":["SnowQueen","Freischutz","Variant"],"picked":"Singing Bowl","floor":42.0},{"not_picked":["Murderer","UniverseFragment"],"picked":"BlackSwan","floor":42.0},{"not_picked":["ats:Shell Defense","ats:Song Of Battle","ats:Childhood Dance+1"],"picked":"SKIP","floor":42.0},{"not_picked":["SpiderBud","Scarecrow","BlackArmy"],"picked":"Singing Bowl","floor":44.0},{"not_picked":["LittlePrince","WallGazer"],"picked":"BigBird","floor":44.0},{"not_picked":["ats:Explosion Area Strengthen","ats:Hammer On"],"picked":"ats:Healing Strengthening","floor":44.0},{"not_picked":["Woodsman","Freischutz","GalaxyChild"],"picked":"Singing Bowl","floor":45.0},{"not_picked":["ats:Leaping Hammer+1","ats:Chain Hook+1"],"picked":"ats:Automatic Cover+1","floor":45.0},{"not_picked":["Mercenary","FieryBird","BigBadWolf"],"picked":"Singing Bowl","floor":47.0},{"not_picked":["ats:Hammer On","ats:Childhood Dance+1","ats:Neurotoxin+1"],"picked":"SKIP","floor":47.0},{"not_picked":["GalaxyChild","GreedKing"],"picked":"LongBird","floor":48},{"not_picked":["ats:Overload","ats:Ignite+1"],"picked":"ats:Healing Strengthening+1","floor":48}],"player_experience":322688,"relics_obtained":[{"floor":1.0,"key":"LetterFromLob"},{"floor":11.0,"key":"ats:Originium"},{"floor":11.0,"key":"Ice Cream"},{"floor":14.0,"key":"ats:Originium"},{"floor":14.0,"key":"Toy Ornithopter"},{"floor":24.0,"key":"Letter Opener"},{"floor":26.0,"key":"ats:Berate"},{"floor":28.0,"key":"PreservedInsect"},{"floor":34.0,"key":"MawBank"},{"floor":34.0,"key":"The Courier"},{"floor":34.0,"key":"FossilizedHelix"},{"floor":41.0,"key":"Pantograph"},{"floor":43.0,"key":"ats:Lavender"},{"floor":44.0,"key":"Dream Catcher"}],"event_choices":[{"damage_healed":0.0,"max_hp_gain":0.0,"max_hp_loss":0.0,"gold_gain":0.0,"event_name":"Accursed Blacksmith","player_choice":"Rummage","floor":2.0,"gold_loss":0.0,"damage_taken":0.0,"relics_obtained":["WarpedTongs"],"cards_obtained":["Pain"]},{"cards_removed":["Pain"],"damage_healed":0.0,"max_hp_gain":0.0,"max_hp_loss":0.0,"gold_gain":0.0,"event_name":"Golden Wing","player_choice":"Card Removal","floor":12.0,"gold_loss":0.0,"damage_taken":7.0},{"cards_removed":["ats:Strike V"],"damage_healed":0.0,"max_hp_gain":0.0,"max_hp_loss":0.0,"gold_gain":0.0,"event_name":"The Cleric","player_choice":"Card Removal","floor":13.0,"gold_loss":50.0,"damage_taken":0.0},{"damage_healed":0.0,"max_hp_gain":0.0,"max_hp_loss":0.0,"gold_gain":99.0,"event_name":"Nest","player_choice":"Stole From Cult","floor":22.0,"gold_loss":0.0,"damage_taken":0.0},{"damage_healed":0.0,"max_hp_gain":0.0,"max_hp_loss":0.0,"gold_gain":0.0,"event_name":"The Mausoleum","player_choice":"Opened","floor":25.0,"gold_loss":0.0,"damage_taken":0.0,"relics_obtained":["Smiling Mask"],"cards_obtained":["Writhe"]},{"damage_healed":0.0,"max_hp_gain":0.0,"max_hp_loss":0.0,"gold_gain":0.0,"event_name":"SensoryStone","player_choice":"Memory 3","floor":36.0,"gold_loss":0.0,"damage_taken":10.0},{"damage_healed":0.0,"max_hp_gain":0.0,"max_hp_loss":0.0,"gold_gain":0.0,"event_name":"WeMeetAgain","player_choice":"Gave Potion","floor":39.0,"gold_loss":0.0,"damage_taken":0.0,"relics_obtained":["TungstenRod"]}],"is_beta":false,"boss_relics":[{"not_picked":["Busted Crown","SlaversCollar"],"picked":"ats:Tactical Delivery"},{"not_picked":["Snecko Eye","Black Star"],"picked":"Calling Bell"}],"items_purged_floors":[3,20,38],"is_endless":false,"potions_floor_spawned":[1,7,11,14,16,21,24,29,31,33,35,42,47],"killed_by":"FixerMidnight","ascension_level":1}}