{"host":"zk71suw73lg2r165","time":1610682913,"event":{"mods":["BaseMod","Colored Map","Minty Spire (QoL Compilation)","Permanent Neow","Relic Stats","StSLib"],"gold_per_floor":[116,133,146,146,42,42,42],"floor_reached":6,"language":"ENG","playtime":131,"items_purged":[],"score":72,"play_id":"65113971-6a85-4aba-b0a8-58ecb9a5ac1e","local_time":"20210114225513","is_ascension_mode":true,"campfire_choices":[],"circlet_count":0,"master_deck":["AscendersBane","Strike_G","Strike_G","Strike_G","Strike_G","Strike_G","Defend_G","Defend_G","Defend_G","Defend_G","Defend_G","Survivor","Neutralize","Dagger Spray","Deadly Poison","Die Die Die","Injury","Flying Knee","Dagger Throw"],"relics":["Ring of the Snake","Du-Vu Doll","Golden Idol"],"acts_visited":["Exordium"],"potions_floor_usage":[],"damage_taken":[{"damage":3.0,"enemies":"Cultist","floor":1.0,"turns":4.0},{"damage":1.0,"enemies":"Jaw Worm","floor":2.0,"turns":4.0},{"damage":0.0,"enemies":"Small Slimes","floor":3.0,"turns":3.0},{"damage":0,"enemies":"Lagavulin","floor":6,"turns":3}],"seed_played":"-8268913363059152177","potions_obtained":[{"floor":2.0,"key":"Dexterity Potion"},{"floor":3.0,"key":"SneckoOil"}],"is_trial":false,"path_per_floor":["M","M","M","?","$","E"],"character_chosen":"THE_SILENT","items_purchased":["Flying Knee","Dagger Throw"],"campfire_rested":0,"item_purchase_floors":[5,5],"current_hp_per_floor":[56,55,55,55,55,55,55],"gold":42,"neow_bonus":"ONE_RARE_RELIC","is_daily":false,"chose_seed":false,"campfire_upgraded":0,"win_rate":0.0,"timestamp":1610682913,"path_taken":["M","M","?","?","$","E"],"items_purchased_type":["Card","Card"],"build_version":"2020-12-22","purchased_purges":0,"victory":false,"max_hp_per_floor":[60,60,60,60,60,60,60],"relic_stats":{"counters":[4,14],"Golden Idol":0,"obtain_stats":[{"Du-Vu Doll":0,"Golden Idol":4,"Ring of the Snake":0},{"Du-Vu Doll":0,"Golden Idol":3,"Ring of the Snake":0},{"Du-Vu Doll":0,"Golden Idol":11,"Ring of the Snake":0}],"Ring of the Snake":[8]},"card_choices":[{"not_picked":["Poisoned Stab","Endless Agony"],"picked":"Dagger Spray","floor":1.0},{"not_picked":["PiercingWail","Outmaneuver"],"picked":"Deadly Poison","floor":2.0},{"not_picked":["Slice","Finisher"],"picked":"Die Die Die","floor":3.0}],"player_experience":1344425,"relics_obtained":[],"event_choices":[{"damage_healed":0,"gold_gain":0,"player_choice":"Take Wound","damage_taken":0,"relics_obtained":["Golden Idol"],"max_hp_gain":0,"max_hp_loss":0,"event_name":"Golden Idol","floor":4,"gold_loss":0,"cards_obtained":["Injury"]}],"is_beta":false,"boss_relics":[],"items_purged_floors":[],"is_endless":false,"potions_floor_spawned":[2,3],"killed_by":"Lagavulin","ascension_level":20}}