{"host":"5ddwedapke4fsx0r","time":1610745898,"event":{"mods":["BaseMod","Better Third Choice","Downfall","Infinite Spire","Minty Spire (QoL Compilation)","Replay The Spire","Shade Mod","StSLib","The Cursed","The Servant 0.9.4"],"gold_per_floor":[149,163,175,350,5,5,5,24,24,24,474,474,50,76,86,86,86,86],"floor_reached":16,"language":"ENG","playtime":1039,"items_purged":["Doubt"],"score":98,"play_id":"89eaa6dc-9294-436d-9406-e2799918b981","local_time":"20210115222458","is_ascension_mode":false,"campfire_choices":[{"floor":10,"key":"REST"},{"data":"champ:GladiatorStyle","floor":12,"key":"SMITH"}],"circlet_count":0,"master_deck":["champ:Strike","champ:Strike","champ:Strike","champ:Strike","champ:Defend","champ:Defend","champ:Defend","champ:Defend","champ:Execute","champ:Taunt","champ:GladiatorStyle+1","champ:FlashCut","champ:Riposte","champ:FlashCut","Slimebound:Icky","Slimebound:Icky","Slimebound:Icky","champ:SteelEdge","champ:LastStand","champ:BringItOn"],"relics":["champ:ChampionCrown","StrikeDummy","Mirror","Toy Ornithopter","infinitespire:EmpoweringShard","ReplayFunnel","Blood Vial"],"acts_visited":["Exordium"],"potions_floor_usage":[13,15],"damage_taken":[{"damage":0,"enemies":"2 Louse","floor":2,"turns":3},{"damage":13,"enemies":"Jaw Worm","floor":3,"turns":5},{"damage":10,"enemies":"downfall:FleeingMerchant","floor":5,"turns":4},{"damage":16,"enemies":"Cultist","floor":8,"turns":3},{"damage":15,"enemies":"downfall:FleeingMerchant","floor":13,"turns":4},{"damage":16,"enemies":"Replay:BlueRogue","floor":14,"turns":4},{"damage":9,"enemies":"Exordium Wildlife","floor":15,"turns":2},{"damage":32,"enemies":"downfall:Ironclad","floor":16,"turns":3}],"seed_played":"1092566690816648319","potions_obtained":[{"floor":8,"key":"ColorlessPotion"},{"floor":14,"key":"Toxic Potion"}],"is_trial":false,"path_per_floor":["R","M","M","?","$","?","T","M","?","R","?","R","$","E","M","B"],"character_chosen":"THE_CHAMP","items_purchased":["StrikeDummy","infinitespire:EmpoweringShard","ReplayFunnel"],"campfire_rested":1,"item_purchase_floors":[5,13,13],"current_hp_per_floor":[99,99,96,96,96,21,21,8,5,34,34,34,29,13,20,0,0,0],"gold":86,"neow_bonus":"TEN_PERCENT_HP_BONUS","is_daily":false,"chose_seed":false,"campfire_upgraded":1,"win_rate":0.0,"timestamp":1610745898,"path_taken":["R","M","M","?","$","?","T","?","?","R","?","R","$","E","M","BOSS"],"items_purchased_type":["Relic","Relic","Relic"],"build_version":"2020-12-22","purchased_purges":1,"victory":false,"max_hp_per_floor":[99,99,99,99,99,99,99,99,99,99,99,99,99,99,99,99,99,99],"card_choices":[{"not_picked":["champ:CalledShot","champ:BladeFlurry"],"picked":"champ:GladiatorStyle","floor":2},{"not_picked":["champ:GladiatorStyle","champ:GutPunch"],"picked":"champ:FlashCut","floor":3},{"not_picked":["champ:BerserkerStyle","champ:FocusedDefense"],"picked":"champ:Riposte","floor":5},{"not_picked":["champ:RecklessLeap","champ:TornadoPunch"],"picked":"champ:FlashCut","floor":8},{"not_picked":["champ:GladiatorStyle","champ:FocusedBerserking"],"picked":"champ:SteelEdge","floor":13},{"not_picked":["champ:Lariat","champ:DefensiveStyle"],"picked":"champ:LastStand","floor":14},{"not_picked":["champ:AdrenalArmor","champ:RisingSlash"],"picked":"champ:BringItOn","floor":15}],"player_experience":425383,"relics_obtained":[{"floor":7,"key":"Mirror"},{"floor":14,"key":"Blood Vial"}],"event_choices":[{"damage_healed":0,"gold_gain":0,"player_choice":"Relic ","damage_taken":3,"max_hp_gain":0,"max_hp_loss":0,"event_name":"betterThird:BetterScrap","floor":9,"gold_loss":0,"cards_obtained":["MasterReality"]}],"is_beta":false,"boss_relics":[],"items_purged_floors":[5],"is_endless":false,"potions_floor_spawned":[8,14],"killed_by":"downfall:Ironclad","ascension_level":0}}