{"host":"cny2hboix4qtzjgl","time":1610726748,"event":{"mods":["AchievementEnabler","BaseMod","Colored Map","Colored Powertips","Highlight Path","Minty Spire (QoL Compilation)","Relic Stats","Shop Mod","StSLib"],"gold_per_floor":[117,128,142,142,152,152,9,9,9,25,25,25,125,142,142,246,246,265,265,291,291,34,34,54,54,77,87,47,59,78,128,128,229,229,246,246,256,0,50,50,64,64,64],"floor_reached":42,"language":"ZHS","playtime":1287,"items_purged":[],"score":388,"play_id":"ed8b0e86-4901-41e1-af8e-342425b44ffe","local_time":"20210116000548","is_ascension_mode":false,"campfire_choices":[{"data":"Study","floor":6,"key":"SMITH"},{"data":"Prostrate","floor":8,"key":"SMITH"},{"data":"Worship","floor":12,"key":"SMITH"},{"data":"Ragnarok","floor":15,"key":"SMITH"},{"floor":23,"key":"REST"},{"floor":32,"key":"REST"},{"floor":40,"key":"REST"}],"circlet_count":0,"master_deck":["Strike_P+1","Strike_P+1","Strike_P","Strike_P+1","Defend_P","Defend_P","Defend_P","Defend_P","Eruption","Vigilance","BowlingBash","Worship+1","Study+1","Prostrate+1","FollowUp","Panacea","Worship+1","Ragnarok+1","ConjureBlade+1","ReachHeaven","Necronomicurse","Prostrate+1","CutThroughFate","Ragnarok+1","Establishment","LessonLearned","CutThroughFate+1","Scrawl+1"],"relics":["PureWater","Damaru","Juzu Bracelet","Anchor","Velvet Choker","Dream Catcher","Necronomicon","Toxic Egg 2","MealTicket","Sozu","Red Mask","Bird Faced Urn"],"acts_visited":["Exordium","TheCity","TheBeyond"],"potions_floor_usage":[16,16,24,33],"damage_taken":[{"damage":1,"enemies":"Jaw Worm","floor":1,"turns":4},{"damage":0,"enemies":"2 Louse","floor":2,"turns":2},{"damage":0,"enemies":"Cultist","floor":3,"turns":4},{"damage":28,"enemies":"Gremlin Gang","floor":5,"turns":5},{"damage":0,"enemies":"Red Slaver","floor":10,"turns":2},{"damage":1,"enemies":"Exordium Wildlife","floor":14,"turns":5},{"damage":19,"enemies":"Hexaghost","floor":16,"turns":7},{"damage":8,"enemies":"2 Thieves","floor":18,"turns":3},{"damage":5,"enemies":"Chosen","floor":24,"turns":4},{"damage":29,"enemies":"3 Cultists","floor":27,"turns":5},{"damage":0,"enemies":"Chosen and Byrds","floor":29,"turns":3},{"damage":0,"enemies":"Snecko","floor":30,"turns":2},{"damage":44,"enemies":"Automaton","floor":33,"turns":5},{"damage":13,"enemies":"Orb Walker","floor":35,"turns":3},{"damage":3,"enemies":"3 Darklings","floor":37,"turns":2},{"damage":21,"enemies":"Mind Bloom Boss Battle","floor":39,"turns":4},{"damage":17,"enemies":"4 Shapes","floor":41,"turns":3},{"damage":81,"enemies":"Giant Head","floor":42,"turns":5}],"seed_played":"8654534240651843362","potions_obtained":[{"floor":5,"key":"AttackPotion"},{"floor":10,"key":"Weak Potion"},{"floor":19,"key":"Fire Potion"},{"floor":19,"key":"FearPotion"},{"floor":19,"key":"Dexterity Potion"},{"floor":27,"key":"PowerPotion"},{"floor":29,"key":"BlessingOfTheForge"}],"is_trial":false,"path_per_floor":["M","M","M","?","M","R","$","R","T","M","?","R","?","M","R","B",null,"M","?","T","?","$","R","M","?","T","M","?","M","M","?","R","B",null,"M","?","M","?","?","R","M","E"],"character_chosen":"WATCHER","items_purchased":["Juzu Bracelet","Toxic Egg 2"],"campfire_rested":3,"item_purchase_floors":[7,22],"current_hp_per_floor":[71,71,71,57,29,29,29,29,29,29,29,29,29,28,28,9,72,64,64,64,48,48,69,64,64,64,35,35,35,35,35,56,12,72,59,59,56,56,35,55,40,0,0],"gold":64,"neow_bonus":"RANDOM_COMMON_RELIC","is_daily":false,"chose_seed":false,"campfire_upgraded":4,"win_rate":0.0,"timestamp":1610726748,"path_taken":["M","M","M","?","M","R","$","R","T","M","?","R","?","M","R","BOSS","M","?","?","?","$","R","M","?","T","M","?","M","M","?","R","BOSS","M","?","M","?","?","R","M","E"],"items_purchased_type":["Relic","Relic"],"build_version":"2020-12-22","purchased_purges":0,"victory":false,"max_hp_per_floor":[72,72,72,72,72,72,72,72,72,72,72,72,72,72,72,72,72,72,72,72,72,72,72,72,72,72,72,72,72,72,72,72,72,72,72,68,68,68,68,68,68,68,68],"relic_stats":{"Sozu":2,"Dream Catcher":3,"counters":[18,68],"Bird Faced Urn":[6],"MealTicket":0,"Juzu Bracelet":5,"Necronomicon":[22],"obtain_stats":[{"Sozu":34,"Anchor":9,"Dream Catcher":20,"Bird Faced Urn":39,"Damaru":0,"Velvet Choker":17,"MealTicket":26,"Juzu Bracelet":7,"Necronomicon":21,"Red Mask":38,"PureWater":0,"Toxic Egg 2":22},{"Sozu":13,"Anchor":4,"Dream Catcher":8,"Bird Faced Urn":16,"Damaru":0,"Velvet Choker":7,"MealTicket":9,"Juzu Bracelet":4,"Necronomicon":8,"Red Mask":15,"PureWater":0,"Toxic Egg 2":8},{"Sozu":51,"Anchor":15,"Dream Catcher":32,"Bird Faced Urn":60,"Damaru":0,"Velvet Choker":29,"MealTicket":36,"Juzu Bracelet":15,"Necronomicon":32,"Red Mask":56,"PureWater":0,"Toxic Egg 2":32}]},"card_choices":[{"not_picked":["JustLucky","Vengeance"],"picked":"BowlingBash","floor":1},{"not_picked":["Wireheading","Evaluate"],"picked":"Worship","floor":2},{"not_picked":["JustLucky","Crescendo"],"picked":"Study","floor":3},{"not_picked":["JustLucky","Consecrate"],"picked":"Prostrate","floor":5},{"not_picked":["EmptyBody","Halt"],"picked":"FollowUp","floor":10},{"not_picked":["Evaluate","FlyingSleeves"],"picked":"Ragnarok","floor":14},{"not_picked":["Judgement","Omniscience"],"picked":"ConjureBlade","floor":16},{"not_picked":["Consecrate+1","FollowUp"],"picked":"ReachHeaven","floor":18},{"not_picked":["FlurryOfBlows","FearNoEvil"],"picked":"Prostrate+1","floor":23},{"not_picked":["SashWhip","BowlingBash"],"picked":"CutThroughFate","floor":24},{"not_picked":["CarveReality","FollowUp+1","Protect+1"],"picked":"SKIP","floor":27},{"not_picked":["SignatureMove","ClearTheMind+1","SandsOfTime"],"picked":"SKIP","floor":29},{"not_picked":["ClearTheMind+1","FollowUp+1"],"picked":"Establishment","floor":30},{"not_picked":["SpiritShield+1","DevaForm"],"picked":"LessonLearned","floor":33},{"not_picked":["ThirdEye+1","PathToVictory+1","Crescendo+1"],"picked":"SKIP","floor":35},{"not_picked":["FlyingSleeves","Consecrate+1","SashWhip+1"],"picked":"SKIP","floor":37},{"not_picked":["SashWhip+1","EmptyBody+1"],"picked":"CutThroughFate+1","floor":39},{"not_picked":["ThirdEye+1","BowlingBash"],"picked":"Scrawl+1","floor":41}],"player_experience":97423,"relics_obtained":[{"floor":9,"key":"Anchor"},{"floor":20,"key":"Dream Catcher"},{"floor":21,"key":"Necronomicon"},{"floor":26,"key":"MealTicket"},{"floor":39,"key":"Bird Faced Urn"}],"event_choices":[{"damage_healed":0,"gold_gain":0,"player_choice":"Entered Light","damage_taken":14,"max_hp_gain":0,"max_hp_loss":0,"event_name":"Shining Light","floor":4,"gold_loss":0,"cards_upgraded":["Strike_P","Worship"]},{"damage_healed":0,"gold_gain":0,"player_choice":"2 cards matched","damage_taken":0,"max_hp_gain":0,"max_hp_loss":0,"event_name":"Match and Keep!","floor":11,"gold_loss":0,"cards_obtained":["Panacea","Worship"]},{"damage_healed":0,"gold_gain":100,"player_choice":"Pray","damage_taken":0,"max_hp_gain":0,"max_hp_loss":0,"event_name":"Golden Shrine","floor":13,"gold_loss":0},{"damage_healed":0,"gold_gain":0,"player_choice":"Got Potions","damage_taken":0,"max_hp_gain":0,"max_hp_loss":0,"event_name":"Lab","floor":19,"gold_loss":0},{"damage_healed":0,"gold_gain":0,"player_choice":"Obtained Book","damage_taken":16,"max_hp_gain":0,"max_hp_loss":0,"event_name":"Cursed Tome","floor":21,"gold_loss":0},{"damage_healed":0,"gold_gain":0,"player_choice":"Copied","damage_taken":0,"max_hp_gain":0,"max_hp_loss":0,"event_name":"Duplicator","floor":25,"gold_loss":0,"cards_obtained":["Ragnarok"]},{"damage_healed":0,"gold_gain":0,"player_choice":"Upgraded Two","damage_taken":0,"max_hp_gain":0,"max_hp_loss":0,"event_name":"Designer","floor":28,"gold_loss":40,"cards_upgraded":["Strike_P","ConjureBlade"]},{"damage_healed":0,"gold_gain":100,"player_choice":"Bet on Murderer","damage_taken":0,"max_hp_gain":0,"max_hp_loss":0,"event_name":"The Joust","floor":31,"gold_loss":50},{"damage_healed":0,"gold_gain":0,"player_choice":"Max HP","damage_taken":0,"max_hp_gain":0,"max_hp_loss":4,"event_name":"Winding Halls","floor":36,"gold_loss":0},{"damage_healed":0,"gold_gain":0,"player_choice":"Paid","damage_taken":0,"relics_obtained":["Red Mask"],"max_hp_gain":0,"max_hp_loss":0,"event_name":"Tomb of Lord Red Mask","floor":38,"gold_loss":256},{"damage_healed":0,"gold_gain":0,"player_choice":"Fight","damage_taken":0,"max_hp_gain":0,"max_hp_loss":0,"event_name":"MindBloom","floor":39,"gold_loss":0}],"is_beta":false,"boss_relics":[{"not_picked":["Runic Pyramid","Runic Dome"],"picked":"Velvet Choker"},{"not_picked":["VioletLotus","Black Star"],"picked":"Sozu"}],"items_purged_floors":[],"is_endless":false,"potions_floor_spawned":[5,10,27,29,35,37],"killed_by":"Giant Head","ascension_level":0}}