{"host":"qksop9n5mnq4zoi8","time":1610742838,"event":{"mods":["Act Like it!","BaseMod","BetterRewards","Downfall","GifTheSpireLib","Highlight Path","Hubris","Minty Spire (QoL Compilation)","Replay The Spire","Shop Mod","StSLib","The Bladedancer","The Gatherer","The Hierophant","The Runesmith"],"gold_per_floor":[113,131,131,151,67,95,107,141,167,167,167,183,244,244,254,272,272,272,272],"floor_reached":18,"playtime":1982,"items_purged":[],"score":126,"play_id":"86327893-3a99-45db-8184-70139c5c121b","local_time":"20210115183358","is_ascension_mode":false,"campfire_choices":[{"data":"blademaster:EyeOfTheStorm","floor":17,"key":"SMITH"}],"circlet_count":0,"master_deck":["blademaster:Strike","blademaster:Strike+1","blademaster:Strike","blademaster:Strike","blademaster:Defend","blademaster:Defend","blademaster:Defend","blademaster:Defend","blademaster:RagingBlow+1","blademaster:HighVoltage","Finesse","blademaster:EyeOfTheStorm+1","blademaster:Thrust","blademaster:ThunderSlash","blademaster:Safeguard","blademaster:AspectOfLightning","blademaster:Blockade","blademaster:ParryingStrike","blademaster:BladeMastery+1","blademaster:AspectOfLightning","blademaster:Havoc"],"relics":["blademaster:DancersAmulet","Whetstone","Orichalcum"],"acts_visited":["Exordium"],"potions_floor_usage":[4,6,8],"damage_taken":[{"damage":0,"enemies":"Small Slimes","floor":1,"turns":4},{"damage":0,"enemies":"2 Louse","floor":2,"turns":3},{"damage":0,"enemies":"Cultist","floor":4,"turns":5},{"damage":8,"enemies":"3 Louse","floor":5,"turns":3},{"damage":43,"enemies":"Gremlin Nob","floor":6,"turns":6},{"damage":0,"enemies":"Large Slime","floor":7,"turns":3},{"damage":10,"enemies":"Lagavulin","floor":8,"turns":10},{"damage":2,"enemies":"2 Fungi Beasts","floor":12,"turns":3},{"damage":5,"enemies":"Looter","floor":15,"turns":4},{"damage":25,"enemies":"Exordium Thugs","floor":16,"turns":6},{"damage":13,"enemies":"The Guardian","floor":18,"turns":5}],"seed_played":"8151480709331718478","potions_obtained":[{"floor":2,"key":"Strength Potion"},{"floor":4,"key":"Dexterity Potion"},{"floor":7,"key":"hexamod:EctoCoolerPotion"},{"floor":8,"key":"Explosive Potion"}],"is_trial":false,"path_per_floor":["M","M","?","M","M","E","M","E","T","PTL","PTL","M","?","?","M","M","R","B"],"character_chosen":"THE_BLADEMASTER","items_purchased":[],"campfire_rested":0,"item_purchase_floors":[],"current_hp_per_floor":[75,75,75,75,67,24,30,26,26,26,26,30,30,30,31,12,12,0,0],"gold":272,"neow_bonus":"RANDOM_COLORLESS","is_daily":false,"chose_seed":false,"campfire_upgraded":1,"win_rate":0.0,"timestamp":1610742838,"path_taken":["M","M","?","M","M","E","M","E","T","PTL","PTL","M","?","?","M","?","R","BOSS"],"items_purchased_type":[],"build_version":"2020-12-22","purchased_purges":0,"victory":false,"max_hp_per_floor":[75,75,75,75,75,75,75,75,75,75,75,75,75,75,75,75,75,75,75],"card_choices":[{"not_picked":["expansioncontent:AwakenDeath","expansioncontent:DonusPower"],"picked":"Finesse","floor":0},{"not_picked":["blademaster:FuriousStrike","blademaster:DragonStrike"],"picked":"blademaster:EyeOfTheStorm","floor":1},{"not_picked":["blademaster:WindSlash","blademaster:Sunder"],"picked":"blademaster:Thrust","floor":2},{"not_picked":["blademaster:ParryingStrike","blademaster:EyeOfTheStorm"],"picked":"blademaster:ThunderSlash","floor":4},{"not_picked":["blademaster:Quickstep","blademaster:IcyWind"],"picked":"blademaster:Safeguard","floor":5},{"not_picked":["blademaster:SlyStabs","blademaster:Rupture"],"picked":"blademaster:AspectOfLightning","floor":6},{"not_picked":["blademaster:SlyStabs","blademaster:ThreePointStrike"],"picked":"blademaster:Blockade","floor":7},{"not_picked":["blademaster:BladeCross","blademaster:BrainBloom"],"picked":"blademaster:ParryingStrike","floor":8},{"not_picked":["blademaster:Meditate","blademaster:CullingStrike"],"picked":"blademaster:BladeMastery","floor":12},{"not_picked":["blademaster:SlyStabs","blademaster:AirSlash"],"picked":"blademaster:AspectOfLightning","floor":15},{"not_picked":["blademaster:DaggerAndCloak","blademaster:ThunderSlash"],"picked":"blademaster:Havoc","floor":16}],"player_experience":299316,"relics_obtained":[{"floor":6,"key":"Whetstone"},{"floor":6,"key":"blademaster:StanceHealPerk"},{"floor":8,"key":"Orichalcum"},{"floor":8,"key":"blademaster:StrongPerk"}],"event_choices":[{"damage_healed":0,"gold_gain":61,"player_choice":"Gained Gold","damage_taken":0,"max_hp_gain":0,"max_hp_loss":0,"event_name":"Golden Wing","floor":13,"gold_loss":0},{"damage_healed":0,"gold_gain":0,"player_choice":"Upgraded","damage_taken":0,"max_hp_gain":0,"max_hp_loss":0,"event_name":"Upgrade Shrine","floor":14,"gold_loss":0,"cards_upgraded":["blademaster:BladeMastery"]}],"is_beta":false,"boss_relics":[],"items_purged_floors":[],"is_endless":false,"potions_floor_spawned":[2,4,7,8],"killed_by":"The Guardian","ascension_level":0}}