{"host":"idjwbq71yrpkph1r","time":1610739383,"event":{"mods":["Alarm Clock","BaseMod","Better Third Choice","Block Reminder","Colored Powertips","Conspire","Hubris","Minty Spire (QoL Compilation)","Rare Cards Sparkle","StSLib","The Blue Laboratory","Waifu the Spire","everything is the same but u backflip on backflip","slay the spire mod where everything is the same but ironclad has a cowboy hat"],"gold_per_floor":[115,33,46,46,46,78,28,43,43,0,0,25,25,25,25,129,129,140,153,170,170,186,212,212,222,222,236,236,236,236,253,253,356,356,367,87,104,104,120,120,145,145,169,180,230,140,157,173,173,173,173,173,73,102,102,102],"floor_reached":55,"language":"ENG","playtime":5489,"items_purged":["Strike_R","Strike_R"],"score":752,"play_id":"646969bb-dbaa-491a-95c2-5a90fe83de1b","local_time":"20210115203623","is_ascension_mode":false,"campfire_choices":[{"data":"Rampage","floor":13.0,"key":"SMITH"},{"data":"hubris:SharpeningStone","floor":15.0,"key":"SMITH"},{"floor":28.0,"key":"REST"},{"floor":32.0,"key":"REST"},{"floor":40.0,"key":"REST"},{"floor":49.0,"key":"RECALL"},{"data":"Metamorphosis","floor":52.0,"key":"SMITH"}],"circlet_count":0,"master_deck":["Strike_R","Strike_R","Strike_R","Defend_R","Defend_R","Defend_R","Iron Wave+1","Flash of Steel","Iron Wave","Rampage+1","hubris:ReadiedAction","Iron Wave","Chrysalis+1","Apotheosis+1","Metallicize+1","Iron Wave","Sword Boomerang+1","Infernal Blade+1","Iron Wave","Double Tap","Iron Wave","Metallicize","Metamorphosis+1","Dark Embrace+1","Metallicize+1","Flex+1","Body Slam+1"],"relics":["Burning Blood","NeowsBlessing","hubris:Towel","PreservedInsect","HornCleat","Champion Belt","Astrolabe","Vajra","Calipers","hubris:BundleOfHerbs","conspire:SlowCooker","hubris:PeanutButter","Oddly Smooth Stone","Pocketwatch","CaptainsWheel"],"acts_visited":["Exordium","TheCity","TheBeyond","TheEnding"],"potions_floor_usage":[55,55,55],"damage_taken":[{"damage":0.0,"enemies":"2 Louse","floor":1.0,"turns":1.0},{"damage":0.0,"enemies":"Small Slimes","floor":3.0,"turns":1.0},{"damage":0.0,"enemies":"Lagavulin","floor":6.0,"turns":1.0},{"damage":6.0,"enemies":"Jaw Worm","floor":8.0,"turns":4.0},{"damage":10.0,"enemies":"Gremlin Nob","floor":12.0,"turns":5.0},{"damage":73.0,"enemies":"The Guardian","floor":16.0,"turns":14.0},{"damage":13.0,"enemies":"3 Byrds","floor":18.0,"turns":10.0},{"damage":25.0,"enemies":"conspire:FuzzyDice","floor":19.0,"turns":8.0},{"damage":11.0,"enemies":"Snecko","floor":20.0,"turns":7.0},{"damage":11.0,"enemies":"Snake Plant","floor":22.0,"turns":7.0},{"damage":68.0,"enemies":"Gremlin Leader","floor":23.0,"turns":10.0},{"damage":6.0,"enemies":"Centurion and Healer","floor":25.0,"turns":7.0},{"damage":25.0,"enemies":"Cultist and Chosen","floor":27.0,"turns":9.0},{"damage":17.0,"enemies":"Shelled Parasite and Fungi","floor":31.0,"turns":5.0},{"damage":9.0,"enemies":"Champ","floor":33.0,"turns":14.0},{"damage":11.0,"enemies":"Orb Walker","floor":35.0,"turns":5.0},{"damage":32.0,"enemies":"3 Shapes","floor":37.0,"turns":4.0},{"damage":36.0,"enemies":"Transient","floor":39.0,"turns":5.0},{"damage":14.0,"enemies":"Nemesis","floor":41.0,"turns":9.0},{"damage":18.0,"enemies":"Spire Growth","floor":44.0,"turns":8.0},{"damage":5.0,"enemies":"Mind Bloom Boss Battle","floor":45.0,"turns":8.0},{"damage":13.0,"enemies":"Sphere and 2 Shapes","floor":47.0,"turns":10.0},{"damage":22.0,"enemies":"Jaw Worm Horde","floor":48.0,"turns":8.0},{"damage":100.0,"enemies":"Donu and Deca","floor":50.0,"turns":11.0},{"damage":60.0,"enemies":"Shield and Spear","floor":54.0,"turns":9.0},{"damage":54,"enemies":"The Heart","floor":55,"turns":5}],"seed_played":"5329846489412860629","potions_obtained":[{"floor":8.0,"key":"blueLaboratory:RecallPotion"},{"floor":12.0,"key":"Regen Potion"},{"floor":16.0,"key":"blueLaboratory:Moonshine"},{"floor":27.0,"key":"PowerPotion"},{"floor":31.0,"key":"FairyPotion"},{"floor":33.0,"key":"BlessingOfTheForge"},{"floor":41.0,"key":"Dexterity Potion"},{"floor":47.0,"key":"blueLaboratory:EntrenchedPotion"},{"floor":54.0,"key":"Strength Potion"}],"is_trial":false,"path_per_floor":["M","$","M","?","?","E","?","M","T","?","?","E","R","$","R","B",null,"M","M","M","?","M","E","?","M","T","M","R","T","?","M","R","B",null,"M","$","M","?","M","R","E","?","T","M","?","?","M","M","R","B",null,"R","$","E","B"],"character_chosen":"IRONCLAD","items_purchased":["Flash of Steel","Metallicize","Metamorphosis"],"campfire_rested":3,"item_purchase_floors":[2,36,36],"current_hp_per_floor":[80,80,80,80,80,80,80,80,80,86,86,82,82,82,82,15,86,79,60,55,86,81,19,19,34,34,15,40,40,40,29,54,51,86,81,81,55,77,62,86,78,78,78,66,67,67,81,65,65,7,86,86,86,52,0,0],"gold":102,"neow_bonus":"THREE_ENEMY_KILL","is_daily":false,"chose_seed":false,"campfire_upgraded":3,"win_rate":0.0,"timestamp":1610739383,"path_taken":["M","$","M","?","?","E","?","M","T","?","?","E","R","$","R","BOSS","M","M","?","?","?","E","?","M","T","M","R","?","?","M","R","BOSS","M","$","M","?","M","R","E","?","T","?","?","?","?","M","R","BOSS","R","$","E","BOSS"],"items_purchased_type":["Card","Card","Card"],"build_version":"2020-12-22","purchased_purges":2,"victory":false,"max_hp_per_floor":[80,80,80,80,80,80,80,80,80,86,86,86,86,86,86,86,86,86,86,86,86,86,86,86,86,86,86,86,86,86,86,86,86,86,86,86,86,86,86,86,86,86,86,86,86,86,86,86,86,86,86,86,86,86,86,86],"card_choices":[{"not_picked":["Twin Strike","Heavy Blade"],"picked":"Iron Wave","floor":1.0},{"not_picked":["Searing Blow","Metallicize"],"picked":"hubris:SharpeningStone","floor":3.0},{"not_picked":["Flame Barrier","Clothesline"],"picked":"Rampage","floor":6.0},{"not_picked":["Inflame","Armaments"],"picked":"hubris:ReadiedAction","floor":8.0},{"not_picked":["Clothesline","Brutality"],"picked":"Iron Wave","floor":12.0},{"not_picked":["Offering","Reaper"],"picked":"Bludgeon","floor":16.0},{"not_picked":["Twin Strike+1","Warcry","Exhume"],"picked":"SKIP","floor":18.0},{"not_picked":["Havoc","Wild Strike"],"picked":"Iron Wave","floor":19.0},{"not_picked":["Wild Strike","hubris:ReadiedAction"],"picked":"Sword Boomerang+1","floor":20.0},{"not_picked":["hubris:ReadiedAction","Clothesline"],"picked":"Infernal Blade+1","floor":22.0},{"not_picked":["Anger","Seeing Red","hubris:SharpeningStone+1"],"picked":"SKIP","floor":23.0},{"not_picked":["Anger","Thunderclap"],"picked":"Iron Wave","floor":25.0},{"not_picked":["Clash","Shrug It Off"],"picked":"Double Tap","floor":27.0},{"not_picked":["Clothesline","Anger+1"],"picked":"Iron Wave","floor":31.0},{"not_picked":["Rage+1","Armaments+1","Battle Trance+1"],"picked":"SKIP","floor":35.0},{"not_picked":["Flame Barrier","Whirlwind+1","Rage"],"picked":"SKIP","floor":37.0},{"not_picked":["Flame Barrier+1","Warcry"],"picked":"Dark Embrace+1","floor":39.0},{"not_picked":["Wild Strike","Inflame+1"],"picked":"Metallicize+1","floor":41.0},{"not_picked":["Twin Strike+1","Sword Boomerang","Flame Barrier+1"],"picked":"SKIP","floor":44.0},{"not_picked":["Intimidate+1","Cleave"],"picked":"Flex+1","floor":45.0},{"not_picked":["Heavy Blade+1","Perfected Strike","Anger+1"],"picked":"SKIP","floor":47.0},{"not_picked":["Armaments+1","Reckless Charge"],"picked":"Body Slam+1","floor":48.0},{"not_picked":["Dual Wield+1","conspire:ExplosiveBarrier","Cleave+1"],"picked":"SKIP","floor":54.0}],"player_experience":202940,"relics_obtained":[{"floor":6.0,"key":"PreservedInsect"},{"floor":9.0,"key":"HornCleat"},{"floor":12.0,"key":"Champion Belt"},{"floor":23.0,"key":"Vajra"},{"floor":29.0,"key":"Calipers"},{"floor":41.0,"key":"hubris:PeanutButter"},{"floor":43.0,"key":"Oddly Smooth Stone"},{"floor":45.0,"key":"Pocketwatch"},{"floor":54.0,"key":"CaptainsWheel"}],"event_choices":[{"cards_removed":["Bash"],"damage_healed":0.0,"max_hp_gain":0.0,"max_hp_loss":0.0,"gold_gain":0.0,"event_name":"The Cleric","player_choice":"Card Removal","floor":7.0,"gold_loss":50.0,"damage_taken":0.0},{"damage_healed":0.0,"max_hp_gain":0.0,"max_hp_loss":0.0,"gold_gain":0.0,"event_name":"betterThird:BetterSerpent","player_choice":"RENOUNCE","floor":10.0,"gold_loss":43.0,"damage_taken":43.0,"cards_obtained":["Enlightenment"]},{"damage_healed":0.0,"max_hp_gain":0.0,"max_hp_loss":0.0,"gold_gain":0.0,"event_name":"Match and Keep!","player_choice":"1 cards matched","floor":11.0,"gold_loss":0.0,"damage_taken":0.0,"cards_obtained":["Mind Blast"]},{"cards_removed":["hubris:SharpeningStone"],"damage_healed":31.0,"max_hp_gain":0.0,"max_hp_loss":0.0,"gold_gain":0.0,"event_name":"Bonfire Elementals","player_choice":"Offered Uncommon","floor":21.0,"gold_loss":0.0,"damage_taken":0.0},{"damage_healed":0.0,"max_hp_gain":0.0,"max_hp_loss":0.0,"gold_gain":0.0,"event_name":"conspire:Investor","player_choice":"Leave","floor":24.0,"gold_loss":0.0,"damage_taken":0.0},{"damage_healed":0.0,"max_hp_gain":0.0,"max_hp_loss":0.0,"gold_gain":0.0,"event_name":"WeMeetAgain","player_choice":"Gave Potion","floor":30.0,"gold_loss":0.0,"damage_taken":0.0,"relics_obtained":["hubris:BundleOfHerbs"]},{"damage_healed":22.0,"max_hp_gain":0.0,"max_hp_loss":0.0,"gold_gain":0.0,"event_name":"Winding Halls","player_choice":"Writhe","floor":38.0,"gold_loss":0.0,"damage_taken":0.0,"cards_obtained":["Writhe"]},{"cards_removed":["Defend_R"],"damage_healed":0.0,"max_hp_gain":0.0,"max_hp_loss":0.0,"gold_gain":0.0,"event_name":"Falling","player_choice":"Removed Skill","floor":42.0,"gold_loss":0.0,"damage_taken":0.0},{"damage_healed":0.0,"max_hp_gain":0.0,"max_hp_loss":0.0,"gold_gain":0.0,"event_name":"MindBloom","player_choice":"Fight","floor":45.0,"gold_loss":0.0,"damage_taken":0.0},{"cards_removed":["Writhe"],"damage_healed":0.0,"max_hp_gain":0.0,"max_hp_loss":0.0,"gold_gain":0.0,"event_name":"Designer","player_choice":"Upgrade and Remove","floor":46.0,"gold_loss":90.0,"damage_taken":0.0,"cards_upgraded":["Iron Wave"]}],"is_beta":false,"boss_relics":[{"not_picked":["Mark of Pain","hubris:VirtuousBlindfold"],"picked":"Astrolabe"},{"not_picked":["hubris:HollowSoul","Coffee Dripper"],"picked":"conspire:SlowCooker"}],"items_purged_floors":[36,53],"is_endless":false,"potions_floor_spawned":[8,12,16,20,27,31,33,39,41,47,54],"killed_by":"The Heart","ascension_level":0}}