{"host":"ci7cmvrwpmzqnw7e","time":1610749475,"event":{"mods":["BaseMod","BetterRewards","Colored Map","Downfall","Googly Eyes","GungeonMod","Highlight Path","Hubris","Infinite Spire","Minty Spire (QoL Compilation)","Random Character Button","Rare Cards Sparkle","Replay The Spire","Shop Mod","StSLib","The Cursed","The Disciple","The Hierophant"],"gold_per_floor":[112,112,127,127,52,52,78,78,101,121,121,139,39,54,54,171,171,183,199,199,215,215,232,198,198,198,198,231,231,266,278,278,385,385,395,407,407,119,134,134,134,134,182,182,182,210,225,225,225,327,327,327],"floor_reached":51,"language":"ENG","playtime":1836,"items_purged":["sneckomod:Bewildered","SwitchConfidence","TheCursedMod:Dregs"],"score":840,"play_id":"1b0cf670-0886-4204-8e0e-e1702394b805","local_time":"20210115152435","is_ascension_mode":false,"campfire_choices":[{"data":"TheCursedMod:CircleOfCorruption","floor":6,"key":"SMITH"},{"data":"ReplayTheSpireMod:Chaos Vortex","floor":8,"key":"SMITH"},{"floor":11,"key":"REST"},{"data":"TheCursedMod:CircleOfCorruption","floor":15,"key":"SMITH"},{"floor":25,"key":"RECALL"},{"data":"infinitespire:Collect","floor":32,"key":"SMITH"},{"data":"TheCursedMod:CursedSpellbook","floor":40,"key":"SMITH"},{"data":"TheCursedMod:SurpriseAttack","floor":42,"key":"SMITH"},{"data":"TheCursedMod:CursedSpellbook","floor":44,"key":"SMITH"},{"data":"infinitespire:FutureSight","floor":49,"key":"SMITH"}],"circlet_count":0,"master_deck":["TheCursedMod:Defend_TheCursed","TheCursedMod:Defend_TheCursed","TheCursedMod:Defend_TheCursed","TheCursedMod:CursedWand","TheCursedMod:CleanUpWorkshop","TheCursedMod:CircleOfCorruption+1","ReplayTheSpireMod:Chaos Vortex+1","TheCursedMod:AshesToAshes+1","TheCursedMod:SpitefulStrike","TheCursedMod:CircleOfFlame","TheCursedMod:CircleOfCorruption+1","TheCursedMod:CursedSpellbook+1","TheCursedMod:SurpriseAttack+1","TheCursedMod:CircleOfWindfury","infinitespire:FutureSight+1","infinitespire:Collect+1","TheCursedMod:CircleOfCorruption+1","TheCursedMod:CursedSpellbook+1","TheCursedMod:SurpriseAttack"],"relics":["Empty Cage","infinitespire:Midas Blood","Regal Pillow","Replay:Drink Me","hubris:Icosahedron","DemoMod:GlassGuonStoneRelic","Iron Hammer","ReplayTheSpireMod:Ring of Exchange","ReplayTheSpireMod:Ring of Addiction","Chameleon Ring","hubris:EmptyBottle","DemoMod:MonsterBlood","infinitespire:Golems Mask","Toy Ornithopter","Membership Card","TungstenRod","Medical Kit","infinitespire:Satchel","DemoMod:PoisonVial","ReplayTheSpireMod:Lightbulb"],"acts_visited":["Exordium","TheCity","TheBeyond","Exordium"],"potions_floor_usage":[16],"damage_taken":[{"damage":0,"enemies":"Small Slimes","floor":1,"turns":4},{"damage":5,"enemies":"Jaw Worm","floor":3,"turns":4},{"damage":26,"enemies":"3 Sentries","floor":7,"turns":10},{"damage":0,"enemies":"Cultist","floor":10,"turns":2},{"damage":0,"enemies":"Gremlin Gang","floor":12,"turns":3},{"damage":0,"enemies":"Exordium Wildlife","floor":14,"turns":3},{"damage":38,"enemies":"Hexaghost","floor":16,"turns":8},{"damage":0,"enemies":"Spheric Guardian","floor":18,"turns":2},{"damage":3,"enemies":"Shell Parasite","floor":19,"turns":4},{"damage":0,"enemies":"Snake Plant","floor":21,"turns":2},{"damage":5,"enemies":"Centurion and Healer","floor":23,"turns":2},{"damage":0,"enemies":"Snecko","floor":24,"turns":2},{"damage":0,"enemies":"Nightmare","floor":28,"turns":4},{"damage":0,"enemies":"Slavers","floor":30,"turns":1},{"damage":0,"enemies":"Cultist and Chosen","floor":31,"turns":1},{"damage":1,"enemies":"Automaton","floor":33,"turns":2},{"damage":0,"enemies":"3 Shapes","floor":35,"turns":1},{"damage":0,"enemies":"3 Darklings","floor":36,"turns":1},{"damage":0,"enemies":"4 Shapes","floor":39,"turns":1},{"damage":0,"enemies":"Reptomancer","floor":46,"turns":1},{"damage":0,"enemies":"Sphere and 2 Shapes","floor":47,"turns":1},{"damage":0,"enemies":"Time Eater","floor":50,"turns":3}],"seed_played":"4379578857819670226","potions_obtained":[{"floor":1,"key":"champ:CounterPotion"},{"floor":3,"key":"Adrenaline Potion"},{"floor":18,"key":"DemoMod:LeadSkinPotion"},{"floor":21,"key":"SteroidPotion"},{"floor":24,"key":"Dexterity Potion"},{"floor":27,"key":"DuplicationPotion"}],"is_trial":false,"path_per_floor":["M","?","M","?","$","R","E","R","T","M","R","M","$","M","R","B",null,"M","M","?","M","T","M","M","R","T","?","NM","AVR","E","M","R","B",null,"M","M","?","$","M","R","?","R","T","R","?","E","M","T","R","B",null],"character_chosen":"THE_CURSED","items_purchased":["TungstenRod","Medical Kit"],"campfire_rested":1,"item_purchase_floors":[38,38],"current_hp_per_floor":[75,75,70,70,70,70,44,44,44,44,75,75,75,75,75,37,57,57,54,54,54,54,49,49,49,49,49,56,56,56,56,56,55,60,60,60,58,58,58,56,56,56,54,54,51,49,49,49,47,47,47,47],"gold":327,"neow_bonus":"BOSS_RELIC","is_daily":false,"chose_seed":false,"campfire_upgraded":8,"win_rate":0.0,"timestamp":1610749475,"path_taken":["M","?","M","?","$","R","E","R","T","M","R","M","$","?","R","BOSS","M","?","?","M","?","M","M","R","T","?","NM","AVR","E","M","R","BOSS","M","M","?","$","?","R","?","R","T","R","?","E","M","?","R","BOSS"],"items_purchased_type":["Relic","Relic"],"build_version":"2020-12-22","purchased_purges":3,"victory":false,"max_hp_per_floor":[75,75,75,75,75,75,75,75,75,75,75,75,75,75,75,75,57,57,57,57,57,57,57,57,57,57,57,64,64,64,62,62,62,60,60,60,58,58,58,56,56,56,54,54,51,49,49,49,47,47,47,47],"card_choices":[{"not_picked":["TheCursedMod:BloodBarrier","TheCursedMod:CursedSpellbook"],"picked":"TheCursedMod:CircleOfCorruption","floor":1},{"not_picked":["infinitespire:SealOfDarkness+","infinitespire:FinalStrike"],"picked":"ReplayTheSpireMod:Chaos Vortex","floor":2},{"not_picked":["TheCursedMod:Torture","TheCursedMod:CircleOfCorruption"],"picked":"TheCursedMod:AshesToAshes","floor":3},{"not_picked":["TheCursedMod:AshesToAshes","TheCursedMod:HellfireBreathing"],"picked":"TheCursedMod:SpitefulStrike","floor":7},{"not_picked":["TheCursedMod:AshesToAshes","TheCursedMod:Hemoplague","TheCursedMod:RavingStaff"],"picked":"SKIP","floor":10},{"not_picked":["TheCursedMod:PrepareRite","TheCursedMod:ParallelWorld"],"picked":"TheCursedMod:CircleOfFlame","floor":12},{"not_picked":["TheCursedMod:ReleasedKnowledge","TheCursedMod:RavingStaff"],"picked":"TheCursedMod:CircleOfCorruption","floor":14},{"not_picked":["TheCursedMod:CursedBlade","TheCursedMod:Stretching+1","TheCursedMod:FleshFromBone"],"picked":"SKIP","floor":18},{"not_picked":["TheCursedMod:Evocation","TheCursedMod:FuryStrike"],"picked":"TheCursedMod:CursedSpellbook","floor":19},{"not_picked":["TheCursedMod:SmokeScreen","TheCursedMod:HellsGateOpen"],"picked":"TheCursedMod:SurpriseAttack","floor":21},{"not_picked":["TheCursedMod:CircleOfFlame","TheCursedMod:FleshFromBone","TheCursedMod:CursedRelics"],"picked":"SKIP","floor":23},{"not_picked":["TheCursedMod:CircleOfCorruption","TheCursedMod:VitalStrike"],"picked":"TheCursedMod:CircleOfWindfury","floor":24},{"not_picked":["infinitespire:Gouge","ReplayTheSpireMod:Black Plague"],"picked":"infinitespire:FutureSight","floor":28},{"not_picked":["TheCursedMod:CursedBoomerang+1","TheCursedMod:CursedShiv","TheCursedMod:SoulCrush"],"picked":"SKIP","floor":28},{"not_picked":["TheCursedMod:RavingStaff","TheCursedMod:SoulReap","TheCursedMod:BlessingInDisguise+1"],"picked":"SKIP","floor":30},{"not_picked":["TheCursedMod:RavingStaff","TheCursedMod:Wield+1"],"picked":"TheCursedMod:CircleOfCorruption+1","floor":31},{"not_picked":["TheCursedMod:CursedBoomerang","TheCursedMod:VitalStrike"],"picked":"TheCursedMod:CursedSpellbook","floor":35},{"not_picked":["TheCursedMod:FuryStrike","TheCursedMod:CircleOfBlood","TheCursedMod:Obscuration+1"],"picked":"SKIP","floor":36},{"not_picked":["TheCursedMod:Mangle","TheCursedMod:SmokeScreen","TheCursedMod:CursedAmulet"],"picked":"SKIP","floor":39},{"not_picked":["TheCursedMod:UltimatePain","TheCursedMod:CursedShiv","TheCursedMod:Wield+1"],"picked":"SKIP","floor":46},{"not_picked":["TheCursedMod:CursedMace","TheCursedMod:HellfireBreathing","TheCursedMod:SurpriseAttack+1"],"picked":"SKIP","floor":47}],"player_experience":83421,"relics_obtained":[{"floor":7,"key":"infinitespire:Midas Blood"},{"floor":9,"key":"Regal Pillow"},{"floor":26,"key":"Iron Hammer"},{"floor":27,"key":"ReplayTheSpireMod:Ring of Exchange"},{"floor":27,"key":"ReplayTheSpireMod:Ring of Addiction"},{"floor":27,"key":"Chameleon Ring"},{"floor":27,"key":"hubris:EmptyBottle"},{"floor":28,"key":"DemoMod:MonsterBlood"},{"floor":30,"key":"Toy Ornithopter"},{"floor":43,"key":"infinitespire:Satchel"},{"floor":46,"key":"DemoMod:PoisonVial"},{"floor":48,"key":"ReplayTheSpireMod:Lightbulb"}],"event_choices":[{"damage_healed":0,"gold_gain":0,"player_choice":"Full Heal","damage_taken":0,"max_hp_gain":0,"max_hp_loss":0,"event_name":"Wheel of Change","floor":37,"gold_loss":0},{"damage_healed":0,"gold_gain":0,"player_choice":"Max HP","damage_taken":0,"max_hp_gain":0,"max_hp_loss":3,"event_name":"Winding Halls","floor":45,"gold_loss":0}],"is_beta":false,"boss_relics":[{"not_picked":["Kintsugi","Cursed Key"],"picked":"Replay:Drink Me"},{"not_picked":["ReplayTheSpireMod:DimensionalGlitch","ReplayTheSpireMod:ShopPack"],"picked":"Membership Card"},{"not_picked":["Snecko Eye","hubris:HerbalPaste","Velvet Choker"]}],"items_purged_floors":[5,13,38],"is_endless":true,"potions_floor_spawned":[1,3,18,21,24,30,31,33,39,46,47,50],"ascension_level":0}}