{"host":"sav7uxregyirlf69","time":1610705676,"event":{"mods":["AchievementEnabler","BaseMod","Colored Map","DeckTracker","Keyboard Shortcuts","Minty Spire (QoL Compilation)","READ ME - Guardian Mod","StSLib","SuperFastMode"],"gold_per_floor":[111,124,134,134,152,152,169,169,169,203,203,230,248,15,15,15,15],"floor_reached":16,"language":"KOR","playtime":322,"items_purged":["Strike_B"],"score":274,"play_id":"1bd98eff-df73-4b7c-a8c5-9b038d559d98","local_time":"20210115191436","is_ascension_mode":true,"campfire_choices":[{"floor":6,"key":"REST"},{"data":"Buffer","floor":8,"key":"SMITH"},{"data":"Rainbow","floor":15,"key":"SMITH"}],"circlet_count":0,"master_deck":["AscendersBane","Strike_B","Strike_B","Strike_B","Defend_B","Defend_B","Defend_B","Defend_B","Zap","Dualcast","Ball Lightning","Scrape","White Noise+1","Buffer+1","Ball Lightning","Rainbow+1","Go for the Eyes","Chill","Compile Driver"],"relics":["Cracked Core","PreservedInsect","White Beast Statue","Ornamental Fan","Prayer Wheel","Centennial Puzzle"],"acts_visited":["Exordium"],"potions_floor_usage":[10,12,16,16],"damage_taken":[{"damage":1,"enemies":"Cultist","floor":1,"turns":3},{"damage":7,"enemies":"2 Louse","floor":2,"turns":3},{"damage":10,"enemies":"Small Slimes","floor":3,"turns":3},{"damage":24,"enemies":"Exordium Wildlife","floor":5,"turns":6},{"damage":22,"enemies":"3 Louse","floor":7,"turns":4},{"damage":12,"enemies":"Gremlin Nob","floor":10,"turns":4},{"damage":0,"enemies":"Lagavulin","floor":12,"turns":5},{"damage":0,"enemies":"Red Slaver","floor":13,"turns":2},{"damage":12,"enemies":"Hexaghost","floor":16,"turns":9}],"seed_played":"-1401530031674131691","potions_obtained":[{"floor":5,"key":"Ancient Potion"},{"floor":10,"key":"SkillPotion"},{"floor":12,"key":"Block Potion"},{"floor":13,"key":"SkillPotion"}],"is_trial":false,"path_per_floor":["M","M","M","?","M","R","M","R","T","E","?","E","M","$","R","B"],"character_chosen":"DEFECT","items_purchased":["Centennial Puzzle"],"campfire_rested":1,"item_purchase_floors":[14],"current_hp_per_floor":[63,56,46,46,22,43,21,21,21,9,9,9,9,9,9,0,0],"gold":15,"neow_bonus":"RANDOM_COMMON_RELIC","is_daily":false,"chose_seed":false,"campfire_upgraded":2,"win_rate":0.0,"timestamp":1610705676,"path_taken":["M","M","M","?","?","R","M","R","T","E","?","E","M","$","R","BOSS"],"items_purchased_type":["Relic"],"build_version":"2020-12-22","purchased_purges":1,"victory":false,"max_hp_per_floor":[71,71,71,71,71,71,71,71,71,71,71,71,71,71,71,71,71],"card_choices":[{"not_picked":["Coolheaded","Go for the Eyes"],"picked":"Ball Lightning","floor":1},{"not_picked":["Turbo","Scrape","Steam"],"picked":"SKIP","floor":2},{"not_picked":["Turbo","Steam"],"picked":"Scrape","floor":2},{"not_picked":["Loop","Leap"],"picked":"White Noise","floor":3},{"not_picked":["Chaos","Heatsinks"],"picked":"Ball Lightning","floor":5},{"not_picked":["Barrage","Stack"],"picked":"Rainbow","floor":7},{"not_picked":["Coolheaded","Fusion"],"picked":"Go for the Eyes","floor":10},{"not_picked":["Cold Snap","Conserve Battery"],"picked":"Chill","floor":12},{"not_picked":["Auto Shields","Conserve Battery"],"picked":"Compile Driver","floor":13},{"not_picked":["Sweeping Beam","Force Field","Static Discharge"],"picked":"SKIP","floor":13}],"player_experience":1280647,"relics_obtained":[{"floor":9,"key":"White Beast Statue"},{"floor":10,"key":"Ornamental Fan"},{"floor":12,"key":"Prayer Wheel"}],"event_choices":[{"damage_healed":0,"gold_gain":0,"player_choice":"1 cards matched","damage_taken":0,"max_hp_gain":0,"max_hp_loss":0,"event_name":"Match and Keep!","floor":4,"gold_loss":0,"cards_obtained":["Buffer"]},{"damage_healed":0,"gold_gain":0,"player_choice":"Grow","damage_taken":0,"max_hp_gain":0,"max_hp_loss":0,"event_name":"Living Wall","floor":11,"gold_loss":0,"cards_upgraded":["White Noise"]}],"is_beta":false,"boss_relics":[],"items_purged_floors":[14],"is_endless":false,"potions_floor_spawned":[5,10,12,13],"killed_by":"Hexaghost","ascension_level":20}}