{"host":"byo4257mpp7krjml","time":1610748724,"event":{"mods":["BaseMod","Beaked The Cultist","Dio Mod","Downfall","Hermit","Infinite Spire","Minty Spire (QoL Compilation)","Replay The Spire","StSLib","The IronCluck"],"gold_per_floor":[117,128,143,143,153,153,172,201,256,269,269,269,300,300,320,349,349,444,544,562,572,572,589,601,601,561,561,561],"floor_reached":27,"language":"ENG","playtime":4091,"items_purged":[],"score":237,"play_id":"95257117-8e5f-4e28-b77c-50fa892b28d4","local_time":"20210115171204","is_ascension_mode":false,"campfire_choices":[{"data":"beaked:Evade","floor":6,"key":"SMITH"},{"data":"beaked:Evade","floor":17,"key":"SMITH"},{"data":"beaked:Ceremony","floor":25,"key":"SMITH"}],"circlet_count":0,"master_deck":["beaked:Strike_Y","beaked:Strike_Y","beaked:Strike_Y","beaked:Strike_Y","beaked:Strike_Y","beaked:Defend_Y","beaked:Defend_Y","beaked:Defend_Y","beaked:Defend_Y","beaked:Ceremony","beaked:Ceremony","beaked:Ceremony+1","beaked:TuckingFeathers+1","beaked:Evade+1","beaked:Insight","beaked:Brace+1","beaked:FeelMyPain","beaked:WarriorEssence","beaked:BraceForImpact","beaked:StunningBlow","beaked:Evade+1","beaked:WarriorEssence","beaked:VolatileMisfortune","beaked:Tweet","beaked:TuckingFeathers","beaked:CrazyRituals","beaked:CrazyRituals+1"],"relics":["beaked:MendingPlumage","WingedGreaves","ReplayFunnel","infinitespire:Eraser","Smiling Mask","Replay:Wanted Poster"],"acts_visited":["Exordium","TheCity"],"potions_floor_usage":[8,15,20,23,24],"damage_taken":[{"damage":14,"enemies":"2 Louse","floor":1,"turns":5},{"damage":12,"enemies":"Cultist","floor":2,"turns":6},{"damage":11,"enemies":"Jaw Worm","floor":3,"turns":7},{"damage":39,"enemies":"Lots of Slimes","floor":5,"turns":11},{"damage":14,"enemies":"2 Fungi Beasts","floor":7,"turns":6},{"damage":47,"enemies":"Gremlin Nob","floor":8,"turns":4},{"damage":23,"enemies":"Exordium Wildlife","floor":10,"turns":15},{"damage":40,"enemies":"3 Sentries","floor":13,"turns":9},{"damage":25,"enemies":"Large Slime","floor":15,"turns":11},{"damage":52,"enemies":"Gremlin Nob","floor":16,"turns":7},{"damage":31,"enemies":"Slime Boss","floor":18,"turns":10},{"damage":55,"enemies":"3 Byrds","floor":20,"turns":6},{"damage":23,"enemies":"Chosen","floor":21,"turns":7},{"damage":33,"enemies":"Shelled Parasite and Fungi","floor":23,"turns":5},{"damage":55,"enemies":"3 Cultists","floor":24,"turns":6},{"damage":38,"enemies":"Nightmare","floor":27,"turns":5}],"seed_played":"-3728161232989707900","potions_obtained":[{"floor":3,"key":"PowerPotion"},{"floor":8,"key":"LiquidBronze"},{"floor":13,"key":"Block Potion"},{"floor":15,"key":"champ:CounterPotion"},{"floor":16,"key":"Adrenaline Potion"},{"floor":20,"key":"DuplicationPotion"}],"is_trial":false,"path_per_floor":["M","M","M","?","M","R","M","E","T","M","PTL","PTL","E","?","M","E","R","B",null,"M","M","?","M","M","R","?","NM"],"character_chosen":"BEAKED_THE_CULTIST","items_purchased":[],"campfire_rested":0,"item_purchase_floors":[],"current_hp_per_floor":[51,54,54,54,55,55,55,13,13,34,34,34,25,25,42,12,12,24,55,27,31,31,31,23,23,23,0,0],"gold":561,"neow_bonus":"TEN_PERCENT_HP_BONUS","is_daily":false,"chose_seed":false,"campfire_upgraded":3,"win_rate":0.0,"timestamp":1610748724,"path_taken":["M","M","M","?","?","R","M","E","T","M","PTL","PTL","E","?","M","E","R","BOSS","M","M","?","?","M","R","?","NM"],"items_purchased_type":[],"build_version":"2020-12-22","purchased_purges":0,"victory":false,"max_hp_per_floor":[55,55,55,55,55,55,55,55,55,55,55,55,55,55,55,55,55,55,55,55,55,55,55,55,55,55,55,55],"card_choices":[{"not_picked":["beaked:Hexing","beaked:Insight"],"picked":"beaked:TuckingFeathers","floor":1},{"not_picked":["beaked:CursingBlood","beaked:Daydream"],"picked":"beaked:Evade","floor":2},{"not_picked":["beaked:BloodForTheGods","beaked:Mantra"],"picked":"beaked:Insight","floor":3},{"not_picked":["beaked:Negation","beaked:Cower"],"picked":"beaked:Brace","floor":5},{"not_picked":["beaked:BounceBack","beaked:BloodForTheGods"],"picked":"beaked:FeelMyPain","floor":7},{"not_picked":["beaked:BloodRitual","beaked:Evade"],"picked":"beaked:WarriorEssence","floor":8},{"not_picked":["beaked:RuinSticks","beaked:FeelMyPain"],"picked":"beaked:BraceForImpact","floor":10},{"not_picked":["beaked:Devastation","beaked:RuinSticks"],"picked":"beaked:StunningBlow","floor":13},{"not_picked":["beaked:HuntressSpirit","beaked:DesperateSwing"],"picked":"beaked:Evade","floor":15},{"not_picked":["beaked:FakeOut","beaked:SurvivalInstinct"],"picked":"beaked:WarriorEssence","floor":16},{"not_picked":["beaked:FakeOut","beaked:CheekyTricks"],"picked":"beaked:VolatileMisfortune","floor":18},{"not_picked":["beaked:Tradeoff","beaked:BloodForTheGods+1"],"picked":"beaked:Tweet","floor":20},{"not_picked":["beaked:SurvivalInstinct","beaked:Roost"],"picked":"beaked:TuckingFeathers","floor":21},{"not_picked":["beaked:Resilience","beaked:WarriorSpirit"],"picked":"beaked:CrazyRituals","floor":23},{"not_picked":["beaked:Poke","beaked:DigDeep+1"],"picked":"beaked:CrazyRituals","floor":24}],"player_experience":87715,"relics_obtained":[{"floor":8,"key":"WingedGreaves"},{"floor":9,"key":"ReplayFunnel"},{"floor":13,"key":"infinitespire:Eraser"},{"floor":16,"key":"Smiling Mask"}],"event_choices":[{"damage_healed":0,"gold_gain":0,"player_choice":"Upgraded","damage_taken":0,"max_hp_gain":0,"max_hp_loss":0,"event_name":"Upgrade Shrine","floor":4,"gold_loss":0,"cards_upgraded":["beaked:TuckingFeathers"]},{"cards_removed":["beaked:Strike_Y"],"damage_healed":0,"gold_gain":0,"player_choice":"Purged","damage_taken":0,"max_hp_gain":0,"max_hp_loss":0,"event_name":"Purifier","floor":14,"gold_loss":0},{"damage_healed":0,"gold_gain":0,"player_choice":"Upgraded","damage_taken":0,"max_hp_gain":0,"max_hp_loss":0,"event_name":"Upgrade Shrine","floor":22,"gold_loss":0,"cards_upgraded":["beaked:Brace"]},{"damage_healed":0,"gold_gain":0,"player_choice":"Upgrade","damage_taken":0,"max_hp_gain":0,"max_hp_loss":0,"event_name":"Designer","floor":26,"gold_loss":40,"cards_upgraded":["beaked:CrazyRituals"]}],"is_beta":false,"boss_relics":[{"not_picked":["SlaversCollar","beaked:FlawlessSticks"],"picked":"Replay:Wanted Poster"}],"items_purged_floors":[],"is_endless":false,"potions_floor_spawned":[3,8,13,15,16,18,20,21],"killed_by":"Nightmare","ascension_level":0}}