{"host":"59efrpl3ft1ymrg4","time":1610710494,"event":{"mods":["BaseMod","Infinite Spire","Minty Spire (QoL Compilation)","Replay The Spire","StSLib"],"gold_per_floor":[116,116,140,140,94,94,106,125,125,125,135,135,145,155,155,250,250,260,260,279,292,306,306,324,324,395,410,420,420,440,54,54,153,153,169,268,284,334,334,369,369,369,369,369,384,416,416,434,434,434],"floor_reached":51,"language":"ENG","playtime":5336,"items_purged":["Strike_P"],"score":673,"play_id":"76808b48-1755-4f2c-9bad-4e8767ec6676","local_time":"20210115113454","is_ascension_mode":false,"campfire_choices":[{"data":"Eruption","floor":6.0,"key":"SMITH"},{"data":"FlurryOfBlows","floor":10.0,"key":"SMITH"},{"data":"Crescendo","floor":12.0,"key":"SMITH"},{"data":"Indignation","floor":15.0,"key":"SMITH"},{"data":"DeusExMachina","floor":23.0,"key":"SMITH"},{"floor":29.0,"key":"REST"},{"floor":32.0,"key":"REST"},{"data":"Vault","floor":41.0,"key":"SMITH"},{"data":"Replay:Battleflow","floor":44.0,"key":"SMITH"},{"floor":49,"key":"REST"}],"circlet_count":0,"master_deck":["Defend_P","Defend_P","Defend_P","Eruption+1","Vigilance","FlurryOfBlows+1","Indignation+1","JustLucky","Crescendo+1","Adaptation+1","DeusExMachina+1","Indignation+1","BattleHymn+1","Adaptation+1","EmptyFist","FlurryOfBlows","Replay:Battleflow+1","Vault+1","Replay:Hum","FlurryOfBlows","Replay:Cycle+1","MentalFortress+1","infinitespire:UltimateForm+1","Sickly","ClearTheMind"],"relics":["Sizzling Blood","Bag of Preparation","infinitespire:Cubic Diamond","Happy Flower","Frozen Egg 2","Astrolabe","Enchiridion","infinitespire:ShieldingShard","Medical Kit","Letter Opener","Painkiller Herb","Torii","Sundial","ReplayTheSpireMod:Ring of Challenge","Pocketwatch"],"acts_visited":["Exordium","TheCity","TheBeyond"],"potions_floor_usage":[50,50],"damage_taken":[{"damage":0.0,"enemies":"Cultist","floor":1.0,"turns":2.0},{"damage":0.0,"enemies":"2 Louse","floor":7.0,"turns":2.0},{"damage":0.0,"enemies":"Small Slimes","floor":8.0,"turns":2.0},{"damage":2.0,"enemies":"Looter","floor":11.0,"turns":4.0},{"damage":6.0,"enemies":"3 Louse","floor":13.0,"turns":3.0},{"damage":0.0,"enemies":"Large Slime","floor":14.0,"turns":3.0},{"damage":0.0,"enemies":"Slime Boss","floor":16.0,"turns":6.0},{"damage":21.0,"enemies":"3 Byrds","floor":18.0,"turns":4.0},{"damage":8.0,"enemies":"Shell Parasite","floor":20.0,"turns":2.0},{"damage":0.0,"enemies":"Cultist and Chosen","floor":21.0,"turns":3.0},{"damage":5.0,"enemies":"Chosen and Byrds","floor":22.0,"turns":4.0},{"damage":8.0,"enemies":"Centurion and Healer","floor":24.0,"turns":3.0},{"damage":4.0,"enemies":"Shelled Parasite and Fungi","floor":27.0,"turns":3.0},{"damage":5.0,"enemies":"Cultist and Chosen","floor":28.0,"turns":3.0},{"damage":29.0,"enemies":"Snake Plant","floor":30.0,"turns":3.0},{"damage":18.0,"enemies":"Collector","floor":33.0,"turns":5.0},{"damage":7.0,"enemies":"Orb Walker","floor":35.0,"turns":4.0},{"damage":0.0,"enemies":"3 Darklings","floor":37.0,"turns":3.0},{"damage":4.0,"enemies":"Mind Bloom Boss Battle","floor":38.0,"turns":3.0},{"damage":7.0,"enemies":"R_Hoarder","floor":40.0,"turns":5.0},{"damage":12.0,"enemies":"Sphere and 2 Shapes","floor":45.0,"turns":4.0},{"damage":15.0,"enemies":"Spire Growth","floor":46.0,"turns":4.0},{"damage":21,"enemies":"4 Shapes","floor":48,"turns":4},{"damage":33,"enemies":"Donu and Deca","floor":50,"turns":6}],"seed_played":"1110510923036231957","potions_obtained":[{"floor":1.0,"key":"Fire Potion"},{"floor":8.0,"key":"Flashbang"},{"floor":13.0,"key":"Regen Potion"},{"floor":21.0,"key":"Swift Potion"},{"floor":27.0,"key":"FearPotion"},{"floor":28.0,"key":"Regen Potion"},{"floor":35.0,"key":"Energy Potion"},{"floor":40.0,"key":"Ambrosia"},{"floor":46.0,"key":"EssenceOfSteel"}],"is_trial":false,"path_per_floor":["M","?","T","?","$","R","M","M","T","R","M","R","M","M","R","B",null,"M","?","M","M","M","R","M","AVR","T","M","M","R","M","$","R","B",null,"?","?","?","?","AVR","E","T","?","T","T","?","?","?","?","T","B",null],"character_chosen":"WATCHER","items_purchased":["FlurryOfBlows","Medical Kit","Letter Opener"],"campfire_rested":3,"item_purchase_floors":[5,31,31],"current_hp_per_floor":[72,72,72,65,65,65,69,72,72,72,72,72,70,72,72,72,72,55,39,40,44,43,43,39,39,39,39,38,59,43,43,64,50,72,69,51,55,55,55,56,56,56,56,56,48,37,37,20,41,12],"gold":434,"neow_bonus":"RANDOM_COMMON_RELIC","is_daily":false,"chose_seed":false,"campfire_upgraded":7,"win_rate":0.0,"timestamp":1610710494,"path_taken":["M","?","?","?","$","R","M","M","T","R","M","R","M","M","R","BOSS","M","?","M","M","M","R","M","AVR","T","M","M","R","M","$","R","BOSS","?","?","?","?","AVR","E","T","?","T","T","?","?","?","?","T","BOSS"],"items_purchased_type":["Card","Relic","Relic"],"build_version":"2020-12-22","purchased_purges":1,"victory":true,"max_hp_per_floor":[72,72,72,72,72,72,72,72,72,72,72,72,72,72,72,72,72,72,72,72,72,72,72,72,72,72,72,72,72,72,72,72,72,72,72,72,72,72,72,72,72,72,72,72,72,72,72,72,72,72],"card_choices":[{"not_picked":["ThirdEye","FollowUp"],"picked":"Replay:ManipulateFuture","floor":1.0},{"not_picked":["Replay:AtTheReady","WindmillStrike"],"picked":"Indignation","floor":7.0},{"not_picked":["FlyingSleeves","BowlingBash"],"picked":"JustLucky","floor":8.0},{"not_picked":["Prostrate","Evaluate"],"picked":"Crescendo","floor":11.0},{"not_picked":["WreathOfFlame","Evaluate","Replay:ManipulateFuture"],"picked":"SKIP","floor":13.0},{"not_picked":["ClearTheMind","TalkToTheHand"],"picked":"Adaptation+1","floor":14.0},{"not_picked":["Brilliance","Judgement"],"picked":"DeusExMachina","floor":16.0},{"not_picked":["Replay:BluntJabs","Sanctity"],"picked":"EmptyFist","floor":18.0},{"not_picked":["WindmillStrike","WreathOfFlame","CarveReality+1"],"picked":"SKIP","floor":20.0},{"not_picked":["Replay:Vibes","Evaluate","Crescendo"],"picked":"SKIP","floor":21.0},{"not_picked":["SashWhip+1","Replay:DivineShield","Worship"],"picked":"SKIP","floor":22.0},{"not_picked":["EmptyBody","WheelKick+1","Swivel"],"picked":"SKIP","floor":24.0},{"not_picked":["Conclude","Meditate"],"picked":"FlurryOfBlows","floor":27.0},{"not_picked":["Evaluate","FlyingSleeves"],"picked":"Replay:Battleflow","floor":28.0},{"not_picked":["PathToVictory","Replay:AllIn","Replay:BluntJabs"],"picked":"SKIP","floor":30.0},{"not_picked":["Alpha","MasterReality+1"],"picked":"Vault","floor":33.0},{"not_picked":["CrushJoints+1","Protect+1"],"picked":"Replay:Hum","floor":35.0},{"not_picked":["Crescendo","DeceiveReality"],"picked":"FlurryOfBlows","floor":36.0},{"not_picked":["Sanctity","Replay:Hum+1"],"picked":"Replay:Cycle+1","floor":37.0},{"not_picked":["Halt+1","FlyingSleeves"],"picked":"MentalFortress+1","floor":38.0},{"not_picked":["FollowUp","BowlingBash+1","Omniscience"],"picked":"SKIP","floor":40.0},{"not_picked":["EmptyFist","FlyingSleeves"],"picked":"ClearTheMind","floor":45.0},{"not_picked":["Prostrate","Replay:DivineShield+1","PathToVictory+1"],"picked":"SKIP","floor":46.0},{"not_picked":["Evaluate","FollowUp+1","TalkToTheHand+1"],"picked":"SKIP","floor":48}],"player_experience":55803,"relics_obtained":[{"floor":3.0,"key":"Happy Flower"},{"floor":9.0,"key":"Frozen Egg 2"},{"floor":19.0,"key":"Enchiridion"},{"floor":26.0,"key":"infinitespire:ShieldingShard"},{"floor":38.0,"key":"Torii"},{"floor":40.0,"key":"Sundial"},{"floor":42.0,"key":"ReplayTheSpireMod:Ring of Challenge"},{"floor":43.0,"key":"Pocketwatch"}],"event_choices":[{"cards_removed":["Strike_P"],"damage_healed":0.0,"max_hp_gain":0.0,"max_hp_loss":0.0,"gold_gain":0.0,"event_name":"Golden Wing","player_choice":"Card Removal","floor":4.0,"gold_loss":0.0,"damage_taken":7.0},{"damage_healed":0.0,"max_hp_gain":0.0,"max_hp_loss":0.0,"gold_gain":0.0,"event_name":"Cursed Tome","player_choice":"Obtained Book","floor":19.0,"gold_loss":0.0,"damage_taken":16.0},{"damage_healed":0.0,"max_hp_gain":0.0,"max_hp_loss":0.0,"gold_gain":0.0,"event_name":"MindBloom","player_choice":"Fight","floor":38.0,"gold_loss":0.0,"damage_taken":0.0},{"cards_removed":["Replay:ManipulateFuture"],"damage_healed":0.0,"max_hp_gain":0.0,"max_hp_loss":0.0,"gold_gain":0.0,"event_name":"Falling","player_choice":"Removed Skill","floor":47.0,"gold_loss":0.0,"damage_taken":0.0}],"is_beta":false,"boss_relics":[{"not_picked":["ChewingGum","Calling Bell"],"picked":"Astrolabe"},{"not_picked":["Replay:Ancient Bell","Runic Dome"],"picked":"Painkiller Herb"}],"items_purged_floors":[25],"is_endless":false,"potions_floor_spawned":[1,8,13,14,21,27,28,35,40,46],"ascension_level":0}}