{"host":"guwca93h2ke9l2g3","time":1610681606,"event":{"mods":["100% Spire Juice","2.2 Compatiblity","Act Like it!","Arknights The Spire","Aspiration","BaseMod","Better Skull","ChefMod","Colored Powertips","Conspire","Dark Map","Downfall","Fox Events","GungeonMod","Halation","Hallownest","HololiveMod","Hubris","Infinite Spire","Lobotomy","LobotomyExtend","Marked Mod","Minty Spire (QoL Compilation)","Permanent Neow","Potionbrewer","Prisma Mod","Quick Restart","Relic Sorter","Relic Stats","Replay The Spire","Robot Space Explorer","Shade Mod","Spicy Shops","StSLib","The Alterego","The Animator","The Bug Knight","The Cursed","The Marked","The Mystic","The Necromancer","The Poker Player","TheVacant","TheWitcher","Waifu the Spire","WarShipGirlsR/????R mod","Yakumo Yukari mod","Yuri Mod","vexMod"],"gold_per_floor":[117,127,142,142,27,40,40,67,67,138,175,21,50,50,50,147,147,158,175,175,175],"floor_reached":20,"language":"ENG","playtime":1679,"items_purged":[],"score":243,"play_id":"8ff2a056-4e2c-46dc-abb1-b58cb4ad342a","local_time":"20210114213326","is_ascension_mode":true,"campfire_choices":[{"data":"Backstab","floor":7.0,"key":"SMITH"}],"circlet_count":0,"master_deck":["DemoMod:Strike_Huntress","DemoMod:Strike_Huntress","DemoMod:Strike_Huntress","DemoMod:Defend_Huntress","DemoMod:Defend_Huntress","DemoMod:Defend_Huntress","DemoMod:Defend_Huntress","DemoMod:Roll","DemoMod:ManualReload","DemoMod:RustySidearm","DemoMod:CrossBow","Backstab+1","Backstab+1","DemoMod:AWP","Blade Dance","infinitespire:Gouge","Slimebound:WasteNot","DemoMod:Evolver"],"relics":["DemoMod:Dog","halation:LettersToHer","aspiration:Nostalgia","m_SlimeRing","LetterFromLob","DemoMod:GnawedKey","Vajra","halation:OrihimeAndHikoboshiSamaAndTears","DemoMod:Metronome","halation:Prosthetics","MagicBullet_r"],"acts_visited":["Exordium","TheCity"],"potions_floor_usage":[],"damage_taken":[{"damage":0.0,"enemies":"Jaw Worm","floor":1.0,"turns":5.0},{"damage":0.0,"enemies":"Small Slimes","floor":2.0,"turns":2.0},{"damage":0.0,"enemies":"2 Louse","floor":3.0,"turns":1.0},{"damage":0.0,"enemies":"Looter","floor":6.0,"turns":2.0},{"damage":19.0,"enemies":"3 Sentries","floor":8.0,"turns":11.0},{"damage":16.0,"enemies":"Gremlin Nob","floor":10.0,"turns":3.0},{"damage":0.0,"enemies":"Blue Slaver","floor":11.0,"turns":1.0},{"damage":8.0,"enemies":"3 Sentries","floor":13.0,"turns":6.0},{"damage":31,"enemies":"The Guardian","floor":16,"turns":8},{"damage":0,"enemies":"Spheric Guardian","floor":18,"turns":2},{"damage":4,"enemies":"2 Thieves","floor":19,"turns":2}],"seed_played":"-5601978792211014101","potions_obtained":[{"floor":2.0,"key":"potionbrewer:FreezingPotion"},{"floor":6.0,"key":"potionbrewer:EndurancePotion"},{"floor":11.0,"key":"Regen Potion"},{"floor":16,"key":"champ:CounterPotion"},{"floor":19,"key":"infinitespire:BlackPotion"}],"is_trial":false,"path_per_floor":["M","M","M","?","$","M","R","E","T","E","M","$","E","?","R","B",null,"M","M","?"],"character_chosen":"HUNTRESS","items_purchased":["DemoMod:GnawedKey","DemoMod:Metronome"],"campfire_rested":0,"item_purchase_floors":[5,12],"current_hp_per_floor":[70,70,70,70,70,70,70,51,51,35,35,35,42,24,45,14,30,30,26,0,0],"gold":175,"neow_bonus":"NOSTALGIA","is_daily":false,"chose_seed":false,"campfire_upgraded":1,"win_rate":0.0,"timestamp":1610681606,"path_taken":["M","M","M","?","$","M","R","E","T","E","M","$","E","?","R","BOSS","M","M","?"],"items_purchased_type":["Relic","Relic"],"build_version":"2020-12-22","purchased_purges":0,"victory":false,"max_hp_per_floor":[70,70,70,70,70,70,70,70,70,70,70,70,70,70,70,70,35,35,35,35,35],"relic_stats":{"counters":[11,43],"obtain_stats":[{"m_SlimeRing":0,"halation:OrihimeAndHikoboshiSamaAndTears":10,"DemoMod:Dog":0,"MagicBullet_r":20,"aspiration:Nostalgia":0,"DemoMod:Metronome":12,"Vajra":8,"DemoMod:GlassGuonStoneRelic":6,"LetterFromLob":1,"DemoMod:GnawedKey":5,"halation:Prosthetics":17,"halation:LettersToHer":13},{"m_SlimeRing":0,"halation:OrihimeAndHikoboshiSamaAndTears":6,"DemoMod:Dog":0,"MagicBullet_r":11,"aspiration:Nostalgia":0,"DemoMod:Metronome":7,"Vajra":5,"DemoMod:GlassGuonStoneRelic":4,"LetterFromLob":1,"DemoMod:GnawedKey":3,"halation:Prosthetics":9,"halation:LettersToHer":8},{"m_SlimeRing":0,"halation:OrihimeAndHikoboshiSamaAndTears":24,"DemoMod:Dog":0,"MagicBullet_r":43,"aspiration:Nostalgia":0,"DemoMod:Metronome":25,"Vajra":21,"DemoMod:GlassGuonStoneRelic":10,"LetterFromLob":5,"DemoMod:GnawedKey":8,"halation:Prosthetics":39,"halation:LettersToHer":31}]},"card_choices":[{"not_picked":["DemoMod:Replace","Hidden Blade"],"picked":"Backstab","floor":1.0},{"not_picked":["DemoMod:MachoBrace","DemoMod:Replace"],"picked":"Backstab","floor":2.0},{"not_picked":["DemoMod:FeignSurrender","Hidden Blade","DemoMod:BattleInHaste"],"picked":"SKIP","floor":3.0},{"not_picked":["DemoMod:Camera","DemoMod:JK47","DemoMod:TableSutra"],"picked":"SKIP","floor":6.0},{"not_picked":["DemoMod:HardPowerCard","DemoMod:Unity","DemoMod:MachoBrace"],"picked":"SKIP","floor":8.0},{"not_picked":["DemoMod:ConditionalReflex","DemoMod:Camera"],"picked":"DemoMod:AWP","floor":10.0},{"not_picked":["DemoMod:ZorGun","DemoMod:DirectionalPad","DemoMod:HardPowerCard"],"picked":"SKIP","floor":11.0},{"not_picked":["DemoMod:DirectionalPad","DemoMod:Camera"],"picked":"Blade Dance","floor":13.0},{"not_picked":["infinitespire:FinalStrike","infinitespire:DeathsTouch"],"picked":"infinitespire:Gouge","floor":14.0},{"not_picked":["Storm of Steel","DemoMod:Elimentaler"],"picked":"Slimebound:WasteNot","floor":16},{"not_picked":["DemoMod:FastSwitch","DemoMod:JK47+1","DemoMod:FeignSurrender"],"picked":"SKIP","floor":18},{"not_picked":["DemoMod:DoubleSwitch+1","DemoMod:ChanceBullets+1"],"picked":"DemoMod:Evolver","floor":19},{"not_picked":["DemoMod:MegaHand","DemoMod:HuntsMan+1","DemoMod:Ejector"],"picked":"SKIP","floor":19}],"player_experience":306631,"relics_obtained":[{"floor":1.0,"key":"LetterFromLob"},{"floor":8.0,"key":"Vajra"},{"floor":10.0,"key":"halation:OrihimeAndHikoboshiSamaAndTears"},{"floor":13.0,"key":"halation:LettersToHer"}],"event_choices":[{"damage_healed":0.0,"max_hp_gain":0.0,"max_hp_loss":0.0,"gold_gain":0.0,"event_name":"conspire:Investor","player_choice":"Leave","floor":4.0,"gold_loss":0.0,"damage_taken":0.0}],"is_beta":false,"boss_relics":[{"not_picked":["halation:PinkAlligatorPlush","Empty Cage"],"picked":"halation:Prosthetics"}],"items_purged_floors":[],"is_endless":false,"potions_floor_spawned":[2,6,11,16,19],"ascension_level":5}}