{"host":"ibonnlq6s1c814xj","time":1610740486,"event":{"mods":["BaseMod","BetterRewards","Minty Spire (QoL Compilation)","Shop Mod","【功能Mod】聪明的最终Boss","【遗物卡牌】REMEMod"],"gold_per_floor":[117,117,91,91,91,91,117,117,117,67,87,87,87,87],"floor_reached":13,"language":"ZHS","playtime":503,"items_purged":["Cleave","Strike_R"],"score":109,"play_id":"2c63bf27-c17d-4eec-afb0-3be9fadf3e00","local_time":"20210116035446","is_ascension_mode":true,"campfire_choices":[{"data":"Barricade","floor":6.0,"key":"SMITH"}],"circlet_count":0,"master_deck":["Strike_R+1","Defend_R","Defend_R","Defend_R","Defend_R","Bash","Barricade+1","Ghostly Armor","Heavy Blade+1","Armaments","Iron Wave"],"relics":["Burning Blood","REME_ComplimentaryCards","FossilizedHelix","Champion Belt","Eternal Feather","Pear","Smiling Mask"],"acts_visited":["Exordium"],"potions_floor_usage":[13,13],"damage_taken":[{"damage":0.0,"enemies":"2 Louse","floor":1.0,"turns":5.0},{"damage":0.0,"enemies":"Lagavulin","floor":7.0,"turns":11.0},{"damage":0.0,"enemies":"Small Slimes","floor":11.0,"turns":7.0},{"damage":42,"enemies":"Gremlin Nob","floor":13,"turns":6}],"seed_played":"-1625976660618103236","potions_obtained":[{"floor":1.0,"key":"Fire Potion"},{"floor":7.0,"key":"SpeedPotion"}],"is_trial":false,"path_per_floor":["M","?","$","?","?","R","E","?","T","$","M","?","E"],"character_chosen":"IRONCLAD","items_purchased":["Ghostly Armor","ColorlessPotion","Armaments"],"campfire_rested":0,"item_purchase_floors":[0,0,3],"current_hp_per_floor":[50,50,50,38,31,37,53,53,53,53,59,41,0,0],"gold":87,"neow_bonus":"","is_daily":false,"chose_seed":false,"campfire_upgraded":1,"win_rate":0.0,"timestamp":1610740486,"path_taken":["M","?","$","?","?","R","E","?","T","$","?","?","E"],"items_purchased_type":["Card","Potion","Card"],"build_version":"2020-12-22","purchased_purges":2,"victory":false,"max_hp_per_floor":[80,80,80,80,80,80,90,90,90,90,90,90,90,90],"card_choices":[{"not_picked":["Fire Breathing","Cleave","Thunderclap"],"picked":"SKIP","floor":1.0},{"not_picked":["Warcry","Wild Strike"],"picked":"Iron Wave","floor":7.0},{"not_picked":["Blood for Blood","Clash","Pummel"],"picked":"SKIP","floor":11.0}],"player_experience":244606,"relics_obtained":[{"floor":7.0,"key":"Pear"},{"floor":9.0,"key":"Smiling Mask"}],"event_choices":[{"damage_healed":0.0,"max_hp_gain":0.0,"max_hp_loss":0.0,"gold_gain":0.0,"cards_transformed":["Strike_R"],"event_name":"Living Wall","player_choice":"Change","floor":2.0,"gold_loss":0.0,"damage_taken":0.0,"cards_obtained":["Heavy Blade"]},{"damage_healed":0.0,"max_hp_gain":0.0,"max_hp_loss":0.0,"gold_gain":0.0,"event_name":"Scrap Ooze","player_choice":"Success","floor":4.0,"gold_loss":0.0,"damage_taken":12.0,"relics_obtained":["Eternal Feather"]},{"cards_removed":["Strike_R"],"damage_healed":0.0,"max_hp_gain":0.0,"max_hp_loss":0.0,"gold_gain":0.0,"event_name":"Golden Wing","player_choice":"Card Removal","floor":5.0,"gold_loss":0.0,"damage_taken":7.0},{"cards_removed":["Strike_R"],"damage_healed":0.0,"max_hp_gain":0.0,"max_hp_loss":0.0,"gold_gain":0.0,"event_name":"Purifier","player_choice":"Purged","floor":8.0,"gold_loss":0.0,"damage_taken":0.0},{"damage_healed":0.0,"max_hp_gain":0.0,"max_hp_loss":0.0,"gold_gain":0.0,"event_name":"Shining Light","player_choice":"Entered Light","floor":12.0,"gold_loss":0.0,"damage_taken":18.0,"cards_upgraded":["Strike_R","Heavy Blade"]}],"is_beta":false,"boss_relics":[],"items_purged_floors":[0,10],"is_endless":false,"potions_floor_spawned":[1,7],"killed_by":"Gremlin Nob","ascension_level":1}}