{"host":"b7j598ve05halrwk","time":1610677220,"event":{"mods":["2.2 Compatiblity","BaseMod","Block Reminder","DeckTracker","Minty Spire (QoL Compilation)","Relic Stats","Slay the Relics Exporter","StSLib","ojb\u0027s Better Paths Mod","ojb\u0027s Info Mod"],"gold_per_floor":[119,119,44,44,44,76,41,71,94,120,170,187,187,217,217,293,293,313,154,129,129,129],"floor_reached":21,"language":"ENG","playtime":1187,"items_purged":["Regret"],"score":506,"play_id":"4ae9c9b1-ddc7-4031-9fa6-b7aa6288bd4e","local_time":"20210114212020","is_ascension_mode":true,"campfire_choices":[{"floor":13.0,"key":"REST"},{"data":"Strike_B","floor":15.0,"key":"PURGE"}],"circlet_count":0,"master_deck":["AscendersBane","Strike_B","Strike_B+1","Defend_B","Defend_B","Defend_B","Defend_B","Zap","Dualcast+1","Rebound","Reinforced Body","Cold Snap","Cold Snap","Ball Lightning","Buffer","Rainbow","Compile Driver","Seek","Capacitor"],"relics":["Cracked Core","NeowsBlessing","Unceasing Top","Darkstone Periapt","Pantograph","Bag of Preparation","Peace Pipe","Matryoshka","Sozu"],"acts_visited":["Exordium","TheCity"],"potions_floor_usage":[],"damage_taken":[{"damage":0.0,"enemies":"2 Louse","floor":1.0,"turns":1.0},{"damage":0.0,"enemies":"Lagavulin","floor":6.0,"turns":1.0},{"damage":0.0,"enemies":"Gremlin Nob","floor":8.0,"turns":1.0},{"damage":29.0,"enemies":"Lagavulin","floor":10.0,"turns":8.0},{"damage":7.0,"enemies":"Small Slimes","floor":12.0,"turns":3.0},{"damage":23.0,"enemies":"Gremlin Nob","floor":14.0,"turns":4.0},{"damage":13.0,"enemies":"The Guardian","floor":16.0,"turns":13.0},{"damage":10,"enemies":"Spheric Guardian","floor":18,"turns":6},{"damage":3,"enemies":"2 Thieves","floor":20,"turns":5},{"damage":65,"enemies":"Masked Bandits","floor":21,"turns":3}],"seed_played":"-6728349924018262552","potions_obtained":[{"floor":6.0,"key":"EssenceOfSteel"},{"floor":12.0,"key":"PotionOfCapacity"},{"floor":16.0,"key":"Strength Potion"}],"is_trial":false,"path_per_floor":["M","?","$","?","?","E","?","E","T","E","?","M","R","E","R","B",null,"M","$","M","?"],"character_chosen":"DEFECT","items_purchased":["Seek","Capacitor"],"campfire_rested":1,"item_purchase_floors":[19,19],"current_hp_per_floor":[64,64,64,57,36,36,53,53,53,24,24,17,38,15,15,27,60,50,50,47,0,0],"gold":129,"neow_bonus":"THREE_ENEMY_KILL","is_daily":false,"chose_seed":false,"campfire_upgraded":0,"win_rate":0.0,"timestamp":1610677220,"path_taken":["M","?","$","?","?","E","?","E","T","E","?","M","R","E","R","BOSS","M","$","?","?"],"items_purchased_type":["Card","Card"],"build_version":"2020-12-22","purchased_purges":1,"victory":false,"max_hp_per_floor":[71,71,71,71,71,71,71,71,71,71,71,71,71,71,71,71,71,71,71,71,71,71],"relic_stats":{"Darkstone Periapt":0,"Peace Pipe":1,"Sozu":0,"counters":[10,45],"Pantograph":25,"Bag of Preparation":[14],"obtain_stats":[{"Darkstone Periapt":6,"Peace Pipe":10,"Sozu":17,"Matryoshka":14,"NeowsBlessing":0,"Pantograph":8,"Bag of Preparation":9,"Cracked Core":0,"Unceasing Top":2},{"Darkstone Periapt":2,"Peace Pipe":4,"Sozu":7,"Matryoshka":6,"NeowsBlessing":0,"Pantograph":3,"Bag of Preparation":3,"Cracked Core":0,"Unceasing Top":1},{"Darkstone Periapt":2,"Peace Pipe":11,"Sozu":31,"Matryoshka":18,"NeowsBlessing":0,"Pantograph":3,"Bag of Preparation":3,"Cracked Core":0,"Unceasing Top":1}],"Unceasing Top":[1]},"card_choices":[{"not_picked":["Conserve Battery","Self Repair"],"picked":"Rebound","floor":1.0},{"not_picked":["Consume","Defragment"],"picked":"Reinforced Body","floor":6.0},{"not_picked":["Conserve Battery","Steam"],"picked":"Cold Snap","floor":8.0},{"not_picked":["Scrape","White Noise"],"picked":"Cold Snap","floor":10.0},{"not_picked":["Barrage","Rip and Tear"],"picked":"Ball Lightning","floor":12.0},{"not_picked":["Force Field","Go for the Eyes"],"picked":"Buffer","floor":14.0},{"not_picked":["Reboot","Amplify"],"picked":"Rainbow","floor":16.0},{"not_picked":["Rebound","Barrage"],"picked":"Compile Driver","floor":18},{"not_picked":["Gash","Heatsinks","Compile Driver+1"],"picked":"SKIP","floor":20}],"player_experience":964460,"relics_obtained":[{"floor":6.0,"key":"Darkstone Periapt"},{"floor":8.0,"key":"Pantograph"},{"floor":9.0,"key":"Bag of Preparation"},{"floor":10.0,"key":"Peace Pipe"},{"floor":14.0,"key":"Matryoshka"}],"event_choices":[{"damage_healed":0.0,"max_hp_gain":0.0,"max_hp_loss":0.0,"gold_gain":0.0,"event_name":"Big Fish","player_choice":"Box","floor":2.0,"gold_loss":0.0,"damage_taken":0.0,"relics_obtained":["Unceasing Top"],"cards_obtained":["Regret"]},{"cards_removed":["Strike_B"],"damage_healed":0.0,"max_hp_gain":0.0,"max_hp_loss":0.0,"gold_gain":0.0,"event_name":"Golden Wing","player_choice":"Card Removal","floor":4.0,"gold_loss":0.0,"damage_taken":7.0},{"damage_healed":0.0,"max_hp_gain":0.0,"max_hp_loss":0.0,"gold_gain":0.0,"event_name":"Shining Light","player_choice":"Entered Light","floor":5.0,"gold_loss":0.0,"damage_taken":21.0,"cards_upgraded":["Strike_B","Dualcast"]},{"damage_healed":17.0,"max_hp_gain":0.0,"max_hp_loss":0.0,"gold_gain":0.0,"event_name":"The Cleric","player_choice":"Healed","floor":7.0,"gold_loss":35.0,"damage_taken":0.0},{"damage_healed":0.0,"max_hp_gain":0.0,"max_hp_loss":0.0,"gold_gain":50.0,"event_name":"Golden Shrine","player_choice":"Pray","floor":11.0,"gold_loss":0.0,"damage_taken":0.0},{"damage_healed":0,"gold_gain":0,"player_choice":"Fought Bandits","damage_taken":0,"max_hp_gain":0,"max_hp_loss":0,"event_name":"Masked Bandits","floor":21,"gold_loss":0}],"is_beta":false,"boss_relics":[{"not_picked":["Ectoplasm","Empty Cage"],"picked":"Sozu"}],"items_purged_floors":[3],"is_endless":false,"potions_floor_spawned":[6,12,16],"killed_by":"Masked Bandits","ascension_level":20}}