{"host":"kh6fvhxn285ncg0o","time":1610694716,"event":{"mods":["Act Like it!","BaseMod","Colored Map","Friendly Minions","Keyboard Shortcuts","Minty Spire (QoL Compilation)","Quick Restart","Relic Stats","StSLib","SuperFastMode"],"gold_per_floor":[115,115,190,340,340,340,359,359,406,450,471,471,496,537,537,626,626,649,699,699,719,541,877,877,877,877],"floor_reached":25,"language":"KOR","playtime":429,"items_purged":["Bite"],"score":529,"play_id":"b942ec1f-6676-4ce4-851f-fab2d5e3b235","local_time":"20210115161156","is_ascension_mode":true,"campfire_choices":[{"data":"Feel No Pain","floor":6,"key":"SMITH"},{"data":"Bash","floor":8,"key":"SMITH"},{"data":"Immolate","floor":12,"key":"SMITH"},{"floor":15,"key":"REST"},{"data":"Feed","floor":24,"key":"SMITH"}],"circlet_count":0,"master_deck":["AscendersBane","Defend_R","Defend_R","Defend_R","Defend_R","Bash+1","Feel No Pain+1","Doubt","Immolate+1","Headbutt","Fire Breathing","Feed+1","Bite","Bite","Bite","Bite","Finesse"],"relics":["Burning Blood","NeowsBlessing","Golden Idol","MealTicket","Anchor","Dream Catcher","Runic Dome","Old Coin"],"acts_visited":["Exordium","TheCity"],"potions_floor_usage":[11,14,21,23],"damage_taken":[{"damage":0,"enemies":"2 Louse","floor":1,"turns":1},{"damage":0,"enemies":"Small Slimes","floor":7,"turns":1},{"damage":0,"enemies":"3 Sentries","floor":10,"turns":2},{"damage":7,"enemies":"Cultist","floor":11,"turns":4},{"damage":0,"enemies":"Large Slime","floor":13,"turns":3},{"damage":44,"enemies":"Lagavulin","floor":14,"turns":7},{"damage":34,"enemies":"Slime Boss","floor":16,"turns":7},{"damage":12,"enemies":"3 Byrds","floor":18,"turns":3},{"damage":24,"enemies":"Spheric Guardian","floor":21,"turns":4},{"damage":16,"enemies":"Slavers","floor":23,"turns":4},{"damage":63,"enemies":"Book of Stabbing","floor":25,"turns":4}],"seed_played":"2488683077976859008","potions_obtained":[{"floor":7,"key":"Dexterity Potion"},{"floor":10,"key":"Weak Potion"},{"floor":13,"key":"LiquidBronze"},{"floor":16,"key":"Swift Potion"},{"floor":18,"key":"SteroidPotion"}],"is_trial":false,"path_per_floor":["M","?","?","?","?","R","M","R","T","E","M","R","M","E","R","B",null,"M","?","?","M","$","E","R","E"],"character_chosen":"IRONCLAD","items_purchased":["Finesse"],"campfire_rested":1,"item_purchase_floors":[22],"current_hp_per_floor":[74,48,37,37,37,37,43,43,43,49,48,48,54,16,38,10,59,56,56,54,44,54,55,55,0,0],"gold":877,"neow_bonus":"THREE_ENEMY_KILL","is_daily":false,"chose_seed":false,"campfire_upgraded":4,"win_rate":0.0,"timestamp":1610694716,"path_taken":["M","?","?","?","?","R","M","R","T","E","M","R","M","E","R","BOSS","M","?","?","M","$","E","R","E"],"items_purchased_type":["Card"],"build_version":"2020-12-22","purchased_purges":1,"victory":false,"max_hp_per_floor":[75,75,75,75,75,75,75,75,75,75,75,75,75,75,75,75,75,78,78,54,54,54,57,57,57,57],"relic_stats":{"Dream Catcher":1,"counters":[11,40],"Golden Idol":64,"MealTicket":10,"obtain_stats":[{"Runic Dome":17,"Anchor":10,"Dream Catcher":14,"NeowsBlessing":0,"Golden Idol":2,"MealTicket":5,"Burning Blood":0,"Old Coin":23},{"Runic Dome":7,"Anchor":3,"Dream Catcher":6,"NeowsBlessing":0,"Golden Idol":1,"MealTicket":1,"Burning Blood":0,"Old Coin":10},{"Runic Dome":25,"Anchor":4,"Dream Catcher":18,"NeowsBlessing":0,"Golden Idol":1,"MealTicket":1,"Burning Blood":0,"Old Coin":36}],"Burning Blood":60},"card_choices":[{"not_picked":["Clash","Twin Strike"],"picked":"Feel No Pain","floor":1},{"not_picked":["Wild Strike","Corruption"],"picked":"Immolate","floor":10},{"not_picked":["Heavy Blade","True Grit"],"picked":"Headbutt","floor":11},{"not_picked":["Feel No Pain","Shockwave"],"picked":"Fire Breathing","floor":15},{"not_picked":["Impervious","Corruption"],"picked":"Feed","floor":16},{"not_picked":["Armaments","Blood for Blood","Body Slam"],"picked":"SKIP","floor":21},{"not_picked":["Warcry","Headbutt","Exhume"],"picked":"SKIP","floor":23}],"player_experience":3447730,"relics_obtained":[{"floor":5,"key":"MealTicket"},{"floor":10,"key":"Anchor"},{"floor":14,"key":"Dream Catcher"},{"floor":23,"key":"Old Coin"}],"event_choices":[{"damage_healed":0,"gold_gain":0,"player_choice":"Take Damage","damage_taken":26,"relics_obtained":["Golden Idol"],"max_hp_gain":0,"max_hp_loss":0,"event_name":"Golden Idol","floor":2,"gold_loss":0},{"damage_healed":0,"gold_gain":75,"player_choice":"Gather Gold","damage_taken":11,"max_hp_gain":0,"max_hp_loss":0,"event_name":"World of Goop","floor":3,"gold_loss":0},{"damage_healed":0,"gold_gain":150,"player_choice":"AGREE","damage_taken":0,"max_hp_gain":0,"max_hp_loss":0,"event_name":"Liars Game","floor":4,"gold_loss":0,"cards_obtained":["Doubt"]},{"damage_healed":0,"gold_gain":0,"player_choice":"Relic","damage_taken":0,"max_hp_gain":0,"max_hp_loss":0,"event_name":"Wheel of Change","floor":5,"gold_loss":0},{"damage_healed":0,"gold_gain":50,"player_choice":"Stole From Cult","damage_taken":0,"max_hp_gain":0,"max_hp_loss":0,"event_name":"Nest","floor":19,"gold_loss":0},{"damage_healed":0,"gold_gain":0,"player_choice":"Became a vampire","damage_taken":0,"max_hp_gain":0,"max_hp_loss":24,"event_name":"Vampires","floor":20,"gold_loss":0,"cards_obtained":["Bite","Bite","Bite","Bite","Bite"]}],"is_beta":false,"boss_relics":[{"not_picked":["Cursed Key","Empty Cage"],"picked":"Runic Dome"}],"items_purged_floors":[22],"is_endless":false,"potions_floor_spawned":[7,10,13,16,18],"killed_by":"Book of Stabbing","ascension_level":20}}