{"host":"wwy36mgtdouptwjr","time":1610698899,"event":{"mods":["AchievementEnabler","Aspiration","BaseMod","Better Third Choice","BetterRewards","Colored Map","Colored Powertips","Downfall","Hermit","Highlight Path","Hubris","Minty Spire (QoL Compilation)","Replay The Spire","StSLib","Td1madao Mod","The Cursed","The Necromancer","The Servant 0.9.4"],"gold_per_floor":[11,11,11,36,36,72,90,126,126,126,159,159,175,198,198,328,328,351,351,385,16,43,43,93,151,174,225,249,295,295,338,338,482,482,510,535,65,89,89,138,197,271,297,7,60,82,137,204,204,228],"floor_reached":51,"language":"RUS","playtime":6443,"items_purged":["hexamod:Haunted"],"score":1154,"play_id":"d24ca96c-944f-4b04-87f6-2a377e84ba37","local_time":"20210115112139","is_ascension_mode":true,"campfire_choices":[{"data":"Blur","floor":10,"key":"SMITH"},{"data":"Bouncing Flask","floor":12,"key":"SMITH"},{"data":"Blade Dance","floor":15,"key":"SMITH"},{"floor":23,"key":"REST"},{"floor":30,"key":"REST"},{"floor":32,"key":"REST"},{"floor":49,"key":"REST"}],"circlet_count":0,"master_deck":["Strike_G+1","Strike_G","Strike_G","Strike_G","Strike_G","Defend_G","Defend_G","Defend_G","Defend_G","Defend_G+1","Survivor","Neutralize","Apotheosis+1","Leg Sweep","Predator","Blur+1","Blade Dance","Glass Knife","Bouncing Flask+1","Blade Dance+1","Hidden Blade","Corpse Explosion+1","ReplayTheSpireMod:Splinters","hubris:Despair","Concentrate","Replay:Bag of Tricks","Poisoned Stab","Mayhem+1","Acrobatics","Deadly Poison+1","PiercingWail","Poisoned Stab","ReplayTheSpireMod:Speed Training+1","Catalyst+1","Outmaneuver","Doppelganger","Flying Knee","Backflip+1","Crippling Poison","Burst","Tools of the Trade","ReplayTheSpireMod:Speed Training+1","ReplayTheSpireMod:Splinters","Underhanded Strike+1","Specialist","Reflex","Reflex","Terror+1","Poisoned Stab+1","Noxious Fumes","After Image"],"relics":["Ring of the Snake","Golden Idol","Replay:Ringing Soul","Du-Vu Doll","Mummified Hand","hubris:Metronome","Replay:Ancient Bell","Gremlin Food","Darkstone Periapt","WingedGreaves","hubris:FruitBowl","Snake Skull","Replay:WaspNest","PreservedInsect","Replay:Bandana","Nunchaku","Blue Candle","Bag of Preparation","Happy Flower","Toy Ornithopter","Anchor","Runic Pyramid","hubris:SlimyHat","OrangePellets","hubris:Towel","Replay:Wax Seal","Oddly Smooth Stone","Vajra","Regal Pillow","aspiration:ChemicalBlood","hubris:BundleOfHerbs","Juzu Bracelet"],"acts_visited":["Exordium","TheCity","TheBeyond"],"potions_floor_usage":[13,22,28,33,38,46,46,46,50,50,50],"damage_taken":[{"damage":2,"enemies":"Jaw Worm","floor":1,"turns":5},{"damage":5,"enemies":"2 Louse","floor":4,"turns":4},{"damage":23,"enemies":"3 Sentries","floor":6,"turns":14},{"damage":0,"enemies":"Cultist","floor":7,"turns":3},{"damage":1,"enemies":"Replay:BlueRogue","floor":8,"turns":5},{"damage":2,"enemies":"Lagavulin","floor":11,"turns":7},{"damage":0,"enemies":"Gremlin Gang","floor":13,"turns":2},{"damage":10,"enemies":"Lots of Slimes","floor":14,"turns":3},{"damage":4,"enemies":"Fading Forest","floor":16,"turns":11},{"damage":19,"enemies":"3 Byrds","floor":18,"turns":5},{"damage":4,"enemies":"Chosen","floor":20,"turns":4},{"damage":4,"enemies":"3 Cultists","floor":22,"turns":2},{"damage":3,"enemies":"Replay:Snechameleon","floor":24,"turns":3},{"damage":6,"enemies":"Book of Stabbing","floor":25,"turns":2},{"damage":11,"enemies":"Slavers","floor":27,"turns":2},{"damage":14,"enemies":"Centurion and Healer","floor":28,"turns":3},{"damage":18,"enemies":"Replay:Snechameleon","floor":29,"turns":2},{"damage":8,"enemies":"Snecko","floor":31,"turns":4},{"damage":19,"enemies":"Collector","floor":33,"turns":4},{"damage":0,"enemies":"Orb Walker","floor":35,"turns":2},{"damage":8,"enemies":"3 Shapes","floor":36,"turns":2},{"damage":12,"enemies":"Maw","floor":38,"turns":5},{"damage":2,"enemies":"R_Hoarder","floor":40,"turns":6},{"damage":1,"enemies":"Reptomancer","floor":41,"turns":4},{"damage":7,"enemies":"Giant Head","floor":45,"turns":5},{"damage":22,"enemies":"Spire Growth","floor":46,"turns":4},{"damage":6,"enemies":"3 Darklings","floor":47,"turns":3},{"damage":0,"enemies":"R_Hoarder","floor":48,"turns":2},{"damage":19,"enemies":"Awakened One","floor":50,"turns":8}],"seed_played":"3439205095373902823","potions_obtained":[{"floor":1,"key":"Energy Potion"},{"floor":11,"key":"Venom Potion"},{"floor":13,"key":"champ:CounterPotion"},{"floor":14,"key":"Block Potion"},{"floor":24,"key":"Strength Potion"},{"floor":27,"key":"SkillPotion"},{"floor":31,"key":"Milkshake"},{"floor":33,"key":"FearPotion"},{"floor":36,"key":"Energy Potion"},{"floor":40,"key":"sneckomod:MuddlingPotion"}],"is_trial":false,"path_per_floor":["M","?","?","M","?","E","M","E","T","R","E","R","M","M","R","B",null,"M","$","M","$","M","R","E","E","T","E","M","E","R","M","R_BF","B",null,"M","M","$","M","?","E","E","?","T","$","E","M","M","E","R","B",null],"character_chosen":"THE_SILENT","items_purchased":["hubris:FruitBowl","Snake Skull","Replay:WaspNest","PreservedInsect","Replay:Bandana","Nunchaku","Poisoned Stab","Mayhem","hubris:SlimyHat","Crippling Poison","EntropicBrew","OrangePellets","aspiration:ChemicalBlood","Specialist","Reflex"],"campfire_rested":4,"item_purchase_floors":[19,19,19,19,19,21,21,21,37,37,37,37,44,44,44],"current_hp_per_floor":[68,51,51,46,46,26,29,31,31,31,32,32,35,28,28,39,112,96,27,27,31,31,69,70,68,68,61,56,42,86,82,127,117,155,159,155,159,156,156,158,161,174,174,178,175,177,175,179,212,212],"gold":228,"neow_bonus":"RANDOM_COLORLESS_2","is_daily":false,"chose_seed":false,"campfire_upgraded":3,"win_rate":0.0,"timestamp":1610698899,"path_taken":["M","?","?","M","?","E","M","E","T","R","E","R","M","M","R","BOSS","M","?","M","$","M","R","E","E","T","E","M","E","R","M","R_BF","BOSS","M","?","$","M","?","E","E","?","T","$","E","M","M","E","R","BOSS"],"items_purchased_type":["Relic","Relic","Relic","Relic","Relic","Relic","Card","Card","Relic","Card","Potion","Relic","Relic","Card","Card"],"build_version":"2020-12-22","purchased_purges":1,"victory":true,"max_hp_per_floor":[70,70,70,70,70,73,76,79,79,79,82,82,85,88,88,91,112,115,115,119,123,127,127,131,135,135,139,143,147,147,151,151,155,155,159,163,167,171,171,175,179,192,192,196,200,204,208,212,212,212],"card_choices":[{"not_picked":["Magnetism","ReplayUltimateDefense"],"picked":"Apotheosis","floor":0},{"not_picked":["Flechettes","Dagger Throw","Skewer"],"picked":"SKIP","floor":1},{"not_picked":["Dagger Spray","ReplayTheSpireMod:Shiv Toss"],"picked":"Predator","floor":4},{"not_picked":["Dodge and Roll","Reflex"],"picked":"Blur","floor":6},{"not_picked":["Dagger Spray","hubris:SlightOfHand"],"picked":"Blade Dance","floor":7},{"not_picked":["Finisher","Predator"],"picked":"Glass Knife","floor":8},{"not_picked":["Slice","Acrobatics"],"picked":"Bouncing Flask","floor":11},{"not_picked":["Bane","Backstab"],"picked":"Blade Dance","floor":13},{"not_picked":["Backflip","Dodge and Roll"],"picked":"Hidden Blade","floor":14},{"not_picked":["Glass Knife","Phantasmal Killer"],"picked":"Corpse Explosion","floor":16},{"not_picked":["Writhe","hubris:Envy"],"picked":"ReplayTheSpireMod:Splinters","floor":17},{"not_picked":["sneckomod:Bewildered","hubris:Disease"],"picked":"hubris:Despair","floor":17},{"not_picked":["Normality","hubris:Wrath"],"picked":"hexamod:Haunted","floor":17},{"not_picked":["Slice","Hidden Blade+1"],"picked":"Concentrate","floor":18},{"not_picked":["Predator+1","All Out Attack"],"picked":"Replay:Bag of Tricks","floor":20},{"not_picked":["hubris:Sniper","hubris:SlightOfHand"],"picked":"Acrobatics","floor":22},{"not_picked":["Heel Hook","PiercingWail+1"],"picked":"Deadly Poison+1","floor":24},{"not_picked":["ReplayTheSpireMod:The Works","Setup+1"],"picked":"PiercingWail","floor":25},{"not_picked":["Skewer","Heel Hook+1"],"picked":"Poisoned Stab","floor":27},{"not_picked":["Backflip","Acrobatics+1"],"picked":"ReplayTheSpireMod:Speed Training+1","floor":28},{"not_picked":["Atom Bomb","Hidden Blade+1"],"picked":"Catalyst+1","floor":29},{"not_picked":["Dodge and Roll","PiercingWail+1"],"picked":"Outmaneuver","floor":31},{"not_picked":["Replay:Bag of Tricks","Unload"],"picked":"Doppelganger","floor":33},{"not_picked":["Eviscerate+1","Bane+1"],"picked":"Flying Knee","floor":35},{"not_picked":["Riddle With Holes","Footwork"],"picked":"Backflip+1","floor":36},{"not_picked":["Heel Hook+1","Prepared+1"],"picked":"Burst","floor":38},{"not_picked":["hubris:TrickCloak","Quick Slash"],"picked":"Tools of the Trade","floor":40},{"not_picked":["Replay:Bag of Tricks","Terror"],"picked":"ReplayTheSpireMod:Speed Training+1","floor":41},{"not_picked":["Acrobatics+1","Prepared"],"picked":"Underhanded Strike+1","floor":42},{"not_picked":["hubris:TrickCloak+1","Deflect+1"],"picked":"Terror+1","floor":45},{"not_picked":["Hidden Blade","ReplayTheSpireMod:The Works"],"picked":"Poisoned Stab+1","floor":46},{"not_picked":["Riddle With Holes+1","Blade Dance"],"picked":"Noxious Fumes","floor":47},{"not_picked":["Sucker Punch","Infinite Blades+1"],"picked":"After Image","floor":48}],"player_experience":405506,"relics_obtained":[{"floor":6,"key":"Replay:Ringing Soul"},{"floor":8,"key":"Du-Vu Doll"},{"floor":9,"key":"Mummified Hand"},{"floor":11,"key":"hubris:Metronome"},{"floor":24,"key":"Blue Candle"},{"floor":25,"key":"Bag of Preparation"},{"floor":26,"key":"Happy Flower"},{"floor":27,"key":"Toy Ornithopter"},{"floor":29,"key":"Anchor"},{"floor":40,"key":"Replay:Wax Seal"},{"floor":41,"key":"Oddly Smooth Stone"},{"floor":42,"key":"Vajra"},{"floor":43,"key":"Regal Pillow"},{"floor":45,"key":"hubris:BundleOfHerbs"},{"floor":48,"key":"Juzu Bracelet"}],"event_choices":[{"damage_healed":0,"gold_gain":0,"player_choice":"Take Damage","damage_taken":17,"relics_obtained":["Golden Idol"],"max_hp_gain":0,"max_hp_loss":0,"event_name":"Golden Idol","floor":2,"gold_loss":0},{"damage_healed":0,"gold_gain":0,"player_choice":"Upgraded","damage_taken":0,"max_hp_gain":0,"max_hp_loss":0,"event_name":"Upgrade Shrine","floor":5,"gold_loss":0,"cards_upgraded":["Apotheosis"]}],"is_beta":false,"boss_relics":[{"not_picked":["hubris:RunicObelisk","Busted Crown"],"picked":"Replay:Ancient Bell"},{"not_picked":["Bronze Scales","ReplayFunnel"],"picked":"Gremlin Food"},{"not_picked":["hubris:TinFlute","hubris:Reverence"],"picked":"Darkstone Periapt"},{"not_picked":["Girya","Dead Branch"],"picked":"WingedGreaves"},{"not_picked":["aspiration:PoetsPen_weak","Kintsugi"],"picked":"Runic Pyramid"}],"items_purged_floors":[19],"is_endless":false,"potions_floor_spawned":[1,11,13,14,18,24,27,31,33,36,40,41,48],"ascension_level":2}}