{"host":"9kesdg97wkrx2bva","time":1610698101,"event":{"mods":["AchievementEnabler","BaseMod","Colored Map","Downfall","GifTheSpireLib","Infinite Spire","Minty Spire (QoL Compilation)","Replay The Spire","StSLib"],"gold_per_floor":[113,163,173,187,73,73,73,73,73,73,92,167,8,8,8,79,79,90,90,105,117,127,127,2,2,2,2,22,22,41,75,75,149,149,166,166,1165,1165,1165,1165,371,371,371,371,397,397,413,413,413,413],"floor_reached":51,"language":"ENG","playtime":1158,"items_purged":["Strike_B","Strike_B","Strike_B","Strike_B","Normality","Normality"],"score":1277,"play_id":"e8234f4f-08d5-403a-8ccd-5dcfb3fe2895","local_time":"20210115030821","is_ascension_mode":true,"campfire_choices":[{"data":"Zap","floor":6,"key":"SMITH"},{"data":"infinitespire:SevenWalls","floor":8,"key":"SMITH"},{"data":"Dualcast","floor":10,"key":"SMITH"},{"data":"Gash","floor":15,"key":"SMITH"},{"data":"Gash","floor":23,"key":"SMITH"},{"data":"Gash","floor":25,"key":"SMITH"},{"data":"Pot Of Greed","floor":29,"key":"SMITH"},{"data":"Pot Of Greed","floor":32,"key":"SMITH"},{"data":"Replay:SS_forest_6","floor":40,"key":"SMITH"},{"data":"Pot Of Greed","floor":42,"key":"SMITH"},{"data":"Gash","floor":46,"key":"SMITH"},{"data":"Gash","floor":49,"key":"SMITH"}],"circlet_count":0,"master_deck":["AscendersBane","Defend_B","Defend_B","Defend_B","Defend_B","Zap+1","Dualcast+1","Compile Driver","Cold Snap","Crystallizer","Blizzard","infinitespire:SevenWalls+1","Crystallizer","Gash+1","All For One","CurseOfTheBell","Gash+1","Leap+1","Gash+1","Pot Of Greed+1","Pot Of Greed+1","Gash+1","Creative AI","Streamline","Electrodynamics","Gash","Pot Of Greed+1","Replay:SS_forest_6+1","Defragment","Go for the Eyes","Gash+1","Seek"],"relics":["Cracked Core","NeowsBlessing","Juzu Bracelet","Ancient Tea Set","Calling Bell","infinitespire:Beetle Shell","Replay:Accelerometer","Du-Vu Doll","Replay:Frozen Program","Grinning Jar","InkBottle","Sozu","Pear","BargainBundle","ReplayTheSpireMod:Shallot","MealTicket","Incense Burner","infinitespire:Broken Mirror"],"acts_visited":["Exordium","TheCity","TheBeyond"],"potions_floor_usage":[22,22,30,31],"damage_taken":[{"damage":0,"enemies":"Jaw Worm","floor":1,"turns":1},{"damage":0,"enemies":"Cultist","floor":3,"turns":1},{"damage":0,"enemies":"2 Louse","floor":4,"turns":1},{"damage":0,"enemies":"2 Fungi Beasts","floor":11,"turns":2},{"damage":32,"enemies":"Slime Boss","floor":16,"turns":13},{"damage":12,"enemies":"Chosen","floor":18,"turns":3},{"damage":0,"enemies":"Shell Parasite","floor":20,"turns":3},{"damage":9,"enemies":"Snake Plant","floor":21,"turns":4},{"damage":0,"enemies":"Centurion and Healer","floor":22,"turns":4},{"damage":0,"enemies":"3 Cultists","floor":28,"turns":4},{"damage":2,"enemies":"Shelled Parasite and Fungi","floor":30,"turns":3},{"damage":14,"enemies":"Gremlin Leader","floor":31,"turns":6},{"damage":43,"enemies":"Champ","floor":33,"turns":9},{"damage":21,"enemies":"3 Shapes","floor":35,"turns":4},{"damage":0,"enemies":"Giant Head","floor":45,"turns":7},{"damage":0,"enemies":"3 Darklings","floor":47,"turns":3},{"damage":49,"enemies":"Awakened One","floor":50,"turns":9}],"seed_played":"3504437645884225936","potions_obtained":[{"floor":1,"key":"PotionOfCapacity"},{"floor":20,"key":"AttackPotion"},{"floor":21,"key":"LifebloodPotion"},{"floor":28,"key":"SkillPotion"},{"floor":30,"key":"Toxic Potion"}],"is_trial":false,"path_per_floor":["M","?","M","M","$","R","?","R","T","R","M","?","$","?","R","B",null,"M","AVR","M","M","M","R","$","R","T","?","M","R","M","E","R","B",null,"M","?","?","?","AVR","R","$","R","T","?","E","R","M","$","R","B",null],"character_chosen":"DEFECT","items_purchased":["Blizzard","Gash","BargainBundle","Defragment","Go for the Eyes","ReplayTheSpireMod:Shallot","MealTicket"],"campfire_rested":0,"item_purchase_floors":[5,13,41,41,41,41,41],"current_hp_per_floor":[64,64,64,64,64,64,47,47,47,47,47,36,36,36,36,4,54,42,42,42,33,33,33,33,33,33,71,71,71,69,55,55,12,56,35,35,35,35,45,45,45,45,45,45,45,45,57,72,72,23],"gold":413,"neow_bonus":"THREE_ENEMY_KILL","is_daily":false,"chose_seed":false,"campfire_upgraded":12,"win_rate":0.0,"timestamp":1610698101,"path_taken":["M","?","?","M","$","R","?","R","T","R","M","?","$","?","R","BOSS","M","AVR","M","M","M","R","?","R","T","?","M","R","M","E","R","BOSS","M","?","?","?","AVR","R","?","R","T","?","E","R","M","$","R","BOSS"],"items_purchased_type":["Card","Card","Relic","Card","Card","Relic","Relic"],"build_version":"2020-12-22","purchased_purges":6,"victory":true,"max_hp_per_floor":[71,71,71,71,71,71,71,71,71,71,71,71,71,71,71,71,71,71,71,71,71,71,71,71,71,71,71,71,71,71,71,71,71,71,71,71,71,71,81,81,81,81,81,81,81,81,81,81,81,81],"card_choices":[{"not_picked":["Coolheaded","Blizzard"],"picked":"Compile Driver","floor":1},{"not_picked":["Coolheaded","Stack"],"picked":"Cold Snap","floor":3},{"not_picked":["Heatsinks","Hologram"],"picked":"Crystallizer","floor":4},{"not_picked":["ReplayTheSpireMod:Black Plague","infinitespire:FutureSight"],"picked":"infinitespire:SevenWalls","floor":7},{"not_picked":["Reboot","Undo"],"picked":"Crystallizer","floor":11},{"not_picked":["Multi-Cast","Mirror Shield"],"picked":"All For One","floor":16},{"not_picked":["ReplayGash","Double Energy"],"picked":"Gash","floor":18},{"not_picked":["Auto Shields","Hello World"],"picked":"Leap+1","floor":20},{"not_picked":["Cold Snap","Capacitor"],"picked":"Gash","floor":21},{"not_picked":["Consume","Sunder","Chill"],"picked":"SKIP","floor":22},{"not_picked":["ReplaySort+1","Reinforced Body"],"picked":"Gash","floor":28},{"not_picked":["Redo","Chill"],"picked":"Creative AI","floor":30},{"not_picked":["Genetic Algorithm","Go for the Eyes"],"picked":"Streamline","floor":31},{"not_picked":["Creative AI","Biased Cognition"],"picked":"Electrodynamics","floor":33},{"not_picked":["Compile Driver+1","FTL+1"],"picked":"Gash","floor":35},{"not_picked":["Trip","Discovery"],"picked":"Replay:SS_forest_6","floor":38},{"not_picked":["Hello World","BootSequence"],"picked":"Gash","floor":45},{"not_picked":["Recycle","BasicCrystalCard"],"picked":"Seek","floor":47}],"player_experience":942792,"relics_obtained":[{"floor":9,"key":"Juzu Bracelet"},{"floor":17,"key":"infinitespire:Beetle Shell"},{"floor":17,"key":"Replay:Accelerometer"},{"floor":17,"key":"Du-Vu Doll"},{"floor":26,"key":"Grinning Jar"},{"floor":31,"key":"InkBottle"},{"floor":43,"key":"Incense Burner"},{"floor":45,"key":"infinitespire:Broken Mirror"}],"event_choices":[{"damage_healed":0,"gold_gain":50,"player_choice":"Pray","damage_taken":0,"max_hp_gain":0,"max_hp_loss":0,"event_name":"Golden Shrine","floor":2,"gold_loss":0},{"damage_healed":0,"gold_gain":75,"player_choice":"Gather Gold","damage_taken":11,"max_hp_gain":0,"max_hp_loss":0,"event_name":"World of Goop","floor":12,"gold_loss":0},{"damage_healed":0,"gold_gain":0,"player_choice":"Gave Potion","damage_taken":0,"relics_obtained":["Ancient Tea Set"],"max_hp_gain":0,"max_hp_loss":0,"event_name":"WeMeetAgain","floor":14,"gold_loss":0},{"damage_healed":38,"gold_gain":0,"player_choice":"Full Heal","damage_taken":0,"max_hp_gain":0,"max_hp_loss":0,"event_name":"Wheel of Change","floor":27,"gold_loss":0},{"damage_healed":0,"gold_gain":999,"player_choice":"Gold","damage_taken":0,"max_hp_gain":0,"max_hp_loss":0,"event_name":"MindBloom","floor":37,"gold_loss":0,"cards_obtained":["Normality","Normality"]},{"damage_healed":0,"gold_gain":0,"player_choice":"Memory 1","damage_taken":0,"max_hp_gain":0,"max_hp_loss":0,"event_name":"SensoryStone","floor":38,"gold_loss":0},{"damage_healed":0,"gold_gain":0,"player_choice":"0 cards matched","damage_taken":0,"max_hp_gain":0,"max_hp_loss":0,"event_name":"Match and Keep!","floor":44,"gold_loss":0,"cards_obtained":[]}],"is_beta":false,"boss_relics":[{"not_picked":["SacredBark","Pandora\u0027s Box"],"picked":"Calling Bell"},{"not_picked":["Painkiller Herb","Honey Jar"],"picked":"Sozu"}],"items_purged_floors":[5,13,19,24,39,41],"is_endless":false,"potions_floor_spawned":[1,20,21,28,30,35],"ascension_level":16}}