{"host":"jksa5rawk3m4gilz","time":1610726000,"event":{"mods":["BaseMod","Colored Map","Highlight Path","Minty Spire (QoL Compilation)","Quick Restart"],"gold_per_floor":[119,119,129,146,146,157,122,149,149,167,186,219,219,244,244,321,321,337,337,337,59,71,71,71],"floor_reached":23,"language":"ENG","playtime":570,"items_purged":[],"score":472,"play_id":"b0d85020-2f05-4f7b-bafa-c787c6b4202f","local_time":"20210115165320","is_ascension_mode":true,"campfire_choices":[{"data":"EmptyFist","floor":13,"key":"SMITH"},{"data":"BowlingBash","floor":15,"key":"SMITH"}],"circlet_count":0,"master_deck":["AscendersBane","Strike_P","Strike_P","Strike_P","Strike_P","Defend_P+1","Defend_P","Defend_P","Defend_P+1","Eruption+1","Vigilance","FollowUp","FollowUp","Tantrum","FollowUp","BowlingBash+1","Fasting2+1","ClearTheMind","EmptyFist+1","LessonLearned","Devotion+1","Crescendo","Trip+1"],"relics":["PureWater","NeowsBlessing","Bottled Flame","Bag of Preparation","Frozen Egg 2","Sundial","The Courier","Sozu","MutagenicStrength","Enchiridion","Toxic Egg 2"],"acts_visited":["Exordium","TheCity"],"potions_floor_usage":[8,23,23],"damage_taken":[{"damage":0,"enemies":"Small Slimes","floor":1,"turns":1},{"damage":0,"enemies":"Cultist","floor":3,"turns":1},{"damage":0,"enemies":"Jaw Worm","floor":4,"turns":1},{"damage":21,"enemies":"Blue Slaver","floor":6,"turns":2},{"damage":17,"enemies":"3 Sentries","floor":8,"turns":5},{"damage":0,"enemies":"Looter","floor":10,"turns":1},{"damage":0,"enemies":"3 Louse","floor":11,"turns":2},{"damage":0,"enemies":"Gremlin Nob","floor":12,"turns":2},{"damage":7,"enemies":"Lagavulin","floor":14,"turns":3},{"damage":0,"enemies":"Slime Boss","floor":16,"turns":6},{"damage":12,"enemies":"Chosen","floor":18,"turns":2},{"damage":0,"enemies":"Spheric Guardian","floor":22,"turns":1},{"damage":39,"enemies":"Book of Stabbing","floor":23,"turns":2}],"seed_played":"1829102430615062415","potions_obtained":[{"floor":4,"key":"Regen Potion"},{"floor":8,"key":"SpeedPotion"},{"floor":14,"key":"PowerPotion"}],"is_trial":false,"path_per_floor":["M","?","M","M","T","M","?","E","T","M","M","E","R","E","R","B",null,"M","?","?","$","M","E"],"character_chosen":"WATCHER","items_purchased":["Toxic Egg 2","Trip+1"],"campfire_rested":0,"item_purchase_floors":[21,21],"current_hp_per_floor":[65,65,65,65,65,44,62,59,59,59,59,59,59,52,52,52,67,55,55,39,39,39,0,0],"gold":71,"neow_bonus":"THREE_ENEMY_KILL","is_daily":false,"chose_seed":false,"campfire_upgraded":2,"win_rate":0.0,"timestamp":1610726000,"path_taken":["M","?","?","M","?","M","?","E","T","M","M","E","R","E","R","BOSS","M","?","?","$","M","E"],"items_purchased_type":["Relic","Card"],"build_version":"2020-12-22","purchased_purges":0,"victory":false,"max_hp_per_floor":[72,72,72,72,72,72,72,72,72,72,72,72,72,72,72,72,72,72,72,72,72,72,72,72],"card_choices":[{"not_picked":["Indignation","SashWhip"],"picked":"FollowUp","floor":1},{"not_picked":["EmptyFist","Prostrate"],"picked":"FollowUp","floor":3},{"not_picked":["Evaluate","Weave"],"picked":"Tantrum","floor":4},{"not_picked":["SignatureMove","Indignation"],"picked":"FollowUp","floor":6},{"not_picked":["ThirdEye","WreathOfFlame"],"picked":"BowlingBash","floor":8},{"not_picked":["CutThroughFate","WheelKick"],"picked":"Fasting2+1","floor":10},{"not_picked":["CutThroughFate","Evaluate"],"picked":"ClearTheMind","floor":11},{"not_picked":["Indignation","MasterReality+1"],"picked":"EmptyFist","floor":12},{"not_picked":["Evaluate","EmptyFist"],"picked":"LessonLearned","floor":14},{"not_picked":["Wish","Blasphemy"],"picked":"Devotion+1","floor":16},{"not_picked":["FollowUp","PathToVictory"],"picked":"Crescendo","floor":18},{"not_picked":["EmptyMind+1","SignatureMove","FlurryOfBlows"],"picked":"SKIP","floor":22}],"player_experience":2125164,"relics_obtained":[{"floor":5,"key":"Bottled Flame"},{"floor":8,"key":"Bag of Preparation"},{"floor":9,"key":"Frozen Egg 2"},{"floor":12,"key":"Sundial"},{"floor":14,"key":"The Courier"},{"floor":20,"key":"Enchiridion"}],"event_choices":[{"damage_healed":0,"gold_gain":0,"player_choice":"Upgraded","damage_taken":0,"max_hp_gain":0,"max_hp_loss":0,"event_name":"Upgrade Shrine","floor":2,"gold_loss":0,"cards_upgraded":["Eruption"]},{"damage_healed":18,"gold_gain":0,"player_choice":"Healed","damage_taken":0,"max_hp_gain":0,"max_hp_loss":0,"event_name":"The Cleric","floor":7,"gold_loss":35},{"damage_healed":0,"gold_gain":0,"player_choice":"Inject Mutagens","damage_taken":0,"relics_obtained":["MutagenicStrength"],"max_hp_gain":0,"max_hp_loss":0,"event_name":"Drug Dealer","floor":19,"gold_loss":0},{"damage_healed":0,"gold_gain":0,"player_choice":"Obtained Book","damage_taken":16,"max_hp_gain":0,"max_hp_loss":0,"event_name":"Cursed Tome","floor":20,"gold_loss":0}],"is_beta":false,"boss_relics":[{"not_picked":["Coffee Dripper","Runic Dome"],"picked":"Sozu"}],"items_purged_floors":[],"is_endless":false,"potions_floor_spawned":[4,8,14,16,18],"killed_by":"Book of Stabbing","ascension_level":13}}