{"host":"legtpxylirt4o9qk","time":1610683849,"event":{"mods":["AchievementEnabler","Aspiration","Bard","BaseMod","Beaked The Cultist","Better Altar","Better Match","Better Note","Better Sensory Stone","Better Skull","Better Third Choice","BetterRewards","CCEM","Clawfect","Colored Map","Conspire","Dark Map","Downfall","GifTheSpireLib","Googly Eyes","Halation","Hermit","Highlight Path","Hubris","Hunter ??","Infinite Spire","Jedi Mod","Mimic Mod","Minty Spire (QoL Compilation)","Permanent Neow","Replay The Spire","Shade Mod","Shop Mod","Spicy Shops","StSLib","Stuff the Spire","The Blackbeard","The Construct","The Disciple","The Forsaken","The Gatherer","The Hierophant","The Necromancer","The Runesmith","The Servant 0.9.4"],"gold_per_floor":[109,127,127,52,52,71,88,102,147,161,161,161,161],"floor_reached":12,"language":"ENG","playtime":825,"items_purged":[],"score":72,"play_id":"d289ebfc-f08c-43a1-a2ef-21ab77edf5d6","local_time":"20210114231049","is_ascension_mode":false,"campfire_choices":[{"floor":11,"key":"REST"}],"circlet_count":0,"master_deck":["beaked:Strike_Y","beaked:Strike_Y","beaked:Strike_Y","beaked:Strike_Y","beaked:Strike_Y","beaked:Strike_Y","beaked:Defend_Y","beaked:Defend_Y","beaked:Defend_Y","beaked:Defend_Y","beaked:Ceremony","beaked:Ceremony","beaked:Ceremony+1","beaked:Tweet","beaked:Foresight","beaked:VigorBurst+1","theForsaken:PlagueCurse","beaked:SacrificialDive","beaked:MachineSpirit","beaked:DigDeep"],"relics":["beaked:MendingPlumage","theForsaken:PlagueMask","halation:PrussianBluePaint"],"acts_visited":["Exordium"],"potions_floor_usage":[12,12],"damage_taken":[{"damage":8.0,"enemies":"Small Slimes","floor":1.0,"turns":4.0},{"damage":17.0,"enemies":"2 Louse","floor":2.0,"turns":4.0},{"damage":6.0,"enemies":"Cultist","floor":6.0,"turns":5.0},{"damage":30.0,"enemies":"2 Fungi Beasts","floor":7.0,"turns":6.0},{"damage":22.0,"enemies":"Blue Slaver","floor":8.0,"turns":5.0},{"damage":46,"enemies":"Exordium Thugs","floor":10,"turns":7},{"damage":97,"enemies":"Gremlin Nob","floor":12,"turns":6}],"seed_played":"-5412207184102722487","potions_obtained":[{"floor":2.0,"key":"SkillPotion"},{"floor":6.0,"key":"Ancient Potion"},{"floor":7.0,"key":"sneckomod:MuddlingPotion"}],"is_trial":false,"path_per_floor":["M","M","?","?","?","M","M","M","T","M","R","E"],"character_chosen":"BEAKED_THE_CULTIST","items_purchased":[],"campfire_rested":1,"item_purchase_floors":[],"current_hp_per_floor":[50,42,42,47,47,60,46,49,49,34,52,0,0],"gold":161,"neow_bonus":"TEN_PERCENT_HP_BONUS","is_daily":false,"chose_seed":false,"campfire_upgraded":0,"win_rate":0.0,"timestamp":1610683849,"path_taken":["M","M","?","?","?","?","M","M","T","M","R","E"],"items_purchased_type":[],"build_version":"2020-12-22","purchased_purges":0,"victory":false,"max_hp_per_floor":[55,55,55,60,60,60,60,60,60,60,60,60,60],"card_choices":[{"not_picked":["beaked:DigDeep","beaked:CursingBlood"],"picked":"beaked:Tweet","floor":1.0},{"not_picked":["ReplayTheSpireMod:Wings of Steel","ReplayTheSpireMod:Owlgaze"],"picked":"beaked:Foresight","floor":2.0},{"not_picked":["beaked:RuinSticks+1","beaked:Mantra+1"],"picked":"beaked:VigorBurst+1","floor":4.0},{"not_picked":["beaked:CursingBlood","beaked:Redirect","beaked:Tradeoff"],"picked":"SKIP","floor":6.0},{"not_picked":["beaked:Daydream","beaked:DigDeep"],"picked":"beaked:SacrificialDive","floor":7.0},{"not_picked":["beaked:RitualOfBody","beaked:Overpower"],"picked":"beaked:MachineSpirit","floor":8.0},{"not_picked":["beaked:WindBringer","beaked:Struggle"],"picked":"beaked:DigDeep","floor":10}],"player_experience":73698,"relics_obtained":[{"floor":9.0,"key":"halation:PrussianBluePaint"}],"event_choices":[{"damage_healed":0.0,"max_hp_gain":0.0,"max_hp_loss":0.0,"gold_gain":0.0,"event_name":"Living Wall","player_choice":"Grow","floor":3.0,"gold_loss":0.0,"damage_taken":0.0,"cards_upgraded":["beaked:Ceremony"]},{"damage_healed":0.0,"max_hp_gain":0.0,"max_hp_loss":0.0,"gold_gain":0.0,"event_name":"betterMatch:BetterMatch","player_choice":"2","floor":4.0,"gold_loss":0.0,"damage_taken":0.0,"cards_obtained":["betterMatch:UncommonCard"]},{"damage_healed":0.0,"max_hp_gain":0.0,"max_hp_loss":0.0,"gold_gain":0.0,"event_name":"Plague Doctor","player_choice":"Obtain Plague Curse","floor":5.0,"gold_loss":0.0,"damage_taken":0.0,"cards_obtained":["theForsaken:PlagueCurse"]}],"is_beta":false,"boss_relics":[],"items_purged_floors":[],"is_endless":false,"potions_floor_spawned":[2,6,7],"killed_by":"Gremlin Nob","ascension_level":0}}