{"host":"q6ff4ns2kep02ti6","time":1610730066,"event":{"mods":["AchievementEnabler","BaseMod","Minty Spire (QoL Compilation)","Relic Stats","StSLib","Unceasing Turn Reminder"],"gold_per_floor":[113,57,76,1,11,38,38,68,93,109,126,19,33,56,56,135,135,87,87,87],"floor_reached":19,"language":"ENG","playtime":1628,"items_purged":["Strike_R"],"score":438,"play_id":"c0b9eeb8-f38f-49fa-a459-6d7f59822f29","local_time":"20210115180106","is_ascension_mode":true,"campfire_choices":[{"data":"Feed","floor":7,"key":"SMITH"},{"data":"Heavy Blade","floor":15,"key":"SMITH"}],"circlet_count":0,"master_deck":["AscendersBane","Strike_R","Strike_R","Defend_R","Defend_R","Defend_R","Bash","Flex","Cleave","Feed+1","Shrug It Off","Heavy Blade+1","Uppercut","Flash of Steel","Reaper","Barricade+1","Dual Wield+1","Corruption+1","Battle Trance"],"relics":["SacredBark","Smiling Mask","Darkstone Periapt","Dream Catcher","Astrolabe"],"acts_visited":["Exordium","TheCity"],"potions_floor_usage":[6,13,16],"damage_taken":[{"damage":7,"enemies":"Cultist","floor":1,"turns":4},{"damage":23,"enemies":"Jaw Worm","floor":3,"turns":7},{"damage":12,"enemies":"Small Slimes","floor":5,"turns":4},{"damage":10,"enemies":"3 Sentries","floor":6,"turns":4},{"damage":0,"enemies":"2 Fungi Beasts","floor":10,"turns":2},{"damage":11,"enemies":"Blue Slaver","floor":11,"turns":5},{"damage":17,"enemies":"Exordium Wildlife","floor":13,"turns":8},{"damage":0,"enemies":"Slime Boss","floor":16,"turns":2},{"damage":58,"enemies":"2 Thieves","floor":18,"turns":5},{"damage":42,"enemies":"Shell Parasite","floor":19,"turns":4}],"seed_played":"-1374270520896319401","potions_obtained":[{"floor":3,"key":"FearPotion"},{"floor":10,"key":"SteroidPotion"},{"floor":11,"key":"Regen Potion"}],"is_trial":false,"path_per_floor":["M","$","M","$","M","E","R","?","T","M","M","$","M","T","R","B",null,"M","M"],"character_chosen":"IRONCLAD","items_purchased":["Explosive Potion","Flash of Steel"],"campfire_rested":0,"item_purchase_floors":[2,12],"current_hp_per_floor":[61,61,38,38,26,19,19,19,19,19,12,12,48,48,48,52,81,36,0,0],"gold":87,"neow_bonus":"BOSS_RELIC","is_daily":false,"chose_seed":false,"campfire_upgraded":2,"win_rate":0.0,"timestamp":1610730066,"path_taken":["M","?","M","$","M","E","R","?","T","M","M","?","M","?","R","BOSS","M","M"],"items_purchased_type":["Potion","Card"],"build_version":"2020-12-22","purchased_purges":1,"victory":false,"max_hp_per_floor":[75,75,75,75,75,78,78,78,78,78,82,82,86,86,86,90,90,94,94,94],"relic_stats":{"Darkstone Periapt":0,"Dream Catcher":0,"counters":[10,45],"Astrolabe":["Barricade","Dual Wield","Corruption"],"Smiling Mask":0,"obtain_stats":[{"Darkstone Periapt":8,"Dream Catcher":9,"SacredBark":0,"Astrolabe":17,"Smiling Mask":6,"Burning Blood":0},{"Darkstone Periapt":4,"Dream Catcher":4,"SacredBark":0,"Astrolabe":8,"Smiling Mask":4,"Burning Blood":0},{"Darkstone Periapt":19,"Dream Catcher":19,"SacredBark":0,"Astrolabe":36,"Smiling Mask":19,"Burning Blood":0}]},"card_choices":[{"not_picked":["Thunderclap","Perfected Strike"],"picked":"Flex","floor":1},{"not_picked":["Perfected Strike","Evolve"],"picked":"Cleave","floor":3},{"not_picked":["Rampage","Pummel"],"picked":"Feed","floor":5},{"not_picked":["Body Slam","Pommel Strike"],"picked":"Shrug It Off","floor":6},{"not_picked":["Perfected Strike","Havoc"],"picked":"Heavy Blade","floor":10},{"not_picked":["Body Slam","Hemokinesis"],"picked":"Uppercut","floor":11},{"not_picked":["Iron Wave","Perfected Strike","Rampage"],"picked":"SKIP","floor":13},{"not_picked":["Juggernaut","Fiend Fire"],"picked":"Reaper","floor":16},{"not_picked":["Body Slam","Cleave"],"picked":"Battle Trance","floor":18}],"player_experience":946264,"relics_obtained":[{"floor":6,"key":"Smiling Mask"},{"floor":9,"key":"Dream Catcher"}],"event_choices":[{"damage_healed":0,"gold_gain":30,"player_choice":"Searched \u00272\u0027 times","damage_taken":0,"relics_obtained":["Darkstone Periapt"],"max_hp_gain":0,"max_hp_loss":0,"event_name":"Dead Adventurer","floor":8,"gold_loss":0}],"is_beta":false,"boss_relics":[{"not_picked":["Fusion Hammer","Ectoplasm"],"picked":"Astrolabe"}],"items_purged_floors":[4],"is_endless":false,"potions_floor_spawned":[3,10,11],"killed_by":"Shell Parasite","ascension_level":20}}