{"host":"jpcy2bclvs7juczu","time":1610701001,"event":{"mods":["AchievementEnabler","BaseMod","Block Reminder","Colored Map","Colored Powertips","Curses Come First","Dark Map","Minty Spire (QoL Compilation)","Quick Restart","Relic Stats","StSLib","ojb\u0027s Better Paths Mod","ojb\u0027s Info Mod","slay the spire mod where everything is the same but ironclad has a cowboy hat"],"gold_per_floor":[364,514,26,43,43,81,106,150,150,150,185,200,260,294,306,318,318],"floor_reached":16,"language":"ENG","playtime":653,"items_purged":["Doubt"],"score":236,"play_id":"d3ee7b1c-4125-456e-8b9c-35c32b45d080","local_time":"20210115085641","is_ascension_mode":true,"campfire_choices":[{"floor":10,"key":"REST"},{"data":"Bash","floor":15,"key":"SMITH"}],"circlet_count":0,"master_deck":["AscendersBane","Strike_R","Strike_R","Strike_R","Strike_R","Strike_R","Defend_R","Defend_R","Defend_R","Defend_R","Bash+1","Feel No Pain","Perfected Strike","Feed","Perfected Strike","Shrug It Off+1","Twin Strike","Shrug It Off+1","Shockwave+1"],"relics":["Burning Blood","Shovel","Golden Idol","Orichalcum","Toxic Egg 2","Art of War","Odd Mushroom","MawBank"],"acts_visited":[],"potions_floor_usage":[6,7,8,12],"damage_taken":[{"damage":7,"enemies":"Cultist","floor":1,"turns":4},{"damage":12,"enemies":"Jaw Worm","floor":4,"turns":3},{"damage":32,"enemies":"Gremlin Nob","floor":6,"turns":4},{"damage":8,"enemies":"Small Slimes","floor":7,"turns":3},{"damage":16,"enemies":"3 Sentries","floor":8,"turns":10},{"damage":33,"enemies":"The Mushroom Lair","floor":11,"turns":4},{"damage":0,"enemies":"2 Fungi Beasts","floor":12,"turns":2},{"damage":13,"enemies":"Gremlin Nob","floor":14,"turns":4},{"damage":11,"enemies":"The Guardian","floor":16,"turns":5}],"seed_played":"7560649289513338002","potions_obtained":[{"floor":4,"key":"Explosive Potion"},{"floor":6,"key":"DuplicationPotion"},{"floor":11,"key":"Fire Potion"},{"floor":14,"key":"SmokeBomb"}],"is_trial":false,"path_per_floor":["M","?","$","M","?","E","M","E","T","R","?","M","?","E","R","B"],"character_chosen":"IRONCLAD","items_purchased":["Feel No Pain","Shovel","SkillPotion"],"campfire_rested":1,"item_purchase_floors":[3,3,3],"current_hp_per_floor":[49,49,49,43,43,17,18,11,11,33,9,18,18,11,11,0,0],"gold":318,"neow_bonus":"TWO_FIFTY_GOLD","is_daily":false,"chose_seed":false,"campfire_upgraded":1,"win_rate":0.0,"timestamp":1610701001,"path_taken":["M","?","$","M","?","E","M","E","T","R","?","M","?","E","R","BOSS"],"items_purchased_type":["Card","Relic","Potion"],"build_version":"2020-12-22","purchased_purges":1,"victory":false,"max_hp_per_floor":[75,75,75,75,68,68,71,74,74,74,77,80,80,80,80,80,80],"relic_stats":{"Shovel":0,"counters":[9,39],"Golden Idol":39,"Art of War":[2],"Orichalcum":[96],"MawBank":24,"obtain_stats":[{"Shovel":3,"Golden Idol":5,"Art of War":9,"Orichalcum":6,"Toxic Egg 2":8,"Odd Mushroom":11,"MawBank":14,"Burning Blood":0},{"Shovel":1,"Golden Idol":2,"Art of War":5,"Orichalcum":3,"Toxic Egg 2":5,"Odd Mushroom":6,"MawBank":8,"Burning Blood":0},{"Shovel":4,"Golden Idol":7,"Art of War":24,"Orichalcum":11,"Toxic Egg 2":24,"Odd Mushroom":28,"MawBank":34,"Burning Blood":0}],"Burning Blood":48},"card_choices":[{"not_picked":["Clash","Warcry","Dual Wield"],"picked":"SKIP","floor":1},{"not_picked":["Evolve","Armaments"],"picked":"Perfected Strike","floor":4},{"not_picked":["Clash","Limit Break"],"picked":"Feed","floor":6},{"not_picked":["Hemokinesis","Infernal Blade"],"picked":"Perfected Strike","floor":7},{"not_picked":["Anger","Entrench+1"],"picked":"Shrug It Off+1","floor":8},{"not_picked":["Combust","Iron Wave"],"picked":"Twin Strike","floor":11},{"not_picked":["Perfected Strike","Iron Wave"],"picked":"Shrug It Off+1","floor":12},{"not_picked":["Twin Strike","Dark Embrace"],"picked":"Shockwave+1","floor":14}],"player_experience":405638,"relics_obtained":[{"floor":6,"key":"Orichalcum"},{"floor":8,"key":"Toxic Egg 2"},{"floor":9,"key":"Art of War"},{"floor":11,"key":"Odd Mushroom"},{"floor":14,"key":"MawBank"}],"event_choices":[{"damage_healed":0,"gold_gain":150,"player_choice":"AGREE","damage_taken":0,"max_hp_gain":0,"max_hp_loss":0,"event_name":"Liars Game","floor":2,"gold_loss":0,"cards_obtained":["Doubt"]},{"damage_healed":0,"gold_gain":0,"player_choice":"Lose Max HP","damage_taken":0,"relics_obtained":["Golden Idol"],"max_hp_gain":0,"max_hp_loss":7,"event_name":"Golden Idol","floor":5,"gold_loss":0},{"damage_healed":0,"gold_gain":0,"player_choice":"Fought Mushrooms","damage_taken":0,"max_hp_gain":0,"max_hp_loss":0,"event_name":"Mushrooms","floor":11,"gold_loss":0},{"damage_healed":0,"gold_gain":60,"player_choice":"Gained Gold","damage_taken":0,"max_hp_gain":0,"max_hp_loss":0,"event_name":"Golden Wing","floor":13,"gold_loss":0}],"is_beta":false,"boss_relics":[],"items_purged_floors":[3],"is_endless":false,"potions_floor_spawned":[4,6,11,14],"killed_by":"The Guardian","ascension_level":20}}