{"host":"a7n5dzefz0hsmd08","time":1610676794,"event":{"mods":["2.2 Compatiblity","AchievementEnabler","BaseMod","Minty Spire (QoL Compilation)","StSLib"],"gold_per_floor":[114,114,114,139,109,147,147,182,182,235,259,202,202,236,236,371,371,393,30,54,83,111,111,156,156,156,200,200,227,251,274,274,413,413,429,187,520,804,378,422,422,449,473,473,514,542,585,613,613,613],"floor_reached":51,"language":"ENG","playtime":2916,"items_purged":["Regret"],"score":987,"play_id":"1182af70-9b00-47ee-b56b-0d4718c76c5d","local_time":"20210115031314","is_ascension_mode":true,"campfire_choices":[{"floor":7.0,"key":"REST"},{"data":"PathToVictory","floor":13.0,"key":"SMITH"},{"data":"SandsOfTime","floor":15.0,"key":"SMITH"},{"floor":23,"key":"REST"},{"data":"Blasphemy","floor":25,"key":"SMITH"},{"data":"Sanctity","floor":28,"key":"SMITH"},{"floor":32,"key":"REST"},{"data":"FollowUp","floor":41,"key":"SMITH"},{"data":"CutThroughFate","floor":44,"key":"SMITH"},{"floor":49,"key":"REST"}],"circlet_count":0,"master_deck":["Strike_P","Strike_P+1","Strike_P","Strike_P","Defend_P","Defend_P","Defend_P","Defend_P","Eruption+1","Vigilance","FollowUp","CutThroughFate+1","Sanctity+1","FollowUp+1","Pray","PathToVictory+1","SandsOfTime+1","Blasphemy+1","SashWhip+1","Weave+1","FollowUp+1","Consecrate+1","Crescendo+1","Consecrate+1","Consecrate+1","CrushJoints+1","FlurryOfBlows+1","BowlingBash+1","EmptyFist+1","Ragnarok+1","Dramatic Entrance+1","PathToVictory+1","Wireheading+1","FlyingSleeves+1","EmptyMind+1","PathToVictory+1","FollowUp+1","Prostrate+1","LikeWater+1"],"relics":["HolyWater","Matryoshka","PreservedInsect","Boot","Frozen Egg 2","CeramicFish","Mummified Hand","VioletLotus","Molten Egg 2","Shuriken","Blood Vial","Bottled Lightning","Pocketwatch","Whetstone","DollysMirror","Nunchaku","Bag of Preparation","Akabeko","White Beast Statue","Toxic Egg 2"],"acts_visited":["TheBeyond"],"potions_floor_usage":[27,33,40,40,47,47,50],"damage_taken":[{"damage":0.0,"enemies":"Small Slimes","floor":1.0,"turns":2.0},{"damage":0.0,"enemies":"2 Louse","floor":4.0,"turns":3.0},{"damage":21.0,"enemies":"Gremlin Nob","floor":6.0,"turns":3.0},{"damage":7.0,"enemies":"3 Sentries","floor":8.0,"turns":5.0},{"damage":10.0,"enemies":"Lagavulin","floor":10.0,"turns":3.0},{"damage":0.0,"enemies":"Cultist","floor":11.0,"turns":2.0},{"damage":4.0,"enemies":"Looter","floor":14.0,"turns":3.0},{"damage":0.0,"enemies":"Slime Boss","floor":16.0,"turns":6.0},{"damage":16.0,"enemies":"2 Thieves","floor":18.0,"turns":3.0},{"damage":9.0,"enemies":"Chosen","floor":20.0,"turns":4.0},{"damage":23.0,"enemies":"Centurion and Healer","floor":21.0,"turns":3.0},{"damage":8.0,"enemies":"Cultist and Chosen","floor":22.0,"turns":4.0},{"damage":2,"enemies":"Book of Stabbing","floor":24,"turns":2},{"damage":0,"enemies":"Gremlin Leader","floor":27,"turns":2},{"damage":0,"enemies":"Snecko","floor":29,"turns":2},{"damage":18,"enemies":"Shelled Parasite and Fungi","floor":30,"turns":3},{"damage":5,"enemies":"Cultist and Chosen","floor":31,"turns":3},{"damage":30,"enemies":"Automaton","floor":33,"turns":4},{"damage":10,"enemies":"Orb Walker","floor":35,"turns":3},{"damage":3,"enemies":"Giant Head","floor":40,"turns":4},{"damage":6,"enemies":"3 Shapes","floor":42,"turns":2},{"damage":0,"enemies":"Reptomancer","floor":45,"turns":2},{"damage":0,"enemies":"Spire Growth","floor":46,"turns":2},{"damage":13,"enemies":"Giant Head","floor":47,"turns":2},{"damage":0,"enemies":"Sphere and 2 Shapes","floor":48,"turns":1},{"damage":71,"enemies":"Time Eater","floor":50,"turns":5}],"seed_played":"8350536494137295146","potions_obtained":[{"floor":4.0,"key":"FearPotion"},{"floor":5.0,"key":"FearPotion"},{"floor":5.0,"key":"Weak Potion"},{"floor":6.0,"key":"FearPotion"},{"floor":14.0,"key":"SpeedPotion"},{"floor":20.0,"key":"Fire Potion"},{"floor":21.0,"key":"Ancient Potion"},{"floor":24,"key":"DuplicationPotion"},{"floor":27,"key":"BottledMiracle"},{"floor":29,"key":"BlessingOfTheForge"},{"floor":33,"key":"SpeedPotion"},{"floor":35,"key":"FearPotion"},{"floor":40,"key":"Fruit Juice"},{"floor":46,"key":"ColorlessPotion"},{"floor":47,"key":"Dexterity Potion"},{"floor":48,"key":"SneckoOil"}],"is_trial":false,"path_per_floor":["M","?","?","M","?","E","R","E","T","E","M","?","R","M","R","B",null,"M","$","M","M","M","R","E","R","T","E","R","M","M","M","R","B",null,"M","$","?","?","$","E","R","M","T","R","E","M","E","M","R","B",null],"character_chosen":"WATCHER","items_purchased":["Molten Egg 2","Weave+1","FollowUp+1","Whetstone","Dramatic Entrance+1","DollysMirror","Nunchaku","Wireheading+1"],"campfire_rested":4,"item_purchase_floors":[19,19,19,36,36,39,39,39],"current_hp_per_floor":[65,65,65,65,65,44,68,61,61,51,51,51,51,47,47,47,80,64,64,55,32,24,48,46,46,46,48,48,50,34,31,55,27,80,70,70,70,70,70,74,74,70,70,70,72,74,63,65,85,14],"gold":613,"neow_bonus":"TWENTY_PERCENT_HP_BONUS","is_daily":false,"chose_seed":false,"campfire_upgraded":6,"win_rate":0.0,"timestamp":1610676794,"path_taken":["M","?","?","M","?","E","R","E","T","E","?","?","R","M","R","BOSS","M","$","M","M","M","R","E","R","T","E","R","M","?","M","R","BOSS","M","$","?","?","$","E","R","M","T","R","E","M","E","M","R","BOSS"],"items_purchased_type":["Relic","Card","Card","Relic","Card","Relic","Relic","Card"],"build_version":"2020-12-22","purchased_purges":1,"victory":true,"max_hp_per_floor":[86,86,80,80,80,80,80,80,80,80,80,80,80,80,80,80,80,80,80,80,80,80,80,80,80,80,80,80,80,80,80,80,80,80,80,80,80,80,80,85,85,85,85,85,85,85,85,85,85,85],"card_choices":[{"not_picked":["EmptyFist","Crescendo"],"picked":"FollowUp","floor":1.0},{"not_picked":["BowlingBash","BattleHymn"],"picked":"CutThroughFate","floor":4.0},{"not_picked":["EmptyFist","LessonLearned"],"picked":"Sanctity","floor":6.0},{"not_picked":["ClearTheMind","Swivel"],"picked":"FollowUp","floor":8.0},{"not_picked":["MasterReality+1","Study+1"],"picked":"Pray","floor":10.0},{"not_picked":["WreathOfFlame","MentalFortress+1"],"picked":"PathToVictory","floor":11.0},{"not_picked":["ReachHeaven","Swivel"],"picked":"SandsOfTime","floor":14.0},{"not_picked":["DevaForm+1","Omniscience"],"picked":"Blasphemy","floor":16.0},{"not_picked":["JustLucky","Halt"],"picked":"SashWhip","floor":18.0},{"not_picked":["BowlingBash+1","ThirdEye"],"picked":"Consecrate+1","floor":20.0},{"not_picked":["Study+1","Pray"],"picked":"Crescendo+1","floor":21.0},{"not_picked":["SandsOfTime+1","BowlingBash+1"],"picked":"Consecrate+1","floor":22.0},{"not_picked":["ForeignInfluence","ReachHeaven+1"],"picked":"Consecrate+1","floor":24},{"not_picked":["Consecrate+1","Evaluate"],"picked":"CrushJoints+1","floor":27},{"not_picked":["DeusExMachina","Meditate+1"],"picked":"FlurryOfBlows+1","floor":29},{"not_picked":["Perseverance","Halt+1"],"picked":"BowlingBash+1","floor":30},{"not_picked":["Consecrate+1","EmptyBody"],"picked":"EmptyFist+1","floor":31},{"not_picked":["DevaForm+1","Judgement"],"picked":"Ragnarok+1","floor":33},{"not_picked":["FlurryOfBlows+1","SashWhip+1","EmptyBody+1"],"picked":"SKIP","floor":35},{"not_picked":["BowlingBash+1","FollowUp+1"],"picked":"FlyingSleeves+1","floor":40},{"not_picked":["Wireheading+1","EmptyFist+1"],"picked":"EmptyMind+1","floor":42},{"not_picked":["Wallop+1","WindmillStrike+1"],"picked":"PathToVictory+1","floor":45},{"not_picked":["FlyingSleeves+1","ThirdEye+1"],"picked":"FollowUp+1","floor":46},{"not_picked":["Meditate+1","CrushJoints+1"],"picked":"Prostrate+1","floor":47},{"not_picked":["BowlingBash+1","SashWhip+1"],"picked":"LikeWater+1","floor":48}],"player_experience":160737,"relics_obtained":[{"floor":6.0,"key":"Matryoshka"},{"floor":8.0,"key":"PreservedInsect"},{"floor":9.0,"key":"Boot"},{"floor":9.0,"key":"Frozen Egg 2"},{"floor":10.0,"key":"CeramicFish"},{"floor":24,"key":"Shuriken"},{"floor":26,"key":"Blood Vial"},{"floor":26,"key":"Bottled Lightning"},{"floor":27,"key":"Pocketwatch"},{"floor":40,"key":"Bag of Preparation"},{"floor":43,"key":"Akabeko"},{"floor":45,"key":"White Beast Statue"},{"floor":47,"key":"Toxic Egg 2"}],"event_choices":[{"damage_healed":0.0,"max_hp_gain":0.0,"max_hp_loss":0.0,"gold_gain":0.0,"event_name":"Living Wall","player_choice":"Grow","floor":2.0,"gold_loss":0.0,"damage_taken":0.0,"cards_upgraded":["Eruption"]},{"damage_healed":0.0,"max_hp_gain":0.0,"max_hp_loss":6.0,"gold_gain":0.0,"event_name":"Golden Idol","player_choice":"Lose Max HP","floor":3.0,"gold_loss":0.0,"damage_taken":0.0,"relics_obtained":["Golden Idol"]},{"damage_healed":0.0,"max_hp_gain":0.0,"max_hp_loss":0.0,"gold_gain":0.0,"event_name":"The Woman in Blue","player_choice":"Bought 2 Potions","floor":5.0,"gold_loss":0.0,"damage_taken":0.0},{"damage_healed":0.0,"max_hp_gain":0.0,"max_hp_loss":0.0,"gold_gain":0.0,"event_name":"WeMeetAgain","player_choice":"Paid Gold","floor":12.0,"gold_loss":57.0,"damage_taken":0.0,"relics_obtained":["Mummified Hand"]},{"damage_healed":0,"gold_gain":333,"player_choice":"Gave Idol","damage_taken":0,"max_hp_gain":0,"max_hp_loss":0,"event_name":"The Moai Head","floor":37,"relics_lost":["Golden Idol"],"gold_loss":0},{"damage_healed":0,"gold_gain":275,"player_choice":"Desecrate","damage_taken":0,"max_hp_gain":0,"max_hp_loss":0,"event_name":"Golden Shrine","floor":38,"gold_loss":0,"cards_obtained":["Regret"]}],"is_beta":false,"boss_relics":[{"not_picked":["Snecko Eye","Runic Dome"],"picked":"VioletLotus"},{"not_picked":["Runic Pyramid","Pandora\u0027s Box"],"picked":"HolyWater"}],"items_purged_floors":[39],"is_endless":false,"potions_floor_spawned":[4,6,14,20,21,24,27,29,33,35,40,46,47,48],"ascension_level":1}}