{"host":"64h6jdpsiwrne03s","time":1610682942,"event":{"mods":["Act Like it!","BaseMod","Bestiary","Colored Powertips","Gensokyo","Marisa£®ÏF”Í°°ƒß¿Ì…≥£©","Minty Spire (QoL Compilation)","Reimu£®≤©¿ˆ¡È√Œ£©","Remilia£®¿Ÿ√◊¿Ú—«£©","StSLib","The Servant 0.9.4","Youmu£®ªÍ∆«—˝√Œ£©"],"gold_per_floor":[118,48,48,48,59,86,97,122,146,146,71,71,84,119,119,221,221,232,244,144,144,162,162,187,187,212,240,96,130,150,9,9,110,110,126,126,126,126,126,154,172,207,231,248,248,248,248,274,274,274,274,274,44,79,79,79],"floor_reached":55,"language":"ZHS","playtime":2867,"items_purged":["Strike_RM","Strike_RM","Defend_RM"],"score":1272,"play_id":"d06c8a23-22f4-4fc8-9251-16c05cf3b388","local_time":"20210115115542","is_ascension_mode":true,"campfire_choices":[{"data":"SuperhumanBloodyKnife","floor":10.0,"key":"SMITH"},{"data":"KillingBlow","floor":12.0,"key":"SMITH"},{"data":"Stigmanizer","floor":15.0,"key":"SMITH"},{"data":"BloodyHallows","floor":23.0,"key":"SMITH"},{"data":"RedMoon","floor":32.0,"key":"SMITH"},{"data":"QueenOfMidnight","floor":47,"key":"SMITH"},{"floor":49,"key":"RECALL"},{"data":"DevilSight","floor":52,"key":"SMITH"}],"circlet_count":0,"master_deck":["Defend_RM+1","Defend_RM+1","RedMoon+1","KillingBlow+1","SuperhumanBloodyKnife+1","Stigmanizer+1","DevilSight+1","BloodyHallows+1","LeisurelyOfLord+1","QueenOfMidnight+1","VampireFantasy+1","BloodyMagicSquare+1","UnstableMagic+1","Gensokyo:Taser","Stigmanizer+1","ChaoticDestiny"],"relics":["ScarletHat","Happy Flower","Mango","Toy Ornithopter","Pen Nib","Blood Vial","Kunai","Black Star","Pocketwatch","Juzu Bracelet","Bag of Preparation","Gensokyo:MosesMiracle","Vajra","Bird Faced Urn","Mastiff:ReiMu","Question Card","Lantern","HandDrill","Empty Cage","Gensokyo:TheCrow","Gremlin Horn","Bag of Marbles","Strawberry","Letter Opener","Anchor","Darkstone Periapt","Bottled Flame","War Paint","Bottled Tornado"],"acts_visited":["Gensokyo:Gensokyo","Gensokyo:Gensokyoer","Gensokyo:Gensokyoest","TheEnding"],"potions_floor_usage":[33,55,55,55,55],"damage_taken":[{"damage":1.0,"enemies":"Gensokyo:2_Kodama","floor":1.0,"turns":4.0},{"damage":0.0,"enemies":"Gensokyo:3_Fairies","floor":5.0,"turns":4.0},{"damage":29.0,"enemies":"Gensokyo:Aya","floor":6.0,"turns":4.0},{"damage":15.0,"enemies":"Gensokyo:Gryphon","floor":7.0,"turns":1.0},{"damage":35.0,"enemies":"Gensokyo:Mamizou","floor":8.0,"turns":5.0},{"damage":0.0,"enemies":"Gensokyo:LivingMonolith","floor":13.0,"turns":2.0},{"damage":0.0,"enemies":"Gensokyo:Cirno","floor":14.0,"turns":6.0},{"damage":32.0,"enemies":"Gensokyo:Yukari","floor":16.0,"turns":4.0},{"damage":26.0,"enemies":"Gensokyo:Chomper","floor":18.0,"turns":2.0},{"damage":0.0,"enemies":"Gensokyo:CosmicMonolith","floor":19.0,"turns":3.0},{"damage":16.0,"enemies":"Gensokyo:3_Gloops","floor":22.0,"turns":3.0},{"damage":20.0,"enemies":"Gensokyo:Reisen","floor":24.0,"turns":3.0},{"damage":53.0,"enemies":"Gensokyo:Tenshi","floor":27.0,"turns":2.0},{"damage":0.0,"enemies":"Gensokyo:Reisen","floor":29.0,"turns":2.0},{"damage":24.0,"enemies":"Gensokyo:Slime_Group","floor":30.0,"turns":1.0},{"damage":49,"enemies":"Gensokyo:Eternal_Rivals","floor":33,"turns":8},{"damage":32,"enemies":"Gensokyo:3_Boulders","floor":35,"turns":2},{"damage":53,"enemies":"Gensokyo:Doremy","floor":40,"turns":3},{"damage":40,"enemies":"Gensokyo:AncientGuardian","floor":41,"turns":3},{"damage":43,"enemies":"Gensokyo:Marisa","floor":42,"turns":4},{"damage":61,"enemies":"Gensokyo:Dusk_and_Dawn","floor":44,"turns":2},{"damage":76,"enemies":"Gensokyo:Doremy","floor":48,"turns":3},{"damage":119,"enemies":"Gensokyo:Shinki","floor":50,"turns":5},{"damage":65,"enemies":"Shield and Spear","floor":54,"turns":2},{"damage":108,"enemies":"The Heart","floor":55,"turns":2}],"seed_played":"-5528849632886305711","potions_obtained":[{"floor":1.0,"key":"CultistPotion"},{"floor":5.0,"key":"EssenceOfSteel"},{"floor":13.0,"key":"Explosive Potion"},{"floor":18.0,"key":"Strength Potion"},{"floor":29.0,"key":"SneckoOil"},{"floor":35,"key":"FearPotion"},{"floor":42,"key":"Dexterity Potion"},{"floor":48,"key":"PowerPotion"}],"is_trial":false,"path_per_floor":["M","?","?","?","M","E","M","E","T","R","$","R","M","E","R","B",null,"M","M","$","?","M","R","E","?","T","E","$","E","M","COS","R","B",null,"M","?","?","?","?","E","M","E","T","M","?","?","R","E","R","B",null,"R","$","E","B"],"character_chosen":"REMILIA","items_purchased":["Mastiff:ReiMu","EntropicBrew"],"campfire_rested":0,"item_purchase_floors":[28,53],"current_hp_per_floor":[67,67,60,87,87,58,45,10,10,10,10,10,15,19,19,3,68,70,73,73,73,66,66,60,60,60,17,17,26,12,12,12,19,66,75,75,75,75,75,82,78,89,89,89,89,89,89,89,89,89,89,89,89,89,0,0],"gold":79,"neow_bonus":"ONE_RANDOM_RARE_CARD","is_daily":false,"chose_seed":false,"campfire_upgraded":7,"win_rate":0.0,"timestamp":1610682942,"path_taken":["M","?","?","?","M","E","M","E","T","R","$","R","M","E","R","BOSS","M","M","$","?","M","R","E","?","T","E","$","E","M","COS","R","BOSS","M","?","?","?","?","E","M","E","T","M","?","?","R","E","R","BOSS","R","$","E","BOSS"],"items_purchased_type":["Relic","Potion"],"build_version":"2020-12-22","purchased_purges":3,"victory":false,"max_hp_per_floor":[75,75,89,89,89,89,89,89,89,89,89,89,89,89,89,89,89,89,89,89,82,82,82,82,82,82,82,82,82,82,82,82,82,82,82,82,82,82,82,82,82,89,89,89,89,89,89,89,89,89,89,89,89,89,89,89],"card_choices":[{"not_picked":["BloodAndWine","BloodHunter","StarOfDavid"],"picked":"SKIP","floor":1.0},{"not_picked":["MiserableFate","NightLord","EndlessAdversity"],"picked":"SKIP","floor":5.0},{"not_picked":["RedRainbow","LeisurelyOfLord"],"picked":"SuperhumanBloodyKnife","floor":6.0},{"not_picked":["BlasphemousPunishment","NightDance","UltimateOffering"],"picked":"SKIP","floor":7.0},{"not_picked":["ScarletGensokyo","KillingBlow","EndlessAdversity"],"picked":"SKIP","floor":8.0},{"not_picked":["MiserableFate","BloodyTrap"],"picked":"Stigmanizer","floor":13.0},{"not_picked":["EndlessAdversity","CeilingFear"],"picked":"DevilSight","floor":14.0},{"not_picked":["BloodyCatastrophe","BloodySeventeenLaser"],"picked":"BloodyHallows","floor":16.0},{"not_picked":["StarOfDavid","BombardNight"],"picked":"BloodHunter+1","floor":18.0},{"not_picked":["ScarletImprint","UnderTheZenith"],"picked":"LeisurelyOfLord+1","floor":19.0},{"not_picked":["UnderTheZenith","ReincarnationDial+1","VampirishNight"],"picked":"SKIP","floor":22.0},{"not_picked":["MastersStateliness","ForbiddenFruit","BadLadyScramble"],"picked":"SKIP","floor":24.0},{"not_picked":["VampireKiss","HunterOfTheNight","ScarletNetherworld"],"picked":"SKIP","floor":27.0},{"not_picked":["VampireClaw","BloodAndWine","NightDance"],"picked":"SKIP","floor":29.0},{"not_picked":["CharismaGuard+1","Stigmanizer","ScarletImprint","DiffusionOfMisfortune"],"picked":"SKIP","floor":30.0},{"not_picked":["ForecastOfChange","BloodyHallows","TricksterDevil"],"picked":"QueenOfMidnight","floor":33},{"not_picked":["BloodyTrap+1","BadLadyScramble+1","NightLord+1","UnstableMagic"],"picked":"SKIP","floor":35},{"not_picked":["CharismaGuard","EndlessAdversity","BloodyMagicSquare"],"picked":"TransientEternity","floor":40},{"not_picked":["ScarletDevilSign+1","TwelveNightmare+1","BlasphemousPunishment"],"picked":"VampireFantasy+1","floor":41},{"not_picked":["HellCatastrophe","UnstableMagic","NightLord+1"],"picked":"BloodyMagicSquare+1","floor":42},{"not_picked":["Ultimatum+1","FavorOfDestiny","ScarletImprint+1"],"picked":"UnstableMagic+1","floor":44},{"not_picked":["VampireKiss+1","StarOfDavid","ScarletDevil"],"picked":"Stigmanizer+1","floor":48},{"not_picked":["ScarletGensokyo","VampireFantasy","CeilingFear"],"picked":"ChaoticDestiny","floor":54}],"player_experience":435747,"relics_obtained":[{"floor":6.0,"key":"Toy Ornithopter"},{"floor":8.0,"key":"Pen Nib"},{"floor":9.0,"key":"Blood Vial"},{"floor":14.0,"key":"Kunai"},{"floor":24.0,"key":"Juzu Bracelet"},{"floor":24.0,"key":"Bag of Preparation"},{"floor":27.0,"key":"Vajra"},{"floor":27.0,"key":"Bird Faced Urn"},{"floor":29.0,"key":"Question Card"},{"floor":29.0,"key":"Lantern"},{"floor":30.0,"key":"Gensokyo:MosesMiracle"},{"floor":40,"key":"Gremlin Horn"},{"floor":40,"key":"Bag of Marbles"},{"floor":42,"key":"Strawberry"},{"floor":42,"key":"Letter Opener"},{"floor":43,"key":"Anchor"},{"floor":48,"key":"Darkstone Periapt"},{"floor":48,"key":"Bottled Flame"},{"floor":54,"key":"War Paint"},{"floor":54,"key":"Bottled Tornado"}],"event_choices":[],"is_beta":false,"boss_relics":[{"not_picked":["Sozu","Ectoplasm"],"picked":"Black Star"},{"not_picked":["Cursed Key","Snecko Eye"],"picked":"Empty Cage"}],"items_purged_floors":[11,20,53],"is_endless":false,"potions_floor_spawned":[1,5,13,18,19,29,30,35,42,48],"killed_by":"The Heart","ascension_level":7}}