{"host":"sav7uxregyirlf69","time":1610721247,"event":{"mods":["AchievementEnabler","BaseMod","Colored Map","DeckTracker","Keyboard Shortcuts","Minty Spire (QoL Compilation)","READ ME - Guardian Mod","StSLib","SuperFastMode"],"gold_per_floor":[118,193,193,209,134,169,169,169,169,169,180,180,64,76,76,76,76],"floor_reached":16,"language":"KOR","playtime":134,"items_purged":[],"score":246,"play_id":"2a0d1d9b-2ade-4dbc-ac74-591e0766261d","local_time":"20210115233407","is_ascension_mode":true,"campfire_choices":[{"data":"Zap","floor":7.0,"key":"SMITH"},{"data":"Dualcast","floor":10.0,"key":"SMITH"},{"data":"Genetic Algorithm","floor":12.0,"key":"SMITH"},{"data":"Darkness","floor":15,"key":"SMITH"}],"circlet_count":0,"master_deck":["AscendersBane","Strike_B+1","Strike_B","Strike_B+1","Defend_B+1","Defend_B+1","Defend_B","Defend_B","Zap+1","Dualcast+1","Genetic Algorithm+1","Capacitor","Cold Snap","Streamline","Darkness+1","Defragment"],"relics":["Cracked Core","NeowsBlessing","Vajra","War Paint","Kunai"],"acts_visited":["Exordium"],"potions_floor_usage":[],"damage_taken":[{"damage":0.0,"enemies":"Small Slimes","floor":1.0,"turns":1.0},{"damage":0.0,"enemies":"2 Louse","floor":4.0,"turns":1.0},{"damage":0.0,"enemies":"Gremlin Nob","floor":6.0,"turns":1.0},{"damage":0.0,"enemies":"Cultist","floor":11.0,"turns":3.0},{"damage":6.0,"enemies":"Lots of Slimes","floor":14.0,"turns":3.0},{"damage":28,"enemies":"The Guardian","floor":16,"turns":2}],"seed_played":"4441190915592313529","potions_obtained":[{"floor":4.0,"key":"AttackPotion"}],"is_trial":false,"path_per_floor":["M","?","?","M","?","E","R","T","T","R","M","R","$","M","R","B"],"character_chosen":"DEFECT","items_purchased":["Streamline","Darkness"],"campfire_rested":0,"item_purchase_floors":[13,13],"current_hp_per_floor":[64,53,32,32,32,32,32,32,32,32,32,32,32,26,26,0,0],"gold":76,"neow_bonus":"THREE_ENEMY_KILL","is_daily":false,"chose_seed":false,"campfire_upgraded":4,"win_rate":0.0,"timestamp":1610721247,"path_taken":["M","?","?","M","?","E","R","?","T","R","M","R","$","M","R","BOSS"],"items_purchased_type":["Card","Card"],"build_version":"2020-12-22","purchased_purges":0,"victory":false,"max_hp_per_floor":[71,71,71,71,71,71,71,71,71,71,71,71,71,71,71,71,71],"card_choices":[{"not_picked":["Coolheaded","Hologram","Leap"],"picked":"SKIP","floor":1.0},{"not_picked":["Recycle","Tempest"],"picked":"Genetic Algorithm","floor":4.0},{"not_picked":["Hello World","Rainbow"],"picked":"Capacitor","floor":6.0},{"not_picked":["Streamline","Redo"],"picked":"Cold Snap","floor":11.0},{"not_picked":["Lockon","Compile Driver"],"picked":"Defragment","floor":14.0}],"player_experience":1286037,"relics_obtained":[{"floor":6.0,"key":"Vajra"},{"floor":8.0,"key":"War Paint"},{"floor":9.0,"key":"Kunai"}],"event_choices":[{"damage_healed":0.0,"max_hp_gain":0.0,"max_hp_loss":0.0,"gold_gain":75.0,"event_name":"World of Goop","player_choice":"Gather Gold","floor":2.0,"gold_loss":0.0,"damage_taken":11.0},{"damage_healed":0.0,"max_hp_gain":0.0,"max_hp_loss":0.0,"gold_gain":0.0,"event_name":"Shining Light","player_choice":"Entered Light","floor":3.0,"gold_loss":0.0,"damage_taken":21.0,"cards_upgraded":["Strike_B","Strike_B"]},{"cards_removed":["Strike_B"],"damage_healed":0.0,"max_hp_gain":0.0,"max_hp_loss":0.0,"gold_gain":0.0,"event_name":"The Cleric","player_choice":"Card Removal","floor":5.0,"gold_loss":75.0,"damage_taken":0.0}],"is_beta":false,"boss_relics":[],"items_purged_floors":[],"is_endless":false,"potions_floor_spawned":[4],"killed_by":"The Guardian","ascension_level":20}}