{"host":"ibonnlq6s1c814xj","time":1610707090,"event":{"mods":["BaseMod","BetterRewards","Good Game Mod","Minty Spire (QoL Compilation)","Shop Mod","【功能Mod】聪明的最终Boss"],"gold_per_floor":[115,115,127,127,147,222,222,222,293,293,305,305,320,345,345,444,444,458,97,97,97,117,117,117,117,117,117,130,130,140,173,173,274,274,289,289,302,22,22,37,52,327,327,24,56,56,56,72,72,72],"floor_reached":51,"language":"ZHS","playtime":2306,"items_purged":["Strike_G","Decay","Strike_G","Regret"],"score":855,"play_id":"926e0089-77e4-4017-80c0-15e73b78ba7d","local_time":"20210115183810","is_ascension_mode":true,"campfire_choices":[{"floor":7,"key":"REST"},{"floor":10,"key":"REST"},{"data":"Neutralize","floor":12,"key":"SMITH"},{"data":"Terror","floor":15,"key":"SMITH"},{"data":"Feel No Pain","floor":23,"key":"SMITH"},{"data":"Blade Dance","floor":25,"key":"SMITH"},{"data":"Accuracy","floor":27,"key":"SMITH"},{"floor":29,"key":"REST"},{"data":"Blade Dance","floor":32,"key":"SMITH"},{"data":"Envenom","floor":46,"key":"SMITH"},{"data":"Storm of Steel","floor":49,"key":"SMITH"}],"circlet_count":0,"master_deck":["Strike_G","Strike_G","Defend_G","Defend_G","Defend_G","Defend_G","Defend_G","Survivor","Neutralize+1","Accuracy+1","Feel No Pain+1","Escape Plan","Blade Dance+1","Terror+1","After Image","Endless Agony+1","Blade Dance+1","Storm of Steel+1","Deflect","Envenom+1","Infinite Blades+1","Backstab+1"],"relics":["Ring of the Snake","REME:ComplimentaryCards","Anchor","Oddly Smooth Stone","Bag of Preparation","Kunai","FossilizedHelix","Pear","Blue Candle","Lantern","WristBlade","Bottled Tornado","Paper Crane","Meat on the Bone","Bronze Scales","Philosopher\u0027s Stone","Juzu Bracelet","Eternal Feather","Medical Kit","Molten Egg 2"],"acts_visited":["Exordium","TheCity","TheBeyond"],"potions_floor_usage":[14,14,16,16,16,16,50,50,50],"damage_taken":[{"damage":0,"enemies":"Small Slimes","floor":1,"turns":5},{"damage":0,"enemies":"Cultist","floor":3,"turns":6},{"damage":6,"enemies":"Jaw Worm","floor":5,"turns":5},{"damage":7,"enemies":"3 Louse","floor":11,"turns":6},{"damage":0,"enemies":"Exordium Wildlife","floor":13,"turns":8},{"damage":1,"enemies":"Gremlin Nob","floor":14,"turns":5},{"damage":24,"enemies":"Hexaghost","floor":16,"turns":9},{"damage":0,"enemies":"Shell Parasite","floor":18,"turns":4},{"damage":10,"enemies":"3 Byrds","floor":22,"turns":6},{"damage":0,"enemies":"Shelled Parasite and Fungi","floor":28,"turns":3},{"damage":0,"enemies":"Sentry and Sphere","floor":30,"turns":6},{"damage":0,"enemies":"Gremlin Leader","floor":31,"turns":6},{"damage":0,"enemies":"Champ","floor":33,"turns":8},{"damage":0,"enemies":"Orb Walker","floor":35,"turns":2},{"damage":9,"enemies":"3 Darklings","floor":37,"turns":4},{"damage":0,"enemies":"Jaw Worm Horde","floor":40,"turns":1},{"damage":0,"enemies":"4 Shapes","floor":41,"turns":4},{"damage":0,"enemies":"Reptomancer","floor":45,"turns":4},{"damage":0,"enemies":"Spire Growth","floor":48,"turns":3},{"damage":41,"enemies":"Awakened One","floor":50,"turns":15}],"seed_played":"-569605279454914711","potions_obtained":[{"floor":3,"key":"Swift Potion"},{"floor":11,"key":"EntropicBrew"},{"floor":13,"key":"Regen Potion"},{"floor":22,"key":"Dexterity Potion"},{"floor":28,"key":"LiquidMemories"},{"floor":33,"key":"DuplicationPotion"}],"is_trial":false,"path_per_floor":["M","?","M","?","M","?","R","T","T","R","M","R","M","E","R","B",null,"M","$","?","?","M","R","$","R","T","R","M","R","M","E","R","B",null,"M","?","M","$","?","M","M","?","T","$","E","R","?","M","R","B",null],"character_chosen":"THE_SILENT","items_purchased":["Anchor","Oddly Smooth Stone","Bag of Preparation","Accuracy","Kunai","Bottled Tornado","Juzu Bracelet","Medical Kit"],"campfire_rested":3,"item_purchase_floors":[0,0,0,0,0,19,38,44],"current_hp_per_floor":[38,38,38,31,25,14,35,45,45,69,62,62,62,70,70,46,80,80,80,65,65,55,55,55,55,55,55,55,80,80,80,80,80,85,85,85,76,76,76,76,76,76,76,76,76,85,85,85,85,44],"gold":72,"neow_bonus":"","is_daily":false,"chose_seed":false,"campfire_upgraded":8,"win_rate":0.0,"timestamp":1610707090,"path_taken":["M","?","?","?","M","?","R","?","T","R","M","R","M","E","R","BOSS","M","$","?","?","?","R","$","R","T","R","M","R","M","E","R","BOSS","M","?","M","$","?","M","M","?","T","$","E","R","?","M","R","BOSS"],"items_purchased_type":["Relic","Relic","Relic","Card","Relic","Relic","Relic","Relic"],"build_version":"2020-12-22","purchased_purges":4,"victory":true,"max_hp_per_floor":[70,70,70,70,70,70,70,80,80,80,80,80,80,80,80,80,80,80,80,85,85,85,85,85,85,85,85,85,85,85,85,85,85,85,85,85,85,85,85,85,85,85,85,85,85,85,85,85,85,85],"card_choices":[{"not_picked":["Prepared","Outmaneuver","Deadly Poison"],"picked":"SKIP","floor":1},{"not_picked":["Leg Sweep","Backstab","Distraction"],"picked":"SKIP","floor":3},{"not_picked":["Calculated Gamble","Masterful Stab","Footwork"],"picked":"SKIP","floor":5},{"not_picked":["Underhanded Strike","Acrobatics"],"picked":"Escape Plan","floor":11},{"not_picked":["Reflex","PiercingWail"],"picked":"Blade Dance","floor":13},{"not_picked":["Accuracy","Setup"],"picked":"Terror","floor":14},{"not_picked":["Wraith Form v2","Venomology"],"picked":"After Image","floor":16},{"not_picked":["Accuracy","Quick Slash"],"picked":"Endless Agony+1","floor":18},{"not_picked":["Deflect","Prepared","Terror"],"picked":"SKIP","floor":22},{"not_picked":["Deadly Poison","Dagger Throw","Underhanded Strike"],"picked":"SKIP","floor":28},{"not_picked":["Dagger Spray","PiercingWail","Calculated Gamble"],"picked":"SKIP","floor":30},{"not_picked":["A Thousand Cuts","Cloak And Dagger"],"picked":"Blade Dance","floor":31},{"not_picked":["Grand Finale","Phantasmal Killer"],"picked":"Storm of Steel","floor":33},{"not_picked":["Underhanded Strike+1","Flying Knee","Cloak And Dagger+1"],"picked":"SKIP","floor":35},{"not_picked":["Bane","Underhanded Strike","Crippling Poison+1"],"picked":"SKIP","floor":37},{"not_picked":["Dagger Spray+1","Well Laid Plans+1","Cloak And Dagger"],"picked":"SKIP","floor":40},{"not_picked":["Underhanded Strike","Leg Sweep+1"],"picked":"Envenom","floor":41},{"not_picked":["Prepared+1","Dagger Spray+1"],"picked":"Infinite Blades+1","floor":45},{"not_picked":["Flechettes+1","Outmaneuver+1"],"picked":"Backstab+1","floor":48}],"player_experience":224168,"relics_obtained":[{"floor":8,"key":"Pear"},{"floor":9,"key":"Blue Candle"},{"floor":14,"key":"Lantern"},{"floor":21,"key":"Paper Crane"},{"floor":26,"key":"Meat on the Bone"},{"floor":31,"key":"Bronze Scales"},{"floor":43,"key":"Eternal Feather"},{"floor":45,"key":"Molten Egg 2"}],"event_choices":[{"damage_healed":0,"gold_gain":0,"player_choice":"Cursed","damage_taken":0,"max_hp_gain":0,"max_hp_loss":0,"event_name":"Wheel of Change","floor":2,"gold_loss":0,"cards_obtained":["Decay"]},{"damage_healed":0,"gold_gain":0,"player_choice":"Success","damage_taken":7,"relics_obtained":["FossilizedHelix"],"max_hp_gain":0,"max_hp_loss":0,"event_name":"Scrap Ooze","floor":4,"gold_loss":0},{"damage_healed":0,"gold_gain":75,"player_choice":"Gather Gold","damage_taken":11,"max_hp_gain":0,"max_hp_loss":0,"event_name":"World of Goop","floor":6,"gold_loss":0},{"damage_healed":0,"gold_gain":0,"player_choice":"Shed Blood","damage_taken":20,"max_hp_gain":5,"max_hp_loss":0,"event_name":"Forgotten Altar","floor":20,"gold_loss":0},{"damage_healed":0,"gold_gain":0,"player_choice":"Relic","damage_taken":0,"max_hp_gain":0,"max_hp_loss":0,"event_name":"Wheel of Change","floor":21,"gold_loss":0},{"damage_healed":0,"gold_gain":0,"cards_transformed":["Strike_G"],"player_choice":"Transformed","damage_taken":0,"max_hp_gain":0,"max_hp_loss":0,"event_name":"Transmorgrifier","floor":36,"gold_loss":0,"cards_obtained":["Deflect"]},{"damage_healed":0,"gold_gain":0,"player_choice":"Ignored","damage_taken":0,"max_hp_gain":0,"max_hp_loss":0,"event_name":"Tomb of Lord Red Mask","floor":39,"gold_loss":0},{"damage_healed":0,"gold_gain":275,"player_choice":"Desecrate","damage_taken":0,"max_hp_gain":0,"max_hp_loss":0,"event_name":"Golden Shrine","floor":42,"gold_loss":0,"cards_obtained":["Regret"]},{"damage_healed":0,"gold_gain":0,"player_choice":"Ignored","damage_taken":0,"max_hp_gain":0,"max_hp_loss":0,"event_name":"SecretPortal","floor":47,"gold_loss":0}],"is_beta":false,"boss_relics":[{"not_picked":["Ring of the Serpent","Velvet Choker"],"picked":"WristBlade"},{"not_picked":["SacredBark","Fusion Hammer"],"picked":"Philosopher\u0027s Stone"}],"items_purged_floors":[0,19,38,44],"is_endless":false,"potions_floor_spawned":[3,11,13,22,28,33,48],"ascension_level":1}}