{"host":"f67xjzd4p2hy4eub","time":1610673036,"event":{"mods":["BaseMod","Duelist Mod","Minty Spire (QoL Compilation)","StSLib"],"gold_per_floor":[115,18,28,41,54,54,89,89,89,109,109,109],"floor_reached":11,"language":"ENG","playtime":1034,"items_purged":[],"score":75,"play_id":"7cc4f739-b373-4120-9451-77b5c4d3224f","local_time":"20210114201036","is_ascension_mode":false,"campfire_choices":[{"floor":6,"key":"RECALL"}],"circlet_count":0,"master_deck":["Strike_R","Strike_R","Strike_R","Strike_R","Strike_R","Defend_R","Defend_R","Defend_R","Defend_R","Bash","Impervious","Shrug It Off","Armaments","Armaments","Iron Wave"],"relics":["Burning Blood","Sundial","Golden Idol","Thread and Needle"],"acts_visited":["Exordium"],"potions_floor_usage":[2,7,7],"damage_taken":[{"damage":3,"enemies":"2 Louse","floor":1,"turns":4},{"damage":11,"enemies":"Jaw Worm","floor":3,"turns":4},{"damage":1,"enemies":"Cultist","floor":4,"turns":4},{"damage":2,"enemies":"Blue Slaver","floor":5,"turns":6},{"damage":26,"enemies":"3 Sentries","floor":7,"turns":11},{"damage":4,"enemies":"Lots of Slimes","floor":10,"turns":9},{"damage":86,"enemies":"Gremlin Nob","floor":11,"turns":8}],"seed_played":"5254187472479695639","potions_obtained":[{"floor":4,"key":"Fire Potion"},{"floor":5,"key":"PowerPotion"}],"is_trial":false,"path_per_floor":["M","$","M","M","M","R","E","?","T","M","E"],"character_chosen":"IRONCLAD","items_purchased":["Fruit Juice"],"campfire_rested":0,"item_purchase_floors":[2],"current_hp_per_floor":[80,85,80,85,85,85,65,65,65,67,0,0],"gold":109,"neow_bonus":"ONE_RANDOM_RARE_CARD","is_daily":false,"chose_seed":false,"campfire_upgraded":0,"win_rate":0.0,"timestamp":1610673036,"path_taken":["M","$","M","M","M","R","E","?","T","M","E"],"items_purchased_type":["Potion"],"build_version":"2020-12-22","purchased_purges":0,"victory":false,"max_hp_per_floor":[80,85,85,85,85,85,85,79,79,79,79,79],"card_choices":[{"not_picked":["Wild Strike","Bloodletting"],"picked":"Shrug It Off","floor":1},{"not_picked":["Sword Boomerang","Reckless Charge","Anger"],"picked":"SKIP","floor":3},{"not_picked":["Searing Blow","Sword Boomerang"],"picked":"Armaments","floor":4},{"not_picked":["Dark Embrace","Heavy Blade"],"picked":"Armaments","floor":5},{"not_picked":["Infernal Blade","Bloodletting"],"picked":"Iron Wave","floor":7},{"not_picked":["Dropkick","Pummel","Wild Strike"],"picked":"SKIP","floor":10}],"player_experience":273573,"relics_obtained":[{"floor":7,"key":"Sundial"},{"floor":9,"key":"Thread and Needle"}],"event_choices":[{"damage_healed":0,"gold_gain":0,"player_choice":"Lose Max HP","damage_taken":0,"relics_obtained":["Golden Idol"],"max_hp_gain":0,"max_hp_loss":6,"event_name":"Golden Idol","floor":8,"gold_loss":0}],"is_beta":false,"boss_relics":[],"items_purged_floors":[],"is_endless":false,"potions_floor_spawned":[4,5],"killed_by":"Gremlin Nob","ascension_level":0}}