{"host":"m9sgjjym7adpjcxd","time":1610733375,"event":{"mods":["Bard","BaseMod","Colored Map","Colored Powertips","Downfall","Highlight Path","Hubris","Infinite Spire","Mimic Mod","Minty Spire (QoL Compilation)","Replay The Spire","StSLib","The Mystic","The Poker Player","slay the spire mod where everything is the same but ironclad has a cowboy hat"],"gold_per_floor":[115,115,135,149,163,163,177,177,177,197,208,227,197,230,230,230,230],"floor_reached":16,"language":"ENG","playtime":627,"items_purged":[],"score":106,"play_id":"de1c1ca1-0cb1-42d7-9734-624d66ade65c","local_time":"20210115125615","is_ascension_mode":false,"campfire_choices":[{"data":"Uppercut","floor":6,"key":"SMITH"},{"data":"Fiend Fire","floor":8,"key":"SMITH"},{"data":"Metallicize","floor":15,"key":"SMITH"}],"circlet_count":0,"master_deck":["Strike_R","Strike_R","Strike_R","Strike_R","Strike_R","Defend_R","Defend_R","Defend_R","Bash","Fiend Fire+1","Burning Pact","ReplayTheSpireMod:Stacked","Burning Pact","Uppercut+1","Disarm","Armaments","Reaper","Metallicize+1","Sentinel"],"relics":["Burning Blood","InkBottle","Incense Burner"],"acts_visited":["Exordium"],"potions_floor_usage":[7,14],"damage_taken":[{"damage":2,"enemies":"2 Louse","floor":1,"turns":3},{"damage":6,"enemies":"Jaw Worm","floor":3,"turns":2},{"damage":0,"enemies":"Cultist","floor":4,"turns":4},{"damage":8,"enemies":"Red Slaver","floor":5,"turns":3},{"damage":0,"enemies":"Large Slime","floor":7,"turns":3},{"damage":5,"enemies":"Exordium Thugs","floor":10,"turns":5},{"damage":1,"enemies":"2 Fungi Beasts","floor":11,"turns":4},{"damage":14,"enemies":"3 Louse","floor":12,"turns":3},{"damage":9,"enemies":"Looter","floor":13,"turns":4},{"damage":18,"enemies":"Gremlin Nob","floor":14,"turns":4},{"damage":82,"enemies":"Fading Forest","floor":16,"turns":9}],"seed_played":"2295263139860813919","potions_obtained":[{"floor":3,"key":"Ancient Potion"},{"floor":5,"key":"DistilledChaos"},{"floor":10,"key":"BlessingOfTheForge"},{"floor":12,"key":"Reflective Coating"}],"is_trial":false,"path_per_floor":["M","?","M","M","M","R","M","R","T","M","M","M","M","E","R","B"],"character_chosen":"IRONCLAD","items_purchased":[],"campfire_rested":0,"item_purchase_floors":[],"current_hp_per_floor":[72,72,72,72,70,70,72,72,72,72,72,64,67,55,55,0,0],"gold":230,"neow_bonus":"THREE_RARE_CARDS","is_daily":false,"chose_seed":false,"campfire_upgraded":3,"win_rate":0.0,"timestamp":1610733375,"path_taken":["M","?","M","M","M","R","M","R","T","M","M","M","M","E","R","BOSS"],"items_purchased_type":[],"build_version":"2020-12-22","purchased_purges":0,"victory":false,"max_hp_per_floor":[72,72,72,72,72,72,72,72,72,72,72,72,72,72,72,72,72],"card_choices":[{"not_picked":["Eclipse","Impervious"],"picked":"Fiend Fire","floor":0},{"not_picked":["Reckless Charge","Anger"],"picked":"Burning Pact","floor":1},{"not_picked":["ReplayTheSpireMod:Muscle Training","Body Slam"],"picked":"ReplayTheSpireMod:Stacked","floor":3},{"not_picked":["Anger","Disarm"],"picked":"Burning Pact","floor":4},{"not_picked":["Fire Breathing","Burning Pact"],"picked":"Uppercut","floor":5},{"not_picked":["Clothesline","Havoc","Sword Boomerang"],"picked":"SKIP","floor":7},{"not_picked":["Headbutt","ReplayTheSpireMod:LeadingStrike"],"picked":"Disarm","floor":10},{"not_picked":["Havoc","True Grit"],"picked":"Armaments","floor":11},{"not_picked":["Havoc","Shrug It Off"],"picked":"Reaper","floor":12},{"not_picked":["Clash","Fire Breathing"],"picked":"Metallicize","floor":13},{"not_picked":["Uppercut","Reaper"],"picked":"Sentinel","floor":14}],"player_experience":419669,"relics_obtained":[{"floor":9,"key":"InkBottle"},{"floor":14,"key":"Incense Burner"}],"event_choices":[],"is_beta":false,"boss_relics":[],"items_purged_floors":[],"is_endless":false,"potions_floor_spawned":[3,5,10,12],"killed_by":"Fading Forest","ascension_level":0}}