{"host":"nnxvcju6x1qybncj","time":1610720700,"event":{"mods":["BaseMod","Displayed Cursed Tome","Downfall","Evolution","Jorbs\u0027s Wanderer Trilogy","Minty Spire (QoL Compilation)","Quick Restart","StSLib"],"gold_per_floor":[119,119,63,63,76,76,94,94,117,117,128,154,170,190,190,264,264,280,280,291,29,41,41,55,55,82,82,101,101,101],"floor_reached":29,"language":"ENG","playtime":969,"items_purged":[],"score":409,"play_id":"80a2a3dd-9623-4041-9c62-a85c021f1136","local_time":"20210115152500","is_ascension_mode":true,"campfire_choices":[{"data":"Armaments","floor":6.0,"key":"SMITH"},{"data":"Armaments","floor":8.0,"key":"SMITH"},{"data":"Heavy Blade","floor":15.0,"key":"SMITH"},{"floor":27.0,"key":"REST"}],"circlet_count":0,"master_deck":["AscendersBane","Strike_R","Strike_R","Defend_R","Defend_R","Defend_R","Defend_R","Bash","Demon Form","Twin Strike","Armaments+1","Armaments+1","Uppercut","Dark Embrace","Twin Strike","Heavy Blade+1","Corruption","Headbutt","Power Through+1","Rampage","Pommel Strike"],"relics":["Burning Blood","EVO:Axolotl","MealTicket","Strawberry","Sozu","Nloth\u0027s Gift","Mummified Hand","Anchor"],"acts_visited":["Exordium","TheCity"],"potions_floor_usage":[],"damage_taken":[{"damage":5.0,"enemies":"Small Slimes","floor":1.0,"turns":4.0},{"damage":1.0,"enemies":"Cultist","floor":5.0,"turns":4.0},{"damage":1.0,"enemies":"2 Louse","floor":7.0,"turns":4.0},{"damage":10.0,"enemies":"Large Slime","floor":11.0,"turns":7.0},{"damage":28.0,"enemies":"Gremlin Nob","floor":12.0,"turns":5.0},{"damage":6.0,"enemies":"Looter","floor":13.0,"turns":3.0},{"damage":18.0,"enemies":"Red Slaver","floor":14.0,"turns":4.0},{"damage":31.0,"enemies":"Hexaghost","floor":16.0,"turns":9.0},{"damage":31.0,"enemies":"2 Thieves","floor":18.0,"turns":5.0},{"damage":28.0,"enemies":"3 Byrds","floor":20.0,"turns":8.0},{"damage":7.0,"enemies":"Centurion and Healer","floor":22.0,"turns":6.0},{"damage":51.0,"enemies":"Cultist and Chosen","floor":24.0,"turns":8.0},{"damage":26.0,"enemies":"Snecko","floor":28.0,"turns":4.0},{"damage":27,"enemies":"Gremlin Leader","floor":29,"turns":4}],"seed_played":"-110791259001361531","potions_obtained":[{"floor":5.0,"key":"Weak Potion"},{"floor":11.0,"key":"SpeedPotion"},{"floor":16.0,"key":"Energy Potion"}],"is_trial":false,"path_per_floor":["M","?","$","?","M","R","M","R","T","?","M","E","M","M","R","B",null,"M","?","M","$","M","$","M","?","T","R","M","E"],"character_chosen":"IRONCLAD","items_purchased":["Armaments","Mummified Hand"],"campfire_rested":1,"item_purchase_floors":[3,21],"current_hp_per_floor":[69,69,69,69,74,74,75,75,75,80,76,61,61,49,49,24,75,50,50,28,43,42,57,12,12,12,39,19,0,0],"gold":101,"neow_bonus":"ONE_RANDOM_RARE_CARD","is_daily":false,"chose_seed":false,"campfire_upgraded":3,"win_rate":0.0,"timestamp":1610720700,"path_taken":["M","?","?","?","M","R","M","R","T","?","M","E","M","M","R","BOSS","M","?","M","$","?","$","M","?","T","R","M","E"],"items_purchased_type":["Card","Relic"],"build_version":"2020-12-22","purchased_purges":0,"victory":false,"max_hp_per_floor":[75,75,75,75,75,75,75,75,75,85,85,92,92,92,92,92,92,92,92,92,92,92,92,92,92,92,92,92,92,92],"card_choices":[{"not_picked":["Flex","Evolve"],"picked":"Twin Strike","floor":1.0},{"not_picked":["Body Slam","Warcry"],"picked":"Armaments","floor":5.0},{"not_picked":["Rage","Evolve"],"picked":"Uppercut","floor":7.0},{"not_picked":["Shrug It Off","Second Wind"],"picked":"Dark Embrace","floor":11.0},{"not_picked":["Wild Strike","Flex","Evolve"],"picked":"SKIP","floor":12.0},{"not_picked":["Body Slam","Rage"],"picked":"Twin Strike","floor":13.0},{"not_picked":["Searing Blow","Fire Breathing"],"picked":"Heavy Blade","floor":14.0},{"not_picked":["Berserk","Brutality"],"picked":"Corruption","floor":16.0},{"not_picked":["Pommel Strike","Reckless Charge"],"picked":"Headbutt","floor":18.0},{"not_picked":["Pummel","Clothesline+1"],"picked":"Power Through+1","floor":20.0},{"not_picked":["Pommel Strike","Havoc","Hemokinesis"],"picked":"SKIP","floor":22.0},{"not_picked":["Blood for Blood","Sword Boomerang","Headbutt+1"],"picked":"SKIP","floor":24.0},{"not_picked":["Wild Strike","Perfected Strike","Reckless Charge+1"],"picked":"SKIP","floor":28.0}],"player_experience":681231,"relics_obtained":[{"floor":9.0,"key":"MealTicket"},{"floor":12.0,"key":"Strawberry"},{"floor":26.0,"key":"Anchor"}],"event_choices":[{"cards_removed":["Strike_R"],"damage_healed":0.0,"max_hp_gain":0.0,"max_hp_loss":0.0,"gold_gain":0.0,"event_name":"Purifier","player_choice":"Purged","floor":2.0,"gold_loss":0.0,"damage_taken":0.0},{"damage_healed":0.0,"max_hp_gain":0.0,"max_hp_loss":0.0,"gold_gain":0.0,"event_name":"Liars Game","player_choice":"Ignored","floor":4.0,"gold_loss":0.0,"damage_taken":0.0},{"damage_healed":0.0,"max_hp_gain":0.0,"max_hp_loss":0.0,"gold_gain":0.0,"event_name":"Scrap Ooze","player_choice":"Success","floor":10.0,"gold_loss":0.0,"damage_taken":5.0,"relics_obtained":["Pear"]},{"damage_healed":0.0,"max_hp_gain":0.0,"max_hp_loss":0.0,"gold_gain":0.0,"event_name":"N\u0027loth","player_choice":"Traded Relic","floor":19.0,"relics_lost":["Pear"],"gold_loss":0.0,"damage_taken":0.0,"relics_obtained":["Nloth\u0027s Gift"]},{"damage_healed":0.0,"max_hp_gain":0.0,"max_hp_loss":0.0,"gold_gain":0.0,"cards_transformed":["Strike_R","Strike_R"],"event_name":"Drug Dealer","player_choice":"Became Test Subject","floor":25.0,"gold_loss":0.0,"damage_taken":0.0,"cards_obtained":["Rampage","Pommel Strike"]}],"is_beta":false,"boss_relics":[{"not_picked":["Velvet Choker","Mark of Pain"],"picked":"Sozu"}],"items_purged_floors":[],"is_endless":false,"potions_floor_spawned":[5,11,16,22,24,28],"killed_by":"Gremlin Leader","ascension_level":16}}