{"host":"ydg0vn0pu4pubmdt","time":1610697937,"event":{"mods":["AchievementEnabler","BaseMod","Colored Map","Gold Saver","Minty Spire (QoL Compilation)","Quick Restart","SuperFastMode"],"gold_per_floor":[109,109,126,301,83,118,135,161,188,138,166,218,235,248,248,248,248],"floor_reached":16,"language":"KOR","playtime":1669,"items_purged":["Strike_B","Doubt"],"score":167,"play_id":"915957a0-88df-49e9-856d-e36b05e26bd1","local_time":"20210115170537","is_ascension_mode":true,"campfire_choices":[{"data":"Fusion","floor":15,"key":"SMITH"}],"circlet_count":0,"master_deck":["Strike_B","Strike_B","Defend_B","Defend_B","Defend_B","Defend_B","Zap","Dualcast","Fusion+1","Electrodynamics","Undo","Biased Cognition","Compile Driver","Redo","Seek"],"relics":["Cracked Core","NeowsBlessing","Bag of Preparation","Tiny Chest","Smiling Mask","Potion Belt","Peace Pipe","Bronze Scales"],"acts_visited":["Exordium"],"potions_floor_usage":[],"damage_taken":[{"damage":0.0,"enemies":"Small Slimes","floor":1.0,"turns":1.0},{"damage":0.0,"enemies":"2 Louse","floor":3.0,"turns":1.0},{"damage":0.0,"enemies":"3 Sentries","floor":6.0,"turns":1.0},{"damage":2.0,"enemies":"Jaw Worm","floor":7.0,"turns":3.0},{"damage":18,"enemies":"Gremlin Nob","floor":8,"turns":3},{"damage":27,"enemies":"Lagavulin","floor":11,"turns":6},{"damage":11,"enemies":"Looter","floor":13,"turns":3},{"damage":0,"enemies":"3 Louse","floor":14,"turns":1},{"damage":20,"enemies":"Slime Boss","floor":16,"turns":5}],"seed_played":"721267004365366762","potions_obtained":[{"floor":3.0,"key":"BlessingOfTheForge"},{"floor":6.0,"key":"Strength Potion"},{"floor":8,"key":"SteroidPotion"},{"floor":11,"key":"Ancient Potion"},{"floor":14,"key":"DuplicationPotion"}],"is_trial":false,"path_per_floor":["M","?","M","?","$","E","M","E","T","$","E","T","M","M","R","B"],"character_chosen":"DEFECT","items_purchased":["Bag of Preparation"],"campfire_rested":0,"item_purchase_floors":[5],"current_hp_per_floor":[75,75,75,75,75,75,73,55,55,55,28,28,17,17,17,0,0],"gold":248,"neow_bonus":"THREE_ENEMY_KILL","is_daily":false,"chose_seed":false,"campfire_upgraded":1,"win_rate":0.0,"timestamp":1610697937,"path_taken":["M","?","M","?","$","E","M","E","T","$","E","?","M","M","R","BOSS"],"items_purchased_type":["Relic"],"build_version":"2020-12-22","purchased_purges":2,"victory":false,"max_hp_per_floor":[75,75,75,75,75,75,75,75,75,75,75,75,75,75,75,75,75],"card_choices":[{"not_picked":["Sweeping Beam","Blizzard"],"picked":"Fusion","floor":1.0},{"not_picked":["Leap","Heatsinks"],"picked":"Undo","floor":3.0},{"not_picked":["Gash","Loop"],"picked":"Biased Cognition","floor":6.0},{"not_picked":["Loop","Gash"],"picked":"Compile Driver","floor":7.0},{"not_picked":["Coolheaded","Static Discharge","Doom and Gloom"],"picked":"SKIP","floor":8},{"not_picked":["Chaos","Melter","Barrage"],"picked":"SKIP","floor":11},{"not_picked":["Streamline","BootSequence"],"picked":"Redo","floor":13},{"not_picked":["Turbo","Rebound"],"picked":"Seek","floor":14}],"player_experience":351008,"relics_obtained":[{"floor":6.0,"key":"Tiny Chest"},{"floor":8,"key":"Smiling Mask"},{"floor":9,"key":"Potion Belt"},{"floor":11,"key":"Peace Pipe"},{"floor":12,"key":"Bronze Scales"}],"event_choices":[{"damage_healed":0.0,"max_hp_gain":0.0,"max_hp_loss":0.0,"gold_gain":0.0,"cards_transformed":["Strike_B"],"event_name":"Living Wall","player_choice":"Change","floor":2.0,"gold_loss":0.0,"damage_taken":0.0,"cards_obtained":["Electrodynamics"]},{"damage_healed":0.0,"max_hp_gain":0.0,"max_hp_loss":0.0,"gold_gain":175.0,"event_name":"Liars Game","player_choice":"AGREE","floor":4.0,"gold_loss":0.0,"damage_taken":0.0,"cards_obtained":["Doubt"]}],"is_beta":false,"boss_relics":[],"items_purged_floors":[5,10],"is_endless":false,"potions_floor_spawned":[3,6,8,11,14],"killed_by":"Slime Boss","ascension_level":3}}