{"host":"oeotdbd679q6m6vu","time":1610705683,"event":{"mods":["Act Like it!","BaseMod","Colored Map","Decade(Õı–°√˜)","Downfall","Friendly Minions","Gensokyo","GifTheSpireLib","Highlight Path","Marisa£®ÏF”Í°°ƒß¿Ì…≥£©","Minty Spire (QoL Compilation)","Rare Cards Sparkle","Reimu£®≤©¿ˆ¡È√Œ£©","StSLib","The Animator","Youmu£®ªÍ∆«—˝√Œ£©"],"gold_per_floor":[99,99,157,432,432,459,513,513,513,513],"floor_reached":8,"language":"ZHS","playtime":219,"items_purged":[],"score":53,"play_id":"c9e172ca-27e9-45ab-b948-b2977957b103","local_time":"20210115051443","is_ascension_mode":true,"campfire_choices":[{"data":"Slimebound:CorrosiveSpit","floor":1,"key":"SMITH"}],"circlet_count":0,"master_deck":["Slimebound:Strike_Slimebound","Slimebound:Strike_Slimebound","Slimebound:Strike_Slimebound","Slimebound:Tackle","Slimebound:Defend_Slimebound","Slimebound:Defend_Slimebound","Slimebound:Defend_Slimebound","Slimebound:Defend_Slimebound","Slimebound:Split","Slimebound:CorrosiveSpit+1","Slimebound:AcidTongue","Regret","Slimebound:LeadByExample","Slimebound:RallyTheTroops"],"relics":["Slimebound:AbsorbEndCombat","downfall:HeartsMalice","The Courier","Mercury Hourglass"],"acts_visited":["Exordium"],"potions_floor_usage":[],"damage_taken":[{"damage":0,"enemies":"2 Louse","floor":2,"turns":1},{"damage":0,"enemies":"3 Sentries","floor":3,"turns":1},{"damage":0,"enemies":"Cultist","floor":5,"turns":1},{"damage":57,"enemies":"3 Sentries","floor":6,"turns":9},{"damage":25,"enemies":"Gremlin Nob","floor":8,"turns":2}],"seed_played":"153174015135566996","potions_obtained":[{"floor":6,"key":"ZuzhouPotion:ReiMu"}],"is_trial":false,"path_per_floor":["R","M","?","?","M","E","T","E"],"character_chosen":"SLIMEBOUND","items_purchased":[],"campfire_rested":0,"item_purchase_floors":[],"current_hp_per_floor":[60,60,60,60,60,21,21,0,0,0],"gold":513,"neow_bonus":"THREE_ENEMY_KILL","is_daily":false,"chose_seed":false,"campfire_upgraded":1,"win_rate":0.0,"timestamp":1610705683,"path_taken":["R","M","?","?","M","E","T","E"],"items_purchased_type":[],"build_version":"2020-12-22","purchased_purges":0,"victory":false,"max_hp_per_floor":[60,60,60,60,60,60,60,60,60,60],"card_choices":[{"not_picked":["Slimebound:GoopSpray","Slimebound:SplitSpecialist"],"picked":"Slimebound:AcidTongue","floor":2},{"not_picked":["Slimebound:Schlurp","Slimebound:SplitLeeching"],"picked":"Slimebound:LeadByExample","floor":5},{"not_picked":["Slimebound:Teamwork","Slimebound:FormOfPuddle"],"picked":"Slimebound:RallyTheTroops","floor":6}],"player_experience":313936,"relics_obtained":[{"floor":6,"key":"Mercury Hourglass"}],"event_choices":[],"is_beta":false,"boss_relics":[],"items_purged_floors":[],"is_endless":false,"potions_floor_spawned":[6],"killed_by":"Gremlin Nob","ascension_level":1}}