{"host":"k7udt7atmcuzf6l0","time":1610696070,"event":{"mods":["AchievementEnabler","BaseMod","Colored Map","Colored Powertips","Highlight Path","Minty Spire (QoL Compilation)","Quick Restart","Rare Cards Sparkle","StSLib","UnlockEverythingMod"],"gold_per_floor":[119,119,129,53,53,378,378,390,390,390,21,21,21,36,36,134,134,144,179,195,210,225,255,255,255,255,255,255,23,23,34,34,136,136,155,168,168,178,28,63,78,78,103,115,130,140,40,60,60,60],"floor_reached":51,"language":"ZHT","playtime":1157,"items_purged":["Normality","Regret"],"score":799,"play_id":"102e2ce2-b486-4fed-957a-bafc7ef32963","local_time":"20210115153430","is_ascension_mode":false,"campfire_choices":[{"data":"Flex","floor":7,"key":"SMITH"},{"data":"1","floor":10,"key":"LIFT"},{"data":"2","floor":12,"key":"LIFT"},{"data":"Limit Break","floor":15,"key":"SMITH"},{"data":"3","floor":24,"key":"LIFT"},{"data":"Armaments","floor":25,"key":"SMITH"},{"data":"Offering","floor":27,"key":"SMITH"},{"data":"Double Tap","floor":28,"key":"SMITH"},{"data":"Inflame","floor":32,"key":"SMITH"},{"data":"Pummel","floor":42,"key":"SMITH"},{"data":"Limit Break","floor":49,"key":"SMITH"}],"circlet_count":0,"master_deck":["Strike_R","Strike_R","Strike_R","Strike_R","Strike_R","Defend_R","Defend_R","Defend_R","Defend_R","Bash","Cleave","Flex+1","Bloodletting","Headbutt","Offering+1","Impatience","Pummel+1","Armaments+1","Limit Break+1","Inflame+1","Thunderclap","Offering+1","Pommel Strike+1","Whirlwind+1","Double Tap+1","Bloodletting+1","Limit Break+1","Twin Strike+1","Reaper+1","Heavy Blade+1","Havoc+1","Iron Wave+1","Uppercut+1","Flex+1","Twin Strike+1","Limit Break+1"],"relics":["Burning Blood","Akabeko","Old Coin","Girya","Anchor","Cursed Key","Red Mask","WingedGreaves","Mercury Hourglass","War Paint","Mark of Pain","Bag of Marbles","Kunai","MealTicket"],"acts_visited":["Exordium","TheCity","TheBeyond"],"potions_floor_usage":[21,22,35,40,41,44,45,50],"damage_taken":[{"damage":0.0,"enemies":"2 Louse","floor":1.0,"turns":2.0},{"damage":12.0,"enemies":"Small Slimes","floor":3.0,"turns":4.0},{"damage":38,"enemies":"Lagavulin","floor":6,"turns":4},{"damage":6,"enemies":"Cultist","floor":8,"turns":2},{"damage":0,"enemies":"Looter","floor":14,"turns":2},{"damage":0,"enemies":"Slime Boss","floor":16,"turns":5},{"damage":12,"enemies":"Shell Parasite","floor":18,"turns":2},{"damage":0,"enemies":"Masked Bandits","floor":19,"turns":2},{"damage":6,"enemies":"2 Thieves","floor":20,"turns":1},{"damage":3,"enemies":"Shelled Parasite and Fungi","floor":21,"turns":2},{"damage":6,"enemies":"Snake Plant","floor":22,"turns":2},{"damage":6,"enemies":"Slavers","floor":23,"turns":2},{"damage":0,"enemies":"Snecko","floor":31,"turns":2},{"damage":27,"enemies":"Champ","floor":33,"turns":4},{"damage":12,"enemies":"3 Darklings","floor":35,"turns":2},{"damage":9,"enemies":"3 Shapes","floor":36,"turns":1},{"damage":18,"enemies":"Sphere and 2 Shapes","floor":38,"turns":3},{"damage":57,"enemies":"Nemesis","floor":40,"turns":3},{"damage":12,"enemies":"Spire Growth","floor":41,"turns":2},{"damage":37,"enemies":"Maw","floor":44,"turns":4},{"damage":6,"enemies":"3 Darklings","floor":45,"turns":1},{"damage":16,"enemies":"Sphere and 2 Shapes","floor":46,"turns":2},{"damage":15,"enemies":"4 Shapes","floor":48,"turns":3},{"damage":24,"enemies":"Donu and Deca","floor":50,"turns":4}],"seed_played":"6677429999991837895","potions_obtained":[{"floor":6,"key":"Swift Potion"},{"floor":8,"key":"Energy Potion"},{"floor":14,"key":"Regen Potion"},{"floor":21,"key":"Ancient Potion"},{"floor":31,"key":"GamblersBrew"},{"floor":35,"key":"SmokeBomb"},{"floor":40,"key":"Weak Potion"},{"floor":41,"key":"SkillPotion"},{"floor":44,"key":"Explosive Potion"},{"floor":48,"key":"HeartOfIron"}],"is_trial":false,"path_per_floor":["M","?","M","$","?","E","R","M","T","R","$","R","$","M","R","B",null,"M","?","M","M","M","E","R","R","T","R","R","$","?","M","R","B",null,"M","M","?","M","$","E","M","R","T","M","M","M","$","M","R","B",null],"character_chosen":"IRONCLAD","items_purchased":["Bloodletting","Limit Break","Anchor","Inflame","War Paint","Bag of Marbles"],"campfire_rested":0,"item_purchase_floors":[4,11,11,11,29,39],"current_hp_per_floor":[80,80,74,74,74,42,42,42,42,42,42,42,42,48,48,54,80,74,80,80,80,80,80,80,80,80,80,80,80,80,80,80,59,80,78,80,80,73,73,80,74,74,74,43,43,58,73,64,64,75],"gold":60,"neow_bonus":"RANDOM_COMMON_RELIC","is_daily":false,"chose_seed":false,"campfire_upgraded":8,"win_rate":0.0,"timestamp":1610696070,"path_taken":["M","?","M","$","?","E","R","M","T","R","$","R","$","?","R","BOSS","M","?","M","M","M","E","R","R","T","R","R","$","?","?","R","BOSS","M","M","?","M","$","E","M","R","T","M","M","M","$","?","R","BOSS"],"items_purchased_type":["Card","Card","Relic","Card","Relic","Relic"],"build_version":"2020-12-22","purchased_purges":2,"victory":true,"max_hp_per_floor":[80,80,80,80,80,80,80,80,80,80,80,80,80,80,80,80,80,80,80,80,80,80,80,80,80,80,80,80,80,80,80,80,80,80,80,80,80,80,80,80,80,80,80,80,80,80,80,80,80,80],"card_choices":[{"not_picked":["Rampage","Shrug It Off"],"picked":"Cleave","floor":1.0},{"not_picked":["True Grit","Cleave"],"picked":"Flex","floor":3.0},{"not_picked":["Wild Strike","Sentinel","Heavy Blade"],"picked":"SKIP","floor":6},{"not_picked":["Shrug It Off","Immolate"],"picked":"Armaments","floor":8},{"not_picked":["Clothesline","Anger"],"picked":"Thunderclap","floor":14},{"not_picked":["Barricade","Immolate"],"picked":"Offering","floor":16},{"not_picked":["Sword Boomerang","Flex"],"picked":"Pommel Strike+1","floor":18},{"not_picked":["Flame Barrier","Wild Strike+1"],"picked":"Whirlwind+1","floor":19},{"not_picked":["True Grit","Body Slam","Anger"],"picked":"SKIP","floor":20},{"not_picked":["Sword Boomerang","Uppercut"],"picked":"Double Tap","floor":21},{"not_picked":["Flame Barrier+1","Evolve"],"picked":"Bloodletting","floor":22},{"not_picked":["Feel No Pain","Anger","Bludgeon"],"picked":"SKIP","floor":23},{"not_picked":["Cleave","Headbutt"],"picked":"Twin Strike+1","floor":31},{"not_picked":["Fiend Fire","Juggernaut"],"picked":"Reaper","floor":33},{"not_picked":["Pommel Strike","Uppercut+1"],"picked":"Heavy Blade+1","floor":35},{"not_picked":["Bloodletting","Heavy Blade+1","Thunderclap"],"picked":"SKIP","floor":36},{"not_picked":["Armaments+1","Heavy Blade"],"picked":"Havoc+1","floor":38},{"not_picked":["Metallicize","Cleave+1"],"picked":"Iron Wave+1","floor":40},{"not_picked":["Dark Embrace","Armaments+1","Searing Blow+1"],"picked":"SKIP","floor":41},{"not_picked":["Shrug It Off","True Grit"],"picked":"Uppercut+1","floor":44},{"not_picked":["Wild Strike+1","Combust"],"picked":"Flex+1","floor":45},{"not_picked":["Carnage","Infernal Blade"],"picked":"Twin Strike+1","floor":46},{"not_picked":["Iron Wave","Cleave"],"picked":"Limit Break","floor":48}],"player_experience":69986,"relics_obtained":[{"floor":6,"key":"Old Coin"},{"floor":9,"key":"Girya"},{"floor":19,"key":"Red Mask"},{"floor":23,"key":"WingedGreaves"},{"floor":26,"key":"Mercury Hourglass"},{"floor":40,"key":"Kunai"},{"floor":43,"key":"MealTicket"}],"event_choices":[{"damage_healed":0.0,"max_hp_gain":0.0,"max_hp_loss":0.0,"gold_gain":0.0,"event_name":"The Cleric","player_choice":"Leave","floor":2.0,"gold_loss":0.0,"damage_taken":0.0},{"damage_healed":0,"gold_gain":0,"player_choice":"4 cards matched","damage_taken":0,"max_hp_gain":0,"max_hp_loss":0,"event_name":"Match and Keep!","floor":5,"gold_loss":0,"cards_obtained":["Headbutt","Offering","Impatience","Pummel"]},{"damage_healed":0,"gold_gain":0,"player_choice":"Fought Bandits","damage_taken":0,"max_hp_gain":0,"max_hp_loss":0,"event_name":"Masked Bandits","floor":19,"gold_loss":0},{"damage_healed":0,"gold_gain":0,"player_choice":"Copied","damage_taken":0,"max_hp_gain":0,"max_hp_loss":0,"event_name":"Duplicator","floor":30,"gold_loss":0,"cards_obtained":["Limit Break"]},{"damage_healed":0,"gold_gain":0,"player_choice":"Upgraded","damage_taken":0,"max_hp_gain":0,"max_hp_loss":0,"event_name":"Upgrade Shrine","floor":37,"gold_loss":0,"cards_upgraded":["Reaper"]}],"is_beta":false,"boss_relics":[{"not_picked":["Fusion Hammer","Busted Crown"],"picked":"Cursed Key"},{"not_picked":["Velvet Choker","Calling Bell"],"picked":"Mark of Pain"}],"items_purged_floors":[29,47],"is_endless":false,"potions_floor_spawned":[6,8,14,18,20,21,31,35,40,41,44,48],"ascension_level":0}}