{"host":"4rvk26w7t08d5zdj","time":1610688800,"event":{"mods":["AchievementEnabler","BaseMod","Colored Powertips","Conspire","Energized Spire","GifTheSpireLib","Minty Spire (QoL Compilation)","Rare Cards Sparkle","StSLib","The Animator","The Blue Laboratory"],"gold_per_floor":[110,0,0,0,26,58,82,96,145,2,2,16,16,31,31,128,128,160,210,227,241,221,221,232,251,251,188,243,255,293,331,343,355,355],"floor_reached":33,"language":"ENG","playtime":2123,"items_purged":[],"score":387,"play_id":"23198343-1057-4a0f-83c6-a4703fdb495f","local_time":"20210114213320","is_ascension_mode":false,"campfire_choices":[{"data":"animator:WinryRockbell","floor":11.0,"key":"SMITH"},{"data":"animator:HomuraAkemi","floor":15.0,"key":"SMITH"},{"floor":23,"key":"REST"},{"floor":32,"key":"REST"}],"circlet_count":0,"master_deck":["animator:Strike_MadokaMagica","animator:Defend_MadokaMagica","animator:Strike","animator:Strike","animator:Strike","animator:Defend","animator:Defend","animator:IrohaTamaki","animator:YuiTsuruno","animator:Pride","animator:YunYun","animator:NagisaMomoe","animator:Caster","animator:OrikoMikuni","animator:WinryRockbell+1","animator:HomuraAkemi+1","animator:Elsword","animator:HomuraAkemi","animator:YachiyoNanami","animator:RoyMustang+1","animator:EmiyaShirou","animator:IrohaTamaki","animator:Saber"],"relics":["animator:LivingPicture","animator:TheMissingPiece","NeowsBlessing","Singing Bowl","Akabeko","Lee\u0027s Waffle","animator:CursedBlade","MawBank","Mango","Happy Flower","Vajra"],"acts_visited":["Exordium","TheCity"],"potions_floor_usage":[16,18,20,23,25,31,33],"damage_taken":[{"damage":0.0,"enemies":"2 Louse","floor":1.0,"turns":1.0},{"damage":0.0,"enemies":"Small Slimes","floor":5.0,"turns":1.0},{"damage":0.0,"enemies":"3 Sentries","floor":6.0,"turns":2.0},{"damage":6.0,"enemies":"Jaw Worm","floor":7.0,"turns":4.0},{"damage":15.0,"enemies":"Gremlin Gang","floor":8.0,"turns":4.0},{"damage":0.0,"enemies":"2 Fungi Beasts","floor":12.0,"turns":2.0},{"damage":0.0,"enemies":"conspire:2 RoseBushes","floor":14.0,"turns":5.0},{"damage":23,"enemies":"Hexaghost","floor":16,"turns":10},{"damage":12,"enemies":"3 Byrds","floor":18,"turns":6},{"damage":10,"enemies":"2 Thieves","floor":20,"turns":3},{"damage":27,"enemies":"Centurion and Healer","floor":21,"turns":6},{"damage":11,"enemies":"Cultist and Chosen","floor":24,"turns":7},{"damage":5,"enemies":"Sentry and Sphere","floor":25,"turns":6},{"damage":38,"enemies":"Gremlin Leader","floor":28,"turns":9},{"damage":0,"enemies":"conspire:Head Lice","floor":31,"turns":5},{"damage":79,"enemies":"Champ","floor":33,"turns":9}],"seed_played":"720109828294704975","potions_obtained":[{"floor":6.0,"key":"Dexterity Potion"},{"floor":7.0,"key":"Energy Potion"},{"floor":12.0,"key":"Dexterity Potion"},{"floor":16,"key":"ColorlessPotion"},{"floor":18,"key":"FearPotion"},{"floor":22,"key":"Fruit Juice"},{"floor":24,"key":"ColorlessPotion"},{"floor":28,"key":"Fruit Juice"},{"floor":31,"key":"ColorlessPotion"}],"is_trial":false,"path_per_floor":["M","$","?","?","M","E","M","M","T","$","R","M","?","M","R","B",null,"M","?","M","M","?","R","M","M","T","?","E","?","T","E","R","B"],"character_chosen":"THE_ANIMATOR","items_purchased":["animator:YunYun","animator:NagisaMomoe","Lee\u0027s Waffle"],"campfire_rested":2,"item_purchase_floors":[2,2,10],"current_hp_per_floor":[66,66,71,71,71,73,67,52,52,80,80,81,73,73,73,50,81,69,69,59,34,34,65,55,50,50,50,26,26,26,33,66,0,0],"gold":355,"neow_bonus":"THREE_ENEMY_KILL","is_daily":false,"chose_seed":false,"campfire_upgraded":2,"win_rate":0.0,"timestamp":1610688800,"path_taken":["M","$","?","?","M","E","M","M","T","$","R","M","?","M","R","BOSS","M","?","?","M","?","R","M","?","T","?","E","?","?","E","R","BOSS"],"items_purchased_type":["Card","Card","Relic"],"build_version":"2020-12-22","purchased_purges":0,"victory":false,"max_hp_per_floor":[66,66,71,71,71,73,73,73,73,80,80,81,81,81,81,81,81,81,81,81,83,83,88,89,89,89,89,103,103,103,110,110,110,110],"card_choices":[{"not_picked":["animator:Verdia","animator:Rena"],"picked":"animator:Pride","floor":1.0},{"not_picked":["animator:Sloth","animator:ElricEdward"],"picked":"animator:Caster","floor":5.0},{"not_picked":["animator:LizardPriest","animator:Assassin","animator:GazelDwargon"],"picked":"Singing Bowl","floor":6.0},{"not_picked":["animator:SayakaMiki","animator:NagisaMomoe"],"picked":"animator:OrikoMikuni","floor":7.0},{"not_picked":["animator:Raven","animator:Shion"],"picked":"animator:WinryRockbell","floor":8.0},{"not_picked":["animator:Elsword","animator:Ciel"],"picked":"animator:HomuraAkemi","floor":12.0},{"not_picked":["animator:Spearman","animator:EmiyaShirou"],"picked":"animator:Elsword","floor":14.0},{"not_picked":["animator:Elesis","animator:Eve"],"picked":"animator:HomuraAkemi","floor":16},{"not_picked":["animator:OrikoMikuni","animator:SuzuneAmano"],"picked":"animator:YachiyoNanami","floor":18},{"not_picked":["animator:Add","animator:Ain"],"picked":"animator:RoyMustang+1","floor":20},{"not_picked":["animator:Raven+1","animator:ShinjiMatou+1","animator:Sloth"],"picked":"Singing Bowl","floor":21},{"not_picked":["animator:YuiTsuruno","animator:Spearman"],"picked":"animator:EmiyaShirou","floor":24},{"not_picked":["animator:HomuraAkemi","animator:NagisaMomoe"],"picked":"animator:IrohaTamaki","floor":25},{"not_picked":["animator:Darkness","animator:Scar+1"],"picked":"animator:Saber","floor":28},{"not_picked":["animator:ShinjiMatou+1","animator:Rena","animator:GazelDwargon"],"picked":"Singing Bowl","floor":31}],"player_experience":1032242,"relics_obtained":[{"floor":6.0,"key":"Singing Bowl"},{"floor":9.0,"key":"Akabeko"},{"floor":26,"key":"MawBank"},{"floor":28,"key":"Mango"},{"floor":30,"key":"Happy Flower"},{"floor":31,"key":"Vajra"}],"event_choices":[{"damage_healed":0.0,"max_hp_gain":5.0,"max_hp_loss":0.0,"gold_gain":0.0,"event_name":"Big Fish","player_choice":"Donut","floor":3.0,"gold_loss":0.0,"damage_taken":0.0},{"damage_healed":0.0,"max_hp_gain":0.0,"max_hp_loss":0.0,"gold_gain":0.0,"event_name":"World of Goop","player_choice":"Left Gold","floor":4.0,"gold_loss":0.0,"damage_taken":0.0},{"damage_healed":0.0,"max_hp_gain":0.0,"max_hp_loss":0.0,"gold_gain":0.0,"event_name":"Wheel of Change","player_choice":"Damaged","floor":13.0,"gold_loss":0.0,"damage_taken":8.0},{"damage_healed":0,"gold_gain":100,"player_choice":"Bet on Murderer","damage_taken":0,"max_hp_gain":0,"max_hp_loss":0,"event_name":"The Joust","floor":19,"gold_loss":50},{"damage_healed":0,"gold_gain":0,"player_choice":"Bought 1 Potion","damage_taken":0,"max_hp_gain":0,"max_hp_loss":0,"event_name":"The Woman in Blue","floor":22,"gold_loss":0},{"cards_removed":["animator:Defend"],"damage_healed":0,"gold_gain":0,"player_choice":"Gave Gold","damage_taken":0,"max_hp_gain":0,"max_hp_loss":0,"event_name":"Beggar","floor":27,"gold_loss":75}],"is_beta":false,"boss_relics":[{"not_picked":["energizedSpire:OgreHead","energizedSpire:MagnifyingGlass"],"picked":"animator:CursedBlade"}],"items_purged_floors":[],"is_endless":false,"potions_floor_spawned":[6,7,12,16,18,24,28,31],"killed_by":"Champ","ascension_level":0}}