{"host":"ksjx20m9x6o8x8qp","time":1610700794,"event":{"mods":["BaseMod","Highlight Path","Minty Spire (QoL Compilation)","RNG Fix","Relic Stats","StSLib"],"gold_per_floor":[115,40,40,53,70,70,96,96,119,44,75,24,44,64,64,141,141,141,1,1,1,1,1,1,1,1,1,1,1,1,1,1,1,1,1,1,1,1,1,1,1,1,1,1,1,1,1,1,1,1,1,1,1,1,1,1],"floor_reached":57,"language":"ENG","playtime":9156,"items_purged":["Strike_R","Strike_R"],"score":2754,"play_id":"bbc957e8-3ab4-486f-9446-3a24dbf1e180","local_time":"20210115095314","is_ascension_mode":true,"campfire_choices":[{"data":"Bash","floor":6.0,"key":"SMITH"},{"data":"Anger","floor":8.0,"key":"SMITH"},{"data":"True Grit","floor":15.0,"key":"SMITH"},{"data":"Fiend Fire","floor":23.0,"key":"SMITH"},{"data":"Flame Barrier","floor":32,"key":"SMITH"},{"data":"True Grit","floor":40,"key":"SMITH"},{"data":"Demon Form","floor":42,"key":"SMITH"},{"floor":49,"key":"RECALL"},{"floor":53,"key":"REST"}],"circlet_count":0,"master_deck":["AscendersBane","Strike_R+1","Defend_R","Defend_R","Defend_R","Defend_R","Bash+1","Anger+1","Anger","Flame Barrier+1","Reaper","Inflame","True Grit+1","True Grit+1","Sword Boomerang","Fiend Fire+1","Spot Weakness+1","Shockwave","Dropkick+1","Immolate","Rage","Reaper","Demon Form+1","Pommel Strike","Feed","Second Wind+1","Dark Embrace+1","Shrug It Off","Feel No Pain+1","Shockwave+1","Heavy Blade+1","Dual Wield","Dropkick","Limit Break"],"relics":["Runic Pyramid","FaceOfCleric","Whetstone","Toy Ornithopter","Oddly Smooth Stone","Ectoplasm","Blood Vial","Prayer Wheel","Red Mask","Philosopher\u0027s Stone","Dream Catcher","Question Card","Pen Nib"],"acts_visited":["Exordium","TheCity","TheBeyond","TheEnding"],"potions_floor_usage":[31,45,55,55,56],"damage_taken":[{"damage":4.0,"enemies":"Jaw Worm","floor":1.0,"turns":5.0},{"damage":1.0,"enemies":"Cultist","floor":4.0,"turns":3.0},{"damage":0.0,"enemies":"Small Slimes","floor":5.0,"turns":4.0},{"damage":25.0,"enemies":"3 Sentries","floor":7.0,"turns":9.0},{"damage":0.0,"enemies":"Gremlin Nob","floor":11.0,"turns":3.0},{"damage":11.0,"enemies":"Exordium Thugs","floor":13.0,"turns":5.0},{"damage":5.0,"enemies":"Large Slime","floor":14.0,"turns":5.0},{"damage":8.0,"enemies":"The Guardian","floor":16.0,"turns":11.0},{"damage":15.0,"enemies":"Shell Parasite","floor":18.0,"turns":3.0},{"damage":0.0,"enemies":"Chosen","floor":20.0,"turns":3.0},{"damage":5.0,"enemies":"Snake Plant","floor":22.0,"turns":3.0},{"damage":13.0,"enemies":"Gremlin Leader","floor":24.0,"turns":3.0},{"damage":44,"enemies":"Masked Bandits","floor":27,"turns":4},{"damage":12,"enemies":"Snecko","floor":28,"turns":3},{"damage":8,"enemies":"Sentry and Sphere","floor":29,"turns":4},{"damage":0,"enemies":"Snake Plant","floor":30,"turns":2},{"damage":0,"enemies":"Snecko","floor":31,"turns":2},{"damage":17,"enemies":"Champ","floor":33,"turns":9},{"damage":29,"enemies":"3 Shapes","floor":35,"turns":2},{"damage":29,"enemies":"3 Darklings","floor":36,"turns":5},{"damage":25,"enemies":"Jaw Worm Horde","floor":37,"turns":6},{"damage":13,"enemies":"Sphere and 2 Shapes","floor":38,"turns":4},{"damage":30,"enemies":"Maw","floor":39,"turns":7},{"damage":42,"enemies":"Writhing Mass","floor":41,"turns":13},{"damage":22,"enemies":"Sphere and 2 Shapes","floor":44,"turns":8},{"damage":21,"enemies":"Giant Head","floor":45,"turns":7},{"damage":20,"enemies":"Maw","floor":46,"turns":7},{"damage":18,"enemies":"Nemesis","floor":47,"turns":5},{"damage":23,"enemies":"4 Shapes","floor":48,"turns":6},{"damage":21,"enemies":"Time Eater","floor":50,"turns":7},{"damage":99,"enemies":"Donu and Deca","floor":51,"turns":11},{"damage":175,"enemies":"Shield and Spear","floor":55,"turns":11},{"damage":121,"enemies":"The Heart","floor":56,"turns":9}],"seed_played":"-3976573061122578399","potions_obtained":[{"floor":7.0,"key":"Weak Potion"},{"floor":13.0,"key":"DuplicationPotion"},{"floor":16.0,"key":"Explosive Potion"},{"floor":20.0,"key":"AttackPotion"},{"floor":27,"key":"Fruit Juice"},{"floor":28,"key":"Ancient Potion"},{"floor":31,"key":"Swift Potion"},{"floor":33,"key":"AttackPotion"},{"floor":45,"key":"Regen Potion"},{"floor":55,"key":"Swift Potion"}],"is_trial":false,"path_per_floor":["M","?","?","M","M","R","E","R","T","$","E","$","M","M","R","B",null,"M","$","M","?","M","R","E","?","T","?","M","M","M","M","R","B",null,"M","M","M","M","M","R","M","R","T","M","E","M","E","M","R","B","B",null,"R","$","E","B",null],"character_chosen":"IRONCLAD","items_purchased":["True Grit","Shockwave"],"campfire_rested":1,"item_purchase_floors":[12,19],"current_hp_per_floor":[64,64,64,64,65,65,41,41,41,41,42,42,34,34,34,49,74,65,65,72,72,77,77,80,80,80,39,34,29,40,59,59,81,93,94,99,103,101,111,111,85,85,85,94,120,124,123,129,129,127,131,131,131,131,69,46],"gold":1,"neow_bonus":"BOSS_RELIC","is_daily":false,"chose_seed":false,"campfire_upgraded":7,"win_rate":0.0,"timestamp":1610700794,"path_taken":["M","?","?","M","M","R","E","R","T","$","E","?","M","M","R","BOSS","M","$","M","?","M","R","E","?","T","?","M","M","M","M","R","BOSS","M","M","M","M","M","R","M","R","T","M","E","M","E","M","R","BOSS","BOSS","R","$","E","BOSS"],"items_purchased_type":["Card","Card"],"build_version":"2020-12-22","purchased_purges":2,"victory":true,"max_hp_per_floor":[75,75,75,76,77,77,78,78,78,78,79,79,80,81,81,82,82,83,83,84,84,85,85,86,86,86,87,88,89,90,96,96,97,97,98,99,103,107,111,111,115,115,115,119,120,124,125,129,129,130,131,131,131,131,132,133],"relic_stats":{"Blood Vial":28,"Dream Catcher":1,"FaceOfCleric":32,"counters":[33,189],"Prayer Wheel":13,"Ectoplasm":542,"Pen Nib":[1],"Whetstone":["Strike_R","Strike_R"],"Question Card":4,"obtain_stats":[{"Oddly Smooth Stone":11,"Pen Nib":55,"Whetstone":7,"Question Card":47,"Burning Blood":0,"Blood Vial":24,"Dream Catcher":45,"FaceOfCleric":3,"Prayer Wheel":26,"Philosopher\u0027s Stone":34,"Ectoplasm":17,"Red Mask":27,"Toy Ornithopter":9,"Runic Pyramid":0},{"Oddly Smooth Stone":5,"Pen Nib":32,"Whetstone":4,"Question Card":28,"Burning Blood":0,"Blood Vial":12,"Dream Catcher":26,"FaceOfCleric":1,"Prayer Wheel":12,"Philosopher\u0027s Stone":18,"Ectoplasm":8,"Red Mask":13,"Toy Ornithopter":4,"Runic Pyramid":0},{"Oddly Smooth Stone":24,"Pen Nib":180,"Whetstone":21,"Question Card":145,"Burning Blood":0,"Blood Vial":57,"Dream Catcher":133,"FaceOfCleric":5,"Prayer Wheel":57,"Philosopher\u0027s Stone":81,"Ectoplasm":45,"Red Mask":61,"Toy Ornithopter":21,"Runic Pyramid":0}],"Toy Ornithopter":40},"card_choices":[{"not_picked":["Combust","Warcry"],"picked":"Anger","floor":1.0},{"not_picked":["Havoc","Shrug It Off"],"picked":"Anger","floor":4.0},{"not_picked":["Body Slam","Power Through"],"picked":"Flame Barrier","floor":5.0},{"not_picked":["Rampage","Heavy Blade"],"picked":"Reaper","floor":7.0},{"not_picked":["True Grit","Uppercut"],"picked":"Inflame","floor":11.0},{"not_picked":["Warcry","Wild Strike"],"picked":"True Grit","floor":13.0},{"not_picked":["Pommel Strike","Battle Trance"],"picked":"Sword Boomerang","floor":14.0},{"not_picked":["Impervious","Limit Break"],"picked":"Fiend Fire","floor":16.0},{"not_picked":["Cleave","Flex"],"picked":"Spot Weakness+1","floor":18.0},{"not_picked":["Perfected Strike+1","Sword Boomerang"],"picked":"Dropkick+1","floor":20.0},{"not_picked":["Havoc","Anger","Spot Weakness"],"picked":"SKIP","floor":22.0},{"not_picked":["Cleave","Body Slam"],"picked":"Immolate","floor":24.0},{"not_picked":["Searing Blow","Clothesline","Anger"],"picked":"SKIP","floor":28},{"not_picked":["Intimidate","Burning Pact","Iron Wave"],"picked":"SKIP","floor":28},{"not_picked":["Searing Blow","Clothesline","Anger"],"picked":"SKIP","floor":28},{"not_picked":["Intimidate","Burning Pact","Iron Wave"],"picked":"SKIP","floor":28},{"not_picked":["Warcry","Thunderclap","Rupture"],"picked":"SKIP","floor":29},{"not_picked":["Reckless Charge","Armaments","Clash"],"picked":"SKIP","floor":29},{"not_picked":["Carnage","Searing Blow+1"],"picked":"Rage","floor":30},{"not_picked":["Seeing Red","Intimidate","Wild Strike"],"picked":"SKIP","floor":30},{"not_picked":["Wild Strike","Warcry"],"picked":"Reaper","floor":31},{"not_picked":["Headbutt","Warcry","Perfected Strike"],"picked":"SKIP","floor":31},{"not_picked":["Headbutt","Warcry","Perfected Strike"],"picked":"SKIP","floor":31},{"not_picked":["Impervious","Exhume"],"picked":"Demon Form","floor":33},{"not_picked":["Sentinel+1","Cleave"],"picked":"Pommel Strike","floor":35},{"not_picked":["Rampage","Headbutt","Anger"],"picked":"SKIP","floor":35},{"not_picked":["Wild Strike","Sword Boomerang+1"],"picked":"Feed","floor":36},{"not_picked":["Spot Weakness+1","Anger"],"picked":"Second Wind+1","floor":36},{"not_picked":["Wild Strike","Flex","Clothesline"],"picked":"SKIP","floor":37},{"not_picked":["Flex+1","Armaments","Pummel"],"picked":"SKIP","floor":37},{"not_picked":["Hemokinesis+1","Pommel Strike"],"picked":"Dark Embrace+1","floor":38},{"not_picked":["Body Slam","Clash"],"picked":"Shrug It Off","floor":38},{"not_picked":["Intimidate","Iron Wave"],"picked":"Feel No Pain+1","floor":39},{"not_picked":["True Grit","Double Tap","Cleave+1"],"picked":"SKIP","floor":39},{"not_picked":["Clothesline+1","Pommel Strike","Metallicize"],"picked":"SKIP","floor":41},{"not_picked":["Reckless Charge","Clash","Headbutt"],"picked":"SKIP","floor":41},{"not_picked":["Cleave","Power Through"],"picked":"Shockwave+1","floor":44},{"not_picked":["Hemokinesis","Blood for Blood","Clothesline"],"picked":"SKIP","floor":44},{"not_picked":["Shrug It Off","Iron Wave"],"picked":"Heavy Blade+1","floor":45},{"not_picked":["Warcry+1","True Grit"],"picked":"Dual Wield","floor":46},{"not_picked":["Pommel Strike","Armaments","Dark Embrace"],"picked":"SKIP","floor":46},{"not_picked":["Pommel Strike","Armaments","Dark Embrace"],"picked":"SKIP","floor":46},{"not_picked":["Juggernaut","Iron Wave"],"picked":"Dropkick","floor":47},{"not_picked":["Body Slam","Perfected Strike","Heavy Blade","Havoc"],"picked":"SKIP","floor":48},{"not_picked":["Clothesline","Perfected Strike","Entrench+1","Flex"],"picked":"SKIP","floor":48},{"not_picked":["Burning Pact","Clash","Perfected Strike+1"],"picked":"Limit Break","floor":55}],"player_experience":55175,"relics_obtained":[{"floor":7.0,"key":"Whetstone"},{"floor":9.0,"key":"Toy Ornithopter"},{"floor":11.0,"key":"Oddly Smooth Stone"},{"floor":24.0,"key":"Blood Vial"},{"floor":26.0,"key":"Prayer Wheel"},{"floor":27,"key":"Red Mask"},{"floor":45,"key":"Dream Catcher"},{"floor":47,"key":"Question Card"},{"floor":55,"key":"Pen Nib"}],"event_choices":[{"cards_removed":["Strike_R"],"damage_healed":0.0,"max_hp_gain":0.0,"max_hp_loss":0.0,"gold_gain":0.0,"event_name":"The Cleric","player_choice":"Card Removal","floor":2.0,"gold_loss":75.0,"damage_taken":0.0},{"damage_healed":0.0,"max_hp_gain":0.0,"max_hp_loss":0.0,"gold_gain":0.0,"event_name":"FaceTrader","player_choice":"Trade","floor":3.0,"gold_loss":0.0,"damage_taken":0.0,"relics_obtained":["FaceOfCleric"]},{"cards_removed":["Strike_R"],"damage_healed":0.0,"max_hp_gain":0.0,"max_hp_loss":0.0,"gold_gain":0.0,"event_name":"Purifier","player_choice":"Purged","floor":21.0,"gold_loss":0.0,"damage_taken":0.0},{"damage_healed":0.0,"max_hp_gain":0.0,"max_hp_loss":0.0,"gold_gain":50.0,"event_name":"Nest","player_choice":"Stole From Cult","floor":25.0,"gold_loss":0.0,"damage_taken":0.0},{"damage_healed":0,"gold_gain":0,"player_choice":"Fought Bandits","damage_taken":0,"max_hp_gain":0,"max_hp_loss":0,"event_name":"Masked Bandits","floor":27,"gold_loss":0}],"is_beta":false,"boss_relics":[{"not_picked":["Black Star","Calling Bell"],"picked":"Ectoplasm"},{"not_picked":["Mark of Pain","Runic Dome"],"picked":"Philosopher\u0027s Stone"}],"items_purged_floors":[10,19],"is_endless":false,"potions_floor_spawned":[7,13,14,16,20,27,28,31,33,35,37,38,45,47,55],"ascension_level":20}}