{"host":"h1qktzcccqnez8tx","time":1610754711,"event":{"mods":["BaseMod","Block Reminder","Colored Map","Colored Powertips","Curses Come First","Downfall","Highlight Path","Jorbs\u0027s Wanderer Trilogy","Minty Spire (QoL Compilation)","Permanent Neow","Quick Restart","Relic Stats","Replay The Spire","Say the Spire","StSLib","The Cursed","The Disciple","The Hierophant","The Necromancer","The Servant 0.9.4"],"gold_per_floor":[112,132,150,170,180,180,180,206,206,206,236,236,34,52,52,152,152,167,47,60,77,95,95,95],"floor_reached":23,"language":"ENG","playtime":1407,"items_purged":["Strike_S"],"score":205,"play_id":"85a1da3f-b183-4208-bc64-192372718130","local_time":"20210116005151","is_ascension_mode":false,"campfire_choices":[{"data":"Potential","floor":6,"key":"SMITH"},{"floor":15,"key":"REST"}],"circlet_count":0,"master_deck":["Strike_S","Strike_S+1","Strike_S","Defend_S","Defend_S","Defend_S","Defend_S","KidneyShot","Exchange+1","Defy","SilverBlades","Potential+1","ShatteredReality","ShatteredReality","LightFlow+1","Barrier","Deny","SilverBlades","Advance","Advance","Rearm+1","TimeWarp"],"relics":["Uniform","Pet Ghost","Counterbalance","Gremlin Food","Mercury Hourglass","WingedGreaves","Blue Doll","Runic Pyramid"],"acts_visited":["Exordium","TheCity"],"potions_floor_usage":[8,22,22],"damage_taken":[{"damage":0,"enemies":"Small Slimes","floor":1,"turns":4},{"damage":0,"enemies":"2 Louse","floor":2,"turns":5},{"damage":0,"enemies":"Jaw Worm","floor":3,"turns":3},{"damage":5,"enemies":"Looter","floor":4,"turns":4},{"damage":6,"enemies":"3 Louse","floor":5,"turns":3},{"damage":13,"enemies":"Lagavulin","floor":8,"turns":7},{"damage":14,"enemies":"Gremlin Nob","floor":11,"turns":3},{"damage":0,"enemies":"Exordium Wildlife","floor":14,"turns":3},{"damage":18,"enemies":"Fading Forest","floor":16,"turns":11},{"damage":5,"enemies":"3 Byrds","floor":18,"turns":5},{"damage":13,"enemies":"Shell Parasite","floor":20,"turns":4},{"damage":0,"enemies":"Centurion and Healer","floor":21,"turns":5},{"damage":18,"enemies":"Snake Plant","floor":22,"turns":4},{"damage":38,"enemies":"Gremlin Leader","floor":23,"turns":4}],"seed_played":"-5042909463052884008","potions_obtained":[{"floor":1,"key":"FearPotion"},{"floor":5,"key":"Flashbang"},{"floor":11,"key":"Dexterity Potion"},{"floor":14,"key":"PowerPotion"}],"is_trial":false,"path_per_floor":["M","M","M","M","M","R","?","E","T","?","E","?","$","M","R","B",null,"M","$","M","M","M","E"],"character_chosen":"THE_SERVANT","items_purchased":["Blue Doll","Block Potion","Advance"],"campfire_rested":1,"item_purchase_floors":[13,13,19],"current_hp_per_floor":[65,65,65,60,54,54,51,38,38,38,24,24,24,24,43,43,65,60,60,47,47,29,0,0],"gold":95,"neow_bonus":"RANDOM_COMMON_RELIC","is_daily":false,"chose_seed":false,"campfire_upgraded":1,"win_rate":0.0,"timestamp":1610754711,"path_taken":["M","M","M","M","M","R","?","E","T","?","E","?","$","M","R","BOSS","M","$","M","M","M","E"],"items_purchased_type":["Relic","Potion","Card"],"build_version":"2020-12-22","purchased_purges":1,"victory":false,"max_hp_per_floor":[65,65,65,65,65,65,65,65,65,65,65,65,65,65,65,65,65,65,65,65,65,65,65,65],"relic_stats":{"counters":[14,64],"obtain_stats":[{"Gremlin Food":8,"Counterbalance":7,"Blue Doll":13,"WingedGreaves":11,"Uniform":0,"Pet Ghost":0,"Mercury Hourglass":9,"Runic Pyramid":17},{"Gremlin Food":6,"Counterbalance":5,"Blue Doll":7,"WingedGreaves":7,"Uniform":0,"Pet Ghost":0,"Mercury Hourglass":6,"Runic Pyramid":9},{"Gremlin Food":26,"Counterbalance":19,"Blue Doll":29,"WingedGreaves":29,"Uniform":0,"Pet Ghost":0,"Mercury Hourglass":26,"Runic Pyramid":43}],"Mercury Hourglass":[189]},"card_choices":[{"not_picked":["BottledTime","ShatteredReality"],"picked":"Defy","floor":1},{"not_picked":["ShatteredReality","Comet"],"picked":"Moonlight","floor":2},{"not_picked":["Comet","Starlight"],"picked":"SilverBlades","floor":3},{"not_picked":["DualDimension","BestPractice"],"picked":"Potential","floor":4},{"not_picked":["Alleviate","Reset"],"picked":"ShatteredReality","floor":5},{"not_picked":["MoonPhase","Defy"],"picked":"ShatteredReality","floor":8},{"not_picked":["Starlight","ShiftingGears"],"picked":"Barrier","floor":11},{"not_picked":["Defy","BottledTime","Alleviate"],"picked":"SKIP","floor":14},{"not_picked":["ForgedInTime","TheWorld"],"picked":"Deny","floor":16},{"not_picked":["Comet","ShatteredReality"],"picked":"SilverBlades","floor":18},{"not_picked":["Rewind+1","Alleviate+1","DoubleEdge"],"picked":"SKIP","floor":20},{"not_picked":["Foresight","Replace"],"picked":"Rearm+1","floor":21},{"not_picked":["Barrier","Unruled"],"picked":"TimeWarp","floor":22}],"player_experience":97815,"relics_obtained":[{"floor":8,"key":"Gremlin Food"},{"floor":9,"key":"Mercury Hourglass"},{"floor":11,"key":"WingedGreaves"}],"event_choices":[{"damage_healed":0,"gold_gain":0,"player_choice":"Success","damage_taken":3,"relics_obtained":["Counterbalance"],"max_hp_gain":0,"max_hp_loss":0,"event_name":"Scrap Ooze","floor":7,"gold_loss":0},{"damage_healed":0,"gold_gain":0,"player_choice":"Grow","damage_taken":0,"max_hp_gain":0,"max_hp_loss":0,"event_name":"Living Wall","floor":12,"gold_loss":0,"cards_upgraded":["Exchange"]}],"is_beta":false,"boss_relics":[{"not_picked":["Runic Dome","Replay:Grab Bag"],"picked":"Runic Pyramid"}],"items_purged_floors":[19],"is_endless":false,"potions_floor_spawned":[1,5,11,14,16,18,20],"killed_by":"Gremlin Leader","ascension_level":0}}