{"host":"r2b8ojg4o4pyvjvq","time":1610747717,"event":{"mods":["BaseMod","Colored Map","Downfall","Highlight Path","Hubris","Marisa????????","Minty Spire (QoL Compilation)","Quick Restart","Replay The Spire","StSLib","SuperFastMode"],"gold_per_floor":[118,118,43,57,57,91,91,131,131,131,11,11,11,27,27,151,151,174,188,188,203,0,0,21,21,92,92,136,136,154,187,187,311,311,331,35,50,75,75,113,113,127,200,200,221,221,239,252,252,252],"floor_reached":51,"language":"ENG","playtime":1303,"items_purged":["Injury","Second Wind","Replay:Undeath\u0027s Touch","ReplayTheSpireMod:Strike From Hell"],"score":1213,"play_id":"b633b048-9a25-4d10-830c-c64d9873dcf0","local_time":"20210115225517","daily_mods":["Draft"],"is_ascension_mode":true,"campfire_choices":[{"data":"Uppercut","floor":7,"key":"SMITH"},{"data":"Whirlwind","floor":10,"key":"SMITH"},{"data":"Battle Trance","floor":15,"key":"SMITH"},{"data":"Twin Strike","floor":23,"key":"SMITH"},{"data":"Twin Strike","floor":25,"key":"SMITH"},{"data":"Flex","floor":27,"key":"SMITH"},{"data":"ReplayTheSpireMod:Limb From Limb","floor":32,"key":"SMITH"},{"data":"Madness","floor":41,"key":"SMITH"},{"floor":44,"key":"REST"},{"floor":49,"key":"REST"}],"circlet_count":0,"master_deck":["AscendersBane","True Grit","Headbutt+1","Hemokinesis","Twin Strike+1","Twin Strike+1","Body Slam","Sever Soul","Whirlwind+1","True Grit","Battle Trance+1","Flex+1","Uppercut+1","Shrug It Off","Barricade+1","Spot Weakness+1","Reaper+1","Run Through","ReplayTheSpireMod:Limb From Limb+1","Juggernaut+1","Shockwave+1","Madness","Madness+1","expansioncontent:DefensiveMode+1"],"relics":["Burning Blood","Golden Idol","Golden Egg","Smiling Mask","Ice Cream","ReplayTheSpireMod:Shallot","ReplayTheSpireMod:Onyx Gauntlets","Champion Belt","ReplayTheSpireMod:TigerMarble","Self Forming Clay","Akabeko","Frozen Egg 2","sneckomod:SneckoTalon","BargainBundle","Bottled Flame","ReplayTheSpireMod:Spearhead","Torii","hubris:MysteriousPyramids"],"acts_visited":["Exordium","TheCity","TheBeyond"],"potions_floor_usage":[50],"damage_taken":[{"damage":5,"enemies":"Small Slimes","floor":1,"turns":2},{"damage":0,"enemies":"Jaw Worm","floor":4,"turns":3},{"damage":26,"enemies":"3 Sentries","floor":6,"turns":7},{"damage":9,"enemies":"Gremlin Nob","floor":8,"turns":3},{"damage":0,"enemies":"Cultist","floor":14,"turns":2},{"damage":37,"enemies":"Slime Boss","floor":16,"turns":9},{"damage":1,"enemies":"Chosen","floor":18,"turns":3},{"damage":2,"enemies":"Shell Parasite","floor":19,"turns":2},{"damage":18,"enemies":"Snecko","floor":21,"turns":4},{"damage":0,"enemies":"Snake Plant","floor":24,"turns":2},{"damage":2,"enemies":"Replay:Snechameleon","floor":28,"turns":4},{"damage":10,"enemies":"Centurion and Healer","floor":30,"turns":2},{"damage":18,"enemies":"Slavers","floor":31,"turns":3},{"damage":19,"enemies":"hubris:MusketHawk","floor":33,"turns":4},{"damage":9,"enemies":"Orb Walker","floor":35,"turns":2},{"damage":0,"enemies":"3 Darklings","floor":37,"turns":1},{"damage":19,"enemies":"Maw","floor":38,"turns":3},{"damage":31,"enemies":"Reptomancer","floor":40,"turns":3},{"damage":11,"enemies":"Spire Growth","floor":42,"turns":3},{"damage":0,"enemies":"Jaw Worm Horde","floor":45,"turns":1},{"damage":24,"enemies":"Writhing Mass","floor":47,"turns":4},{"damage":0,"enemies":"Sphere and 2 Shapes","floor":48,"turns":1},{"damage":46,"enemies":"Time Eater","floor":50,"turns":8}],"seed_played":"-5429122205193772024","potions_obtained":[{"floor":1,"key":"ElixirPotion"},{"floor":14,"key":"FearPotion"},{"floor":16,"key":"BlessingOfTheForge"},{"floor":47,"key":"BloodPotion"}],"is_trial":true,"path_per_floor":["M","?","$","M","?","E","R","E","T","R","$","?","?","M","R","B",null,"M","M","T","M","$","R","M","R","T","R","E","?","M","E","R","B",null,"M","$","M","M","?","E","R","M","T","R","M","?","M","M","R","B",null],"character_chosen":"IRONCLAD","items_purchased":["Spot Weakness","ReplayTheSpireMod:TigerMarble","BargainBundle","Bottled Flame","ReplayTheSpireMod:Spearhead"],"campfire_rested":2,"item_purchase_floors":[11,22,36,36,36],"current_hp_per_floor":[73,73,73,79,79,59,59,56,56,56,56,56,56,62,62,31,68,73,77,77,68,68,68,79,79,79,79,80,80,76,80,80,67,77,80,80,80,67,57,32,32,27,27,51,57,57,39,45,69,58],"gold":252,"neow_bonus":"","is_daily":false,"chose_seed":false,"campfire_upgraded":8,"win_rate":0.0,"timestamp":1610747717,"path_taken":["M","?","$","M","?","E","R","E","T","R","$","?","?","?","R","BOSS","M","?","?","M","?","R","M","R","T","R","E","?","?","E","R","BOSS","M","$","?","M","?","E","R","M","T","R","M","?","M","M","R","BOSS"],"items_purchased_type":["Card","Relic","Relic","Relic","Relic"],"build_version":"2020-12-22","purchased_purges":4,"victory":true,"max_hp_per_floor":[80,80,80,80,80,80,80,80,80,80,80,80,80,80,80,80,80,80,80,80,80,80,80,80,80,80,80,80,80,80,80,80,80,80,80,80,80,80,80,80,80,80,80,80,80,80,80,80,80,80],"card_choices":[{"not_picked":["Anger","hubris:CleavingFinish"],"picked":"Second Wind","floor":0},{"not_picked":["Twin Strike","Wild Strike"],"picked":"Iron Wave","floor":0},{"not_picked":["Burning Pact","Heavy Blade"],"picked":"True Grit","floor":0},{"not_picked":["Sword Boomerang","Burning Pact"],"picked":"Headbutt","floor":0},{"not_picked":["Evolve","Wild Strike"],"picked":"Hemokinesis","floor":0},{"not_picked":["Sword Boomerang","Cleave"],"picked":"Twin Strike","floor":0},{"not_picked":["Replay:Undeath\u0027s Touch","Sword Boomerang"],"picked":"Twin Strike","floor":0},{"not_picked":["ReplayTheSpireMod:Muscle Training","Sword Boomerang"],"picked":"Body Slam","floor":0},{"not_picked":["Heavy Blade","Perfected Strike"],"picked":"Sever Soul","floor":0},{"not_picked":["Pommel Strike","Armaments"],"picked":"Whirlwind","floor":0},{"not_picked":["Run Through","Warcry"],"picked":"True Grit","floor":0},{"not_picked":["Clash","Wild Strike"],"picked":"Replay:Undeath\u0027s Touch","floor":0},{"not_picked":["hubris:ReadiedAction","hubris:CleavingFinish"],"picked":"Battle Trance","floor":0},{"not_picked":["Clash","Cleave"],"picked":"Flex","floor":0},{"not_picked":["Defy Death","Pommel Strike"],"picked":"Uppercut","floor":0},{"not_picked":["Anger","Flex","Life Link"],"picked":"SKIP","floor":1},{"not_picked":["Pommel Strike","Body Slam","Seeing Red"],"picked":"SKIP","floor":4},{"not_picked":["Clash","Heavy Blade"],"picked":"ReplayTheSpireMod:Strike From Hell","floor":5},{"not_picked":["Wild Strike","Replay:Many Hands"],"picked":"Shrug It Off","floor":5},{"not_picked":["ReplayReversal","ReplayTheSpireMod:Strike From Hell","Havoc"],"picked":"SKIP","floor":6},{"not_picked":["Battle Trance","Sever Soul"],"picked":"Barricade","floor":8},{"not_picked":["Flex","Seeing Red","Twin Strike"],"picked":"SKIP","floor":14},{"not_picked":["Fiend Fire","Exhume"],"picked":"Reaper","floor":16},{"not_picked":["Clash","ReplayReversal","Flex"],"picked":"SKIP","floor":18},{"not_picked":["Second Wind","Cleave+1","Perfected Strike"],"picked":"SKIP","floor":19},{"not_picked":["Reckless Charge","Flex","Havoc"],"picked":"SKIP","floor":21},{"not_picked":["Perfected Strike","Twin Strike","Replay:Undeath\u0027s Touch+1"],"picked":"SKIP","floor":24},{"not_picked":["Ghostly Armor","Life Link+1","Sever Soul"],"picked":"SKIP","floor":28},{"not_picked":["ReplayTheSpireMod:LeadingStrike","Sword Boomerang+1"],"picked":"ReplayTheSpireMod:Limb From Limb","floor":30},{"not_picked":["Reaper","ReplayTheSpireMod:Strike From Hell+1","ReplayTheSpireMod:Limb From Limb+1"],"picked":"SKIP","floor":31},{"not_picked":["Berserk+1","Immolate"],"picked":"Juggernaut+1","floor":33},{"not_picked":["Battle Trance+1","Dual Wield","Twin Strike"],"picked":"SKIP","floor":35},{"not_picked":["Body Slam+1","Intimidate+1"],"picked":"Shockwave+1","floor":37},{"not_picked":["Power Through","Battle Trance+1","Clash+1"],"picked":"SKIP","floor":38},{"not_picked":["Thunderclap+1","Twin Strike+1","Searing Blow"],"picked":"SKIP","floor":40},{"not_picked":["Power Through","Burning Pact","Havoc+1"],"picked":"SKIP","floor":42},{"not_picked":["Disarm","Bloodletting","Body Slam"],"picked":"SKIP","floor":45},{"not_picked":["Abandon","Intimidate","Clash+1"],"picked":"SKIP","floor":47},{"not_picked":["Sword Boomerang","Uppercut+1","Havoc+1"],"picked":"SKIP","floor":48}],"player_experience":491440,"relics_obtained":[{"floor":5,"key":"Golden Egg"},{"floor":6,"key":"Smiling Mask"},{"floor":8,"key":"Ice Cream"},{"floor":9,"key":"ReplayTheSpireMod:Shallot"},{"floor":20,"key":"Champion Belt"},{"floor":26,"key":"Self Forming Clay"},{"floor":28,"key":"Akabeko"},{"floor":31,"key":"Frozen Egg 2"},{"floor":40,"key":"Torii"},{"floor":43,"key":"hubris:MysteriousPyramids"}],"event_choices":[{"damage_healed":0,"gold_gain":0,"player_choice":"Take Wound","damage_taken":0,"relics_obtained":["Golden Idol"],"max_hp_gain":0,"max_hp_loss":0,"event_name":"Golden Idol","floor":2,"gold_loss":0,"cards_obtained":["Injury"]},{"damage_healed":0,"gold_gain":0,"cards_transformed":["Iron Wave"],"player_choice":"Transformed","damage_taken":0,"max_hp_gain":0,"max_hp_loss":0,"event_name":"Transmorgrifier","floor":29,"gold_loss":0,"cards_obtained":["Run Through"]},{"damage_healed":0,"gold_gain":0,"player_choice":"Embrace Madness","damage_taken":10,"max_hp_gain":0,"max_hp_loss":0,"event_name":"Winding Halls","floor":39,"gold_loss":0,"cards_obtained":["Madness","Madness"]},{"damage_healed":0,"gold_gain":0,"player_choice":"1 cards matched","damage_taken":0,"max_hp_gain":0,"max_hp_loss":0,"event_name":"Match and Keep!","floor":46,"gold_loss":0,"cards_obtained":["expansioncontent:DefensiveMode"]}],"is_beta":false,"boss_relics":[{"not_picked":["Ring of Chaos","Black Blood"],"picked":"ReplayTheSpireMod:Onyx Gauntlets"},{"not_picked":["SacredBark","Velvet Choker"],"picked":"sneckomod:SneckoTalon"}],"items_purged_floors":[3,11,22,36],"is_endless":false,"potions_floor_spawned":[1,14,16,19,30,35,40,42,47],"ascension_level":11}}