{"host":"jl3raagrljzztomj","time":1610746200,"event":{"mods":["Aspiration","BaseMod","BetterRewards","Colored Map","Colored Powertips","Custom Start","Hermit","Highlight Path","Minty Spire (QoL Compilation)","Permanent Neow","StSLib","SuperFastMode","The Runesmith"],"gold_per_floor":[116,135,12,12,12,38,38,50,75,86,86,86,104,122,122,217,217,232,251,251,251],"floor_reached":20,"language":"ENG","playtime":1288,"items_purged":[],"score":176,"play_id":"e4052b4f-4adb-4671-afa4-d96fdfa86f0e","local_time":"20210115153000","is_ascension_mode":false,"campfire_choices":[{"data":"Runesmith:Firestorm","floor":7,"key":"SMITH"},{"floor":12,"key":"REST"},{"floor":15,"key":"REST"}],"circlet_count":0,"master_deck":["Runesmith:Strike_RS","Runesmith:Strike_RS","Runesmith:Strike_RS","Runesmith:Strike_RS","Runesmith:Defend_RS","Runesmith:Defend_RS","Runesmith:Defend_RS","Runesmith:Defend_RS","Runesmith:CraftFirestone","Runesmith:Fortify","Runesmith:HammerTime+1","Runesmith:CraftProtectio","Runesmith:CraftMagma","Runesmith:Firestorm+1","Runesmith:CraftProtectio","Runesmith:Grindstone+1","Runesmith:RuneHurl","Runesmith:EarthShield+1","Runesmith:CreatorForm","Runesmith:FieryHammer","Runesmith:Supernova+1","Runesmith:LithiumIon+1","Runesmith:Grindstone+1"],"relics":["Runesmith:BrokenRuby","Toxic Egg 2","Oddly Smooth Stone","Philosopher\u0027s Stone"],"acts_visited":["Exordium","TheCity"],"potions_floor_usage":[18,18],"damage_taken":[{"damage":1,"enemies":"Small Slimes","floor":1,"turns":5},{"damage":4,"enemies":"Cultist","floor":2,"turns":5},{"damage":17,"enemies":"3 Sentries","floor":6,"turns":7},{"damage":1,"enemies":"Jaw Worm","floor":8,"turns":4},{"damage":9,"enemies":"Blue Slaver","floor":10,"turns":5},{"damage":9,"enemies":"Exordium Wildlife","floor":13,"turns":6},{"damage":7,"enemies":"3 Louse","floor":14,"turns":6},{"damage":13,"enemies":"The Guardian","floor":16,"turns":12},{"damage":55,"enemies":"3 Byrds","floor":18,"turns":7},{"damage":4,"enemies":"Shell Parasite","floor":19,"turns":5},{"damage":13,"enemies":"Masked Bandits","floor":20,"turns":2}],"seed_played":"-6420698692358417421","potions_obtained":[{"floor":13,"key":"GamblersBrew"},{"floor":16,"key":"AttackPotion"}],"is_trial":false,"path_per_floor":["M","M","$","?","?","E","R","M","T","M","?","R","M","M","R","B",null,"M","M","?"],"character_chosen":"RUNESMITH_CLASS","items_purchased":["Runesmith:Firestorm","Runesmith:CraftProtectio"],"campfire_rested":2,"item_purchase_floors":[3,3],"current_hp_per_floor":[69,65,65,65,65,48,48,47,47,38,38,59,50,43,64,51,70,15,11,0,0],"gold":251,"neow_bonus":"THREE_CARDS","is_daily":false,"chose_seed":false,"campfire_upgraded":1,"win_rate":0.0,"timestamp":1610746200,"path_taken":["M","M","$","?","?","E","R","M","T","?","?","R","?","M","R","BOSS","M","?","?"],"items_purchased_type":["Card","Card"],"build_version":"2020-12-22","purchased_purges":0,"victory":false,"max_hp_per_floor":[70,70,70,70,70,70,70,70,70,70,70,70,70,70,70,70,70,70,70,70,70],"card_choices":[{"not_picked":["Runesmith:EnergizedChisel","Runesmith:RuneHurl"],"picked":"Runesmith:HammerTime","floor":0},{"not_picked":["Runesmith:HeatExchange","Runesmith:Empowerment"],"picked":"Runesmith:CraftProtectio","floor":1},{"not_picked":["Runesmith:EnergizedChisel","Runesmith:HammerThrow"],"picked":"Runesmith:CraftMagma","floor":2},{"not_picked":["Runesmith:Attraction+1","Runesmith:ShiftingStrike"],"picked":"Runesmith:Grindstone+1","floor":6},{"not_picked":["Runesmith:BackupBattery+1","Runesmith:ChiselStab"],"picked":"Runesmith:RuneHurl","floor":8},{"not_picked":["Runesmith:NanitesCloud+1","Runesmith:BackupBattery+1"],"picked":"Runesmith:EarthShield+1","floor":10},{"not_picked":["Runesmith:HammerTime","Runesmith:CraftSpiculum+1"],"picked":"Runesmith:CreatorForm","floor":13},{"not_picked":["Runesmith:EarthShield+1","Runesmith:RuneHurl"],"picked":"Runesmith:FieryHammer","floor":14},{"not_picked":["Runesmith:CraftIndustria+1","Runesmith:GrandSlam"],"picked":"Runesmith:Supernova+1","floor":16},{"not_picked":["Runesmith:CraftMagma+1","Runesmith:Malloc+1"],"picked":"Runesmith:LithiumIon+1","floor":18},{"not_picked":["Runesmith:Malloc+1","Runesmith:CraftProtectio+1"],"picked":"Runesmith:Grindstone+1","floor":19}],"player_experience":962567,"relics_obtained":[{"floor":6,"key":"Oddly Smooth Stone"}],"event_choices":[{"damage_healed":0,"gold_gain":0,"player_choice":"Upgraded","damage_taken":0,"max_hp_gain":0,"max_hp_loss":0,"event_name":"Upgrade Shrine","floor":5,"gold_loss":0,"cards_upgraded":["Runesmith:HammerTime"]},{"cards_removed":["Injury"],"damage_healed":0,"gold_gain":0,"player_choice":"Removed Curses","damage_taken":0,"max_hp_gain":0,"max_hp_loss":0,"event_name":"Fountain of Cleansing","floor":11,"gold_loss":0},{"damage_healed":0,"gold_gain":0,"player_choice":"Fought Bandits","damage_taken":0,"max_hp_gain":0,"max_hp_loss":0,"event_name":"Masked Bandits","floor":20,"gold_loss":0}],"is_beta":false,"boss_relics":[{"not_picked":["Runesmith:CoreCrystal","Tiny House"],"picked":"Philosopher\u0027s Stone"}],"items_purged_floors":[],"is_endless":false,"potions_floor_spawned":[13,16],"killed_by":"Masked Bandits","ascension_level":0}}