{"host":"9kesdg97wkrx2bva","time":1610669876,"event":{"mods":["AchievementEnabler","BaseMod","Colored Map","Downfall","GifTheSpireLib","Infinite Spire","Minty Spire (QoL Compilation)","Replay The Spire","StSLib"],"gold_per_floor":[109,120,135,150,75,75,75,86,113,133,133,133,152,171,171,246,246,264,264,164,178,53,53,53,53],"floor_reached":24,"language":"ENG","playtime":535,"items_purged":["Strike_B","Strike_B","Strike_B"],"score":338,"play_id":"fa4bd94c-4e75-4d1c-9174-d3c1b2e1131c","local_time":"20210114191756","is_ascension_mode":true,"campfire_choices":[{"data":"Zap","floor":6,"key":"SMITH"},{"data":"Defragment","floor":11,"key":"SMITH"},{"floor":15,"key":"REST"},{"floor":23,"key":"REST"}],"circlet_count":0,"master_deck":["AscendersBane","Strike_B","Defend_B","Defend_B","Defend_B","Defend_B","Zap+1","Dualcast+1","Compile Driver","Defragment+1","Gash","Ball Lightning","Leap","Streamline","Zap","Static Discharge","Creative AI","Defragment"],"relics":["Cracked Core","NeowsBlessing","Replay:Baseball","Odd Mushroom","Inserter"],"acts_visited":["Exordium","TheCity"],"potions_floor_usage":[8,21],"damage_taken":[{"damage":0,"enemies":"2 Louse","floor":1,"turns":1},{"damage":0,"enemies":"Cultist","floor":2,"turns":1},{"damage":0,"enemies":"Jaw Worm","floor":3,"turns":1},{"damage":10,"enemies":"2 Fungi Beasts","floor":4,"turns":3},{"damage":0,"enemies":"Gremlin Gang","floor":8,"turns":3},{"damage":15,"enemies":"The Mushroom Lair","floor":10,"turns":4},{"damage":9,"enemies":"Red Slaver","floor":13,"turns":2},{"damage":13,"enemies":"Blue Slaver","floor":14,"turns":2},{"damage":21,"enemies":"Hexaghost","floor":16,"turns":7},{"damage":34,"enemies":"2 Thieves","floor":18,"turns":4},{"damage":18,"enemies":"Shell Parasite","floor":21,"turns":4},{"damage":31,"enemies":"Nightmare","floor":24,"turns":4}],"seed_played":"8130341448380206254","potions_obtained":[{"floor":2,"key":"Death Potion"},{"floor":3,"key":"AttackPotion"},{"floor":10,"key":"Explosive Potion"},{"floor":18,"key":"AttackPotion"}],"is_trial":false,"path_per_floor":["M","M","M","M","$","R","?","M","T","?","R","?","M","M","R","B",null,"M","?","$","M","$","R","NM"],"character_chosen":"DEFECT","items_purchased":[],"campfire_rested":2,"item_purchase_floors":[],"current_hp_per_floor":[64,64,64,54,54,54,54,54,54,39,39,39,30,17,38,17,58,24,24,24,6,6,27,0,0],"gold":53,"neow_bonus":"THREE_ENEMY_KILL","is_daily":false,"chose_seed":false,"campfire_upgraded":2,"win_rate":0.0,"timestamp":1610669876,"path_taken":["M","M","M","M","$","R","?","?","T","?","R","?","?","M","R","BOSS","M","?","$","M","$","R","NM"],"items_purchased_type":[],"build_version":"2020-12-22","purchased_purges":3,"victory":false,"max_hp_per_floor":[71,71,71,71,71,71,71,71,71,71,71,71,71,71,71,71,71,71,71,71,71,71,71,71,71],"card_choices":[{"not_picked":["Hologram","ReplayTheSpireMod:GoodbyeWorld"],"picked":"Compile Driver","floor":1},{"not_picked":["Fusion","Auto Shields"],"picked":"Defragment","floor":2},{"not_picked":["Tempest","Compile Driver"],"picked":"Gash","floor":3},{"not_picked":["Steam","Steam Power","Compile Driver"],"picked":"SKIP","floor":4},{"not_picked":["Hologram","Conserve Battery"],"picked":"Ball Lightning","floor":8},{"not_picked":["ReplayTheSpireMod:GoodbyeWorld","ReplayTheSpireMod:System Scan"],"picked":"Leap","floor":10},{"not_picked":["Compile Driver","Cold Snap","Mirror Shield"],"picked":"SKIP","floor":13},{"not_picked":["Hologram","Go for the Eyes"],"picked":"Static Discharge","floor":14},{"not_picked":["Rainbow","Mirror Shield"],"picked":"Creative AI","floor":16},{"not_picked":["Steam+1","ReplayTheSpireMod:Reroute Power","Sweeping Beam"],"picked":"SKIP","floor":18},{"not_picked":["ReplayTheSpireMod:System Scan","Leap"],"picked":"Defragment","floor":21}],"player_experience":933273,"relics_obtained":[{"floor":9,"key":"Replay:Baseball"},{"floor":10,"key":"Odd Mushroom"}],"event_choices":[{"damage_healed":0,"gold_gain":0,"player_choice":"Forge","damage_taken":0,"max_hp_gain":0,"max_hp_loss":0,"event_name":"Accursed Blacksmith","floor":7,"gold_loss":0,"cards_upgraded":["Dualcast"]},{"damage_healed":0,"gold_gain":0,"player_choice":"Fought Mushrooms","damage_taken":0,"max_hp_gain":0,"max_hp_loss":0,"event_name":"Mushrooms","floor":10,"gold_loss":0},{"damage_healed":0,"gold_gain":0,"player_choice":"2 cards matched","damage_taken":0,"max_hp_gain":0,"max_hp_loss":0,"event_name":"Match and Keep!","floor":12,"gold_loss":0,"cards_obtained":["Streamline","Zap"]},{"damage_healed":0,"gold_gain":0,"player_choice":"Ignored","damage_taken":0,"max_hp_gain":0,"max_hp_loss":0,"event_name":"The Mausoleum","floor":19,"gold_loss":0}],"is_beta":false,"boss_relics":[{"not_picked":["ReplayTheSpireMod:SealedPack","SacredBark"],"picked":"Inserter"}],"items_purged_floors":[5,20,22],"is_endless":false,"potions_floor_spawned":[2,3,10,13,14,18],"killed_by":"Nightmare","ascension_level":16}}