{"host":"7po9pgh86bqe2blc","time":1610717773,"event":{"mods":["BaseMod","Colored Map","Colored Powertips","Hermit","Hubris","Koishi","Minty Spire (QoL Compilation)","StSLib","The Cursed","The Disciple","The Hierophant","The Runesmith"],"gold_per_floor":[112,112,187,203,203,236,236,258,306,88,108,108,108,132,132,132,132],"floor_reached":16,"playtime":796,"items_purged":["hierophant:Defend_Hierophant"],"score":138,"play_id":"78f9caa8-69fd-443f-88e7-12f728704bb5","local_time":"20210115143613","is_ascension_mode":true,"campfire_choices":[{"data":"hierophant:Doubloon","floor":7.0,"key":"SMITH"},{"data":"hierophant:Patience","floor":13.0,"key":"SMITH"},{"floor":15.0,"key":"REST"}],"circlet_count":0,"master_deck":["hierophant:Strike_Hierophant","hierophant:Strike_Hierophant","hierophant:Strike_Hierophant","hierophant:Punish","hierophant:Defend_Hierophant+1","hierophant:Defend_Hierophant","hierophant:Defend_Hierophant","hierophant:ChurchCoffers+1","hierophant:Patience+1","hierophant:Doubloon+1","hierophant:Dazzle","hierophant:Community"],"relics":["hierophant:PropheticMaskRelic","NeowsBlessing","Lantern","Orichalcum","Vajra","Golden Idol"],"acts_visited":["Exordium"],"potions_floor_usage":[16,16,16],"damage_taken":[{"damage":0.0,"enemies":"Jaw Worm","floor":1.0,"turns":1.0},{"damage":0.0,"enemies":"2 Louse","floor":4.0,"turns":1.0},{"damage":0.0,"enemies":"Gremlin Nob","floor":6.0,"turns":1.0},{"damage":1.0,"enemies":"Cultist","floor":8.0,"turns":4.0},{"damage":0.0,"enemies":"Blue Slaver","floor":11.0,"turns":2.0},{"damage":0.0,"enemies":"3 Louse","floor":14.0,"turns":1.0},{"damage":63,"enemies":"The Guardian","floor":16,"turns":13}],"seed_played":"-8452596581777136887","potions_obtained":[{"floor":1.0,"key":"Energy Potion"},{"floor":4.0,"key":"Explosive Potion"},{"floor":11.0,"key":"Explosive Potion"}],"is_trial":false,"path_per_floor":["M","?","?","M","?","E","R","M","T","$","M","?","R","M","R","B"],"character_chosen":"HIEROPHANT","items_purchased":["Vajra"],"campfire_rested":1,"item_purchase_floors":[10],"current_hp_per_floor":[75,60,49,49,49,49,49,48,48,48,48,30,30,30,52,0,0],"gold":132,"neow_bonus":"THREE_ENEMY_KILL","is_daily":false,"chose_seed":false,"campfire_upgraded":2,"win_rate":0.0,"timestamp":1610717773,"path_taken":["M","?","?","M","?","E","R","M","T","$","?","?","R","M","R","BOSS"],"items_purchased_type":["Relic"],"build_version":"2020-12-13","purchased_purges":1,"victory":false,"max_hp_per_floor":[75,75,75,75,75,75,75,75,75,75,75,75,75,75,75,75,75],"card_choices":[{"not_picked":["hierophant:Upheaval","hierophant:Smite","hierophant:SealAway"],"picked":"SKIP","floor":1.0},{"not_picked":["hierophant:Encroach","hierophant:DisplayOfPower"],"picked":"hierophant:Patience","floor":4.0},{"not_picked":["hierophant:RepressedViolence","hierophant:Martyrdom","hierophant:RustyCrate"],"picked":"SKIP","floor":6.0},{"not_picked":["hierophant:PassingBell","hierophant:Empathy","hierophant:Smite"],"picked":"SKIP","floor":8.0},{"not_picked":["hierophant:DisplayOfPower","hierophant:Prophecy","hierophant:RepressedViolence"],"picked":"SKIP","floor":11.0},{"not_picked":["hierophant:Remorse","hierophant:SealAway"],"picked":"hierophant:Community","floor":14.0}],"player_experience":383319,"relics_obtained":[{"floor":6.0,"key":"Lantern"},{"floor":9.0,"key":"Orichalcum"}],"event_choices":[{"damage_healed":0.0,"max_hp_gain":0.0,"max_hp_loss":0.0,"gold_gain":0.0,"event_name":"Shining Light","player_choice":"Entered Light","floor":2.0,"gold_loss":0.0,"damage_taken":15.0,"cards_upgraded":["hierophant:ChurchCoffers","hierophant:Defend_Hierophant"]},{"damage_healed":0.0,"max_hp_gain":0.0,"max_hp_loss":0.0,"gold_gain":75.0,"event_name":"World of Goop","player_choice":"Gather Gold","floor":3.0,"gold_loss":0.0,"damage_taken":11.0},{"damage_healed":0.0,"max_hp_gain":0.0,"max_hp_loss":0.0,"gold_gain":0.0,"cards_transformed":["hierophant:Strike_Hierophant"],"event_name":"Transmorgrifier","player_choice":"Transformed","floor":5.0,"gold_loss":0.0,"damage_taken":0.0,"cards_obtained":["hierophant:Dazzle"]},{"damage_healed":0.0,"max_hp_gain":0.0,"max_hp_loss":0.0,"gold_gain":0.0,"event_name":"Golden Idol","player_choice":"Take Damage","floor":12.0,"gold_loss":0.0,"damage_taken":18.0,"relics_obtained":["Golden Idol"]}],"is_beta":false,"boss_relics":[],"items_purged_floors":[10],"is_endless":false,"potions_floor_spawned":[1,4,11],"killed_by":"The Guardian","ascension_level":2}}