{"host":"qswkx8hggytna0kc","time":1610720962,"event":{"mods":["Aspiration","BaseMod","BetterRewards","Colored Map","Colored Powertips","Highlight Path","Hubris","Mimic Mod","Minty Spire (QoL Compilation)","MostiFishMod","Quick Restart","Replay The Spire","StSLib","SuperFastMode"],"gold_per_floor":[113,128,141,156,156,156,186,186,210,55,82,99,118,154,154,240,240,267,267,296,316,3,43,64,99,125,125,125,162,162,186,186,272,272,299,321,221,326,251,278,278,290,338,359,401,401,423,464,464,464,464,464,73,114,114],"floor_reached":56,"language":"ZHS","playtime":1415,"items_purged":["Strike_G","Strike_G"],"score":2349,"play_id":"44971b4b-431c-4b39-b19c-e7bb1fe05067","local_time":"20210115222922","is_ascension_mode":true,"campfire_choices":[{"data":"Hidden Blade","floor":6,"key":"SMITH"},{"data":"All Out Attack","floor":8,"key":"SMITH"},{"data":"After Image","floor":15,"key":"SMITH"},{"floor":27,"key":"RECALL"},{"data":"A Thousand Cuts","floor":30,"key":"SMITH"},{"data":"Prepared","floor":32,"key":"SMITH"},{"data":"Expertise","floor":41,"key":"SMITH"},{"floor":46,"key":"DIG"},{"data":"MostiFishMod:GrandStart","floor":49,"key":"SMITH"}],"circlet_count":0,"master_deck":["AscendersBane","Strike_G","Strike_G","Strike_G","Defend_G","Defend_G","Defend_G","Defend_G","Survivor+1","Neutralize","Slice","All Out Attack+1","Hidden Blade+1","Underhanded Strike+1","Escape Plan","Backstab","Deflect","After Image+1","Escape Plan","Unload","Eviscerate","Expertise+1","Acrobatics+1","Prepared+1","A Thousand Cuts+1","Concentrate","MostiFishMod:VineMother","Quick Slash","Dagger Throw+1","ReplayTheSpireMod:Scrap Shanks","hubris:SlightOfHand+1","Acrobatics","Underhanded Strike","Prepared","MostiFishMod:GrandStart+1","MostiFishMod:Dislodge+1"],"relics":["Ring of the Snake","DaveBox","Transparent","NeowsBlessing","SynthV:TestCard","aspiration:HiddenCompartment","ReplayTheSpireMod:Lightbulb","hubris:OldNail","Matryoshka","CeramicFish","JellyFishMachine","hubris:Potato","StrikeDummy","Strawberry","Replay:Ringing Soul","Mummified Hand","PatriotShield","Letter Opener","Omamori","War Paint","Replay:Multitool","Bird Faced Urn","Juzu Bracelet","Bronze Scales","hubris:Towel","hubris:SlimyHat","BrkXgEgg","Iron Hammer"],"acts_visited":["Exordium","TheCity","TheBeyond","TheEnding"],"potions_floor_usage":[33],"damage_taken":[{"damage":6,"enemies":"Cultist","floor":1,"turns":1},{"damage":6,"enemies":"2 Louse","floor":2,"turns":1},{"damage":6,"enemies":"Small Slimes","floor":3,"turns":1},{"damage":12,"enemies":"2 Fungi Beasts","floor":4,"turns":2},{"damage":22,"enemies":"Gremlin Nob","floor":7,"turns":3},{"damage":18,"enemies":"3 Sentries","floor":11,"turns":3},{"damage":12,"enemies":"Exordium Thugs","floor":12,"turns":2},{"damage":12,"enemies":"Looter","floor":13,"turns":2},{"damage":30,"enemies":"Lagavulin","floor":14,"turns":5},{"damage":42,"enemies":"Slime Boss","floor":16,"turns":7},{"damage":18,"enemies":"Shell Parasite","floor":18,"turns":3},{"damage":12,"enemies":"2 Thieves","floor":20,"turns":2},{"damage":12,"enemies":"Centurion and Healer","floor":21,"turns":2},{"damage":4,"enemies":"Slavers","floor":23,"turns":3},{"damage":0,"enemies":"3 Cultists","floor":24,"turns":2},{"damage":0,"enemies":"Replay:Snechameleon","floor":25,"turns":2},{"damage":4,"enemies":"Slavers","floor":29,"turns":3},{"damage":0,"enemies":"Snake Plant","floor":31,"turns":2},{"damage":6,"enemies":"Champ","floor":33,"turns":5},{"damage":0,"enemies":"3 Darklings","floor":35,"turns":1},{"damage":0,"enemies":"3 Shapes","floor":36,"turns":1},{"damage":0,"enemies":"Reptomancer","floor":40,"turns":1},{"damage":0,"enemies":"Maw","floor":42,"turns":1},{"damage":0,"enemies":"3 Darklings","floor":43,"turns":2},{"damage":0,"enemies":"3 Darklings","floor":44,"turns":1},{"damage":0,"enemies":"Giant Head","floor":45,"turns":1},{"damage":0,"enemies":"Sphere and 2 Shapes","floor":47,"turns":1},{"damage":0,"enemies":"R_Hoarder","floor":48,"turns":2},{"damage":0,"enemies":"Replay:Hell Engine","floor":50,"turns":1},{"damage":0,"enemies":"Shield and Spear","floor":54,"turns":1},{"damage":0,"enemies":"The Heart","floor":55,"turns":3}],"seed_played":"1728448865922985233","potions_obtained":[{"floor":1,"key":"Adrenaline Potion"},{"floor":4,"key":"Fire Potion"},{"floor":33,"key":"Fruit Juice"},{"floor":38,"key":"DuplicationPotion"}],"is_trial":false,"path_per_floor":["M","M","M","M","?","R","E","R","T","$","E","M","M","E","R","B",null,"M","?","M","M","$","E","M","E","T","R","?","E","R","M","R","B",null,"M","M","NS","?","$","E","R","M","MIM","M","E","R","M","E","R","B",null,"R","$","E","B",null],"character_chosen":"THE_SILENT","items_purchased":["hubris:OldNail","hubris:Potato","hubris:SlimyHat","BrkXgEgg"],"campfire_rested":0,"item_purchase_floors":[10,22,53,53],"current_hp_per_floor":[66,66,66,66,53,53,66,66,66,66,66,66,66,66,66,66,66,66,66,66,66,66,66,66,73,73,73,73,76,76,79,79,87,87,90,93,93,73,73,96,96,96,99,102,105,105,108,111,111,111,111,111,111,114,114],"gold":114,"neow_bonus":"THREE_ENEMY_KILL","is_daily":false,"chose_seed":false,"campfire_upgraded":7,"win_rate":0.0,"timestamp":1610720962,"path_taken":["M","M","M","M","?","R","E","R","T","$","E","M","M","E","R","BOSS","M","?","M","M","$","E","?","E","T","R","?","E","R","M","R","BOSS","M","?","NS","?","$","E","R","M","MIM","M","E","R","M","E","R","BOSS","R","$","E","BOSS"],"items_purchased_type":["Relic","Relic","Relic","Relic"],"build_version":"2020-12-22","purchased_purges":2,"victory":true,"max_hp_per_floor":[66,66,66,66,66,66,66,66,66,66,66,66,66,66,66,66,66,66,66,66,66,66,66,66,73,73,73,73,76,76,79,79,87,87,90,93,93,96,96,96,96,96,99,102,105,105,108,111,111,111,111,111,111,114,114],"card_choices":[{"not_picked":["Dagger Throw","Flying Knee"],"picked":"Slice","floor":1},{"not_picked":["Flechettes","MostiFishMod:PerfectParry","Eviscerate","ReplayTheSpireMod:Exploit Weakness"],"picked":"All Out Attack","floor":2},{"not_picked":["Blade Dance","Poisoned Stab","Backflip","Flying Knee"],"picked":"Hidden Blade","floor":3},{"not_picked":["Sucker Punch","Predator","Bane","Expertise"],"picked":"Underhanded Strike","floor":4},{"not_picked":["Slice","Caltrops","Quick Slash","Acrobatics"],"picked":"Escape Plan","floor":7},{"not_picked":["Reflex","ReplayTheSpireMod:Necrosis","Bouncing Flask","Dagger Throw"],"picked":"Backstab","floor":11},{"not_picked":["Dodge and Roll","Poisoned Stab","Dagger Spray","Skewer"],"picked":"Deflect","floor":12},{"not_picked":["Concentrate","Dagger Throw","Caltrops","Flying Knee"],"picked":"After Image","floor":13},{"not_picked":["Slice","Blade Dance","Dagger Throw","Flying Knee"],"picked":"Escape Plan","floor":14},{"not_picked":["Grand Finale","MostiFishMod:Listen","aspiration:Lunge","Atom Bomb"],"picked":"Unload","floor":16},{"not_picked":["Distraction","Cloak And Dagger","Outmaneuver","Footwork"],"picked":"Eviscerate","floor":18},{"not_picked":["MostiFishMod:PoisonShield+1","Bouncing Flask","PiercingWail","All Out Attack"],"picked":"Expertise","floor":20},{"not_picked":["Heel Hook","Bane","PiercingWail+1","Flying Knee","Grand Finale"],"picked":"SKIP","floor":21},{"not_picked":["Cloak And Dagger","MostiFishMod:PerfectParry","Prepared","Dagger Throw"],"picked":"Acrobatics","floor":23},{"not_picked":["Deadly Poison","Dagger Spray","ReplayTheSpireMod:Tripwire","Dodge and Roll"],"picked":"Prepared","floor":24},{"not_picked":["Flying Knee","Deflect","Bane","Dagger Spray"],"picked":"A Thousand Cuts","floor":25},{"not_picked":["Outmaneuver","MostiFishMod:PoisonShield","Poison Darts","Sucker Punch"],"picked":"Concentrate","floor":29},{"not_picked":["Dagger Spray","Blur","Hidden Blade","hubris:SlightOfHand"],"picked":"Slice+1","floor":31},{"not_picked":["Phantasmal Killer","MostiFishMod:ShivMaster","MostiFishMod:Opportunism","Storm of Steel"],"picked":"MostiFishMod:VineMother","floor":33},{"not_picked":["Poisoned Stab","Backflip+1","hubris:SlightOfHand","Outmaneuver+1"],"picked":"Quick Slash","floor":35},{"not_picked":["Bouncing Flask","Sucker Punch","Cloak And Dagger","Outmaneuver"],"picked":"Dagger Throw+1","floor":36},{"not_picked":["Skewer","ReplayTheSpireMod:Speed Training","Deflect","MostiFishMod:InvigoratingSolution+1"],"picked":"ReplayTheSpireMod:Scrap Shanks","floor":38},{"not_picked":["Backflip","MostiFishMod:PoisonShield","Dash+1","Distraction","Dodge and Roll"],"picked":"SKIP","floor":40},{"not_picked":["Cloak And Dagger","Concentrate","Backflip+1","hubris:TrickCloak","Dagger Spray"],"picked":"SKIP","floor":42},{"not_picked":["Venomology","Predator","hubris:Counter","Quick Slash"],"picked":"hubris:SlightOfHand+1","floor":43},{"not_picked":["Dagger Throw","PiercingWail+1","MostiFishMod:PerfectParry+1","Deflect"],"picked":"Acrobatics","floor":44},{"not_picked":["Dodge and Roll+1","Catalyst+1","Outmaneuver+1","MostiFishMod:ThornCasing+1"],"picked":"Underhanded Strike","floor":45},{"not_picked":["Dodge and Roll","Sucker Punch","Sneak Up","Outmaneuver"],"picked":"Prepared","floor":47},{"not_picked":["Adrenaline","hubris:Counter","Deflect","Backflip"],"picked":"MostiFishMod:GrandStart","floor":48},{"not_picked":["Deadly Poison","hubris:SlightOfHand","Backflip","MostiFishMod:InvigoratingSolution"],"picked":"MostiFishMod:Dislodge+1","floor":54}],"player_experience":324579,"relics_obtained":[{"floor":1,"key":"SynthV:TestCard"},{"floor":7,"key":"aspiration:HiddenCompartment"},{"floor":9,"key":"ReplayTheSpireMod:Lightbulb"},{"floor":11,"key":"Matryoshka"},{"floor":14,"key":"CeramicFish"},{"floor":23,"key":"StrikeDummy"},{"floor":25,"key":"Strawberry"},{"floor":26,"key":"Replay:Ringing Soul"},{"floor":29,"key":"Mummified Hand"},{"floor":38,"key":"Letter Opener"},{"floor":38,"key":"Omamori"},{"floor":40,"key":"War Paint"},{"floor":43,"key":"Replay:Multitool"},{"floor":45,"key":"Bird Faced Urn"},{"floor":46,"key":"Juzu Bracelet"},{"floor":48,"key":"Bronze Scales"},{"floor":54,"key":"Iron Hammer"}],"event_choices":[{"damage_healed":0,"gold_gain":0,"player_choice":"Entered Light","damage_taken":13,"max_hp_gain":0,"max_hp_loss":0,"event_name":"Shining Light","floor":5,"gold_loss":0,"cards_upgraded":["Defend_G","Underhanded Strike"]},{"damage_healed":0,"gold_gain":0,"player_choice":"0 cards matched","damage_taken":0,"max_hp_gain":0,"max_hp_loss":0,"event_name":"Match and Keep!","floor":19,"gold_loss":0,"cards_obtained":[]},{"damage_healed":0,"gold_gain":0,"player_choice":"Got Potions","damage_taken":0,"max_hp_gain":0,"max_hp_loss":0,"event_name":"Lab","floor":28,"gold_loss":0}],"is_beta":false,"boss_relics":[{"not_picked":["Sozu","Velvet Choker"],"picked":"JellyFishMachine"},{"not_picked":["SlaversCollar","Ring of the Serpent"],"picked":"PatriotShield"}],"items_purged_floors":[39,53],"is_endless":false,"potions_floor_spawned":[1,4,7,12,14,18,29,31,33,35,42,45],"ascension_level":14}}