{"host":"ibonnlq6s1c814xj","time":1610696547,"event":{"mods":["BaseMod","BetterRewards","Good Game Mod","Minty Spire (QoL Compilation)","Shop Mod","【功能Mod】聪明的最终Boss"],"gold_per_floor":[111,61,72,72,247,280,299,6,6,6,24,24,49,60,60,60,60],"floor_reached":16,"language":"ZHS","playtime":511,"items_purged":[],"score":149,"play_id":"ebdea7fe-41de-4337-aae1-3de41993c31d","local_time":"20210115154227","is_ascension_mode":true,"campfire_choices":[{"data":"White Noise","floor":10,"key":"SMITH"},{"floor":15,"key":"REST"}],"circlet_count":0,"master_deck":["Strike_B","Strike_B","Strike_B","Defend_B","Defend_B","Defend_B","Defend_B","Zap","Dualcast","Regret","Doubt","Hologram","Escape Plan","White Noise+1","Cold Snap","Defragment","Ball Lightning"],"relics":["Cracked Core","REME:ComplimentaryCards","NeowsBlessing","Question Card","DataDisk","Turnip","Pen Nib","Prayer Wheel"],"acts_visited":["Exordium"],"potions_floor_usage":[13],"damage_taken":[{"damage":0,"enemies":"Cultist","floor":1,"turns":1},{"damage":0,"enemies":"Small Slimes","floor":3,"turns":1},{"damage":0,"enemies":"Gremlin Nob","floor":6,"turns":1},{"damage":0,"enemies":"2 Louse","floor":7,"turns":1},{"damage":19,"enemies":"Exordium Wildlife","floor":11,"turns":5},{"damage":23,"enemies":"3 Sentries","floor":13,"turns":5},{"damage":18,"enemies":"Exordium Thugs","floor":14,"turns":3},{"damage":40,"enemies":"The Guardian","floor":16,"turns":5}],"seed_played":"979135986461824572","potions_obtained":[{"floor":1,"key":"Weak Potion"},{"floor":14,"key":"Strength Potion"}],"is_trial":false,"path_per_floor":["M","?","M","?","?","E","M","$","T","R","M","$","E","M","R","B"],"character_chosen":"DEFECT","items_purchased":["Turnip"],"campfire_rested":1,"item_purchase_floors":[8],"current_hp_per_floor":[75,75,75,75,75,75,75,75,75,75,56,56,33,15,37,0,0],"gold":60,"neow_bonus":"THREE_ENEMY_KILL","is_daily":false,"chose_seed":false,"campfire_upgraded":1,"win_rate":0.0,"timestamp":1610696547,"path_taken":["M","?","M","?","?","E","?","?","T","R","M","$","E","?","R","BOSS"],"items_purchased_type":["Relic"],"build_version":"2020-12-22","purchased_purges":0,"victory":false,"max_hp_per_floor":[75,75,75,75,75,75,75,75,75,75,75,75,75,75,75,75,75],"card_choices":[{"not_picked":["Double Energy","Streamline","Compile Driver"],"picked":"SKIP","floor":1},{"not_picked":["Conserve Battery","Undo","Beam Cell"],"picked":"SKIP","floor":3},{"not_picked":["Turbo","Cold Snap","FTL"],"picked":"Hologram","floor":6},{"not_picked":["Stack","Recycle","Cold Snap"],"picked":"White Noise","floor":7},{"not_picked":["Undo","Chill","Streamline"],"picked":"Cold Snap","floor":11},{"not_picked":["Ball Lightning","Stack","Force Field"],"picked":"Defragment","floor":13},{"not_picked":["Lockon","Leap","Conserve Battery"],"picked":"Ball Lightning","floor":14},{"not_picked":["Streamline","Leap","Redo","Cold Snap"],"picked":"SKIP","floor":14}],"player_experience":215654,"relics_obtained":[{"floor":6,"key":"DataDisk"},{"floor":9,"key":"Pen Nib"},{"floor":13,"key":"Prayer Wheel"}],"event_choices":[{"cards_removed":["Strike_B"],"damage_healed":0,"gold_gain":0,"player_choice":"Card Removal","damage_taken":0,"max_hp_gain":0,"max_hp_loss":0,"event_name":"The Cleric","floor":2,"gold_loss":50},{"damage_healed":0,"gold_gain":0,"player_choice":"Box","damage_taken":0,"relics_obtained":["Question Card"],"max_hp_gain":0,"max_hp_loss":0,"event_name":"Big Fish","floor":4,"gold_loss":0,"cards_obtained":["Regret"]},{"damage_healed":0,"gold_gain":175,"player_choice":"AGREE","damage_taken":0,"max_hp_gain":0,"max_hp_loss":0,"event_name":"Liars Game","floor":5,"gold_loss":0,"cards_obtained":["Doubt"]}],"is_beta":false,"boss_relics":[],"items_purged_floors":[],"is_endless":false,"potions_floor_spawned":[1,14],"killed_by":"The Guardian","ascension_level":2}}