{"host":"jb40sdn36ct36hhv","time":1610693428,"event":{"mods":["Act Like it!","BaseMod","Better Third Choice","Marisa????????","Minty Spire (QoL Compilation)","StSLib"],"gold_per_floor":[113,113,113,188,213,213,248,173,173,28,78,93,93,109,109,230,230,245,264,164,178,196,232,232,257,257,257,271,271,294,332,332,462,462,486,361,134,134,155,155,189,189,189,220,220,220,233,246,246,246,246,246,71,104,104],"floor_reached":56,"language":"ENG","playtime":3949,"items_purged":["Defend_MRS","MysteriousBeam","DoubleSpark","MasterSpark","WitchLeyline+1"],"score":1370,"play_id":"66d9e8d5-4413-49af-9649-abd9f3f47955","local_time":"20210114225028","is_ascension_mode":false,"campfire_choices":[{"data":"GalacticHalo","floor":6.0,"key":"SMITH"},{"data":"UpSweep","floor":15.0,"key":"SMITH"},{"data":"CollectingQuirk","floor":27.0,"key":"SMITH"},{"data":"BlazeAway","floor":32.0,"key":"SMITH"},{"data":"MillisecondPulsars","floor":40.0,"key":"SMITH"},{"data":"OrrerysSun","floor":46,"key":"SMITH"},{"floor":49,"key":"RECALL"},{"data":"Deep Breath","floor":52,"key":"SMITH"}],"circlet_count":0,"master_deck":["UpSweep+1","GalacticHalo+1","UltimateShortwave","BlazeAway+1","ShootingEcho","CollectingQuirk+1","OortCloud","EarthLightRay","Acceleration","Acceleration","OortCloud","AsteroidBelt","AsteroidBelt","MillisecondPulsars+1","OrrerysSun+1","PanicButton","Deep Breath+1","DeepEcoloBomb+1"],"relics":["MiniHakkero","SproutingBranch","Golden Idol","Sundial","HornCleat","OrangePellets","Potion Belt","Pandora\u0027s Box","Strawberry","Gremlin Horn","Bag of Preparation","Coffee Dripper","FossilizedHelix","Peace Pipe","Bronze Scales"],"acts_visited":["Exordium","TheCity","TheBeyond","TheEnding"],"potions_floor_usage":[55,55,55,55,55],"damage_taken":[{"damage":1.0,"enemies":"Jaw Worm","floor":1.0,"turns":3.0},{"damage":0.0,"enemies":"Small Slimes","floor":5.0,"turns":3.0},{"damage":18.0,"enemies":"Lagavulin","floor":7.0,"turns":9.0},{"damage":2.0,"enemies":"2 Louse","floor":12.0,"turns":4.0},{"damage":0.0,"enemies":"Large Slime","floor":14.0,"turns":3.0},{"damage":37.0,"enemies":"Slime Boss","floor":16.0,"turns":10.0},{"damage":6.0,"enemies":"2 Thieves","floor":18.0,"turns":3.0},{"damage":0.0,"enemies":"Spheric Guardian","floor":19.0,"turns":3.0},{"damage":24.0,"enemies":"Cultist and Chosen","floor":21.0,"turns":4.0},{"damage":8.0,"enemies":"Centurion and Healer","floor":22.0,"turns":4.0},{"damage":34.0,"enemies":"Slavers","floor":23.0,"turns":5.0},{"damage":3.0,"enemies":"Snake Plant","floor":25.0,"turns":3.0},{"damage":0.0,"enemies":"Sentry and Sphere","floor":28.0,"turns":4.0},{"damage":1.0,"enemies":"Snecko","floor":30.0,"turns":5.0},{"damage":4.0,"enemies":"Gremlin Leader","floor":31.0,"turns":5.0},{"damage":17.0,"enemies":"Automaton","floor":33.0,"turns":8.0},{"damage":5.0,"enemies":"Orb Walker","floor":35.0,"turns":2.0},{"damage":2.0,"enemies":"3 Darklings","floor":39.0,"turns":3.0},{"damage":4.0,"enemies":"Nemesis","floor":41.0,"turns":5.0},{"damage":0.0,"enemies":"Giant Head","floor":44.0,"turns":5.0},{"damage":0,"enemies":"Transient","floor":47,"turns":5},{"damage":0,"enemies":"Spire Growth","floor":48,"turns":4},{"damage":0,"enemies":"Donu and Deca","floor":50,"turns":4},{"damage":0,"enemies":"Shield and Spear","floor":54,"turns":3},{"damage":0,"enemies":"The Heart","floor":55,"turns":7}],"seed_played":"-1641793113529051137","potions_obtained":[{"floor":12.0,"key":"CultistPotion"},{"floor":16.0,"key":"PowerPotion"},{"floor":23.0,"key":"Strength Potion"},{"floor":25.0,"key":"Weak Potion"},{"floor":29.0,"key":"CultistPotion"},{"floor":29.0,"key":"Regen Potion"},{"floor":35.0,"key":"LiquidMemories"}],"is_trial":false,"path_per_floor":["M","?","?","?","M","R","E","$","T","$","T","M","$","M","R","B",null,"M","M","$","M","M","E","?","M","T","R","M","?","M","E","R","B",null,"M","$","$","?","M","R","E","?","T","E","$","R","M","M","R","B",null,"R","$","E","B",null],"character_chosen":"MARISA","items_purchased":["OrangePellets","OrrerysSun"],"campfire_rested":0,"item_purchase_floors":[10,37],"current_hp_per_floor":[68,51,51,40,49,49,46,46,46,46,46,56,56,65,65,34,68,68,68,68,53,61,52,52,62,62,62,75,75,75,75,75,58,75,70,70,70,60,71,71,75,71,71,71,71,71,71,71,71,71,71,71,71,71,71],"gold":104,"neow_bonus":"ONE_RARE_RELIC","is_daily":false,"chose_seed":false,"campfire_upgraded":7,"win_rate":0.0,"timestamp":1610693428,"path_taken":["M","?","?","?","M","R","E","?","T","$","?","M","?","M","R","BOSS","M","M","$","M","M","E","?","M","T","R","M","?","?","E","R","BOSS","M","?","$","?","?","R","E","?","T","E","?","R","?","M","R","BOSS","R","$","E","BOSS"],"items_purchased_type":["Relic","Card"],"build_version":"2020-12-22","purchased_purges":5,"victory":true,"max_hp_per_floor":[68,68,68,68,68,68,68,68,68,68,68,68,68,68,68,68,68,68,68,68,68,68,75,75,75,75,75,75,75,75,75,75,75,75,75,75,75,75,75,75,75,71,71,71,71,71,71,71,71,71,71,71,71,71,71],"card_choices":[{"not_picked":["GravityBeat","SprinkleStarSeal"],"picked":"WitchLeyline","floor":1.0},{"not_picked":["IllusionStar","SuperPerseids"],"picked":"GalacticHalo","floor":5.0},{"not_picked":["Singularity","UnstableBomb","MilkyWay"],"picked":"SKIP","floor":7.0},{"not_picked":["MysteriousBeam","UnstableBomb","Occultation"],"picked":"SKIP","floor":12.0},{"not_picked":["GravityBeat","DragonMeteor","DarkSpark"],"picked":"SKIP","floor":14.0},{"not_picked":["BigCrunch","MaximisePower"],"picked":"UltimateShortwave","floor":16.0},{"not_picked":["GrandCross","MachineGunSpark"],"picked":"Acceleration","floor":18.0},{"not_picked":["GravityBeat","PropBag"],"picked":"Acceleration","floor":19.0},{"not_picked":["ShootingEcho","IllusionStar+1","DC"],"picked":"SKIP","floor":21.0},{"not_picked":["GravityBeat","DoubleSpark"],"picked":"OortCloud","floor":22.0},{"not_picked":["CollectingQuirk","AlicesGift","DC+1"],"picked":"SKIP","floor":23.0},{"not_picked":["DarkSpark","RefractionSpark"],"picked":"AsteroidBelt","floor":25.0},{"not_picked":["MilkyWay","GrandCross","WitchOfGreed"],"picked":"SKIP","floor":28.0},{"not_picked":["MysteriousBeam+1","ChargingUp","BlazeAway"],"picked":"SKIP","floor":30.0},{"not_picked":["ChargeUpSpray","StarDustReverie","6A"],"picked":"SKIP","floor":31.0},{"not_picked":["ManaRampage","JA"],"picked":"MillisecondPulsars","floor":33.0},{"not_picked":["PowerUp+1","BlazeAway","IllusionStar"],"picked":"SKIP","floor":35.0},{"not_picked":["Swift Strike","Forethought"],"picked":"PanicButton","floor":38.0},{"not_picked":["Discovery","Dramatic Entrance"],"picked":"Deep Breath","floor":38.0},{"not_picked":["GalacticHalo","IllusionStar","AlicesGift"],"picked":"SKIP","floor":39.0},{"not_picked":["LuminesStrike","EarthLightRay","DC"],"picked":"SKIP","floor":41.0},{"not_picked":["6A","MaximisePower","DoubleSpark"],"picked":"SKIP","floor":44.0},{"not_picked":["IllusionStar+1","DC+1"],"picked":"DeepEcoloBomb+1","floor":47},{"not_picked":["GasGiant","NonDirectionalLaser","OneTimeOff+1"],"picked":"SKIP","floor":48},{"not_picked":["FairyDestructionRay","FinalSpark","SuperPerseids+1"],"picked":"SKIP","floor":54}],"player_experience":1200388,"relics_obtained":[{"floor":7.0,"key":"Sundial"},{"floor":9.0,"key":"HornCleat"},{"floor":11.0,"key":"Potion Belt"},{"floor":23.0,"key":"Strawberry"},{"floor":26.0,"key":"Gremlin Horn"},{"floor":31.0,"key":"Bag of Preparation"},{"floor":41.0,"key":"FossilizedHelix"},{"floor":44.0,"key":"Peace Pipe"},{"floor":54,"key":"Bronze Scales"}],"event_choices":[{"damage_healed":0.0,"max_hp_gain":0.0,"max_hp_loss":0.0,"gold_gain":0.0,"event_name":"Golden Idol","player_choice":"Take Damage","floor":2.0,"gold_loss":0.0,"damage_taken":17.0,"relics_obtained":["Golden Idol"]},{"damage_healed":0.0,"max_hp_gain":0.0,"max_hp_loss":0.0,"gold_gain":0.0,"event_name":"Living Wall","player_choice":"Grow","floor":3.0,"gold_loss":0.0,"damage_taken":0.0,"cards_upgraded":["WitchLeyline"]},{"damage_healed":0.0,"max_hp_gain":0.0,"max_hp_loss":0.0,"gold_gain":75.0,"event_name":"betterThird:BetterGoop","player_choice":"Gold","floor":4.0,"gold_loss":0.0,"damage_taken":11.0},{"damage_healed":0.0,"max_hp_gain":0.0,"max_hp_loss":0.0,"gold_gain":0.0,"event_name":"The Library","player_choice":"Read","floor":24.0,"gold_loss":0.0,"damage_taken":0.0,"cards_obtained":["AsteroidBelt"]},{"damage_healed":0.0,"max_hp_gain":0.0,"max_hp_loss":0.0,"gold_gain":0.0,"event_name":"Lab","player_choice":"Got Potions","floor":29.0,"gold_loss":0.0,"damage_taken":0.0},{"damage_healed":0.0,"max_hp_gain":0.0,"max_hp_loss":0.0,"gold_gain":0.0,"event_name":"SensoryStone","player_choice":"Memory 3","floor":38.0,"gold_loss":0.0,"damage_taken":10.0},{"damage_healed":0.0,"max_hp_gain":0.0,"max_hp_loss":4.0,"gold_gain":0.0,"event_name":"Winding Halls","player_choice":"Max HP","floor":42.0,"gold_loss":0.0,"damage_taken":0.0}],"is_beta":false,"boss_relics":[{"not_picked":["SlaversCollar","Snecko Eye"],"picked":"Pandora\u0027s Box"},{"not_picked":["Busted Crown","Calling Bell"],"picked":"Coffee Dripper"}],"items_purged_floors":[8,20,36,37,53],"is_endless":false,"potions_floor_spawned":[12,16,23,25,30,33,35,41,48],"ascension_level":0}}