{"host":"29lahdx3vn6842ib","time":1610681180,"event":{"mods":["100% Spire Juice","ATMod(阿瑾Mod)","Act Like it!","Aspiration","BaseMod","Better Vampires","Conspire","Friendly Minions","Gensokyo","GungeonMod","Hallownest","HololiveMod","KinomotoSakuraMod(木之本樱)","Mari Mod (Legacy)","Mari\u0027s V1 Patch","Marisa（F雨　魔理沙）","Minty Spire (QoL Compilation)","Prisma Mod","Quarter Circle Forward PUNCH!","Quick Restart","Rare Cards Sparkle","Reimu（博丽灵梦）","Remilia（蕾米莉亚）","RumiaBox-露米娅的神秘盒子","SIMod","Shop Mod","StSLib","The Alterego","The Animator","The Bug Knight","The Marked","The Servant 0.9.4","Waifu the Spire","WarShipGirlsR/战舰少女R mod","Yohane!","Yuri Mod","【功能Mod】混沌之环修复补丁","【遗物卡牌】REMEMod","篝火指南"],"gold_per_floor":[900000,900000,899694,899108,899123,899151,899151,899168,899168,899203,898571,898594,898624,898574,897854,897955,897955,897975,897986,897400,897419,897429,896981,896993,896993,897017,897017],"floor_reached":26,"language":"ZHS","playtime":1288,"items_purged":["Moonworks:Defend","Moonworks:Strike","Moonworks:LulusLuckyEgg","Moonworks:LulusLuckyEgg"],"score":228,"play_id":"28f7d9ac-6d45-4bbf-ac43-f141ae89ce68","local_time":"20210115112620","is_ascension_mode":false,"campfire_choices":[{"floor":7,"key":"RECALL"}],"circlet_count":0,"master_deck":["Moonworks:Strike","Moonworks:Strike","Moonworks:Strike","Moonworks:Defend","Moonworks:Defend","Moonworks:Defend","Moonworks:Ambush","Moonworks:LongDistanceShot","Moonworks:RagingMadness","Moonworks:MetallicMonocoque","Moonworks:RagingMadness","Moonworks:NicePresent","Apotheosis","Moonworks:TreasureThief+1","Wrath_TH","EndlessPower"],"relics":["Moonworks:BrokenBomb","Moonworks:Homemark","AT_ATBox","REME_ComplimentaryCards","NeowsBlessing","MerchantsRug","DemoMod:SuperHotWatch","Orichalcum","Toy Ornithopter","Moonworks:GoldenDie","Odd Mushroom","DemoMod:ChaffGrenade","PureWhite:ReiMu","Frozen Eye","conspire:TopHat","HollowMod:StagPassRelic","DemoMod:WeirdEgg","AT_Kusabimaru","Bag of Marbles"],"acts_visited":["Exordium","TheCity"],"potions_floor_usage":[],"damage_taken":[{"damage":0,"enemies":"conspire:RoseBush","floor":1,"turns":1},{"damage":0,"enemies":"2 Louse","floor":4,"turns":1},{"damage":0,"enemies":"Jaw Worm","floor":5,"turns":1},{"damage":3,"enemies":"Lagavulin","floor":6,"turns":4},{"damage":0,"enemies":"Exordium Wildlife","floor":8,"turns":3},{"damage":2,"enemies":"3 Sentries","floor":10,"turns":5},{"damage":11,"enemies":"The Mushroom Lair","floor":12,"turns":4},{"damage":2,"enemies":"Gremlin Nob","floor":13,"turns":3},{"damage":3,"enemies":"Hexaghost","floor":16,"turns":7},{"damage":0,"enemies":"Spheric Guardian","floor":18,"turns":4},{"damage":0,"enemies":"3 Byrds","floor":19,"turns":4},{"damage":1,"enemies":"Cultist and Chosen","floor":21,"turns":3},{"damage":0,"enemies":"Centurion and Healer","floor":22,"turns":4},{"damage":0,"enemies":"Snecko","floor":24,"turns":3}],"seed_played":"-6358044536064531131","potions_obtained":[{"floor":10,"key":"Strength Potion"},{"floor":12,"key":"Strength Potion"}],"is_trial":false,"path_per_floor":["M","?","$","M","M","E","R","M","T","E","R","?","E","?","R","B",null,"M","M","$","M","M","R","M","?","T"],"character_chosen":"THE_STARBREAKER","items_purchased":["Moonworks:RagingMadness","MerchantsRug","Orichalcum","Toy Ornithopter","Moonworks:GoldenDie","Moonworks:RagingMadness","PureWhite:ReiMu","Frozen Eye","conspire:TopHat","HollowMod:StagPassRelic","DemoMod:WeirdEgg","Apotheosis","AT_Kusabimaru"],"campfire_rested":0,"item_purchase_floors":[3,3,11,11,11,11,15,15,15,20,20,20,23],"current_hp_per_floor":[60,60,60,60,60,57,57,57,57,55,55,44,42,42,42,39,60,60,60,60,59,59,59,59,59,59,59],"gold":897017,"neow_bonus":"THREE_ENEMY_KILL","is_daily":false,"chose_seed":false,"campfire_upgraded":0,"win_rate":0.0,"timestamp":1610681180,"path_taken":["M","?","$","M","M","E","R","M","T","E","R","?","E","?","R","BOSS","M","M","$","M","M","R","M","?","T"],"items_purchased_type":["Card","Relic","Relic","Relic","Relic","Card","Relic","Relic","Relic","Relic","Relic","Card","Relic"],"build_version":"2020-12-22","purchased_purges":4,"victory":false,"max_hp_per_floor":[60,60,60,60,60,60,60,60,60,60,60,60,60,60,60,60,60,60,60,60,60,60,60,60,60,60,60],"card_choices":[{"not_picked":["Moonworks:NicePresent","Moonworks:BigMagnum","Moonworks:SakisCookie"],"picked":"SKIP","floor":1},{"not_picked":["Moonworks:LuckyCharm","Moonworks:JonathanRush","Moonworks:ImOnFire"],"picked":"SKIP","floor":4},{"not_picked":["Moonworks:LuckyCharm","Moonworks:EvilSpyWorkPreparation","Moonworks:CloudOfSeagulls"],"picked":"SKIP","floor":5},{"not_picked":["Moonworks:Wanted","Moonworks:BigBangBell"],"picked":"Moonworks:MetallicMonocoque","floor":6},{"not_picked":["Moonworks:CloudOfSeagulls","Moonworks:CastOff","Moonworks:BigMagnum"],"picked":"SKIP","floor":8},{"not_picked":["Moonworks:DeployBits","Moonworks:ExtendedPhotonRifle","Moonworks:UnpaidWork"],"picked":"SKIP","floor":10},{"not_picked":["Moonworks:SakisCookie","Moonworks:ReproductionOfRecords"],"picked":"Moonworks:LulusLuckyEgg","floor":12},{"not_picked":["Moonworks:Heat300Percent","Moonworks:SakisCookie","Moonworks:DeployBits"],"picked":"SKIP","floor":13},{"not_picked":["Moonworks:EvilSpyWorkPreparation","Moonworks:Assault+1"],"picked":"Moonworks:NicePresent","floor":18},{"not_picked":["Moonworks:LulusLuckyEgg","Moonworks:SakisCookie","Moonworks:JonathanRush"],"picked":"SKIP","floor":19},{"not_picked":["Moonworks:NicePresent","Moonworks:BigMagnum"],"picked":"Moonworks:TreasureThief+1","floor":21},{"not_picked":["Moonworks:Assault","Moonworks:DeployBits+1","Moonworks:CloudOfSeagulls"],"picked":"SKIP","floor":22},{"not_picked":["Moonworks:SakisCookie","Moonworks:EvilSpyWorkPreparation+1","Moonworks:Dinner"],"picked":"SKIP","floor":24}],"player_experience":363585,"relics_obtained":[{"floor":10,"key":"DemoMod:SuperHotWatch"},{"floor":12,"key":"Odd Mushroom"},{"floor":13,"key":"DemoMod:ChaffGrenade"},{"floor":26,"key":"Bag of Marbles"}],"event_choices":[{"damage_healed":0,"gold_gain":0,"player_choice":"Ignored","damage_taken":0,"max_hp_gain":0,"max_hp_loss":0,"event_name":"Shining Light","floor":2,"gold_loss":0},{"damage_healed":0,"gold_gain":0,"player_choice":"Fought Mushrooms","damage_taken":0,"max_hp_gain":0,"max_hp_loss":0,"event_name":"Mushrooms","floor":12,"gold_loss":0}],"is_beta":false,"boss_relics":[{"not_picked":["Hololive_ChaosS","qcfpunch:Killian_Engine_Alpha","conspire:SeveredTorchhead"]}],"items_purged_floors":[3,11,15,23],"is_endless":false,"potions_floor_spawned":[10,12,13,18],"ascension_level":0}}