{"host":"2jftgrhdogeeegvp","time":1610688312,"event":{"mods":["Act Like it!","Arknights The Spire","BaseMod","Colored Map","Downfall","Gensokyo","Marisa£®ÏF”Í°°ƒß¿Ì…≥£©","Minty Spire (QoL Compilation)","READ ME - Guardian Mod","Reimu£®≤©¿ˆ¡È√Œ£©","StSLib","SuperFastMode","The Cursed","The Gatherer","The Mystic"],"gold_per_floor":[99,99,99,99,99,24,24,55,55,87,107,32,66,77,88,187,187,187,197,60,60,79,79,106,119,132,142,160,160,173,207,217,318,318,243,257,257,116,130,158,209,15,28,28,54,54,103,17,34,34,34,59,11,11,11],"floor_reached":56,"language":"ZHS","playtime":3328,"items_purged":["Guardian:Strike_Guardian","Guardian:Defend_Guardian","Guardian:Defend_Guardian"],"score":1345,"play_id":"49c5f05b-cc2b-46e1-9bca-5b0b1d629003","local_time":"20210114212512","is_ascension_mode":false,"campfire_choices":[{"floor":1.0,"key":"RECALL"},{"data":"Guardian:TwinSlam","floor":6.0,"key":"SMITH"},{"data":"Guardian:PolyBeam","floor":9.0,"key":"SMITH"},{"data":"Guardian:CurlUp","floor":12.0,"key":"SMITH"},{"data":"Guardian:GuardianWhirl","floor":18.0,"key":"SMITH"},{"data":"Guardian:PolyBeam","floor":23.0,"key":"SMITH"},{"data":"Guardian:PrismaticBeam","floor":35.0,"key":"SMITH"},{"data":"Guardian:BaubleBeam","floor":54.0,"key":"SMITH"}],"circlet_count":0,"master_deck":["Guardian:Strike_Guardian","Guardian:Strike_Guardian","Guardian:Defend_Guardian","Guardian:Defend_Guardian","Guardian:CurlUp+1","Guardian:TwinSlam+1","Guardian:PolyBeam+1","Guardian:PolyBeam+1","Guardian:GuardianWhirl+1","Guardian:BronzeOrb","Guardian:CrystalBeam","Guardian:StasisStrike","Guardian:ShieldCharger+1","Guardian:SentryBeam","Guardian:PrimingBeam","Guardian:PrimingBeam+1","Guardian:RevengeProtocol","Guardian:PrismaticBeam+1","Guardian:ShieldSpikes","Guardian:PrimingBeam","Guardian:PolyBeam","Guardian:BaubleBeam+1","Doubt","Guardian:PrismaticBarrier","Guardian:FierceBash","Guardian:DonusPower","Guardian:Orbwalk","Guardian:Gem_Red","Guardian:PolyBeam+1","Guardian:DecasProtection"],"relics":["Guardian:ModeShifterPlus","downfall:HeartsMalice","Gremlin Horn","downfall:HeartBlessingRed","Meat on the Bone","Omamori","Singing Bowl","Cursed Key","Nloth\u0027s Gift","PreservedInsect","WarpedTongs","Dream Catcher","downfall:HeartBlessingGreen","Toy Ornithopter","MawBank","Guardian:BottledStasis","Mercury Hourglass","Guardian:StasisEgg","Regal Pillow","Dead Branch","Bronze Scales"],"acts_visited":["Exordium","TheCity","TheBeyond","TheEnding"],"potions_floor_usage":[55,55],"damage_taken":[{"damage":0.0,"enemies":"Cultist","floor":4.0,"turns":1.0},{"damage":0.0,"enemies":"Small Slimes","floor":5.0,"turns":1.0},{"damage":0.0,"enemies":"Lagavulin","floor":8.0,"turns":1.0},{"damage":14.0,"enemies":"Gremlin Nob","floor":10.0,"turns":4.0},{"damage":4.0,"enemies":"Jaw Worm","floor":11.0,"turns":2.0},{"damage":0.0,"enemies":"Lagavulin","floor":13.0,"turns":2.0},{"damage":0.0,"enemies":"Lots of Slimes","floor":14.0,"turns":1.0},{"damage":2.0,"enemies":"Blue Slaver","floor":15.0,"turns":2.0},{"damage":54.0,"enemies":"downfall:Silent","floor":16.0,"turns":9.0},{"damage":5.0,"enemies":"Spheric Guardian","floor":19.0,"turns":3.0},{"damage":0.0,"enemies":"downfall:FleeingMerchant","floor":20.0,"turns":4.0},{"damage":0.0,"enemies":"Chosen","floor":22.0,"turns":3.0},{"damage":6.0,"enemies":"Snake Plant","floor":25.0,"turns":3.0},{"damage":10.0,"enemies":"Snecko","floor":26.0,"turns":5.0},{"damage":6.0,"enemies":"Cultist and Chosen","floor":27.0,"turns":4.0},{"damage":14.0,"enemies":"3 Cultists","floor":28.0,"turns":4.0},{"damage":0.0,"enemies":"Shelled Parasite and Fungi","floor":30.0,"turns":4.0},{"damage":4.0,"enemies":"Gremlin Leader","floor":31.0,"turns":4.0},{"damage":7.0,"enemies":"Centurion and Healer","floor":32.0,"turns":3.0},{"damage":9.0,"enemies":"downfall:Defect","floor":33.0,"turns":5.0},{"damage":7.0,"enemies":"3 Shapes","floor":36.0,"turns":3.0},{"damage":0.0,"enemies":"downfall:FleeingMerchant","floor":38.0,"turns":4.0},{"damage":0.0,"enemies":"Orb Walker","floor":39.0,"turns":3.0},{"damage":14.0,"enemies":"Reptomancer","floor":40.0,"turns":4.0},{"damage":14.0,"enemies":"downfall:FleeingMerchant","floor":42.0,"turns":4.0},{"damage":0.0,"enemies":"Writhing Mass","floor":43.0,"turns":5.0},{"damage":37.0,"enemies":"Nemesis","floor":45.0,"turns":5.0},{"damage":11.0,"enemies":"2 Orb Walkers","floor":47.0,"turns":3.0},{"damage":9.0,"enemies":"Maw","floor":49.0,"turns":5.0},{"damage":0.0,"enemies":"downfall:Ironclad","floor":50.0,"turns":4.0},{"damage":23.0,"enemies":"downfall:CharBossMerchant","floor":52.0,"turns":5.0},{"damage":35,"enemies":"downfall:NeowBoss","floor":55,"turns":16}],"seed_played":"-2133552169802881009","potions_obtained":[{"floor":8.0,"key":"SteroidPotion"},{"floor":11.0,"key":"SteroidPotion"},{"floor":13.0,"key":"Explosive Potion"},{"floor":14.0,"key":"Energy Potion"},{"floor":19.0,"key":"Fire Potion"},{"floor":26.0,"key":"Energy Potion"},{"floor":28.0,"key":"Weak Potion"},{"floor":30.0,"key":"DuplicationPotion"},{"floor":31.0,"key":"PowerPotion"},{"floor":32.0,"key":"hexamod:EctoCoolerPotion"},{"floor":36.0,"key":"hexamod:EctoCoolerPotion"},{"floor":45.0,"key":"EssenceOfSteel"},{"floor":47.0,"key":"SpeedPotion"}],"is_trial":false,"path_per_floor":["R","T","?","M","M","R","T","E","R","E","M","R","E","M","M","B",null,"R","M","$","?","M","R","T","M","M","M","M","?","M","E","M","B",null,"R","M","?","$","M","E","T","$","M","?","E","?","?","$","M","B",null,"E","$","R","B",null],"character_chosen":"GUARDIAN","items_purchased":["Guardian:PrimingBeam","Guardian:Gem_Cyan","Guardian:BottledStasis","Mercury Hourglass","Guardian:Orbwalk","Guardian:Gem_Red","PowerPotion"],"campfire_rested":0,"item_purchase_floors":[20,38,42,42,48,48,53],"current_hp_per_floor":[80,80,80,80,80,80,80,80,80,66,62,72,72,74,72,30,92,92,87,87,87,87,87,87,81,71,65,51,51,53,49,54,57,94,94,87,87,87,87,73,73,64,64,64,39,39,45,45,48,48,94,71,71,71,58],"gold":11,"neow_bonus":"THREE_ENEMY_KILL","is_daily":false,"chose_seed":false,"campfire_upgraded":7,"win_rate":0.0,"timestamp":1610688312,"path_taken":["R","?","?","M","M","R","T","E","R","E","M","R","E","?","M","BOSS","R","M","$","?","M","R","T","?","M","M","M","?","?","E","M","BOSS","R","M","?","$","?","E","T","$","M","?","E","?","?","?","M","BOSS","E","$","R","BOSS"],"items_purchased_type":["Card","Card","Relic","Relic","Card","Card","Potion"],"build_version":"2020-12-22","purchased_purges":3,"victory":true,"max_hp_per_floor":[80,80,80,80,80,80,80,80,80,80,80,90,90,92,92,92,92,92,92,92,92,92,92,92,92,92,92,92,92,94,94,94,94,94,94,94,94,94,94,94,94,94,94,94,94,94,94,94,94,94,94,94,94,94,94],"card_choices":[{"not_picked":["Guardian:RollAttack","Guardian:VentSteam"],"picked":"Guardian:PolyBeam","floor":4.0},{"not_picked":["Guardian:Harden","Guardian:TemporalStrike"],"picked":"Guardian:Gem_Crimson","floor":5.0},{"not_picked":["Guardian:Reroute","Guardian:StasisStrike"],"picked":"Guardian:Gem_Synthetic","floor":8.0},{"not_picked":["Guardian:Reroute","Guardian:Incinerate"],"picked":"Guardian:PolyBeam","floor":10.0},{"not_picked":["Guardian:PiercingHide","Guardian:Reroute"],"picked":"Guardian:GuardianWhirl","floor":11.0},{"not_picked":["Guardian:FloatingOrbs","Guardian:PrimingBeam"],"picked":"Guardian:BronzeOrb","floor":13.0},{"not_picked":["Guardian:RollAttack","Guardian:ChargeCore","Guardian:WalkerClaw"],"picked":"Singing Bowl","floor":14.0},{"not_picked":["Guardian:RollAttack","Guardian:BronzeArmor"],"picked":"Guardian:CrystalBeam","floor":15.0},{"not_picked":["Guardian:Gem_Synthetic","Guardian:GatlingBeam"],"picked":"Guardian:StasisStrike","floor":16.0},{"not_picked":["Guardian:VentSteam","Guardian:ChargeCore"],"picked":"Guardian:ShieldCharger+1","floor":19.0},{"not_picked":["Guardian:Suspension","Guardian:Recover+1"],"picked":"Guardian:SentryBeam","floor":20.0},{"not_picked":["Guardian:Recover+1","Guardian:PolyBeam+1"],"picked":"Guardian:PrimingBeam+1","floor":22.0},{"not_picked":["Guardian:BronzeArmor","Guardian:ArmoredProtocol"],"picked":"Guardian:Gem_Blue","floor":25.0},{"not_picked":["Guardian:Suspension","Guardian:TimeCapacitor"],"picked":"Guardian:RevengeProtocol","floor":26.0},{"not_picked":["Guardian:BronzeOrb","Guardian:Recover+1"],"picked":"Guardian:PrismaticBeam","floor":27.0},{"not_picked":["Guardian:GuardianWhirl","Guardian:RollAttack"],"picked":"Guardian:Gem_Fragmented","floor":28.0},{"not_picked":["Guardian:RollAttack+1","Guardian:Incinerate","Guardian:Planning+1"],"picked":"Singing Bowl","floor":30.0},{"not_picked":["Guardian:FastForward","Guardian:HyperBeam_Guardian"],"picked":"Guardian:Gem_Red","floor":31.0},{"not_picked":["Guardian:SphericShield","Guardian:Planning+1"],"picked":"Guardian:Gem_Cyan","floor":32.0},{"not_picked":["Guardian:HyperBeam_Guardian","Guardian:BaubleBeam"],"picked":"Guardian:Gem_Orange","floor":33.0},{"not_picked":["Guardian:SentryBeam","Guardian:Preprogram"],"picked":"Guardian:ShieldSpikes","floor":36.0},{"not_picked":["Guardian:Incinerate","Guardian:ConstructionForm"],"picked":"Guardian:PrimingBeam","floor":38.0},{"not_picked":["Guardian:Recover","Guardian:TemporalShield+1"],"picked":"Guardian:PolyBeam","floor":39.0},{"not_picked":["Guardian:Incinerate+1","Guardian:Harden"],"picked":"Guardian:BaubleBeam","floor":40.0},{"not_picked":["Guardian:GuardianWhirl","Guardian:Gem_Blue"],"picked":"Guardian:Gem_Red","floor":42.0},{"not_picked":["Guardian:TimeCapacitor+1","Guardian:Gem_Cyan"],"picked":"Guardian:PrismaticBarrier","floor":43.0},{"not_picked":["Guardian:SpikerProtocol","Guardian:Incinerate"],"picked":"Guardian:FierceBash","floor":45.0},{"not_picked":["Guardian:Preprogram+1","Guardian:Gem_Purple"],"picked":"Guardian:DonusPower","floor":47.0},{"not_picked":["Guardian:ShieldCharger+1","Guardian:PrimingBeam+1"],"picked":"Guardian:PolyBeam+1","floor":49.0},{"not_picked":["Guardian:RollAttack","Guardian:Repulse"],"picked":"Guardian:DecasProtection","floor":52.0}],"player_experience":428269,"relics_obtained":[{"floor":2.0,"key":"Gremlin Horn"},{"floor":8.0,"key":"Meat on the Bone"},{"floor":10.0,"key":"Omamori"},{"floor":13.0,"key":"Singing Bowl"},{"floor":24.0,"key":"PreservedInsect"},{"floor":31.0,"key":"Dream Catcher"},{"floor":40.0,"key":"Toy Ornithopter"},{"floor":41.0,"key":"MawBank"},{"floor":45.0,"key":"Regal Pillow"},{"floor":47.0,"key":"Dead Branch"},{"floor":52.0,"key":"Bronze Scales"}],"event_choices":[{"cards_removed":["Guardian:Strike_Guardian"],"damage_healed":0.0,"max_hp_gain":0.0,"max_hp_loss":0.0,"gold_gain":0.0,"event_name":"Bonfire Elementals","player_choice":"Offered Basic","floor":3.0,"gold_loss":0.0,"damage_taken":0.0},{"damage_healed":0.0,"max_hp_gain":0.0,"max_hp_loss":0.0,"gold_gain":0.0,"event_name":"Mysterious Sphere","player_choice":"Fight","floor":47.0,"gold_loss":0.0,"damage_taken":0.0}],"is_beta":false,"boss_relics":[{"not_picked":["Velvet Choker","Runic Dome"],"picked":"Cursed Key"},{"not_picked":["Fusion Hammer","Snecko Eye"],"picked":"Guardian:ModeShifterPlus"}],"items_purged_floors":[20,38,42],"is_endless":false,"potions_floor_spawned":[8,11,13,14,19,26,28,30,31,32,36,45,47],"ascension_level":0}}