{"host":"9pqy5lt7vda52ebm","time":1610684019,"event":{"mods":["BaseMod","Fox Events","Minty Spire (QoL Compilation)","Optimize The Spire","Quick Restart","StSLib","The Hierophant"],"gold_per_floor":[111,128,144,72,72,72,100,100,145,157,174,206,206,235,235,363,363,392,139,197,240,284,341,353,425,514,570,230,265,140,191,191,334,334,388,432,480,68,130,206,206,261,315,315,315,315,402,481,481,471],"floor_reached":51,"language":"ENG","playtime":10814,"items_purged":["hierophant:Strike_Hierophant","hierophant:Punish","hierophant:Strike_Hierophant","hierophant:Strike_Hierophant"],"score":711,"play_id":"a41f5795-dceb-42a7-b865-de3d19153233","local_time":"20210114231339","is_ascension_mode":false,"campfire_choices":[{"data":"hierophant:OrnateJavelin","floor":6.0,"key":"SMITH"},{"data":"hierophant:ChurchCoffers","floor":8.0,"key":"SMITH"},{"data":"hierophant:Remorse","floor":15.0,"key":"SMITH"},{"data":"hierophant:DisplayOfPower","floor":24.0,"key":"SMITH"},{"data":"hierophant:Batter","floor":32.0,"key":"SMITH"},{"data":"hierophant:WrathOfGod","floor":41.0,"key":"SMITH"},{"data":"hierophant:Encroach","floor":44.0,"key":"SMITH"},{"data":"hierophant:DisplayOfPower","floor":49,"key":"SMITH"}],"circlet_count":0,"master_deck":["hierophant:Defend_Hierophant","hierophant:Defend_Hierophant","hierophant:Defend_Hierophant","hierophant:Defend_Hierophant","hierophant:ChurchCoffers+1","hierophant:OrnateJavelin+1","hierophant:Racketeering","hierophant:HammerAndAnvil","hierophant:MintersHammer","hierophant:Racketeering","hierophant:Rebuild","hierophant:DisplayOfPower+1","hierophant:Embezzle","hierophant:Doubloon+1","hierophant:Remorse+1","hierophant:WrathOfGod+1","hierophant:Shelter","hierophant:CursedGold","hierophant:Doubloon+1","hierophant:CoinFling","hierophant:Doubloon+1","hierophant:Rebuild+1","hierophant:Encroach+1","hierophant:Upheaval+1","hierophant:Batter+1","hierophant:Doubloon+1","hierophant:Remorse+1","hierophant:Invocation","hierophant:Community+1","hierophant:RustyCrate+1","hierophant:Doubloon+1","hierophant:Doubloon+1","Madness","Madness","hierophant:HammerAndAnvil","hierophant:DisplayOfPower+1"],"relics":["hierophant:PropheticMaskRelic","Ancient Tea Set","Art of War","Mummified Hand","Golden Idol","Black Star","Red Mask","MawBank","Juzu Bracelet","Meat on the Bone","HornCleat","Eternal Feather","Gremlin Horn","SacredBark","Bottled Lightning","Bag of Preparation","Happy Flower","Mercury Hourglass","Prayer Wheel","Pen Nib"],"acts_visited":["Exordium","TheCity","TheBeyond"],"potions_floor_usage":[50,50,50],"damage_taken":[{"damage":1.0,"enemies":"Jaw Worm","floor":1.0,"turns":4.0},{"damage":0.0,"enemies":"2 Louse","floor":2.0,"turns":1.0},{"damage":0.0,"enemies":"Small Slimes","floor":3.0,"turns":4.0},{"damage":21.0,"enemies":"3 Sentries","floor":7.0,"turns":9.0},{"damage":4.0,"enemies":"Gremlin Gang","floor":10.0,"turns":3.0},{"damage":8.0,"enemies":"Exordium Thugs","floor":11.0,"turns":7.0},{"damage":3.0,"enemies":"Lagavulin","floor":12.0,"turns":8.0},{"damage":2.0,"enemies":"Exordium Wildlife","floor":14.0,"turns":7.0},{"damage":16.0,"enemies":"Slime Boss","floor":16.0,"turns":8.0},{"damage":11.0,"enemies":"3 Byrds","floor":18.0,"turns":3.0},{"damage":15.0,"enemies":"Masked Bandits","floor":20.0,"turns":3.0},{"damage":0.0,"enemies":"Shell Parasite","floor":21.0,"turns":2.0},{"damage":5.0,"enemies":"Shelled Parasite and Fungi","floor":22.0,"turns":9.0},{"damage":24.0,"enemies":"Gremlin Leader","floor":23.0,"turns":9.0},{"damage":41.0,"enemies":"Book of Stabbing","floor":25.0,"turns":5.0},{"damage":0.0,"enemies":"Snake Plant","floor":27.0,"turns":1.0},{"damage":2.0,"enemies":"Centurion and Healer","floor":29.0,"turns":3.0},{"damage":0.0,"enemies":"Sentry and Sphere","floor":31.0,"turns":2.0},{"damage":56.0,"enemies":"Champ","floor":33.0,"turns":12.0},{"damage":10.0,"enemies":"3 Shapes","floor":35.0,"turns":3.0},{"damage":7.0,"enemies":"3 Darklings","floor":36.0,"turns":3.0},{"damage":15.0,"enemies":"Jaw Worm Horde","floor":37.0,"turns":5.0},{"damage":0.0,"enemies":"4 Shapes","floor":39.0,"turns":7.0},{"damage":11.0,"enemies":"Reptomancer","floor":40.0,"turns":8.0},{"damage":0.0,"enemies":"Nemesis","floor":42.0,"turns":3.0},{"damage":0.0,"enemies":"Sphere and 2 Shapes","floor":47.0,"turns":3.0},{"damage":0,"enemies":"Jaw Worm Horde","floor":48,"turns":7},{"damage":57,"enemies":"Time Eater","floor":50,"turns":9}],"seed_played":"2154241638423942538","potions_obtained":[{"floor":1.0,"key":"BlessingOfTheForge"},{"floor":7.0,"key":"LiquidBronze"},{"floor":11.0,"key":"Regen Potion"},{"floor":16.0,"key":"Fruit Juice"},{"floor":21.0,"key":"SneckoOil"},{"floor":22.0,"key":"SteroidPotion"},{"floor":23.0,"key":"AttackPotion"},{"floor":25.0,"key":"PowerPotion"},{"floor":31.0,"key":"Explosive Potion"},{"floor":33.0,"key":"Ancient Potion"},{"floor":35.0,"key":"Block Potion"},{"floor":42.0,"key":"Swift Potion"}],"is_trial":false,"path_per_floor":["M","M","M","$","?","R","E","R","T","M","M","E","?","M","R","B",null,"M","$","?","M","M","E","R","E","T","M","$","M","$","M","R","B",null,"M","M","M","$","M","E","R","E","T","R","?","?","M","M","R","B",null],"character_chosen":"HIEROPHANT","items_purchased":["hierophant:MintersHammer","hierophant:CursedGold","hierophant:CoinFling","Regen Potion","Gremlin Horn","Bottled Lightning"],"campfire_rested":0,"item_purchase_floors":[4,19,19,19,28,38],"current_hp_per_floor":[74,74,74,74,74,74,53,53,53,49,41,38,38,36,36,20,69,58,58,43,48,43,68,68,27,27,39,39,49,49,49,64,20,74,64,57,42,42,42,43,58,58,58,74,84,73,73,73,84,39],"gold":471,"neow_bonus":"REMOVE_CARD","is_daily":false,"chose_seed":false,"campfire_upgraded":8,"win_rate":0.0,"timestamp":1610684019,"path_taken":["M","M","M","$","?","R","E","R","T","M","M","E","?","M","R","BOSS","M","$","?","M","M","E","R","E","T","M","$","M","$","M","R","BOSS","M","M","M","$","M","E","R","E","T","R","?","?","M","M","R","BOSS"],"items_purchased_type":["Card","Card","Card","Potion","Relic","Relic"],"build_version":"2020-12-22","purchased_purges":4,"victory":true,"max_hp_per_floor":[75,75,75,75,75,75,75,75,75,75,75,75,69,69,69,69,69,69,69,69,74,74,74,74,74,74,74,74,74,74,74,74,74,74,74,74,74,74,74,74,74,74,74,74,84,84,84,84,84,84],"card_choices":[{"not_picked":["hierophant:Rebuild","hierophant:Encroach"],"picked":"hierophant:OrnateJavelin","floor":1.0},{"not_picked":["hierophant:Remorse","hierophant:HammerAndAnvil"],"picked":"hierophant:Racketeering","floor":2.0},{"not_picked":["hierophant:SealAway","hierophant:ArchangelShield"],"picked":"hierophant:HammerAndAnvil","floor":3.0},{"not_picked":["hierophant:Purify","hierophant:ThreeLashes"],"picked":"hierophant:Racketeering","floor":7.0},{"not_picked":["hierophant:PassingBell","hierophant:HolyVerse"],"picked":"hierophant:Rebuild","floor":10.0},{"not_picked":["hierophant:Chorus","hierophant:Bribe"],"picked":"hierophant:DisplayOfPower","floor":11.0},{"not_picked":["hierophant:SealAway","hierophant:MintersHammer"],"picked":"hierophant:Embezzle","floor":12.0},{"not_picked":["hierophant:Flagellation","hierophant:DisplayOfPower"],"picked":"hierophant:Remorse","floor":14.0},{"not_picked":["hierophant:Cornucopia","hierophant:AuricForm"],"picked":"hierophant:WrathOfGod","floor":16.0},{"not_picked":["hierophant:OrnateBuckler","hierophant:MorningPrayer"],"picked":"hierophant:Shelter","floor":18.0},{"not_picked":["hierophant:MorningPrayer","hierophant:CoinFling"],"picked":"hierophant:Rebuild+1","floor":20.0},{"not_picked":["hierophant:AuricShield+1","hierophant:HolyVerse+1","hierophant:TollTheBells"],"picked":"SKIP","floor":21.0},{"not_picked":["hierophant:Smite","hierophant:AuricBeam"],"picked":"hierophant:Encroach","floor":22.0},{"not_picked":["hierophant:Refuge+1","hierophant:FieryStrike"],"picked":"hierophant:Upheaval+1","floor":23.0},{"not_picked":["hierophant:Chorus","hierophant:RepressedViolence"],"picked":"hierophant:Batter","floor":25.0},{"not_picked":["hierophant:Invocation","hierophant:Chorus+1","hierophant:OrnateBuckler"],"picked":"SKIP","floor":27.0},{"not_picked":["hierophant:Charity","hierophant:AuricShield","hierophant:PassingBell+1"],"picked":"SKIP","floor":29.0},{"not_picked":["hierophant:Anathema","hierophant:Zeal"],"picked":"hierophant:Remorse+1","floor":31.0},{"not_picked":["hierophant:Anathema","hierophant:Batter"],"picked":"hierophant:Invocation","floor":33.0},{"not_picked":["hierophant:AuricBeam+1","hierophant:Smite","hierophant:HolyVerse+1"],"picked":"SKIP","floor":35.0},{"not_picked":["hierophant:Doomsaying+1","hierophant:HammerAndAnvil+1","hierophant:Purify+1"],"picked":"SKIP","floor":36.0},{"not_picked":["hierophant:Encroach","hierophant:Remorse+1","hierophant:DeathKnell"],"picked":"SKIP","floor":37.0},{"not_picked":["hierophant:Smite+1","hierophant:PassingBell+1"],"picked":"hierophant:Community+1","floor":39.0},{"not_picked":["hierophant:Empathy","hierophant:AuricBeam","hierophant:Upheaval+1"],"picked":"SKIP","floor":40.0},{"not_picked":["hierophant:OrnateBuckler+1","hierophant:HolyVerse"],"picked":"hierophant:RustyCrate+1","floor":42.0},{"not_picked":["hierophant:Embezzle","hierophant:TollTheBells"],"picked":"hierophant:HammerAndAnvil","floor":47},{"not_picked":["hierophant:Upheaval","hierophant:OrnateBuckler","hierophant:Sermon+1"],"picked":"SKIP","floor":47},{"not_picked":["hierophant:PassingBell+1","hierophant:Chorus"],"picked":"hierophant:DisplayOfPower","floor":48},{"not_picked":["hierophant:HolyVerse+1","hierophant:Smite+1","hierophant:RepressedViolence+1"],"picked":"SKIP","floor":48}],"player_experience":317017,"relics_obtained":[{"floor":7.0,"key":"Ancient Tea Set"},{"floor":9.0,"key":"Art of War"},{"floor":12.0,"key":"Mummified Hand"},{"floor":20.0,"key":"Red Mask"},{"floor":23.0,"key":"MawBank"},{"floor":23.0,"key":"Juzu Bracelet"},{"floor":25.0,"key":"Meat on the Bone"},{"floor":25.0,"key":"HornCleat"},{"floor":26.0,"key":"Eternal Feather"},{"floor":40.0,"key":"Bag of Preparation"},{"floor":40.0,"key":"Happy Flower"},{"floor":42.0,"key":"Mercury Hourglass"},{"floor":42.0,"key":"Prayer Wheel"},{"floor":43.0,"key":"Pen Nib"}],"event_choices":[{"damage_healed":0.0,"max_hp_gain":0.0,"max_hp_loss":0.0,"gold_gain":0.0,"event_name":"Liars Game","player_choice":"Ignored","floor":5.0,"gold_loss":0.0,"damage_taken":0.0},{"damage_healed":0.0,"max_hp_gain":0.0,"max_hp_loss":6.0,"gold_gain":0.0,"event_name":"Golden Idol","player_choice":"Lose Max HP","floor":13.0,"gold_loss":0.0,"damage_taken":0.0,"relics_obtained":["Golden Idol"]},{"damage_healed":0.0,"max_hp_gain":0.0,"max_hp_loss":0.0,"gold_gain":0.0,"event_name":"Masked Bandits","player_choice":"Fought Bandits","floor":20.0,"gold_loss":0.0,"damage_taken":0.0},{"damage_healed":0.0,"max_hp_gain":0.0,"max_hp_loss":0.0,"gold_gain":0.0,"event_name":"Winding Halls","player_choice":"Embrace Madness","floor":46.0,"gold_loss":0.0,"damage_taken":11.0,"cards_obtained":["Madness","Madness"]}],"is_beta":false,"boss_relics":[{"not_picked":["Snecko Eye","SlaversCollar"],"picked":"Black Star"},{"not_picked":["Philosopher\u0027s Stone","Velvet Choker"],"picked":"SacredBark"}],"items_purged_floors":[19,28,30,38],"is_endless":false,"potions_floor_spawned":[1,7,11,16,21,22,23,25,31,33,35,37,42,47],"ascension_level":0}}