{"host":"290egjt91b2tngam","time":1610722081,"event":{"mods":["BaseMod","Colored Map","Colored Powertips","Downfall","Hubris","Infinite Spire","Marisa????????","Minty Spire (QoL Compilation)","Replay The Spire","StSLib","The Bug Knight","The Cursed","The Servant 0.9.4"],"gold_per_floor":[110,110,124,135,150,150,177,193,247,273,273,293,350,376,376,480,480,405,417,417,332,348,381,381,381,381],"floor_reached":25,"language":"ENG","playtime":1518,"items_purged":[],"score":325,"play_id":"2bd0293a-cb54-4e07-880d-b997d539539f","local_time":"20210115214801","is_ascension_mode":true,"campfire_choices":[{"data":"Zap","floor":6,"key":"SMITH"},{"floor":15,"key":"REST"}],"circlet_count":0,"master_deck":["Strike_B","Strike_B","Strike_B","Strike_B","Defend_B","Defend_B","Defend_B","Defend_B","Zap+1","Dualcast+1","expansioncontent:YouAreMine","Conserve Battery","Go for the Eyes","Ball Lightning","hubris:Ukulele","Amplify","Leap","Creative AI","hubris:Sloth","Stack+1","Rainbow+1","Gash","infinitespire:Collect","Conserve Battery+1","Auto Shields+1"],"relics":["Cracked Core","hubris:MysteriousPyramids","Replay:Mystery Machine","Replay:Wax Seal","ReplayTheSpireMod:TigerMarble","Potion Belt","Astrolabe","ReplayTheSpireMod:EnergyBall","Lizard Tail","Bird Faced Urn","hubris:TenFootPole"],"acts_visited":["Exordium","TheCity"],"potions_floor_usage":[14,14,14,16,18,19],"damage_taken":[{"damage":2,"enemies":"Jaw Worm","floor":1,"turns":3},{"damage":0,"enemies":"Cultist","floor":3,"turns":3},{"damage":0,"enemies":"Small Slimes","floor":4,"turns":3},{"damage":2,"enemies":"Looter","floor":5,"turns":3},{"damage":20,"enemies":"Lagavulin","floor":7,"turns":4},{"damage":8,"enemies":"2 Fungi Beasts","floor":8,"turns":3},{"damage":10,"enemies":"3 Sentries","floor":10,"turns":6},{"damage":0,"enemies":"3 Louse","floor":12,"turns":2},{"damage":6,"enemies":"Replay:BlueRogue","floor":14,"turns":3},{"damage":5,"enemies":"Slime Boss","floor":16,"turns":8},{"damage":15,"enemies":"2 Thieves","floor":18,"turns":5},{"damage":28,"enemies":"Shell Parasite","floor":19,"turns":5},{"damage":27,"enemies":"Centurion and Healer","floor":22,"turns":8},{"damage":12,"enemies":"HollowMod:Nosk","floor":23,"turns":6},{"damage":54,"enemies":"Nightmare","floor":25,"turns":7}],"seed_played":"8480872276741509183","potions_obtained":[{"floor":4,"key":"sneckomod:MuddlingPotion"},{"floor":7,"key":"Swift Potion"},{"floor":12,"key":"Ancient Potion"},{"floor":13,"key":"EntropicBrew"},{"floor":16,"key":"Elixir"},{"floor":23,"key":"SkillPotion"}],"is_trial":false,"path_per_floor":["M","?","M","M","M","R","E","M","T","E","$","M","?","E","R","B",null,"M","M","AVR","?","M","E","?","NM"],"character_chosen":"DEFECT","items_purchased":["ReplayTheSpireMod:TigerMarble"],"campfire_rested":1,"item_purchase_floors":[11],"current_hp_per_floor":[66,66,66,66,64,64,44,36,36,26,16,16,16,10,32,27,63,48,20,20,20,37,25,25,0,0],"gold":381,"neow_bonus":"RANDOM_COLORLESS","is_daily":false,"chose_seed":false,"campfire_upgraded":1,"win_rate":0.0,"timestamp":1610722081,"path_taken":["M","?","M","M","M","R","E","M","T","E","?","M","?","E","R","BOSS","M","M","AVR","?","M","E","?","NM"],"items_purchased_type":["Relic"],"build_version":"2020-12-22","purchased_purges":0,"victory":false,"max_hp_per_floor":[75,75,75,75,75,75,75,75,75,75,75,75,75,75,75,75,75,75,75,75,75,75,75,75,75,75],"card_choices":[{"not_picked":["Specialist","expansioncontent:AwakenDeath"],"picked":"expansioncontent:YouAreMine","floor":0},{"not_picked":["Barrage","Coolheaded"],"picked":"Conserve Battery","floor":1},{"not_picked":["Turbo","Barrage"],"picked":"Go for the Eyes","floor":3},{"not_picked":["Chaos","FIFO Queue"],"picked":"Ball Lightning","floor":4},{"not_picked":["Static Discharge","Steam"],"picked":"hubris:Ukulele","floor":5},{"not_picked":["BasicCrystalCard","ReplaySolidLightProjector"],"picked":"Amplify","floor":7},{"not_picked":["Tempest","Hologram"],"picked":"Storm","floor":8},{"not_picked":["Redo","Steam","Steam Power"],"picked":"SKIP","floor":10},{"not_picked":["Beam Cell","Coolheaded"],"picked":"Leap","floor":12},{"not_picked":["Redo","Storm"],"picked":"Beam Cell","floor":13},{"not_picked":["Cold Snap","Reinforced Body","Fusion"],"picked":"SKIP","floor":14},{"not_picked":["Buffer","Rainbow"],"picked":"Creative AI","floor":16},{"not_picked":["Sweeping Beam","ReplayTheSpireMod:GoodbyeWorld"],"picked":"Gash","floor":18},{"not_picked":["Glacier","FIFO Queue","Sweeping Beam"],"picked":"SKIP","floor":19},{"not_picked":["Rip and Tear","Doom and Gloom"],"picked":"Conserve Battery+1","floor":22},{"not_picked":["FTL+1","Meteor Strike"],"picked":"Auto Shields+1","floor":23}],"player_experience":716441,"relics_obtained":[{"floor":7,"key":"hubris:MysteriousPyramids"},{"floor":9,"key":"Replay:Mystery Machine"},{"floor":10,"key":"Replay:Wax Seal"},{"floor":14,"key":"Potion Belt"},{"floor":23,"key":"Bird Faced Urn"}],"event_choices":[{"damage_healed":0,"gold_gain":0,"player_choice":"Upgraded","damage_taken":0,"max_hp_gain":0,"max_hp_loss":0,"event_name":"Upgrade Shrine","floor":2,"gold_loss":0,"cards_upgraded":["Dualcast"]},{"damage_healed":0,"gold_gain":0,"player_choice":"Obtained Relic","damage_taken":0,"relics_obtained":["Lizard Tail"],"max_hp_gain":0,"max_hp_loss":0,"event_name":"Addict","floor":21,"gold_loss":85},{"damage_healed":0,"gold_gain":0,"player_choice":"Gave Potion","damage_taken":0,"relics_obtained":["hubris:TenFootPole"],"max_hp_gain":0,"max_hp_loss":0,"event_name":"WeMeetAgain","floor":24,"gold_loss":0}],"is_beta":false,"boss_relics":[{"not_picked":["Replay:Ancient Bell","Abe\u0027s Treasure"],"picked":"Astrolabe"}],"items_purged_floors":[],"is_endless":false,"potions_floor_spawned":[4,7,12,16,23],"killed_by":"Nightmare","ascension_level":7}}