{"host":"y193d0agu1dp5x1y","time":1610736798,"event":{"mods":["AchievementEnabler","BaseMod","Googly Eyes","Minty Spire (QoL Compilation)"],"gold_per_floor":[115,115,115,132,147,147,182,57,82,101,101,114,131,103,103,199,199,212,212,112,112,132,132,148,148,148,162,162,179,190,190,202,214,214],"floor_reached":33,"language":"ENG","playtime":1676,"items_purged":["Dualcast+1","Writhe"],"score":249,"play_id":"f585edc7-8f0a-4acb-b92c-3c7324981fe6","local_time":"20210115125318","is_ascension_mode":false,"campfire_choices":[{"data":"Zap","floor":6.0,"key":"SMITH"},{"floor":11.0,"key":"REST"},{"floor":15.0,"key":"REST"},{"data":"Loop","floor":23,"key":"SMITH"},{"floor":25,"key":"REST"},{"data":"Gash","floor":28,"key":"SMITH"},{"floor":32,"key":"REST"}],"circlet_count":0,"master_deck":["Strike_B","Strike_B","Strike_B","Defend_B","Defend_B","Defend_B+1","Defend_B","Zap+1","Defragment","Leap","Steam","Leap","Beam Cell","All For One","Storm+1","Loop+1","Go for the Eyes+1","Gash+1","BootSequence+1"],"relics":["Philosopher\u0027s Stone","Juzu Bracelet","Tiny Chest","Runic Pyramid","PreservedInsect","Bottled Flame","MawBank"],"acts_visited":["Exordium","TheCity"],"potions_floor_usage":[16,16,16,29,30,30],"damage_taken":[{"damage":0.0,"enemies":"Jaw Worm","floor":1.0,"turns":3.0},{"damage":0.0,"enemies":"Small Slimes","floor":4.0,"turns":3.0},{"damage":2.0,"enemies":"2 Louse","floor":5.0,"turns":3.0},{"damage":28.0,"enemies":"Gremlin Nob","floor":7.0,"turns":5.0},{"damage":0.0,"enemies":"2 Fungi Beasts","floor":10.0,"turns":6.0},{"damage":0.0,"enemies":"Blue Slaver","floor":12.0,"turns":5.0},{"damage":0.0,"enemies":"Large Slime","floor":13.0,"turns":6.0},{"damage":57,"enemies":"Hexaghost","floor":16,"turns":12},{"damage":13,"enemies":"Spheric Guardian","floor":18,"turns":5},{"damage":15,"enemies":"3 Byrds","floor":22,"turns":5},{"damage":14,"enemies":"Snecko","floor":24,"turns":5},{"damage":21,"enemies":"Snake Plant","floor":27,"turns":5},{"damage":22,"enemies":"Shelled Parasite and Fungi","floor":29,"turns":6},{"damage":0,"enemies":"Centurion and Healer","floor":30,"turns":6},{"damage":39,"enemies":"Champ","floor":33,"turns":9}],"seed_played":"-6191867561148507495","potions_obtained":[{"floor":1.0,"key":"LiquidBronze"},{"floor":4.0,"key":"PowerPotion"},{"floor":12.0,"key":"FocusPotion"},{"floor":13.0,"key":"Fire Potion"},{"floor":16,"key":"LiquidBronze"},{"floor":27,"key":"Energy Potion"},{"floor":29,"key":"SkillPotion"}],"is_trial":false,"path_per_floor":["M","?","?","M","M","R","E","$","T","M","R","M","M","?","R","B",null,"M","?","$","?","M","R","M","R","T","M","R","M","M","T","R","B"],"character_chosen":"DEFECT","items_purchased":["Explosive Potion"],"campfire_rested":4,"item_purchase_floors":[8],"current_hp_per_floor":[75,60,53,53,51,51,23,23,23,23,45,45,45,45,67,10,75,62,62,62,62,47,47,33,55,55,34,34,12,12,12,34,0,0],"gold":214,"neow_bonus":"BOSS_RELIC","is_daily":false,"chose_seed":false,"campfire_upgraded":3,"win_rate":0.0,"timestamp":1610736798,"path_taken":["M","?","?","M","M","R","E","?","T","M","R","M","M","?","R","BOSS","M","?","$","?","M","R","M","R","T","M","R","M","M","?","R","BOSS"],"items_purchased_type":["Potion"],"build_version":"2020-12-22","purchased_purges":2,"victory":false,"max_hp_per_floor":[75,75,75,75,75,75,75,75,75,75,75,75,75,75,75,75,75,75,75,75,75,75,75,75,75,75,75,75,75,75,75,75,75,75],"card_choices":[{"not_picked":["Barrage","Rip and Tear"],"picked":"Defragment","floor":1.0},{"not_picked":["Auto Shields","Sweeping Beam"],"picked":"Leap","floor":4.0},{"not_picked":["Sunder","Coolheaded"],"picked":"Steam","floor":5.0},{"not_picked":["Hologram","Skim"],"picked":"Leap","floor":7.0},{"not_picked":["Consume","Undo","Force Field"],"picked":"SKIP","floor":10.0},{"not_picked":["Hologram","Scrape"],"picked":"Beam Cell","floor":12.0},{"not_picked":["Streamline","Core Surge","Rebound"],"picked":"SKIP","floor":13.0},{"not_picked":["Biased Cognition","Rainbow"],"picked":"All For One","floor":16},{"not_picked":["Turbo","Rebound"],"picked":"Storm+1","floor":18},{"not_picked":["Hologram","Coolheaded"],"picked":"Go for the Eyes+1","floor":22},{"not_picked":["Conserve Battery","Cold Snap"],"picked":"Gash","floor":24},{"not_picked":["Redo","Coolheaded","Storm"],"picked":"SKIP","floor":27},{"not_picked":["Redo","Hello World"],"picked":"BootSequence+1","floor":29},{"not_picked":["Beam Cell+1","Chill","Lockon"],"picked":"SKIP","floor":30}],"player_experience":96517,"relics_obtained":[{"floor":7.0,"key":"Juzu Bracelet"},{"floor":9.0,"key":"Tiny Chest"},{"floor":26,"key":"Bottled Flame"},{"floor":31,"key":"MawBank"}],"event_choices":[{"damage_healed":0.0,"max_hp_gain":0.0,"max_hp_loss":0.0,"gold_gain":0.0,"event_name":"Shining Light","player_choice":"Entered Light","floor":2.0,"gold_loss":0.0,"damage_taken":15.0,"cards_upgraded":["Defend_B","Dualcast"]},{"cards_removed":["Strike_B"],"damage_healed":0.0,"max_hp_gain":0.0,"max_hp_loss":0.0,"gold_gain":0.0,"event_name":"Golden Wing","player_choice":"Card Removal","floor":3.0,"gold_loss":0.0,"damage_taken":7.0},{"damage_healed":0.0,"max_hp_gain":0.0,"max_hp_loss":0.0,"gold_gain":0.0,"event_name":"World of Goop","player_choice":"Left Gold","floor":14.0,"gold_loss":28.0,"damage_taken":0.0},{"damage_healed":0,"gold_gain":0,"player_choice":"Opened","damage_taken":0,"relics_obtained":["PreservedInsect"],"max_hp_gain":0,"max_hp_loss":0,"event_name":"The Mausoleum","floor":19,"gold_loss":0,"cards_obtained":["Writhe"]},{"damage_healed":0,"gold_gain":0,"player_choice":"Read","damage_taken":0,"max_hp_gain":0,"max_hp_loss":0,"event_name":"The Library","floor":21,"gold_loss":0,"cards_obtained":["Loop"]}],"is_beta":false,"boss_relics":[{"not_picked":["Runic Dome","SacredBark"],"picked":"Runic Pyramid"}],"items_purged_floors":[8,20],"is_endless":false,"potions_floor_spawned":[1,4,12,13,16,27,29],"killed_by":"Champ","ascension_level":0}}