{"host":"9ndbo4kgsfoemf7y","time":1610724844,"event":{"mods":["AchievementEnabler","BaseMod","Colored Map","DeckTracker","Keyboard Shortcuts","Minty Spire (QoL Compilation)","Permanent Neow","Quick Restart","Relic Stats","StSLib","SuperFastMode"],"gold_per_floor":[117,134,134,134,148,177,177,177,204,215,243,263,290,68,68,171,171,186,186,204,120,138,138,167,187,187,187,200,235,235,263,263,363,363,381,432,432,449,231,231,243,143,143,161,161,186,186,196,196,196],"floor_reached":51,"language":"KOR","playtime":2574,"items_purged":["Strike_B","Defend_B"],"score":1097,"play_id":"5683b267-c65d-4e28-8f27-f6c2cdc502e6","local_time":"20210116003404","is_ascension_mode":true,"campfire_choices":[{"data":"Hologram","floor":7.0,"key":"SMITH"},{"data":"Consume","floor":15.0,"key":"SMITH"},{"data":"Buffer","floor":23.0,"key":"SMITH"},{"data":"Double Energy","floor":27.0,"key":"SMITH"},{"data":"Reboot","floor":30,"key":"SMITH"},{"data":"Undo","floor":32,"key":"SMITH"},{"data":"Strike_B","floor":40,"key":"PURGE"},{"data":"Strike_B","floor":45,"key":"PURGE"},{"data":"Strike_B","floor":49,"key":"PURGE"}],"circlet_count":0,"master_deck":["Defend_B","Defend_B","Defend_B","Zap+1","Dualcast","Electrodynamics","Cold Snap","Barrage","Hologram+1","Consume+1","Coolheaded","Buffer+1","Purity","Coolheaded+1","Self Repair","Conserve Battery+1","Undo+1","Double Energy+1","Reboot+1","Recycle+1","Stack+1","Core Surge","Capacitor","Chill+1"],"relics":["FrozenCore","Akabeko","Bag of Preparation","Ancient Tea Set","Eternal Feather","Runic Capacitor","Emotion Chip","Shuriken","Toxic Egg 2","Sundial","Busted Crown","Peace Pipe","Medical Kit","Darkstone Periapt","Frozen Egg 2"],"acts_visited":["Exordium","TheCity","TheBeyond"],"potions_floor_usage":[29,36,46],"damage_taken":[{"damage":0.0,"enemies":"Small Slimes","floor":1.0,"turns":2.0},{"damage":7.0,"enemies":"Jaw Worm","floor":2.0,"turns":2.0},{"damage":2.0,"enemies":"2 Louse","floor":5.0,"turns":2.0},{"damage":23.0,"enemies":"Lagavulin","floor":6.0,"turns":6.0},{"damage":7.0,"enemies":"Lots of Slimes","floor":10.0,"turns":2.0},{"damage":0.0,"enemies":"3 Sentries","floor":11.0,"turns":2.0},{"damage":8.0,"enemies":"Blue Slaver","floor":12.0,"turns":2.0},{"damage":8.0,"enemies":"Lagavulin","floor":13.0,"turns":5.0},{"damage":0.0,"enemies":"Hexaghost","floor":16.0,"turns":10.0},{"damage":2.0,"enemies":"Chosen","floor":18.0,"turns":5.0},{"damage":21.0,"enemies":"2 Thieves","floor":20.0,"turns":4.0},{"damage":3.0,"enemies":"Cultist and Chosen","floor":22.0,"turns":4.0},{"damage":0.0,"enemies":"Book of Stabbing","floor":24.0,"turns":6.0},{"damage":13.0,"enemies":"3 Cultists","floor":25.0,"turns":4.0},{"damage":15.0,"enemies":"Centurion and Healer","floor":28.0,"turns":7.0},{"damage":20,"enemies":"Slavers","floor":29,"turns":3},{"damage":7,"enemies":"Book of Stabbing","floor":31,"turns":6},{"damage":9,"enemies":"Champ","floor":33,"turns":14},{"damage":24,"enemies":"3 Shapes","floor":35,"turns":3},{"damage":48,"enemies":"2 Orb Walkers","floor":36,"turns":6},{"damage":18,"enemies":"3 Darklings","floor":38,"turns":8},{"damage":0,"enemies":"4 Shapes","floor":41,"turns":4},{"damage":22,"enemies":"Spire Growth","floor":44,"turns":6},{"damage":54,"enemies":"Reptomancer","floor":46,"turns":6},{"damage":0,"enemies":"Maw","floor":48,"turns":11},{"damage":37,"enemies":"Time Eater","floor":50,"turns":14}],"seed_played":"-473892284107128331","potions_obtained":[{"floor":2.0,"key":"EntropicBrew"},{"floor":6.0,"key":"Fire Potion"},{"floor":11.0,"key":"Energy Potion"},{"floor":13.0,"key":"AttackPotion"},{"floor":16.0,"key":"SteroidPotion"},{"floor":31,"key":"LiquidMemories"},{"floor":33,"key":"LiquidMemories"},{"floor":36,"key":"EssenceOfDarkness"},{"floor":48,"key":"Regen Potion"}],"is_trial":false,"path_per_floor":["M","M","?","?","M","E","R","?","T","M","E","M","E","$","R","B",null,"M","?","M","$","M","R","E","M","T","R","M","E","R","E","R","B",null,"M","?","?","M","$","R","M","$","T","M","R","E","?","M","R","B",null],"character_chosen":"DEFECT","items_purchased":["Runic Capacitor","Self Repair","Conserve Battery","Capacitor","Medical Kit"],"campfire_rested":0,"item_purchase_floors":[14,21,21,39,39],"current_hp_per_floor":[68,61,66,59,57,34,34,34,34,27,27,19,11,11,20,20,65,63,51,30,30,34,46,53,47,47,59,51,31,43,43,58,56,74,57,16,70,59,59,70,70,70,70,55,70,23,23,30,45,15],"gold":196,"neow_bonus":"THREE_RARE_CARDS","is_daily":false,"chose_seed":false,"campfire_upgraded":6,"win_rate":0.0,"timestamp":1610724844,"path_taken":["M","M","?","?","M","E","R","?","T","M","E","?","E","$","R","BOSS","M","?","M","$","M","R","E","M","T","R","M","E","R","E","R","BOSS","M","?","?","M","$","R","M","$","T","M","R","E","?","M","R","BOSS"],"items_purchased_type":["Relic","Card","Card","Card","Relic"],"build_version":"2020-12-22","purchased_purges":2,"victory":true,"max_hp_per_floor":[75,75,80,80,80,80,80,80,80,80,80,80,80,80,80,80,80,80,80,80,80,80,80,80,80,80,80,80,80,80,80,80,80,80,80,80,70,70,70,70,70,70,70,70,70,70,70,70,70,70],"relic_stats":{"Peace Pipe":3,"Darkstone Periapt":0,"Emotion Chip":[82,26,51,5,0],"Busted Crown":14,"counters":[26,144],"Shuriken":[4],"Sundial":[20],"Eternal Feather":101,"Bag of Preparation":[44],"Medical Kit":[2],"obtain_stats":[{"Darkstone Periapt":43,"Eternal Feather":13,"Bag of Preparation":9,"Runic Capacitor":14,"Frozen Egg 2":46,"Ancient Tea Set":11,"Medical Kit":39,"Akabeko":6,"FrozenCore":17,"Peace Pipe":36,"Emotion Chip":24,"Busted Crown":34,"Shuriken":26,"Sundial":31,"Toxic Egg 2":29,"Cracked Core":0},{"Darkstone Periapt":22,"Eternal Feather":8,"Bag of Preparation":4,"Runic Capacitor":8,"Frozen Egg 2":24,"Ancient Tea Set":6,"Medical Kit":21,"Akabeko":4,"FrozenCore":9,"Peace Pipe":20,"Emotion Chip":13,"Busted Crown":18,"Shuriken":14,"Sundial":17,"Toxic Egg 2":16,"Cracked Core":0},{"Darkstone Periapt":107,"Eternal Feather":23,"Bag of Preparation":12,"Runic Capacitor":23,"Frozen Egg 2":119,"Ancient Tea Set":16,"Medical Kit":103,"Akabeko":12,"FrozenCore":33,"Peace Pipe":95,"Emotion Chip":52,"Busted Crown":86,"Shuriken":56,"Sundial":72,"Toxic Egg 2":66,"Cracked Core":0}],"FrozenCore":[39]},"card_choices":[{"not_picked":["Core Surge","Meteor Strike"],"picked":"Electrodynamics","floor":0.0},{"not_picked":["Tempest","Barrage"],"picked":"Cold Snap","floor":1.0},{"not_picked":["Beam Cell","Gash"],"picked":"Barrage","floor":2.0},{"not_picked":["Rebound","Turbo"],"picked":"Hologram","floor":5.0},{"not_picked":["Creative AI","Beam Cell","Heatsinks"],"picked":"SKIP","floor":6.0},{"not_picked":["Go for the Eyes","Auto Shields","Turbo"],"picked":"SKIP","floor":10.0},{"not_picked":["Reprogram","Glacier"],"picked":"Consume","floor":11.0},{"not_picked":["Compile Driver","Turbo"],"picked":"Coolheaded","floor":12.0},{"not_picked":["Scrape","Hologram","Compile Driver"],"picked":"SKIP","floor":13.0},{"not_picked":["Fission","Multi-Cast"],"picked":"Buffer","floor":16.0},{"not_picked":["Go for the Eyes","Barrage+1","Hologram"],"picked":"SKIP","floor":18.0},{"not_picked":["Barrage","Cold Snap"],"picked":"Coolheaded+1","floor":20.0},{"not_picked":["Barrage","Doom and Gloom+1"],"picked":"Undo","floor":22.0},{"not_picked":["Turbo","Self Repair"],"picked":"Double Energy","floor":24.0},{"not_picked":["Coolheaded","Stack","Cold Snap"],"picked":"SKIP","floor":25.0},{"not_picked":["Barrage","Compile Driver"],"picked":"Reboot","floor":28.0},{"not_picked":["Coolheaded+1","Turbo+1"],"picked":"Recycle+1","floor":29},{"not_picked":["Amplify+1","Steam+1"],"picked":"Stack+1","floor":31},{"not_picked":["Amplify+1","Electrodynamics"],"picked":"Core Surge","floor":33},{"not_picked":["Sweeping Beam+1"],"picked":"SKIP","floor":35},{"not_picked":["Turbo+1"],"picked":"SKIP","floor":38},{"not_picked":["Turbo+1"],"picked":"SKIP","floor":41},{"not_picked":["Chill+1"],"picked":"SKIP","floor":44},{"not_picked":[],"picked":"Chill+1","floor":44},{"not_picked":["Barrage"],"picked":"SKIP","floor":46},{"not_picked":["Streamline+1"],"picked":"SKIP","floor":48}],"player_experience":821371,"relics_obtained":[{"floor":6.0,"key":"Akabeko"},{"floor":9.0,"key":"Bag of Preparation"},{"floor":11.0,"key":"Ancient Tea Set"},{"floor":13.0,"key":"Eternal Feather"},{"floor":24.0,"key":"Emotion Chip"},{"floor":26.0,"key":"Shuriken"},{"floor":29,"key":"Toxic Egg 2"},{"floor":31,"key":"Sundial"},{"floor":36,"key":"Peace Pipe"},{"floor":43,"key":"Darkstone Periapt"},{"floor":46,"key":"Frozen Egg 2"}],"event_choices":[{"damage_healed":0.0,"max_hp_gain":5.0,"max_hp_loss":0.0,"gold_gain":0.0,"event_name":"Big Fish","player_choice":"Donut","floor":3.0,"gold_loss":0.0,"damage_taken":0.0},{"cards_removed":["Writhe"],"damage_healed":0.0,"max_hp_gain":0.0,"max_hp_loss":0.0,"gold_gain":0.0,"event_name":"Golden Wing","player_choice":"Card Removal","floor":4.0,"gold_loss":0.0,"damage_taken":7.0},{"damage_healed":0.0,"max_hp_gain":0.0,"max_hp_loss":0.0,"gold_gain":0.0,"event_name":"Upgrade Shrine","player_choice":"Upgraded","floor":8.0,"gold_loss":0.0,"damage_taken":0.0,"cards_upgraded":["Zap"]},{"damage_healed":0.0,"max_hp_gain":0.0,"max_hp_loss":0.0,"gold_gain":0.0,"event_name":"Knowing Skull","player_choice":"CARD ","floor":19.0,"potions_obtained":[],"gold_loss":0.0,"damage_taken":12.0,"cards_obtained":["Purity"]},{"damage_healed":0,"gold_gain":0,"player_choice":"Fight","damage_taken":0,"max_hp_gain":0,"max_hp_loss":0,"event_name":"Mysterious Sphere","floor":36,"gold_loss":0},{"damage_healed":70,"gold_gain":0,"player_choice":"Heal","damage_taken":0,"max_hp_gain":0,"max_hp_loss":10,"event_name":"The Moai Head","floor":37,"gold_loss":0},{"damage_healed":0,"gold_gain":0,"player_choice":"Upgraded","damage_taken":0,"max_hp_gain":0,"max_hp_loss":0,"event_name":"Upgrade Shrine","floor":47,"gold_loss":0,"cards_upgraded":["Conserve Battery"]}],"is_beta":false,"boss_relics":[{"not_picked":["Calling Bell","Sozu"],"picked":"FrozenCore"},{"not_picked":["Empty Cage","Snecko Eye"],"picked":"Busted Crown"}],"items_purged_floors":[14,42],"is_endless":false,"potions_floor_spawned":[2,6,11,13,16,22,25,31,33,36,48],"ascension_level":6}}