{"host":"Rowan","time":1610674353,"event":{"mods":["BaseMod","Minty Spire (QoL Compilation)"],"gold_per_floor":[99,99,99,49,13,13,13,13,13,13,13,13,13,13,13,13,13,13,0,0,0,0,0,0],"floor_reached":23,"language":"ENG","playtime":1979,"items_purged":[],"score":195,"play_id":"2775c3cb-8efe-4a7f-b351-e33ae5a96725","local_time":"20210114173233","is_ascension_mode":false,"campfire_choices":[{"floor":6,"key":"RECALL"},{"data":"After Image","floor":10,"key":"SMITH"},{"data":"Terror","floor":15,"key":"SMITH"},{"floor":23,"key":"REST"}],"circlet_count":0,"master_deck":["Survivor","Neutralize+1","Flying Knee","Slice","Flying Knee","After Image+1","Terror+1","Footwork","Infinite Blades","After Image","Tools of the Trade","Deflect","Flying Knee","Choke","Poisoned Stab","Malaise","Predator","Footwork","Dash","Cloak And Dagger+1","Dodge and Roll","Noxious Fumes+1","Quick Slash"],"relics":["Ectoplasm","WingedGreaves","StoneCalendar","Odd Mushroom","Pandora\u0027s Box"],"acts_visited":["Exordium","TheCity"],"potions_floor_usage":[8,16,16],"damage_taken":[{"damage":2,"enemies":"2 Louse","floor":1,"turns":2},{"damage":0,"enemies":"Small Slimes","floor":3,"turns":3},{"damage":0,"enemies":"Jaw Worm","floor":7,"turns":4},{"damage":7,"enemies":"Lagavulin","floor":8,"turns":11},{"damage":0,"enemies":"Blue Slaver","floor":11,"turns":5},{"damage":15,"enemies":"The Mushroom Lair","floor":12,"turns":5},{"damage":2,"enemies":"3 Louse","floor":14,"turns":3},{"damage":2,"enemies":"Slime Boss","floor":16,"turns":4},{"damage":0,"enemies":"Chosen","floor":18,"turns":4},{"damage":27,"enemies":"2 Thieves","floor":19,"turns":4},{"damage":1,"enemies":"Chosen and Byrds","floor":20,"turns":5},{"damage":10,"enemies":"Centurion and Healer","floor":21,"turns":7},{"damage":20,"enemies":"Snake Plant","floor":22,"turns":5}],"seed_played":"-6637033112854879792","potions_obtained":[{"floor":7,"key":"SkillPotion"},{"floor":12,"key":"SteroidPotion"},{"floor":14,"key":"PowerPotion"},{"floor":16,"key":"EntropicBrew"},{"floor":18,"key":"GamblersBrew"},{"floor":21,"key":"Regen Potion"},{"floor":22,"key":"Regen Potion"}],"is_trial":false,"path_per_floor":["M","?","M","?","?","R","M","E","T","R","M","?","?","M","R","B",null,"M","M","M","M","M","R"],"character_chosen":"THE_SILENT","items_purchased":[],"campfire_rested":1,"item_purchase_floors":[],"current_hp_per_floor":[68,54,54,54,54,54,54,47,47,47,47,32,32,30,30,28,70,70,43,42,32,12,33,33],"gold":0,"neow_bonus":"BOSS_RELIC","is_daily":false,"chose_seed":false,"campfire_upgraded":2,"win_rate":0.0,"timestamp":1610674353,"path_taken":["M","?","M","?","?","R","M","E","T","R","?","?","?","M","R","BOSS","M","M","?","M","?","R"],"items_purchased_type":[],"build_version":"2020-12-18","purchased_purges":0,"victory":false,"max_hp_per_floor":[70,70,70,70,70,70,70,70,70,70,70,70,70,70,70,70,70,70,70,70,70,70,70,70],"card_choices":[{"not_picked":["Sucker Punch","Bane"],"picked":"Flying Knee","floor":1},{"not_picked":["Prepared","Underhanded Strike"],"picked":"Slice","floor":3},{"not_picked":["Underhanded Strike","Bane"],"picked":"Flying Knee","floor":7},{"not_picked":["Choke","Dagger Throw"],"picked":"After Image","floor":8},{"not_picked":["Dash","Deflect"],"picked":"Terror","floor":11},{"not_picked":["Acrobatics","Dagger Throw"],"picked":"Footwork","floor":12},{"not_picked":["Poisoned Stab","Backflip"],"picked":"Infinite Blades","floor":14},{"not_picked":["Phantasmal Killer","Tools of the Trade"],"picked":"After Image","floor":16},{"not_picked":["Bane","Eviscerate"],"picked":"Dash","floor":18},{"not_picked":["Finisher","Acrobatics"],"picked":"Cloak And Dagger+1","floor":19},{"not_picked":["Flechettes+1","PiercingWail"],"picked":"Dodge and Roll","floor":20},{"not_picked":["Flechettes+1","Sucker Punch"],"picked":"Noxious Fumes+1","floor":21},{"not_picked":["Flying Knee","Prepared"],"picked":"Quick Slash","floor":22}],"player_experience":371386,"relics_obtained":[{"floor":8,"key":"WingedGreaves"},{"floor":9,"key":"StoneCalendar"},{"floor":12,"key":"Odd Mushroom"}],"event_choices":[{"damage_healed":0,"gold_gain":0,"player_choice":"Entered Light","damage_taken":14,"max_hp_gain":0,"max_hp_loss":0,"event_name":"Shining Light","floor":2,"gold_loss":0,"cards_upgraded":["Neutralize","Defend_G"]},{"cards_removed":["Strike_G"],"damage_healed":0,"gold_gain":0,"player_choice":"Card Removal","damage_taken":0,"max_hp_gain":0,"max_hp_loss":0,"event_name":"The Cleric","floor":4,"gold_loss":50},{"damage_healed":0,"gold_gain":0,"player_choice":"Left Gold","damage_taken":0,"max_hp_gain":0,"max_hp_loss":0,"event_name":"World of Goop","floor":5,"gold_loss":36},{"damage_healed":0,"gold_gain":0,"player_choice":"Fought Mushrooms","damage_taken":0,"max_hp_gain":0,"max_hp_loss":0,"event_name":"Mushrooms","floor":12,"gold_loss":0},{"cards_removed":["Strike_G"],"damage_healed":0,"gold_gain":0,"player_choice":"Purged","damage_taken":0,"max_hp_gain":0,"max_hp_loss":0,"event_name":"Purifier","floor":13,"gold_loss":0}],"is_beta":true,"boss_relics":[{"not_picked":["Fusion Hammer","Tiny House"],"picked":"Pandora\u0027s Box"}],"items_purged_floors":[],"is_endless":false,"potions_floor_spawned":[7,12,14,16,18,21,22],"ascension_level":0}}