{"host":"j7tjb4cvlhh9ur1i","time":1610735779,"event":{"mods":["BaseMod","Hermit","Marisa????????","Minty Spire (QoL Compilation)","StSLib","The Animator","The Cursed","The Dragon Tamer","The Marked","The Servant 0.9.4"],"gold_per_floor":[119,119,138,138,138,138,166,166,166,166,178,188,288,300,300,401,401,411,428,428,446,460,460,479,479,529,529,529],"floor_reached":27,"language":"ENG","playtime":2881,"items_purged":[],"score":290,"play_id":"9da701d8-7119-47cc-a733-a897e584eb5f","local_time":"20210115193619","is_ascension_mode":false,"campfire_choices":[{"floor":6,"key":"REST"},{"floor":8,"key":"RECALL"},{"floor":15,"key":"REST"},{"floor":23,"key":"REST"},{"floor":25,"key":"REST"}],"circlet_count":0,"master_deck":["Strike_S","Strike_S","Strike_S","Strike_S","Defend_S","Defend_S","Defend_S","Defend_S","KidneyShot+1","Exchange","Advance","Read","SilverBlades","Sunlight","DoubleEdge","ShatteredReality","FlawlessForm","Spin","Alleviate","Rearm","Rearm","Moonlight+1"],"relics":["Uniform","NeowsBlessing","Incense Burner","Oddly Smooth Stone","Busted Crown","Happy Flower"],"acts_visited":["Exordium","TheCity"],"potions_floor_usage":[16,24],"damage_taken":[{"damage":0,"enemies":"2 Louse","floor":1,"turns":2},{"damage":0,"enemies":"Small Slimes","floor":3,"turns":2},{"damage":0,"enemies":"Gremlin Nob","floor":7,"turns":1},{"damage":7,"enemies":"Jaw Worm","floor":11,"turns":6},{"damage":9,"enemies":"2 Fungi Beasts","floor":12,"turns":3},{"damage":8,"enemies":"Gremlin Gang","floor":14,"turns":4},{"damage":0,"enemies":"Slime Boss","floor":16,"turns":9},{"damage":11,"enemies":"2 Thieves","floor":18,"turns":4},{"damage":10,"enemies":"Shell Parasite","floor":19,"turns":5},{"damage":15,"enemies":"Snake Plant","floor":21,"turns":5},{"damage":18,"enemies":"Shelled Parasite and Fungi","floor":22,"turns":6},{"damage":28,"enemies":"Centurion and Healer","floor":24,"turns":7},{"damage":30,"enemies":"Snake Plant","floor":27,"turns":1}],"seed_played":"-7957748861926399293","potions_obtained":[{"floor":3,"key":"SteroidPotion"},{"floor":12,"key":"Swift Potion"},{"floor":14,"key":"Fire Potion"},{"floor":19,"key":"GamblersBrew"},{"floor":21,"key":"CultistPotion"}],"is_trial":false,"path_per_floor":["M","?","M","?","?","R","E","R","T","?","M","M","?","M","R","B",null,"M","M","?","M","M","R","M","R","T","M"],"character_chosen":"THE_SERVANT","items_purchased":[],"campfire_rested":4,"item_purchase_floors":[],"current_hp_per_floor":[65,65,65,65,47,65,65,65,65,70,63,54,54,46,67,67,70,59,49,49,34,16,37,9,30,30,0,0],"gold":529,"neow_bonus":"THREE_ENEMY_KILL","is_daily":false,"chose_seed":false,"campfire_upgraded":0,"win_rate":0.0,"timestamp":1610735779,"path_taken":["M","?","M","?","?","R","E","R","T","?","?","M","?","M","R","BOSS","M","?","?","?","M","R","M","R","T","?"],"items_purchased_type":[],"build_version":"2020-12-22","purchased_purges":0,"victory":false,"max_hp_per_floor":[65,65,65,65,65,65,65,65,65,70,70,70,70,70,70,70,70,70,70,70,70,70,70,70,70,70,70,70],"card_choices":[{"not_picked":["Defy","Potential"],"picked":"Advance","floor":1},{"not_picked":["RealityMarble","FastForward"],"picked":"Read","floor":3},{"not_picked":["Replace","FastForward"],"picked":"SilverBlades","floor":7},{"not_picked":["BottledTime","Alleviate"],"picked":"Sunlight","floor":11},{"not_picked":["Replace","Read"],"picked":"DoubleEdge","floor":12},{"not_picked":["Barrier","Shuttle"],"picked":"ShatteredReality","floor":14},{"not_picked":["TheWorld","Initiator"],"picked":"FlawlessForm","floor":16},{"not_picked":[],"picked":"Spin","floor":18},{"not_picked":[],"picked":"Alleviate","floor":19},{"not_picked":[],"picked":"Rearm","floor":21},{"not_picked":[],"picked":"Rearm","floor":22},{"not_picked":[],"picked":"Moonlight+1","floor":24}],"player_experience":52946,"relics_obtained":[{"floor":7,"key":"Oddly Smooth Stone"},{"floor":26,"key":"Happy Flower"}],"event_choices":[{"damage_healed":0,"gold_gain":0,"player_choice":"Grow","damage_taken":0,"max_hp_gain":0,"max_hp_loss":0,"event_name":"Living Wall","floor":2,"gold_loss":0,"cards_upgraded":["KidneyShot"]},{"damage_healed":0,"gold_gain":0,"player_choice":"Ignored","damage_taken":0,"max_hp_gain":0,"max_hp_loss":0,"event_name":"Liars Game","floor":4,"gold_loss":0},{"damage_healed":0,"gold_gain":0,"player_choice":"Success","damage_taken":18,"relics_obtained":["Incense Burner"],"max_hp_gain":0,"max_hp_loss":0,"event_name":"Scrap Ooze","floor":5,"gold_loss":0},{"damage_healed":0,"gold_gain":0,"player_choice":"Donut","damage_taken":0,"max_hp_gain":5,"max_hp_loss":0,"event_name":"Big Fish","floor":10,"gold_loss":0},{"damage_healed":0,"gold_gain":100,"player_choice":"Pray","damage_taken":0,"max_hp_gain":0,"max_hp_loss":0,"event_name":"Golden Shrine","floor":13,"gold_loss":0},{"cards_removed":["Strike_B"],"damage_healed":0,"gold_gain":0,"player_choice":"Took Card","damage_taken":0,"max_hp_gain":0,"max_hp_loss":0,"event_name":"NoteForYourself","floor":20,"gold_loss":0,"cards_obtained":["Strike_B"]}],"is_beta":false,"boss_relics":[{"not_picked":["Philosopher\u0027s Stone","Cursed Key"],"picked":"Busted Crown"}],"items_purged_floors":[],"is_endless":false,"potions_floor_spawned":[3,12,14,19,21,22],"killed_by":"Snake Plant","ascension_level":0}}