{"host":"7gewg82ormp6yt4e","time":1610719747,"event":{"mods":["BaseMod","Block Reminder","Colored Map","Colored Powertips","DeckTracker","Highlight Path","Minty Spire (QoL Compilation)","Relic Stats","StSLib","ojb\u0027s Info Mod"],"gold_per_floor":[110,161,178,178,178,203,203,222,222,146,160,160,42,67,67,144,144,162,174,189,20,37,37,67,67,149,162,162,180,455,469,469,541,541,554,120,120,120,186,186,186,206,206,206,222,253,42,42,42,42,42,42,42,14,48,48],"floor_reached":57,"language":"JPN","playtime":4635,"items_purged":["Doubt","Doubt"],"score":2841,"play_id":"7b8cf7ab-ae8b-435a-b741-ce2fbcb2af4e","local_time":"20210115230907","is_ascension_mode":true,"campfire_choices":[{"data":"Doom and Gloom","floor":7,"key":"SMITH"},{"data":"Biased Cognition","floor":12,"key":"SMITH"},{"data":"Jack Of All Trades","floor":15,"key":"SMITH"},{"floor":23,"key":"REST"},{"data":"Defragment","floor":25,"key":"SMITH"},{"data":"Defragment","floor":28,"key":"SMITH"},{"floor":32,"key":"REST"},{"floor":40,"key":"RECALL"},{"data":"Hologram","floor":44,"key":"SMITH"},{"data":"Seek","floor":49,"key":"SMITH"},{"data":"Fission","floor":53,"key":"SMITH"}],"circlet_count":0,"master_deck":["AscendersBane","Zap+1","Dualcast","Streamline+1","Doom and Gloom+1","Cold Snap+1","Biased Cognition","Biased Cognition+1","Jack Of All Trades+1","Cold Snap+1","Defragment+1","Machine Learning","Redo+1","Hologram+1","FTL+1","Chill+1","Sweeping Beam+1","Defragment+1","Coolheaded","Regret","Core Surge+1","Machine Learning","Conserve Battery","Glacier","Aggregate","Biased Cognition","Core Surge+1","Streamline+1","Rebound+1","Dark Shackles","Violence+1","Impatience","Blind+1","Thinking Ahead","Go for the Eyes+1","Ball Lightning+1","Seek+1","Recycle+1","Hologram","Fission+1","Glacier"],"relics":["Cracked Core","NeowsBlessing","Molten Egg 2","InkBottle","MealTicket","Cursed Key","Membership Card","Darkstone Periapt","Mummified Hand","Pandora\u0027s Box","Runic Capacitor","Bottled Lightning","Incense Burner","StoneCalendar","War Paint","Orrery","Gremlin Horn"],"acts_visited":["Exordium","TheCity","TheBeyond","TheEnding"],"potions_floor_usage":[14,14,19,19,20,24,29,33,33,55,56,56],"damage_taken":[{"damage":0,"enemies":"2 Louse","floor":1,"turns":1},{"damage":0,"enemies":"Small Slimes","floor":3,"turns":1},{"damage":0,"enemies":"3 Sentries","floor":6,"turns":1},{"damage":0,"enemies":"Cultist","floor":8,"turns":2},{"damage":1,"enemies":"Exordium Wildlife","floor":11,"turns":3},{"damage":1,"enemies":"Gremlin Nob","floor":14,"turns":3},{"damage":9,"enemies":"The Guardian","floor":16,"turns":8},{"damage":29,"enemies":"3 Byrds","floor":18,"turns":4},{"damage":25,"enemies":"Spheric Guardian","floor":19,"turns":4},{"damage":0,"enemies":"3 Cultists","floor":20,"turns":5},{"damage":0,"enemies":"Centurion and Healer","floor":22,"turns":6},{"damage":4,"enemies":"Slavers","floor":24,"turns":5},{"damage":0,"enemies":"Snecko","floor":27,"turns":4},{"damage":0,"enemies":"Snake Plant","floor":29,"turns":4},{"damage":17,"enemies":"Shelled Parasite and Fungi","floor":31,"turns":5},{"damage":51,"enemies":"Automaton","floor":33,"turns":10},{"damage":0,"enemies":"Orb Walker","floor":35,"turns":4},{"damage":7,"enemies":"2 Orb Walkers","floor":39,"turns":4},{"damage":2,"enemies":"3 Shapes","floor":42,"turns":4},{"damage":2,"enemies":"Transient","floor":45,"turns":6},{"damage":0,"enemies":"Giant Head","floor":46,"turns":7},{"damage":2,"enemies":"Donu and Deca","floor":50,"turns":7},{"damage":6,"enemies":"Awakened One","floor":51,"turns":16},{"damage":0,"enemies":"Shield and Spear","floor":55,"turns":5},{"damage":77,"enemies":"The Heart","floor":56,"turns":11}],"seed_played":"-1423044308784928865","potions_obtained":[{"floor":1,"key":"LiquidMemories"},{"floor":11,"key":"ColorlessPotion"},{"floor":16,"key":"PowerPotion"},{"floor":18,"key":"LiquidMemories"},{"floor":19,"key":"EssenceOfSteel"},{"floor":22,"key":"BlessingOfTheForge"},{"floor":24,"key":"SkillPotion"},{"floor":27,"key":"Fire Potion"},{"floor":31,"key":"EssenceOfSteel"},{"floor":39,"key":"Swift Potion"},{"floor":55,"key":"FearPotion"}],"is_trial":false,"path_per_floor":["M","?","M","?","?","E","R","M","T","$","M","R","$","E","R","B",null,"M","M","M","$","M","R","E","R","T","M","R","M","?","M","R","B",null,"M","$","?","?","?","R","?","M","T","R","M","E","$","?","R","B","B",null,"R","$","E","B",null],"character_chosen":"DEFECT","items_purchased":["Biased Cognition","Jack Of All Trades","Cold Snap+1","Membership Card","Runic Capacitor","DistilledChaos","Dark Shackles","Violence","Bottled Lightning","War Paint","Orrery","Weak Potion"],"campfire_rested":2,"item_purchase_floors":[10,13,13,21,36,36,36,36,36,47,47,54],"current_hp_per_floor":[64,64,64,43,43,43,43,43,43,43,42,42,42,41,41,32,61,32,7,7,22,22,43,39,39,45,45,45,45,51,34,58,7,64,64,79,79,79,72,72,62,60,66,66,64,64,79,79,79,77,71,82,82,85,85,8],"gold":48,"neow_bonus":"THREE_ENEMY_KILL","is_daily":false,"chose_seed":false,"campfire_upgraded":8,"win_rate":0.0,"timestamp":1610719747,"path_taken":["M","?","M","?","?","E","R","M","T","$","M","R","$","E","R","BOSS","M","M","M","$","M","R","E","R","T","M","R","M","?","?","R","BOSS","M","$","?","?","?","R","?","?","T","R","M","E","$","?","R","BOSS","BOSS","R","$","E","BOSS"],"items_purchased_type":["Card","Card","Card","Relic","Relic","Potion","Card","Card","Relic","Relic","Relic","Potion"],"build_version":"2020-12-22","purchased_purges":2,"victory":true,"max_hp_per_floor":[71,71,71,71,71,71,71,71,71,71,71,71,71,71,71,71,71,71,71,71,71,71,71,71,71,77,77,77,77,83,83,83,83,83,83,83,83,79,79,79,79,79,85,85,85,85,85,85,85,85,85,85,85,85,85,85],"relic_stats":{"Darkstone Periapt":18,"Gremlin Horn":[0,0],"counters":[25,130],"Mummified Hand":[90],"MealTicket":48,"Pandora\u0027s Box":["Machine Learning","Conserve Battery","Glacier","Aggregate","Biased Cognition","Core Surge","Streamline","Rebound"],"StoneCalendar":[52],"War Paint":["Violence","Blind"],"Cursed Key":2,"obtain_stats":[{"Darkstone Periapt":24,"NeowsBlessing":0,"Gremlin Horn":55,"StoneCalendar":46,"Runic Capacitor":36,"Incense Burner":39,"War Paint":47,"Cursed Key":17,"Mummified Hand":26,"Orrery":47,"Molten Egg 2":6,"MealTicket":14,"Pandora\u0027s Box":34,"Membership Card":21,"Bottled Lightning":36,"Cracked Core":0,"InkBottle":9},{"Darkstone Periapt":12,"NeowsBlessing":0,"Gremlin Horn":24,"StoneCalendar":21,"Runic Capacitor":17,"Incense Burner":18,"War Paint":21,"Cursed Key":7,"Mummified Hand":12,"Orrery":21,"Molten Egg 2":3,"MealTicket":6,"Pandora\u0027s Box":16,"Membership Card":10,"Bottled Lightning":17,"Cracked Core":0,"InkBottle":4},{"Darkstone Periapt":43,"NeowsBlessing":0,"Gremlin Horn":119,"StoneCalendar":91,"Runic Capacitor":70,"Incense Burner":74,"War Paint":91,"Cursed Key":19,"Mummified Hand":43,"Orrery":91,"Molten Egg 2":3,"MealTicket":11,"Pandora\u0027s Box":66,"Membership Card":32,"Bottled Lightning":70,"Cracked Core":0,"InkBottle":5}],"InkBottle":[65]},"card_choices":[{"not_picked":["White Noise","Coolheaded"],"picked":"Streamline","floor":1},{"not_picked":["Beam Cell","Redo"],"picked":"Doom and Gloom","floor":3},{"not_picked":["Leap","Conserve Battery"],"picked":"Rebound+1","floor":6},{"not_picked":["Gash+1","Coolheaded"],"picked":"Cold Snap+1","floor":8},{"not_picked":["Capacitor","Streamline+1"],"picked":"Biased Cognition","floor":11},{"not_picked":["Static Discharge","Redo"],"picked":"Defragment","floor":14},{"not_picked":["Multi-Cast","Creative AI"],"picked":"Machine Learning","floor":16},{"not_picked":["Hologram","Steam"],"picked":"Redo+1","floor":18},{"not_picked":["Gash+1","Reprogram"],"picked":"Hologram","floor":19},{"not_picked":["Aggregate","Redo"],"picked":"FTL+1","floor":20},{"not_picked":["Hologram","Heatsinks"],"picked":"Chill+1","floor":22},{"not_picked":["Redo","Genetic Algorithm"],"picked":"Sweeping Beam+1","floor":24},{"not_picked":["Compile Driver+1","Scrape+1"],"picked":"Defragment","floor":27},{"not_picked":["Cold Snap+1","Leap"],"picked":"Coolheaded","floor":29},{"not_picked":["Cold Snap+1","Chill","Sweeping Beam+1"],"picked":"SKIP","floor":31},{"not_picked":["Reboot","Meteor Strike+1"],"picked":"Core Surge+1","floor":33},{"not_picked":["Beam Cell+1","Sweeping Beam+1","Redo"],"picked":"SKIP","floor":35},{"not_picked":["Deep Breath","Sadistic Nature"],"picked":"Impatience","floor":41},{"not_picked":["Flash of Steel+1","Swift Strike+1"],"picked":"Blind","floor":41},{"not_picked":["Jack Of All Trades","Good Instincts"],"picked":"Thinking Ahead","floor":41},{"not_picked":["Coolheaded","Blizzard+1"],"picked":"Go for the Eyes+1","floor":42},{"not_picked":["Melter+1","Redo","Fusion"],"picked":"SKIP","floor":45},{"not_picked":["Redo+1","Genetic Algorithm"],"picked":"Ball Lightning+1","floor":46},{"not_picked":["BootSequence","Ball Lightning+1"],"picked":"Seek","floor":47},{"not_picked":["Aggregate","Turbo"],"picked":"Recycle+1","floor":47},{"not_picked":["Barrage+1","Stack+1"],"picked":"Hologram","floor":47},{"not_picked":["Reprogram","Gash+1"],"picked":"Fission","floor":47},{"not_picked":["Double Energy+1","Self Repair"],"picked":"Glacier","floor":55}],"player_experience":2585106,"relics_obtained":[{"floor":6,"key":"Molten Egg 2"},{"floor":9,"key":"InkBottle"},{"floor":14,"key":"MealTicket"},{"floor":24,"key":"Darkstone Periapt"},{"floor":26,"key":"Mummified Hand"},{"floor":39,"key":"Incense Burner"},{"floor":46,"key":"StoneCalendar"},{"floor":55,"key":"Gremlin Horn"}],"event_choices":[{"damage_healed":0,"gold_gain":51,"player_choice":"Gained Gold","damage_taken":0,"max_hp_gain":0,"max_hp_loss":0,"event_name":"Golden Wing","floor":2,"gold_loss":0},{"damage_healed":0,"gold_gain":0,"player_choice":"Entered Light","damage_taken":21,"max_hp_gain":0,"max_hp_loss":0,"event_name":"Shining Light","floor":4,"gold_loss":0,"cards_upgraded":["Zap","Strike_B"]},{"damage_healed":0,"gold_gain":0,"player_choice":"Grow","damage_taken":0,"max_hp_gain":0,"max_hp_loss":0,"event_name":"Living Wall","floor":5,"gold_loss":0,"cards_upgraded":["Streamline"]},{"damage_healed":0,"gold_gain":275,"player_choice":"Desecrate","damage_taken":0,"max_hp_gain":0,"max_hp_loss":0,"event_name":"Golden Shrine","floor":30,"gold_loss":0,"cards_obtained":["Regret"]},{"damage_healed":0,"gold_gain":0,"player_choice":"Ignored","damage_taken":0,"max_hp_gain":0,"max_hp_loss":0,"event_name":"Tomb of Lord Red Mask","floor":37,"gold_loss":0},{"damage_healed":0,"gold_gain":0,"player_choice":"Max HP","damage_taken":0,"max_hp_gain":0,"max_hp_loss":4,"event_name":"Winding Halls","floor":38,"gold_loss":0},{"damage_healed":0,"gold_gain":0,"player_choice":"Fight","damage_taken":0,"max_hp_gain":0,"max_hp_loss":0,"event_name":"Mysterious Sphere","floor":39,"gold_loss":0},{"damage_healed":0,"gold_gain":0,"player_choice":"Memory 3","damage_taken":10,"max_hp_gain":0,"max_hp_loss":0,"event_name":"SensoryStone","floor":41,"gold_loss":0},{"cards_removed":["Rebound"],"damage_healed":0,"gold_gain":0,"player_choice":"Removed Attack","damage_taken":0,"max_hp_gain":0,"max_hp_loss":0,"event_name":"Falling","floor":48,"gold_loss":0}],"is_beta":false,"boss_relics":[{"not_picked":["Empty Cage","Ectoplasm"],"picked":"Cursed Key"},{"not_picked":["Tiny House","FrozenCore"],"picked":"Pandora\u0027s Box"}],"items_purged_floors":[36,47],"is_endless":false,"potions_floor_spawned":[1,11,16,18,19,22,24,27,31,39,55],"ascension_level":20}}