{"host":"cv77zuuuekizn3ic","time":1610685617,"event":{"mods":["AchievementEnabler","Act Like it!","BaseMod","Gensokyo","Marisa£®ÏF”Í°°ƒß¿Ì…≥£©","Minty Spire (QoL Compilation)","StSLib","Waifu the Spire","everything is the same but u backflip on backflip","slay the spire mod where everything is the same but ironclad has a cowboy hat"],"gold_per_floor":[111,141,172,206,238,238,238],"floor_reached":6,"language":"ZHS","playtime":568,"items_purged":[],"score":68,"play_id":"5991ef1f-4ab9-4518-a534-53025e10b84b","local_time":"20210115124017","is_ascension_mode":true,"campfire_choices":[],"circlet_count":0,"master_deck":["AscendersBane","Strike_MRS","Strike_MRS","Strike_MRS","Strike_MRS","Defend_MRS","Defend_MRS","Defend_MRS","Defend_MRS","MasterSpark","UpSweep","SatelliteIllusion","WitchOfGreed","EarthLightRay","MagicAbsorber","MagicChant","WitchOfGreed"],"relics":["MiniHakkero"],"acts_visited":["Exordium"],"potions_floor_usage":[2,2,3,4,4,6,6],"damage_taken":[{"damage":9.0,"enemies":"Gensokyo:2_Kodama","floor":1.0,"turns":3.0},{"damage":3,"enemies":"Gensokyo:Gryphon","floor":2,"turns":3},{"damage":0,"enemies":"Gensokyo:3_Fairies","floor":3,"turns":7},{"damage":3,"enemies":"Gensokyo:VengefulSpirit","floor":4,"turns":5},{"damage":15,"enemies":"Gensokyo:CorruptedTreant","floor":5,"turns":3},{"damage":52,"enemies":"Gensokyo:Cirno","floor":6,"turns":9}],"seed_played":"-2446350136743381791","potions_obtained":[{"floor":1.0,"key":"EntropicBrew"},{"floor":2,"key":"EssenceOfSteel"},{"floor":3,"key":"EntropicBrew"}],"is_trial":false,"path_per_floor":["M","M","M","M","M","E"],"character_chosen":"MARISA","items_purchased":[],"campfire_rested":0,"item_purchase_floors":[],"current_hp_per_floor":[54,51,55,56,45,0,0],"gold":238,"neow_bonus":"ONE_RANDOM_RARE_CARD","is_daily":false,"chose_seed":false,"campfire_upgraded":0,"win_rate":0.0,"timestamp":1610685617,"path_taken":["M","M","M","M","M","E"],"items_purchased_type":[],"build_version":"2020-12-22","purchased_purges":0,"victory":false,"max_hp_per_floor":[70,70,70,70,70,70,70],"card_choices":[{"not_picked":["DC","GrandCross"],"picked":"WitchOfGreed","floor":1.0},{"not_picked":["PowerUp","AsteroidBelt"],"picked":"EarthLightRay","floor":2},{"not_picked":["DarkMatter","WitchLeyline"],"picked":"MagicAbsorber","floor":3},{"not_picked":["ShootingEcho","AsteroidBelt"],"picked":"MagicChant","floor":4},{"not_picked":["SuperNova","ShootTheMoon"],"picked":"WitchOfGreed","floor":5}],"player_experience":895123,"relics_obtained":[],"event_choices":[],"is_beta":false,"boss_relics":[],"items_purged_floors":[],"is_endless":false,"potions_floor_spawned":[1],"killed_by":"Gensokyo:Cirno","ascension_level":14}}