{"host":"gxfwlvk9al6s9931","time":1610748223,"event":{"mods":["2.2 Compatiblity","BaseMod","Colored Powertips","Friendly Minions","Minty Spire (QoL Compilation)","StSLib","Td1madao Mod"],"gold_per_floor":[113,191,191,209,140,140,171,185,185,185,185,360,373,78,78,208,208,222,222,76,91,91,91,91,91],"floor_reached":24,"language":"ENG","playtime":1561,"items_purged":["Doubt","Strike_C"],"score":192,"play_id":"d52146e2-c85a-4c2d-ae0c-a70f5738c959","local_time":"20210115140343","is_ascension_mode":false,"campfire_choices":[{"data":"Thunder Jump","floor":6.0,"key":"SMITH"},{"floor":11,"key":"REST"},{"data":"Black Contract","floor":15,"key":"SMITH"},{"data":"Chip","floor":23,"key":"SMITH"}],"circlet_count":0,"master_deck":["Strike_C","Strike_C","Strike_C","Defend_C","Defend_C","Defend_C","Defend_C","Knight Kick","Chip+1","Sub Weapons+1","Perfect Defend+1","Thunder Jump+1","Overclocking","Here Defend Chip+1","Furious+1","Black Contract+1","Shockwave Tdmadao+1","Cooling Song","Necronomicurse","Preloading"],"relics":["Apod","Frozen Egg 2","Anchor","Pen Nib","Golden Idol","Sozu","Necronomicon"],"acts_visited":["TheCity"],"potions_floor_usage":[13,24,24],"damage_taken":[{"damage":3.0,"enemies":"Cultist","floor":1.0,"turns":5.0},{"damage":9.0,"enemies":"Jaw Worm","floor":4.0,"turns":4.0},{"damage":29,"enemies":"Lagavulin","floor":7,"turns":6},{"damage":0,"enemies":"Small Slimes","floor":8,"turns":3},{"damage":0,"enemies":"Blue Slaver","floor":13,"turns":2},{"damage":32,"enemies":"The Guardian","floor":16,"turns":8},{"damage":19,"enemies":"2 Thieves","floor":18,"turns":4},{"damage":0,"enemies":"Chosen","floor":21,"turns":2},{"damage":46,"enemies":"Slavers","floor":24,"turns":4}],"seed_played":"161492909458845694","potions_obtained":[{"floor":1.0,"key":"LiquidBronze"},{"floor":7,"key":"Block Potion"},{"floor":16,"key":"Dexterity Potion"}],"is_trial":false,"path_per_floor":["M","T","?","M","$","R","E","M","T","?","R","?","M","$","R","B",null,"M","?","$","M","?","R","E"],"character_chosen":"TD1MADAO_CLASS","items_purchased":["Thunder Jump","Furious+1","Black Contract","Preloading"],"campfire_rested":1,"item_purchase_floors":[5,14,14,20],"current_hp_per_floor":[74,74,74,65,65,65,36,36,36,17,40,40,40,40,40,8,77,58,42,42,42,42,42,0,0],"gold":91,"neow_bonus":"TEN_PERCENT_HP_BONUS","is_daily":false,"chose_seed":false,"campfire_upgraded":3,"win_rate":0.0,"timestamp":1610748223,"path_taken":["M","?","?","M","$","R","E","M","T","?","R","?","M","$","R","BOSS","M","?","$","M","?","R","E"],"items_purchased_type":["Card","Card","Card","Card"],"build_version":"2020-12-22","purchased_purges":2,"victory":false,"max_hp_per_floor":[77,77,77,77,77,77,77,77,77,77,77,77,77,77,77,77,77,77,77,77,77,77,77,77,77],"card_choices":[{"not_picked":["Judgment","Black Hand"],"picked":"Sub Weapons","floor":1.0},{"not_picked":["Load Balancing+1","Break Into"],"picked":"Perfect Defend+1","floor":4.0},{"not_picked":["Sudden Beat","Oblique Hack"],"picked":"Overclocking","floor":7},{"not_picked":["Provocative","Floating Swing Kick"],"picked":"Here Defend Chip+1","floor":8},{"not_picked":["Lore","Reinforcement Parts","Sudden Beat"],"picked":"SKIP","floor":13},{"not_picked":["Memory Alloy","Pod Laser"],"picked":"Shockwave Tdmadao+1","floor":16},{"not_picked":["Black Spear","Floating Swing Kick"],"picked":"Cooling Song","floor":18},{"not_picked":["Three Hit","Bugfix","Judgment"],"picked":"SKIP","floor":21}],"player_experience":268249,"relics_obtained":[{"floor":2.0,"key":"Frozen Egg 2"},{"floor":7,"key":"Anchor"},{"floor":9,"key":"Pen Nib"},{"floor":19,"key":"Necronomicon"}],"event_choices":[{"damage_healed":0.0,"max_hp_gain":0.0,"max_hp_loss":0.0,"gold_gain":0.0,"event_name":"Living Wall","player_choice":"Grow","floor":3.0,"gold_loss":0.0,"damage_taken":0.0,"cards_upgraded":["Sub Weapons"]},{"damage_healed":0,"gold_gain":0,"player_choice":"Take Damage","damage_taken":19,"relics_obtained":["Golden Idol"],"max_hp_gain":0,"max_hp_loss":0,"event_name":"Golden Idol","floor":10,"gold_loss":0},{"damage_healed":0,"gold_gain":175,"player_choice":"AGREE","damage_taken":0,"max_hp_gain":0,"max_hp_loss":0,"event_name":"Liars Game","floor":12,"gold_loss":0,"cards_obtained":["Doubt"]},{"damage_healed":0,"gold_gain":0,"player_choice":"Obtained Book","damage_taken":16,"max_hp_gain":0,"max_hp_loss":0,"event_name":"Cursed Tome","floor":19,"gold_loss":0},{"damage_healed":0,"gold_gain":0,"player_choice":"Ignored","damage_taken":0,"max_hp_gain":0,"max_hp_loss":0,"event_name":"Ghosts","floor":22,"gold_loss":0}],"is_beta":false,"boss_relics":[{"not_picked":["Coffee Dripper","Ectoplasm"],"picked":"Sozu"}],"items_purged_floors":[14,20],"is_endless":false,"potions_floor_spawned":[1,7,16,21],"killed_by":"Slavers","ascension_level":0}}