{"host":"az1ex86qolajid0q","time":1610755007,"event":{"mods":["2.2 Compatiblity","AchievementEnabler","Astrologer","BaseMod","Beaked The Cultist","Better Altar","Better Match","Better Note","Better Sensory Stone","Better Skull","Better Third Choice","Better Vampires","BetterRewards","Colored Map","Colored Powertips","Downfall","Energized Spire","Hermit","Jorbs\u0027s Wanderer Trilogy","Minty Spire (QoL Compilation)","Permanent Neow","Rare Cards Sparkle","Relic Sorter","Relic Stats","Shop Mod","Spicy Shops","StSLib","The Construct"],"gold_per_floor":[119,136,136,136,162,174,218,250,262,274,320,4,35,35,35,134,134,152,170,170,183,183,183,183],"floor_reached":23,"language":"ENG","playtime":1235,"items_purged":["Strike_P","Defend_P","Strike_P"],"score":501,"play_id":"6a7d462c-722c-4806-9d26-1b220b38ebbf","local_time":"20210115175647","is_ascension_mode":true,"campfire_choices":[{"data":"Judgement","floor":6,"key":"SMITH"},{"floor":15,"key":"REST"}],"circlet_count":0,"master_deck":["AscendersBane","Strike_P","Defend_P","Defend_P","Defend_P","Eruption","Vigilance","CarveReality","EmptyFist","ClearTheMind","Judgement+1","Conclude","Perseverance","Wallop","Crescendo","Judgement","MentalFortress","WindmillStrike","Wallop","FlurryOfBlows","MentalFortress","Alpha+1","WindmillStrike","DeceiveReality"],"relics":["PureWater","Frozen Eye","Lee\u0027s Waffle","Dream Catcher","MawBank","Question Card","beaked:ShinyBauble","Singing Bowl","Sundial","HandDrill","Matryoshka","energizedSpire:MagnifyingGlass"],"acts_visited":["Exordium","TheCity"],"potions_floor_usage":[7,7,13,16,21],"damage_taken":[{"damage":5,"enemies":"Small Slimes","floor":1,"turns":2},{"damage":12,"enemies":"Jaw Worm","floor":2,"turns":3},{"damage":0,"enemies":"2 Louse","floor":5,"turns":2},{"damage":0,"enemies":"Gremlin Nob","floor":7,"turns":2},{"damage":11,"enemies":"Looter","floor":8,"turns":2},{"damage":18,"enemies":"3 Sentries","floor":11,"turns":4},{"damage":8,"enemies":"Gremlin Nob","floor":13,"turns":3},{"damage":20,"enemies":"Hexaghost","floor":16,"turns":7},{"damage":0,"enemies":"Spheric Guardian","floor":18,"turns":3},{"damage":24,"enemies":"Chosen","floor":19,"turns":6},{"damage":7,"enemies":"Centurion and Healer","floor":21,"turns":4},{"damage":31,"enemies":"Snake Plant","floor":23,"turns":2}],"seed_played":"-7865536718841920669","potions_obtained":[{"floor":1,"key":"Fire Potion"},{"floor":5,"key":"FearPotion"},{"floor":11,"key":"Strength Potion"},{"floor":13,"key":"Strength Potion"},{"floor":16,"key":"champ:CounterPotion"}],"is_trial":false,"path_per_floor":["M","M","?","?","M","R","E","M","T","T","E","$","E","$","R","B",null,"M","M","?","M","?","M"],"character_chosen":"WATCHER","items_purchased":["Frozen Eye","CarveReality","EmptyFist","ClearTheMind","Perseverance","Lee\u0027s Waffle","Dream Catcher","HandDrill","Wallop","FlurryOfBlows"],"campfire_rested":1,"item_purchase_floors":[0,0,0,0,0,0,0,12,12,12],"current_hp_per_floor":[74,62,62,50,50,50,50,39,39,39,21,21,15,15,39,19,66,68,44,36,29,29,0,0],"gold":183,"neow_bonus":"","is_daily":false,"chose_seed":false,"campfire_upgraded":1,"win_rate":0.0,"timestamp":1610755007,"path_taken":["M","M","?","?","M","R","E","M","T","?","E","$","E","?","R","BOSS","M","M","?","M","?","?"],"items_purchased_type":["Relic","Card","Card","Card","Card","Relic","Relic","Relic","Card","Card"],"build_version":"2020-12-22","purchased_purges":3,"victory":false,"max_hp_per_floor":[79,79,79,79,79,79,79,79,79,79,79,79,81,81,81,81,81,83,83,83,83,83,83,83],"relic_stats":{"Lee\u0027s Waffle":48,"Dream Catcher":1,"Singing Bowl":4,"counters":[32,136],"Sundial":[0],"HandDrill":[14],"MawBank":96,"Question Card":8,"obtain_stats":[{"Ice Cream":42,"beaked:ShinyBauble":9,"Singing Bowl":10,"Spirit Poop":45,"Incense Burner":3,"Bag of Preparation":7,"Juzu Bracelet":14,"CloakClasp":24,"Cursed Key":0,"Frozen Eye":39,"Dream Catcher":0,"TheAbacus":20,"HornCleat":29,"Matryoshka":13,"Mummified Hand":31,"DollysMirror":36,"Sundial":11,"Strawberry":27,"MealTicket":9,"HandDrill":12,"Lee\u0027s Waffle":0,"construct:WeddingRing":34,"War Paint":10,"Frozen Egg 2":26,"energizedSpire:DeadBattery":17,"MawBank":4,"Question Card":7,"Anchor":28,"Molten Egg 2":41,"Bag of Marbles":13,"energizedSpire:MagnifyingGlass":17,"PureWater":0,"Meat on the Bone":43},{"Ice Cream":18,"beaked:ShinyBauble":25,"Singing Bowl":25,"Spirit Poop":18,"Incense Burner":2,"Bag of Preparation":4,"Juzu Bracelet":8,"CloakClasp":12,"Cursed Key":0,"Frozen Eye":17,"Dream Catcher":20,"TheAbacus":11,"HornCleat":13,"Matryoshka":27,"Mummified Hand":14,"DollysMirror":16,"Sundial":26,"Strawberry":13,"MealTicket":5,"HandDrill":26,"Lee\u0027s Waffle":20,"construct:WeddingRing":15,"War Paint":6,"Frozen Egg 2":12,"energizedSpire:DeadBattery":9,"MawBank":22,"Question Card":24,"Anchor":13,"Molten Egg 2":18,"Bag of Marbles":8,"energizedSpire:MagnifyingGlass":28,"PureWater":0,"Meat on the Bone":18},{"Ice Cream":83,"beaked:ShinyBauble":107,"Singing Bowl":107,"Spirit Poop":83,"Incense Burner":5,"Bag of Preparation":9,"Juzu Bracelet":25,"CloakClasp":41,"Cursed Key":0,"Frozen Eye":75,"Dream Catcher":96,"TheAbacus":39,"HornCleat":47,"Matryoshka":114,"Mummified Hand":53,"DollysMirror":71,"Sundial":111,"Strawberry":47,"MealTicket":12,"HandDrill":111,"Lee\u0027s Waffle":96,"construct:WeddingRing":65,"War Paint":19,"Frozen Egg 2":41,"energizedSpire:DeadBattery":35,"MawBank":101,"Question Card":105,"Anchor":47,"Molten Egg 2":83,"Bag of Marbles":25,"energizedSpire:MagnifyingGlass":121,"PureWater":0,"Meat on the Bone":83}]},"card_choices":[{"not_picked":["BowlingBash","SashWhip","Conclude"],"picked":"SKIP","floor":1},{"not_picked":["Crescendo","Halt"],"picked":"Wallop","floor":2},{"not_picked":["FollowUp","JustLucky"],"picked":"Crescendo","floor":5},{"not_picked":["BattleHymn","SpiritShield"],"picked":"Judgement","floor":7},{"not_picked":["CarveReality","PathToVictory","SashWhip"],"picked":"MentalFortress","floor":8},{"not_picked":["PathToVictory","ClearTheMind","SashWhip"],"picked":"WindmillStrike","floor":11},{"not_picked":["Sanctity","Wireheading","JustLucky","SignatureMove"],"picked":"Singing Bowl","floor":13},{"not_picked":["Protect","Swivel","FlyingSleeves"],"picked":"MentalFortress","floor":15},{"not_picked":["Wish","Vault","DevaForm"],"picked":"Alpha","floor":16},{"not_picked":["EmptyBody","JustLucky+1","Adaptation","Weave"],"picked":"Singing Bowl","floor":18},{"not_picked":["JustLucky+1","ThirdEye+1","FlyingSleeves"],"picked":"WindmillStrike","floor":19},{"not_picked":["WheelKick","CutThroughFate","FollowUp"],"picked":"DeceiveReality","floor":21}],"player_experience":674323,"relics_obtained":[{"floor":7,"key":"Question Card"},{"floor":9,"key":"beaked:ShinyBauble"},{"floor":10,"key":"Singing Bowl"},{"floor":11,"key":"Sundial"},{"floor":13,"key":"Matryoshka"}],"event_choices":[{"cards_removed":["Strike_P"],"damage_healed":0,"gold_gain":0,"player_choice":"Forget","damage_taken":0,"max_hp_gain":0,"max_hp_loss":0,"event_name":"Living Wall","floor":3,"gold_loss":0},{"damage_healed":0,"gold_gain":0,"player_choice":"Relic ","damage_taken":12,"max_hp_gain":0,"max_hp_loss":0,"event_name":"betterThird:BetterScrap","floor":4,"gold_loss":0,"cards_obtained":["Eviscerate"]},{"damage_healed":0,"gold_gain":0,"player_choice":"Damaged","damage_taken":8,"max_hp_gain":0,"max_hp_loss":0,"event_name":"Wheel of Change","floor":20,"gold_loss":0},{"damage_healed":0,"gold_gain":0,"player_choice":"Forge","damage_taken":0,"max_hp_gain":0,"max_hp_loss":0,"event_name":"Accursed Blacksmith","floor":22,"gold_loss":0,"cards_upgraded":["Alpha"]}],"is_beta":false,"boss_relics":[{"not_picked":["energizedSpire:CrystalSphere","bronze:MakeshiftBattery"],"picked":"energizedSpire:MagnifyingGlass"}],"items_purged_floors":[0,0,12],"is_endless":false,"potions_floor_spawned":[1,5,11,13,16],"killed_by":"Snake Plant","ascension_level":10}}