{"host":"s6mlqkqtr3ey2mm2","time":1610669712,"event":{"mods":["100% Spire Juice","2.2 Compatiblity","AchievementEnabler","Aspiration","BaseMod","Beaked The Cultist","Better Note","Better Vampires","BetterRewards","Challenge The Spire","Colored Map","Colored Powertips","Conspire","Curses Come First","Downfall","Emptier Cage","Energized Spire","GifTheSpireLib","GungeonMod","Halation","Hermit","Hubris","Infinite Spire","Ironclad Rager","Magitek Elite","Marked Mod","Minty Spire (QoL Compilation)","Poor People Problems","Quick Restart","RatMod","Replay The Spire","Retaliation","Robot Space Explorer","Shade Mod","Somnambulant","Spicy Shops","StSLib","Stuff the Spire","The Blue Laboratory","The Construct","The Druid","The Hierophant","The IronCluck","The Necromancer","The Poker Player","The Runesmith","The Servant 0.9.4","The Valiant","[GremlinLeader]The Maniac","vexMod"],"gold_per_floor":[113,129,129,149,149,174,174,215,215,19,19,35,35,73,73,202,202,216,216,216,65,65,65,65],"floor_reached":23,"language":"ENG","playtime":2227,"items_purged":[],"score":247,"play_id":"0af96ef3-80d9-4b8c-970a-f7b5322ebc99","local_time":"20210114191512","is_ascension_mode":false,"campfire_choices":[{"floor":7,"key":"REST"},{"floor":13,"key":"REST"},{"data":"maniac:Refine","floor":15,"key":"SMITH"}],"circlet_count":0,"master_deck":["maniac:Strike","maniac:Strike","maniac:Strike","maniac:Strike","maniac:Strike","maniac:Defend","maniac:Defend","maniac:Defend","maniac:Defend","maniac:BurnBlood","maniac:AbyssShackle","maniac:DashForward","maniac:Refine+1","maniac:BladeShoot","maniac:SecretBackups+1","maniac:BladesInCloak","maniac:WitnessTrueSorcery","maniac:Deal","maniac:WardAndDefend","hexamod:FlamesFromBeyond"],"relics":["maniac:DamagedAnvil","maniac:BrokenHorn","Golden Idol","conspire:GlowingRock","conspire:Flyswatter","Juzu Bracelet","infinitespire:Beetle Shell","conspire:SlowCooker","Blue Doll"],"acts_visited":["Exordium","TheCity"],"potions_floor_usage":[14,16,16,23],"damage_taken":[{"damage":8,"enemies":"Small Slimes","floor":1,"turns":4},{"damage":0,"enemies":"Cultist","floor":2,"turns":2},{"damage":0,"enemies":"2 Louse","floor":4,"turns":3},{"damage":30,"enemies":"conspire:2 RoseBushes","floor":6,"turns":5},{"damage":39,"enemies":"3 Sentries","floor":8,"turns":7},{"damage":9,"enemies":"Looter","floor":12,"turns":3},{"damage":33,"enemies":"Lagavulin","floor":14,"turns":4},{"damage":0,"enemies":"Slime Boss","floor":16,"turns":6},{"damage":23,"enemies":"3 Byrds","floor":18,"turns":4},{"damage":52,"enemies":"Slavers","floor":23,"turns":3}],"seed_played":"5722611066990894902","potions_obtained":[{"floor":2,"key":"Milkshake"},{"floor":6,"key":"champ:CounterPotion"},{"floor":8,"key":"Dexterity Potion"},{"floor":16,"key":"LiquidBronze"}],"is_trial":false,"path_per_floor":["M","M","?","M","?","M","R","E","T","$","?","M","R","E","R","B",null,"M","?","?","$","?","E"],"character_chosen":"THE_MANIAC","items_purchased":["maniac:BladesInCloak","Juzu Bracelet","Blue Doll"],"campfire_rested":2,"item_purchase_floors":[10,10,21],"current_hp_per_floor":[80,80,80,80,81,51,75,38,38,38,38,29,53,20,20,20,81,58,55,55,55,49,0,0],"gold":65,"neow_bonus":"TEN_PERCENT_HP_BONUS","is_daily":false,"chose_seed":false,"campfire_upgraded":1,"win_rate":0.0,"timestamp":1610669712,"path_taken":["M","M","?","M","?","?","R","E","T","$","?","M","R","E","R","BOSS","M","?","?","$","?","E"],"items_purchased_type":["Card","Relic","Relic"],"build_version":"2020-12-22","purchased_purges":0,"victory":false,"max_hp_per_floor":[88,88,81,81,81,81,81,81,81,81,81,81,81,81,81,81,81,81,81,81,81,81,81,81],"card_choices":[{"not_picked":["maniac:WardAndDefend","maniac:Hasten"],"picked":"maniac:DashForward","floor":1},{"not_picked":["maniac:MeleeStrike","maniac:ShelteringEdge"],"picked":"maniac:SeeingDetails","floor":2},{"not_picked":["maniac:ListenToNone","maniac:FindAShortcut"],"picked":"maniac:Refine","floor":4},{"not_picked":["maniac:UntravelledPath","maniac:SorceryHour"],"picked":"maniac:BladeShoot","floor":6},{"not_picked":["maniac:ShelteringEdge","maniac:DashForward"],"picked":"maniac:SecretBackups","floor":8},{"not_picked":["maniac:BladeShoot","maniac:UndyingDesire"],"picked":"maniac:WitnessTrueSorcery","floor":12},{"not_picked":["maniac:ListenToNone","maniac:BladeShoot","maniac:UntravelledPath"],"picked":"SKIP","floor":14},{"not_picked":["maniac:ForsakenHand","maniac:ShadowContact"],"picked":"maniac:Deal","floor":16},{"not_picked":["maniac:EndOfTheRoad+1","maniac:DashForward"],"picked":"maniac:WardAndDefend","floor":18}],"player_experience":104272,"relics_obtained":[{"floor":8,"key":"conspire:GlowingRock"},{"floor":9,"key":"conspire:Flyswatter"},{"floor":14,"key":"infinitespire:Beetle Shell"}],"event_choices":[{"damage_healed":0,"gold_gain":0,"player_choice":"Lose Max HP","damage_taken":0,"relics_obtained":["Golden Idol"],"max_hp_gain":0,"max_hp_loss":7,"event_name":"Golden Idol","floor":3,"gold_loss":0},{"cards_removed":["maniac:SeeingDetails"],"damage_healed":1,"gold_gain":0,"player_choice":"Offered Uncommon","damage_taken":0,"max_hp_gain":0,"max_hp_loss":0,"event_name":"Bonfire Elementals","floor":5,"gold_loss":0},{"damage_healed":0,"gold_gain":0,"player_choice":"Forge","damage_taken":0,"max_hp_gain":0,"max_hp_loss":0,"event_name":"Accursed Blacksmith","floor":11,"gold_loss":0,"cards_upgraded":["maniac:SecretBackups"]},{"damage_healed":0,"gold_gain":0,"player_choice":"Punched","damage_taken":3,"max_hp_gain":0,"max_hp_loss":0,"event_name":"Designer","floor":19,"gold_loss":0},{"cards_removed":["maniac:Refine"],"damage_healed":0,"gold_gain":0,"player_choice":"Take \u0026 Give","damage_taken":0,"max_hp_gain":0,"max_hp_loss":0,"event_name":"betterNote:BetterNote","floor":20,"gold_loss":0,"cards_obtained":["hexamod:FlamesFromBeyond"]},{"damage_healed":0,"gold_gain":0,"player_choice":"","damage_taken":6,"max_hp_gain":0,"max_hp_loss":0,"event_name":"Knowing Skull","floor":22,"potions_obtained":[],"gold_loss":0,"cards_obtained":[]}],"is_beta":false,"boss_relics":[{"not_picked":["Empty Cage","Ectoplasm"],"picked":"conspire:SlowCooker"}],"items_purged_floors":[],"is_endless":false,"potions_floor_spawned":[2,6,8,16],"killed_by":"Slavers","ascension_level":0}}