{"host":"fqepcc6wiujntn7y","time":1610727958,"event":{"mods":["AchievementEnabler","BaseMod","Minty Spire (QoL Compilation)","Quick Restart","Replay The Spire","StSLib","The Hayseed","The Jungle","The Necromancer"],"gold_per_floor":[114,132,146,157,176,206,206,224,224,299,299,316,58,78,78,178,178,193,210,62,74,84,84,84,96,96,114,134,134,134],"floor_reached":29,"language":"ENG","playtime":2386,"items_purged":[],"score":235,"play_id":"47941254-ac3a-4de9-a79b-f472e2de4604","local_time":"20210115162558","is_ascension_mode":false,"campfire_choices":[{"data":"Toxic_Smoke_Screen","floor":7,"key":"SMITH"},{"floor":11,"key":"REST"},{"floor":15,"key":"DIG"},{"floor":23,"key":"REST"}],"circlet_count":0,"master_deck":["Strike_W","Strike_W","Strike_W","Strike_W","Defend_W","Defend_W","Defend_W","Defend_W","Negative_Energy_Arrows","Bone_Wall","Toxic_Smoke_Screen+1","Bone_Bullets","Consume_Illness","Negative_Energy_Javelin","Stop_Heart","Pot Of Greed","Pot Of Greed","Corrupt","Stop_Heart","Bone_Bullets","Acid_Javelin","Summon_Vampire_Lady","Vampiric_Strike+1","Scare+1","Summon_Lich","Pandemic","Pot Of Greed","Bone_Armory","Spectral_Armor+1","Shame","Reap_The_Weak","Languid","Bone_Bullets+1","Pandemic+1"],"relics":["Vampire_Amulet","Grinning Jar","Eternal Feather","Letter Opener","Question Card","Cursed Key","theJungle:PaperFaux","Molten Egg 2"],"acts_visited":["Exordium","Exordium"],"potions_floor_usage":[6],"damage_taken":[{"damage":0,"enemies":"Small Slimes","floor":1,"turns":4},{"damage":1,"enemies":"Jaw Worm","floor":2,"turns":6},{"damage":0,"enemies":"Cultist","floor":3,"turns":3},{"damage":15,"enemies":"Lots of Slimes","floor":4,"turns":7},{"damage":0,"enemies":"Blue Slaver","floor":5,"turns":5},{"damage":44,"enemies":"3 Sentries","floor":6,"turns":11},{"damage":0,"enemies":"Looter","floor":8,"turns":3},{"damage":4,"enemies":"2 Fungi Beasts","floor":12,"turns":4},{"damage":5,"enemies":"3 Louse","floor":14,"turns":3},{"damage":27,"enemies":"Hexaghost","floor":16,"turns":8},{"damage":16,"enemies":"theJungle:MUSHROOMGANG","floor":18,"turns":5},{"damage":6,"enemies":"theJungle:GiantWrat","floor":19,"turns":4},{"damage":46,"enemies":"theJungle:2_Snecko_Cultists","floor":21,"turns":5},{"damage":24,"enemies":"theJungle:Snecko_Cultist_And_Trap","floor":22,"turns":9},{"damage":28,"enemies":"Snake Plant","floor":25,"turns":4},{"damage":9,"enemies":"theJungle:Lyon","floor":27,"turns":5},{"damage":29,"enemies":"theJungle:SlimyTreeVines","floor":28,"turns":7},{"damage":0,"enemies":"theJungle:JungleHuntersEncounter","floor":29,"turns":2}],"seed_played":"7606999416883446073","potions_obtained":[{"floor":4,"key":"Regen Potion"},{"floor":5,"key":"Energy Potion"},{"floor":6,"key":"Fire Potion"},{"floor":8,"key":"Dexterity Potion"}],"is_trial":false,"path_per_floor":["M","M","M","M","M","E","R","M","T","?","R","M","$","M","R","B",null,"M","M","$","M","M","R","?","M","T","M","M","M"],"character_chosen":"NECROMANCER","items_purchased":["Letter Opener","Summon_Lich","Pandemic"],"campfire_rested":2,"item_purchase_floors":[13,20,20],"current_hp_per_floor":[82,82,82,78,80,57,57,59,59,48,81,81,81,82,82,57,82,72,81,81,43,41,80,80,69,69,78,66,67,67],"gold":134,"neow_bonus":"TEN_PERCENT_HP_BONUS","is_daily":false,"chose_seed":false,"campfire_upgraded":1,"win_rate":0.0,"timestamp":1610727958,"path_taken":["M","M","M","M","M","E","R","M","T","?","R","M","$","M","R","BOSS","M","M","$","M","M","R","?","M","T","M","M","M"],"items_purchased_type":["Relic","Card","Card"],"build_version":"2020-12-22","purchased_purges":0,"victory":false,"max_hp_per_floor":[82,82,82,82,82,82,82,82,82,82,82,82,82,82,82,82,82,82,82,82,82,82,82,82,82,82,82,82,82,82],"card_choices":[{"not_picked":["Consume_Illness","Bone_Armor"],"picked":"Toxic_Smoke_Screen","floor":1},{"not_picked":["Shackles_Of_Pain","Chill_Blood"],"picked":"Bone_Bullets","floor":2},{"not_picked":["Blood_Is_Power","Epidemic"],"picked":"Consume_Illness","floor":3},{"not_picked":["Blood_Magic","Blood_Whip"],"picked":"Negative_Energy_Javelin","floor":4},{"not_picked":["Negative_Energy_Shield","Bones_to_Steel"],"picked":"Stop_Heart","floor":5},{"not_picked":["Whirlwind_of_Bones","Scare"],"picked":"Corrupt","floor":6},{"not_picked":["Death_Knell","Chill_Blood"],"picked":"Stop_Heart","floor":8},{"not_picked":["Bones_to_Steel","Bone_Shift"],"picked":"Bone_Bullets","floor":12},{"not_picked":["Finger_Of_Death","Negative_Energy_Javelin"],"picked":"Acid_Javelin","floor":14},{"not_picked":["Grasp_Heart","Blood_Wake","Reap_The_Weak"],"picked":"Summon_Vampire_Lady","floor":16},{"not_picked":["Bone_Shift","Blood_Curse","Shackles_Of_Pain"],"picked":"Vampiric_Strike+1","floor":18},{"not_picked":["Necromantic_Selection","Life_Drain","Spectral_Walk"],"picked":"Scare+1","floor":19},{"not_picked":["Acid_Javelin","Whirlwind_of_Bones+1","Negative_Energy_Sphere+1"],"picked":"Bone_Armory","floor":21},{"not_picked":["Acid_Javelin","Blood_Curse+1","Chill_Blood"],"picked":"Spectral_Armor+1","floor":22},{"not_picked":["Shade_Step","Negative_Energy_Javelin+1","Negative_Energy_Sphere"],"picked":"Reap_The_Weak","floor":25},{"not_picked":["Life_Tap","Death_March_Dance+1","Consume_Illness"],"picked":"Bone_Bullets+1","floor":27},{"not_picked":["Toxic_Smoke_Screen","Bone_Shift","Finger_Of_Death+1"],"picked":"Pandemic+1","floor":28}],"player_experience":47684,"relics_obtained":[{"floor":6,"key":"Grinning Jar"},{"floor":9,"key":"Eternal Feather"},{"floor":15,"key":"Question Card"},{"floor":26,"key":"Molten Egg 2"}],"event_choices":[{"damage_healed":0,"gold_gain":75,"player_choice":"Gather Gold","damage_taken":11,"max_hp_gain":0,"max_hp_loss":0,"event_name":"World of Goop","floor":10,"gold_loss":0}],"is_beta":false,"boss_relics":[{"not_picked":["Runic Dome","Painkiller Herb"],"picked":"Cursed Key"}],"items_purged_floors":[],"is_endless":false,"potions_floor_spawned":[4,5,6,8,18,21,25,28],"killed_by":"theJungle:JungleHuntersEncounter","ascension_level":0}}