{"host":"ewfe3cr33ktd9xzj","time":1610697679,"event":{"mods":["AchievementEnabler","BaseMod","Colored Map","Custom Start","DeckTracker","Minty Spire (QoL Compilation)","Permanent Neow","Quick Restart","Rare Cards Sparkle","StSLib","everything is the same but u backflip on backflip"],"gold_per_floor":[111,123,123,141,141,174,174,202,240,252,264,288,300,237,237,315,315,329,339,68,68,68,68,68,87,134,134,160,160,185,205,205,278,278,297,70,84,84,103,103,134,144,144,156,156,189,189,27,27,27,27,27,27,27,60,60],"floor_reached":57,"language":"KOR","playtime":3143,"items_purged":["Noxious Fumes","Well Laid Plans+1","Caltrops+1","Footwork+1"],"score":3387,"play_id":"4c540f0c-5e6b-4190-84fd-413e9f1b2dbc","local_time":"20210115170119","is_ascension_mode":true,"campfire_choices":[{"data":"Well Laid Plans","floor":7.0,"key":"SMITH"},{"floor":15.0,"key":"REST"},{"data":"Acrobatics","floor":24.0,"key":"SMITH"},{"data":"Reflex","floor":32.0,"key":"SMITH"},{"data":"Concentrate","floor":40.0,"key":"SMITH"},{"data":"Tactician","floor":45.0,"key":"SMITH"},{"data":"Purity","floor":47.0,"key":"SMITH"},{"floor":49.0,"key":"RECALL"},{"data":"Wraith Form v2","floor":53.0,"key":"SMITH"}],"circlet_count":0,"master_deck":["AscendersBane","Survivor","Neutralize","Grand Finale","Backflip+1","Escape Plan","Blur","Dagger Throw","Acrobatics+1","After Image+1","Acrobatics","Ghostly","Ghostly","Ghostly","Reflex+1","Concentrate+1","Wraith Form v2+1","Burst+1","Purity+1","Tactician+1","Expertise"],"relics":["Pandora\u0027s Box","Regal Pillow","MawBank","Dream Catcher","Sundial","Runic Pyramid","TheAbacus","Vajra","Paper Crane","Molten Egg 2","Astrolabe","Smiling Mask","Bronze Scales","Pen Nib"],"acts_visited":["Exordium","TheCity","TheBeyond","TheEnding"],"potions_floor_usage":[56],"damage_taken":[{"damage":0.0,"enemies":"2 Louse","floor":1.0,"turns":3.0},{"damage":4.0,"enemies":"Small Slimes","floor":2.0,"turns":3.0},{"damage":4.0,"enemies":"Cultist","floor":4.0,"turns":4.0},{"damage":3.0,"enemies":"Gremlin Nob","floor":6.0,"turns":3.0},{"damage":37.0,"enemies":"3 Sentries","floor":8.0,"turns":5.0},{"damage":2.0,"enemies":"2 Fungi Beasts","floor":12.0,"turns":2.0},{"damage":14.0,"enemies":"Hexaghost","floor":16.0,"turns":3.0},{"damage":0.0,"enemies":"Chosen","floor":18.0,"turns":3.0},{"damage":0.0,"enemies":"Spheric Guardian","floor":19.0,"turns":3.0},{"damage":0.0,"enemies":"Chosen and Byrds","floor":25.0,"turns":3.0},{"damage":0.0,"enemies":"Slavers","floor":28.0,"turns":2.0},{"damage":0.0,"enemies":"Book of Stabbing","floor":30.0,"turns":4.0},{"damage":0.0,"enemies":"3 Cultists","floor":31.0,"turns":2.0},{"damage":0.0,"enemies":"Automaton","floor":33.0,"turns":6.0},{"damage":0.0,"enemies":"Orb Walker","floor":35.0,"turns":4.0},{"damage":0.0,"enemies":"3 Darklings","floor":37.0,"turns":3.0},{"damage":0.0,"enemies":"Sphere and 2 Shapes","floor":39.0,"turns":3.0},{"damage":0.0,"enemies":"Nemesis","floor":41.0,"turns":5.0},{"damage":0.0,"enemies":"Spire Growth","floor":42.0,"turns":4.0},{"damage":0.0,"enemies":"4 Shapes","floor":44.0,"turns":5.0},{"damage":0.0,"enemies":"Reptomancer","floor":46.0,"turns":3.0},{"damage":0.0,"enemies":"Time Eater","floor":50.0,"turns":5.0},{"damage":0.0,"enemies":"Donu and Deca","floor":51.0,"turns":4.0},{"damage":0,"enemies":"Shield and Spear","floor":55,"turns":4},{"damage":1,"enemies":"The Heart","floor":56,"turns":8}],"seed_played":"-9149292345419286820","potions_obtained":[{"floor":1.0,"key":"Strength Potion"},{"floor":4.0,"key":"SkillPotion"},{"floor":12.0,"key":"CunningPotion"},{"floor":16.0,"key":"SkillPotion"},{"floor":19.0,"key":"Explosive Potion"},{"floor":33.0,"key":"FearPotion"},{"floor":42.0,"key":"Block Potion"},{"floor":44.0,"key":"Weak Potion"}],"is_trial":false,"path_per_floor":["M","M","?","M","?","E","R","E","T","?","T","M","?","$","R","B",null,"M","M","$","?","$","?","R","M","T","?","E","?","E","M","R","B",null,"M","$","M","$","M","R","E","M","T","M","R","E","R","$","R","B","B",null,"R","$","E","B",null],"character_chosen":"THE_SILENT","items_purchased":["TheAbacus","Purity","EntropicBrew"],"campfire_rested":1,"item_purchase_floors":[20,36,48],"current_hp_per_floor":[59,55,55,51,44,41,41,4,4,26,26,24,24,24,58,44,61,61,61,61,61,61,61,61,61,61,33,33,33,33,33,33,33,33,33,33,33,33,33,33,33,33,33,33,33,33,33,33,33,33,33,33,33,33,33,32],"gold":60,"neow_bonus":"BOSS_RELIC","is_daily":false,"chose_seed":false,"campfire_upgraded":7,"win_rate":0.0,"timestamp":1610697679,"path_taken":["M","M","?","M","?","E","R","E","T","?","?","?","?","$","R","BOSS","M","M","$","?","$","?","R","?","T","?","E","?","E","M","R","BOSS","M","$","M","?","?","R","E","M","T","M","R","E","R","$","R","BOSS","BOSS","R","$","E","BOSS"],"items_purchased_type":["Relic","Card","Potion"],"build_version":"2020-12-22","purchased_purges":4,"victory":true,"max_hp_per_floor":[66,66,66,66,66,66,66,66,66,66,66,66,66,66,66,66,66,66,66,66,66,66,66,66,66,66,33,33,33,33,33,33,33,33,33,33,33,33,33,33,33,33,33,33,33,33,33,33,33,33,33,33,33,33,33,33],"card_choices":[{"not_picked":["Catalyst","Slice"],"picked":"Backflip","floor":1.0},{"not_picked":["Dagger Spray","Bouncing Flask"],"picked":"Escape Plan","floor":2.0},{"not_picked":["Backflip","Malaise"],"picked":"Dagger Throw","floor":4.0},{"not_picked":["Flying Knee","Bane","Caltrops"],"picked":"SKIP","floor":6.0},{"not_picked":["Infinite Blades","Masterful Stab"],"picked":"Acrobatics","floor":8.0},{"not_picked":["Sucker Punch","Dagger Throw","Setup"],"picked":"SKIP","floor":12.0},{"not_picked":["Burst","Malaise"],"picked":"After Image","floor":16.0},{"not_picked":["Quick Slash","Cloak And Dagger","Dagger Spray"],"picked":"SKIP","floor":18.0},{"not_picked":["Flechettes+1","Backflip","Outmaneuver+1"],"picked":"SKIP","floor":19.0},{"not_picked":["Slice+1","Glass Knife","Quick Slash"],"picked":"SKIP","floor":25.0},{"not_picked":["Terror","Escape Plan+1","Infinite Blades"],"picked":"SKIP","floor":28.0},{"not_picked":["Underhanded Strike+1","Masterful Stab+1"],"picked":"Reflex","floor":30.0},{"not_picked":["Blade Dance","Catalyst"],"picked":"Concentrate","floor":31.0},{"not_picked":["Storm of Steel","Corpse Explosion"],"picked":"Wraith Form v2","floor":33.0},{"not_picked":["Finisher+1","Dagger Spray+1","Noxious Fumes"],"picked":"SKIP","floor":35.0},{"not_picked":["Dagger Spray+1","Bane+1","Deflect"],"picked":"SKIP","floor":37.0},{"not_picked":["Crippling Poison","Acrobatics","PiercingWail"],"picked":"SKIP","floor":39.0},{"not_picked":["Accuracy+1","Dagger Throw+1","Deadly Poison+1"],"picked":"SKIP","floor":41.0},{"not_picked":["Prepared","Underhanded Strike+1"],"picked":"Tactician","floor":42.0},{"not_picked":["Cloak And Dagger","Leg Sweep+1","Flying Knee+1"],"picked":"SKIP","floor":44.0},{"not_picked":["Accuracy","Grand Finale+1"],"picked":"Expertise","floor":46.0},{"not_picked":["Flying Knee+1","Backflip+1","Noxious Fumes"],"picked":"SKIP","floor":55}],"player_experience":38505,"relics_obtained":[{"floor":6.0,"key":"Regal Pillow"},{"floor":8.0,"key":"MawBank"},{"floor":9.0,"key":"Dream Catcher"},{"floor":11.0,"key":"Sundial"},{"floor":26.0,"key":"Vajra"},{"floor":28.0,"key":"Paper Crane"},{"floor":30.0,"key":"Molten Egg 2"},{"floor":41.0,"key":"Smiling Mask"},{"floor":46.0,"key":"Bronze Scales"},{"floor":55,"key":"Pen Nib"}],"event_choices":[{"damage_healed":0.0,"max_hp_gain":0.0,"max_hp_loss":0.0,"gold_gain":0.0,"cards_transformed":["Night Terror"],"event_name":"Living Wall","player_choice":"Change","floor":3.0,"gold_loss":0.0,"damage_taken":0.0,"cards_obtained":["Blur"]},{"cards_removed":["A Thousand Cuts"],"damage_healed":0.0,"max_hp_gain":0.0,"max_hp_loss":0.0,"gold_gain":0.0,"event_name":"Golden Wing","player_choice":"Card Removal","floor":5.0,"gold_loss":0.0,"damage_taken":7.0},{"damage_healed":22.0,"max_hp_gain":0.0,"max_hp_loss":0.0,"gold_gain":0.0,"event_name":"Big Fish","player_choice":"Banana","floor":10.0,"gold_loss":0.0,"damage_taken":0.0},{"damage_healed":0.0,"max_hp_gain":0.0,"max_hp_loss":0.0,"gold_gain":0.0,"event_name":"Accursed Blacksmith","player_choice":"Forge","floor":13.0,"gold_loss":0.0,"damage_taken":0.0,"cards_upgraded":["Backflip"]},{"damage_healed":0.0,"max_hp_gain":0.0,"max_hp_loss":0.0,"gold_gain":0.0,"cards_transformed":["Masterful Stab","Phantasmal Killer"],"event_name":"Drug Dealer","player_choice":"Became Test Subject","floor":21.0,"gold_loss":0.0,"damage_taken":0.0,"cards_obtained":["Acrobatics","Outmaneuver"]},{"damage_healed":0.0,"max_hp_gain":0.0,"max_hp_loss":0.0,"gold_gain":0.0,"event_name":"Upgrade Shrine","player_choice":"Upgraded","floor":23.0,"gold_loss":0.0,"damage_taken":0.0,"cards_upgraded":["After Image"]},{"damage_healed":0.0,"max_hp_gain":0.0,"max_hp_loss":33.0,"gold_gain":0.0,"event_name":"Ghosts","player_choice":"Became a Ghost","floor":27.0,"gold_loss":0.0,"damage_taken":0.0,"cards_obtained":["Ghostly","Ghostly","Ghostly"]},{"cards_removed":["Leg Sweep"],"damage_healed":0.0,"max_hp_gain":0.0,"max_hp_loss":0.0,"gold_gain":0.0,"event_name":"Bonfire Elementals","player_choice":"Offered Uncommon","floor":29.0,"gold_loss":0.0,"damage_taken":0.0}],"is_beta":false,"boss_relics":[{"not_picked":["Tiny House","HoveringKite"],"picked":"Runic Pyramid"},{"not_picked":["Busted Crown","SacredBark"],"picked":"Astrolabe"}],"items_purged_floors":[14,20,36,48],"is_endless":false,"potions_floor_spawned":[1,4,12,16,19,25,30,33,41,42,44],"ascension_level":20}}