{"host":"359hz4210ybch7ku","time":1610695550,"event":{"mods":["BaseMod","Block Reminder","Colored Map","Colored Powertips","Highlight Path","Minty Spire (QoL Compilation)","Slay the Relics Exporter","StSLib"],"gold_per_floor":[110,12,26,37,37,37,37,37,37,37,63,75,25,55,55,156,156,170,188,188,113,113,152,152,152],"floor_reached":24,"language":"ENG","playtime":1980,"items_purged":["Defend_P"],"score":278,"play_id":"7e6e401d-e792-4953-b79c-222ffb431032","local_time":"20210114232550","is_ascension_mode":true,"campfire_choices":[{"data":"Wallop","floor":6,"key":"SMITH"},{"data":"Prostrate","floor":8,"key":"SMITH"},{"data":"Prostrate","floor":10,"key":"SMITH"},{"floor":15,"key":"REST"}],"circlet_count":0,"master_deck":["Strike_P","Strike_P","Strike_P+1","Defend_P","Defend_P","Defend_P","Eruption","Vigilance+1","Vengeance","Prostrate+1","Prostrate+1","Wallop+1","EmptyMind","BowlingBash","Ragnarok","TalkToTheHand","EmptyBody","Decay","ForeignInfluence+1"],"relics":["PureWater","Potion Belt","Anchor","Du-Vu Doll","Incense Burner","Black Star","Nilry\u0027s Codex","CeramicFish","Toy Ornithopter"],"acts_visited":["Exordium","TheCity"],"potions_floor_usage":[11,16,16,18,23],"damage_taken":[{"damage":0,"enemies":"Cultist","floor":1,"turns":3},{"damage":0,"enemies":"2 Louse","floor":3,"turns":1},{"damage":0,"enemies":"Jaw Worm","floor":4,"turns":3},{"damage":16,"enemies":"Gremlin Nob","floor":11,"turns":4},{"damage":0,"enemies":"Looter","floor":12,"turns":3},{"damage":10,"enemies":"3 Sentries","floor":14,"turns":4},{"damage":6,"enemies":"Hexaghost","floor":16,"turns":6},{"damage":6,"enemies":"2 Thieves","floor":18,"turns":3},{"damage":0,"enemies":"Chosen","floor":19,"turns":3},{"damage":42,"enemies":"Slavers","floor":23,"turns":8},{"damage":3,"enemies":"Snake Plant","floor":24,"turns":2}],"seed_played":"-6542552647860451129","potions_obtained":[{"floor":0,"key":"AttackPotion"},{"floor":0,"key":"ColorlessPotion"},{"floor":0,"key":"StancePotion"},{"floor":12,"key":"StancePotion"},{"floor":18,"key":"Dexterity Potion"}],"is_trial":false,"path_per_floor":["M","$","M","M","?","R","$","R","T","R","E","M","?","E","R","B",null,"M","M","?","?","?","E","M"],"character_chosen":"WATCHER","items_purchased":["Prostrate"],"campfire_rested":1,"item_purchase_floors":[2],"current_hp_per_floor":[72,72,72,72,58,58,58,58,58,58,42,42,42,32,53,47,66,60,60,44,44,44,2,0,0],"gold":152,"neow_bonus":"THREE_SMALL_POTIONS","is_daily":false,"chose_seed":false,"campfire_upgraded":3,"win_rate":0.0,"timestamp":1610695550,"path_taken":["M","$","M","?","?","R","$","R","T","R","E","M","?","E","R","BOSS","M","M","?","?","?","E","M"],"items_purchased_type":["Card"],"build_version":"2020-12-22","purchased_purges":1,"victory":false,"max_hp_per_floor":[72,72,72,72,72,72,72,72,72,72,72,72,72,72,72,72,72,72,72,72,72,72,72,72,72],"card_choices":[{"not_picked":["FlyingSleeves","Meditate"],"picked":"Vengeance","floor":1},{"not_picked":["Meditate","FlyingSleeves"],"picked":"Prostrate","floor":3},{"not_picked":["Crescendo","ThirdEye"],"picked":"Wallop","floor":4},{"not_picked":["Vault","Study"],"picked":"EmptyMind","floor":11},{"not_picked":["Crescendo","FollowUp"],"picked":"BowlingBash","floor":12},{"not_picked":["CutThroughFate","DeceiveReality","WreathOfFlame"],"picked":"SKIP","floor":14},{"not_picked":["DeusExMachina","Scrawl"],"picked":"Ragnarok","floor":16},{"not_picked":["ClearTheMind","JustLucky+1"],"picked":"TalkToTheHand","floor":18},{"not_picked":["Crescendo","Indignation"],"picked":"EmptyBody","floor":19},{"not_picked":["WheelKick","FearNoEvil"],"picked":"ForeignInfluence+1","floor":23}],"player_experience":210652,"relics_obtained":[{"floor":9,"key":"Potion Belt"},{"floor":11,"key":"Anchor"},{"floor":14,"key":"Incense Burner"},{"floor":20,"key":"Nilry\u0027s Codex"},{"floor":23,"key":"CeramicFish"},{"floor":23,"key":"Toy Ornithopter"}],"event_choices":[{"damage_healed":0,"gold_gain":0,"player_choice":"Entered Light","damage_taken":14,"max_hp_gain":0,"max_hp_loss":0,"event_name":"Shining Light","floor":5,"gold_loss":0,"cards_upgraded":["Strike_P","Vigilance"]},{"damage_healed":0,"gold_gain":0,"player_choice":"Paid Gold","damage_taken":0,"relics_obtained":["Du-Vu Doll"],"max_hp_gain":0,"max_hp_loss":0,"event_name":"WeMeetAgain","floor":13,"gold_loss":50},{"damage_healed":0,"gold_gain":0,"player_choice":"Obtained Book","damage_taken":16,"max_hp_gain":0,"max_hp_loss":0,"event_name":"Cursed Tome","floor":20,"gold_loss":0},{"cards_removed":["Strike_P"],"damage_healed":0,"gold_gain":0,"player_choice":"Gave Gold","damage_taken":0,"max_hp_gain":0,"max_hp_loss":0,"event_name":"Beggar","floor":21,"gold_loss":75},{"damage_healed":0,"gold_gain":0,"player_choice":"Smashed Altar","damage_taken":0,"max_hp_gain":0,"max_hp_loss":0,"event_name":"Forgotten Altar","floor":22,"gold_loss":0,"cards_obtained":["Decay"]}],"is_beta":false,"boss_relics":[{"not_picked":["Empty Cage","SlaversCollar"],"picked":"Black Star"}],"items_purged_floors":[2],"is_endless":false,"potions_floor_spawned":[1,3,12,18],"killed_by":"Snake Plant","ascension_level":5}}