{"host":"v79nb9qnzs8cga96","time":1610720343,"event":{"mods":["2.2 Compatiblity","Ascension Reborn","Aspiration","Bard","BaseMod","Beaked The Cultist","Better Note","Block Reminder","Custom Start","GifTheSpireLib","Marked Mod","Minty Spire (QoL Compilation)","Quarter Circle Forward PUNCH!","SacredBarkPlus","Small Relic Pack","StSLib","Stuff the Spire","The Bladedancer","The Cursed","The Forsaken","The Necromancer","The Poker Player","The Runesmith","The Saiyan","The Showman","The Spell Scribe","TheFirefly","vexMod"],"gold_per_floor":[112,112,132,132,142,176,195,195,195,228,228,248,272,78,78,176,176,188,201,201,229,240,240,265,265,265,284,162,162,174,184,184,281,281,294,294,317,334,334,334,348,348,348,367,399,433,433,445,445,445],"floor_reached":51,"language":"ENG","playtime":2544,"items_purged":[],"score":1132,"play_id":"136034e0-6b9b-42db-9f75-60884162c6f8","local_time":"20210115161903","daily_mods":["Hoarder","Vintage","DeadlyEvents","Cursed Run","Elite Swarm"],"is_ascension_mode":true,"campfire_choices":[{"floor":8.0,"key":"REST"},{"data":"theScribe:StarterModifier","floor":15.0,"key":"SMITH"},{"data":"relicPack:ZaWorld","floor":23.0,"key":"SMITH"},{"data":"relicPack:ZaWorld","floor":25.0,"key":"SMITH"},{"data":"theScribe:Divination","floor":29.0,"key":"SMITH"},{"data":"relicPack:ZaWorld","floor":32.0,"key":"SMITH"},{"data":"theScribe:Divination","floor":40.0,"key":"SMITH"},{"data":"theScribe:WordsOfPower","floor":42.0,"key":"SMITH"},{"data":"theScribe:FocusedBolt","floor":49,"key":"SMITH"}],"circlet_count":0,"master_deck":["theScribe:StarterAttack","theScribe:StarterAttack","theScribe:LightningStrike","theScribe:LightningStrike","theScribe:StarterDefend","theScribe:StarterDefend","theScribe:StarterDefend","theScribe:IcyDefend","theScribe:IcyDefend","theScribe:StarterModifier+1","theScribe:FocusedBolt","theScribe:FocusedBolt","theScribe:FocusedBolt","Normality","Normality","Parasite","Parasite","Parasite","theScribe:LightningBolt","theScribe:LightningBolt","theScribe:LightningBolt","relicPack:ZaWorld+1","relicPack:ZaWorld+1","relicPack:ZaWorld+1","theScribe:WordsOfPower+1","theScribe:WordsOfPower","theScribe:WordsOfPower","theScribe:Divination+1","theScribe:Divination","theScribe:Divination+1","Shame","Shame","Shame","Injury","Injury","Injury","theScribe:FocusedBolt","theScribe:FocusedBolt","theScribe:FocusedBolt+1","Parasite","Parasite","Parasite"],"relics":["Cursed Key","Darkstone Periapt","Du-Vu Doll","aspiration:HummingbirdHeart","relicPack:OneForAll","aspiration:EmptySkull","Bronze Scales","Shuriken","qcfpunch:Red_Beret","Regal Pillow","Happy Flower","Omamori","theScribe:StormScale","relicPack:StarArrow","Runesmith:Nanobots","StuffTheSpire:PointBlank","Torii","StuffTheSpire:Experiment12","Prayer Wheel","vexMod:InvisibilityCloak","StuffTheSpire:DarkSteelAnvil","theForsaken:Kindling","theScribe:MeditationCircle","Orichalcum","Ancient Tea Set","StuffTheSpire:GrapeVine","White Beast Statue","vexMod:CardConverter","StuffTheSpire:Wildfire","aspiration:FetidBarrel","Potion Belt"],"acts_visited":["Exordium","TheCity","TheBeyond"],"potions_floor_usage":[],"damage_taken":[{"damage":8.0,"enemies":"2 Louse","floor":1.0,"turns":3.0},{"damage":0.0,"enemies":"Small Slimes","floor":3.0,"turns":4.0},{"damage":0.0,"enemies":"Cultist","floor":5.0,"turns":4.0},{"damage":30.0,"enemies":"3 Sentries","floor":6.0,"turns":15.0},{"damage":0.0,"enemies":"Large Slime","floor":7.0,"turns":4.0},{"damage":0.0,"enemies":"Lagavulin","floor":10.0,"turns":5.0},{"damage":0.0,"enemies":"Blue Slaver","floor":12.0,"turns":3.0},{"damage":33.0,"enemies":"Hexaghost","floor":16.0,"turns":7.0},{"damage":0.0,"enemies":"Chosen","floor":18.0,"turns":5.0},{"damage":0.0,"enemies":"Shell Parasite","floor":19.0,"turns":5.0},{"damage":11.0,"enemies":"Slavers","floor":21.0,"turns":6.0},{"damage":0.0,"enemies":"Shelled Parasite and Fungi","floor":22.0,"turns":5.0},{"damage":0.0,"enemies":"Gremlin Leader","floor":24.0,"turns":5.0},{"damage":10.0,"enemies":"Centurion and Healer","floor":27.0,"turns":7.0},{"damage":0.0,"enemies":"Snake Plant","floor":30.0,"turns":2.0},{"damage":0.0,"enemies":"Sentry and Sphere","floor":31.0,"turns":4.0},{"damage":33.0,"enemies":"Collector","floor":33.0,"turns":7.0},{"damage":0.0,"enemies":"3 Darklings","floor":35.0,"turns":2.0},{"damage":0.0,"enemies":"3 Shapes","floor":38.0,"turns":2.0},{"damage":0.0,"enemies":"Sphere and 2 Shapes","floor":41.0,"turns":3.0},{"damage":21,"enemies":"3 Darklings","floor":44,"turns":4},{"damage":1,"enemies":"Giant Head","floor":45,"turns":7},{"damage":0,"enemies":"Reptomancer","floor":46,"turns":4},{"damage":6,"enemies":"Writhing Mass","floor":48,"turns":4},{"damage":73,"enemies":"Awakened One","floor":50,"turns":7}],"seed_played":"2139106038546611139","potions_obtained":[{"floor":3.0,"key":"DuplicationPotion"},{"floor":7.0,"key":"BlessingOfTheForge"},{"floor":16.0,"key":"Weak Potion"},{"floor":41.0,"key":"DistilledChaos"},{"floor":48,"key":"Swift Potion"}],"is_trial":true,"path_per_floor":["M","?","M","?","M","E","M","R","T","E","$","M","T","$","R","B",null,"M","M","?","E","M","R","E","R","T","M","$","R","M","M","R","B",null,"M","$","T","M","?","R","M","R","T","M","E","E","?","M","R","B",null],"character_chosen":"THE_SCRIBE","items_purchased":["theScribe:StormScale","theScribe:LightningBolt","theScribe:WordsOfPower","theScribe:Divination"],"campfire_rested":1,"item_purchase_floors":[14,14,28,28],"current_hp_per_floor":[67,67,67,67,67,37,37,59,77,77,77,77,95,95,95,62,111,111,111,111,100,100,100,100,100,100,90,90,90,90,90,90,75,129,129,129,147,147,147,147,147,147,147,126,127,127,127,121,121,68],"gold":445,"neow_bonus":"","is_daily":false,"chose_seed":false,"campfire_upgraded":8,"win_rate":0.0,"timestamp":1610720343,"path_taken":["M","?","M","?","M","E","M","R","T","E","$","?","?","$","R","BOSS","M","?","?","?","M","R","E","R","T","M","$","R","M","M","R","BOSS","M","$","?","?","?","R","M","R","T","M","?","E","?","M","R","BOSS"],"items_purchased_type":["Relic","Card","Card","Card"],"build_version":"2020-12-22","purchased_purges":0,"victory":true,"max_hp_per_floor":[75,75,75,75,75,75,75,75,93,93,93,93,111,111,111,111,111,111,111,111,111,111,111,111,111,111,111,111,111,111,111,111,129,129,129,129,147,147,147,147,147,147,147,147,149,149,149,149,149,169],"card_choices":[{"not_picked":["theScribe:Escalation","theScribe:AbsoluteZero"],"picked":"theScribe:FocusedBolt","floor":6.0},{"not_picked":["theScribe:Overexert","theScribe:CatalyticCatastrophe","theScribe:Echo"],"picked":"SKIP","floor":10.0},{"not_picked":["theScribe:ScrollOfChaining","theScribe:Overexert","theScribe:RecurringRime"],"picked":"SKIP","floor":21.0},{"not_picked":["theScribe:Maelstrom","theScribe:BloodMagicks","theScribe:Echo"],"picked":"SKIP","floor":24.0},{"not_picked":["theScribe:Maelstrom","theScribe:ScrollOfChaining"],"picked":"theScribe:FocusedBolt","floor":45},{"not_picked":["theScribe:Ghost_Realm","theScribe:StemTheFlow","theScribe:CatalyticCatastrophe"],"picked":"SKIP","floor":46}],"player_experience":483312,"relics_obtained":[{"floor":1.0,"key":"aspiration:HummingbirdHeart"},{"floor":5.0,"key":"aspiration:EmptySkull"},{"floor":6.0,"key":"Bronze Scales"},{"floor":7.0,"key":"Shuriken"},{"floor":9.0,"key":"qcfpunch:Red_Beret"},{"floor":10.0,"key":"Regal Pillow"},{"floor":12.0,"key":"Happy Flower"},{"floor":13.0,"key":"Omamori"},{"floor":19.0,"key":"Runesmith:Nanobots"},{"floor":21.0,"key":"StuffTheSpire:PointBlank"},{"floor":22.0,"key":"Torii"},{"floor":24.0,"key":"StuffTheSpire:Experiment12"},{"floor":26.0,"key":"Prayer Wheel"},{"floor":27.0,"key":"vexMod:InvisibilityCloak"},{"floor":30.0,"key":"StuffTheSpire:DarkSteelAnvil"},{"floor":31.0,"key":"theForsaken:Kindling"},{"floor":35.0,"key":"Orichalcum"},{"floor":37.0,"key":"Ancient Tea Set"},{"floor":38.0,"key":"StuffTheSpire:GrapeVine"},{"floor":41.0,"key":"White Beast Statue"},{"floor":44,"key":"vexMod:CardConverter"},{"floor":45,"key":"StuffTheSpire:Wildfire"},{"floor":46,"key":"aspiration:FetidBarrel"},{"floor":48,"key":"Potion Belt"}],"event_choices":[{"cards_removed":["Normality"],"damage_healed":0.0,"max_hp_gain":0.0,"max_hp_loss":0.0,"gold_gain":0.0,"event_name":"Purifier","player_choice":"Purged","floor":20.0,"gold_loss":0.0,"damage_taken":0.0},{"damage_healed":0,"gold_gain":0,"player_choice":"Memory 1","damage_taken":0,"max_hp_gain":0,"max_hp_loss":0,"event_name":"SensoryStone","floor":47,"gold_loss":0}],"is_beta":false,"boss_relics":[{"not_picked":["vexMod:MegatonBomb","vexMod:BigBerry"],"picked":"relicPack:StarArrow"},{"not_picked":["vexMod:RockOfEvil","Snecko Eye"],"picked":"theScribe:MeditationCircle"}],"items_purged_floors":[],"is_endless":false,"potions_floor_spawned":[3,7,16,22,24,33,41,44,45,46,48],"ascension_level":0}}