{"host":"ecaj4hn004xnnrw9","time":1610710241,"event":{"mods":["AchievementEnabler","BaseMod","Better Third Choice","Hermit","Hubris","Infinite Spire","Jorbs\u0027s Wanderer Trilogy","Minty Spire (QoL Compilation)","Quick Restart","Shop Mod","StSLib","The Construct","The Jungle","The Runesmith"],"gold_per_floor":[116,136,153,153,8,34,34,53,77,77,90,110,110,120,120,120,120],"floor_reached":16,"language":"ENG","playtime":273,"items_purged":["Strike_P"],"score":135,"play_id":"77f28b12-257c-4b7d-b126-394662e425ff","local_time":"20210115113041","is_ascension_mode":true,"campfire_choices":[{"data":"Combust","floor":10,"key":"SMITH"},{"floor":15,"key":"REST"}],"circlet_count":0,"master_deck":["Strike_P","Strike_P","Strike_P","Defend_P","Defend_P","Defend_P","Defend_P","Eruption","Vigilance","Consecrate","Tantrum","Wallop","Combust+1","Adaptation","Omniscience+1","SandsOfTime","BowlingBash","Halt"],"relics":["hubris:ScarierMask","Vajra","Bag of Preparation"],"acts_visited":["Exordium"],"potions_floor_usage":[],"damage_taken":[{"damage":0,"enemies":"Small Slimes","floor":1,"turns":2},{"damage":0,"enemies":"Jaw Worm","floor":2,"turns":4},{"damage":0,"enemies":"Cultist","floor":3,"turns":2},{"damage":3,"enemies":"3 Sentries","floor":6,"turns":5},{"damage":1,"enemies":"Looter","floor":8,"turns":2},{"damage":16,"enemies":"Exordium Thugs","floor":11,"turns":2},{"damage":7,"enemies":"Red Slaver","floor":12,"turns":4},{"damage":6,"enemies":"Large Slime","floor":14,"turns":4},{"damage":0,"enemies":"Hexaghost","floor":16,"turns":1}],"seed_played":"6261418914411410130","potions_obtained":[{"floor":2,"key":"Strength Potion"},{"floor":3,"key":"construct:ShiftPotion"},{"floor":8,"key":"BlessingOfTheForge"}],"is_trial":false,"path_per_floor":["M","M","M","?","$","E","?","M","T","R","M","M","?","M","R","B"],"character_chosen":"WATCHER","items_purchased":["Adaptation"],"campfire_rested":1,"item_purchase_floors":[5],"current_hp_per_floor":[72,72,72,67,67,64,64,63,63,63,47,40,40,34,55,55,55],"gold":120,"neow_bonus":"BOSS_RELIC","is_daily":false,"chose_seed":false,"campfire_upgraded":1,"win_rate":0.0,"timestamp":1610710241,"path_taken":["M","M","M","?","$","E","?","M","T","R","M","M","?","M","R","BOSS"],"items_purchased_type":["Card"],"build_version":"2020-12-22","purchased_purges":1,"victory":false,"max_hp_per_floor":[72,72,72,72,72,72,72,72,72,72,72,72,72,72,72,72,72],"card_choices":[{"not_picked":["WindmillStrike","EmptyBody"],"picked":"Consecrate","floor":1},{"not_picked":["Prostrate","Indignation"],"picked":"Tantrum","floor":2},{"not_picked":["Adaptation","ThirdEye"],"picked":"Wallop","floor":3},{"not_picked":["Crescendo","Indignation"],"picked":"Omniscience","floor":6},{"not_picked":["CutThroughFate","MentalFortress"],"picked":"SandsOfTime","floor":8},{"not_picked":["EmptyMind","SignatureMove","WreathOfFlame"],"picked":"SKIP","floor":11},{"not_picked":["Prostrate","Crescendo"],"picked":"BowlingBash","floor":12},{"not_picked":["ThirdEye","Indignation"],"picked":"Halt","floor":14}],"player_experience":348968,"relics_obtained":[{"floor":6,"key":"Vajra"},{"floor":9,"key":"Bag of Preparation"}],"event_choices":[{"damage_healed":0,"gold_gain":0,"player_choice":"Card ","damage_taken":5,"max_hp_gain":0,"max_hp_loss":0,"event_name":"betterThird:BetterScrap","floor":4,"gold_loss":0,"cards_obtained":["Combust"]},{"damage_healed":0,"gold_gain":0,"player_choice":"Ignored","damage_taken":110,"max_hp_gain":0,"max_hp_loss":0,"event_name":"betterThird:BetterSerpent","floor":13,"gold_loss":0}],"is_beta":false,"boss_relics":[],"items_purged_floors":[5],"is_endless":false,"potions_floor_spawned":[2,3,8,12],"killed_by":"Hexaghost","ascension_level":1}}