{"host":"y89x8uui45kcjy42","time":1610693624,"event":{"mods":["2.2 Compatiblity","BaseMod","CapriCore","Colored Map","Colored Powertips","Custom Start","Friendly Minions","Keyboard Shortcuts","Minty Spire (QoL Compilation)","Relic Stats","Slay the Relics Exporter","StSLib","SuperFastMode","Uncapped"],"gold_per_floor":[17,36,98,111,126,156,233,264,264,282,297,297,114,135,135,209,209,221,52,102,119,136,136,166,166,193,211,211,211,240,240,240,312,312,325,375,389,227,247,280,294,294,294,294,324,335,355,191,191,191,191,191],"floor_reached":51,"language":"KOR","playtime":1327,"items_purged":[],"score":1464,"play_id":"aa32ffc1-1c14-4b71-ae15-f0b3d29f1fdb","local_time":"20210115155344","is_ascension_mode":true,"campfire_choices":[{"data":"Double Tap","floor":12.0,"key":"SMITH"},{"data":"Uppercut","floor":15.0,"key":"SMITH"},{"data":"Rampage","floor":23.0,"key":"SMITH"},{"data":"Disarm","floor":25.0,"key":"SMITH"},{"data":"Fire Breathing","floor":32.0,"key":"SMITH"},{"floor":42,"key":"RECALL"},{"data":"Hemokinesis","floor":44,"key":"SMITH"},{"data":"Rampage","floor":49,"key":"SMITH"}],"circlet_count":0,"master_deck":["Reprogram+1","Uppercut+1","Rampage+1","Disarm+1","Hemokinesis+1","Double Tap+1","Shrug It Off","Fire Breathing+1","Headbutt+1","Rampage+1"],"relics":["Black Blood","Magic Flower","TungstenRod","White Beast Statue","MealTicket","Ginger","OrangePellets","Odd Mushroom","Busted Crown","TheAbacus","Self Forming Clay","Blood Vial","Centennial Puzzle","Black Star","Vajra","Kunai","Thread and Needle","Mummified Hand","Du-Vu Doll","Bag of Marbles","Sling"],"acts_visited":["Exordium","TheCity","TheBeyond"],"potions_floor_usage":[37,37,50],"damage_taken":[{"damage":9.0,"enemies":"Small Slimes","floor":1.0,"turns":3.0},{"damage":5.0,"enemies":"Jaw Worm","floor":2.0,"turns":3.0},{"damage":5.0,"enemies":"2 Louse","floor":4.0,"turns":2.0},{"damage":16.0,"enemies":"2 Fungi Beasts","floor":5.0,"turns":3.0},{"damage":53.0,"enemies":"3 Sentries","floor":6.0,"turns":8.0},{"damage":28.0,"enemies":"Gremlin Nob","floor":8.0,"turns":4.0},{"damage":20.0,"enemies":"Exordium Thugs","floor":10.0,"turns":3.0},{"damage":6.0,"enemies":"Looter","floor":11.0,"turns":4.0},{"damage":19.0,"enemies":"The Mushroom Lair","floor":14.0,"turns":4.0},{"damage":16.0,"enemies":"Hexaghost","floor":16.0,"turns":7.0},{"damage":18.0,"enemies":"Shell Parasite","floor":18.0,"turns":4.0},{"damage":2.0,"enemies":"Chosen","floor":21.0,"turns":2.0},{"damage":7.0,"enemies":"Centurion and Healer","floor":22.0,"turns":3.0},{"damage":52.0,"enemies":"Gremlin Leader","floor":24.0,"turns":8.0},{"damage":18.0,"enemies":"Shelled Parasite and Fungi","floor":27.0,"turns":3.0},{"damage":14.0,"enemies":"Book of Stabbing","floor":30.0,"turns":5.0},{"damage":42.0,"enemies":"Automaton","floor":33.0,"turns":7.0},{"damage":23,"enemies":"3 Shapes","floor":35,"turns":3},{"damage":22,"enemies":"3 Darklings","floor":37,"turns":4},{"damage":35,"enemies":"Jaw Worm Horde","floor":39,"turns":4},{"damage":20,"enemies":"Reptomancer","floor":40,"turns":5},{"damage":9,"enemies":"Maw","floor":41,"turns":4},{"damage":18,"enemies":"Giant Head","floor":45,"turns":5},{"damage":1,"enemies":"Sphere and 2 Shapes","floor":46,"turns":4},{"damage":6,"enemies":"Writhing Mass","floor":47,"turns":3},{"damage":74,"enemies":"Awakened One","floor":50,"turns":10},{"damage":32,"enemies":"Time Eater","floor":51,"turns":3}],"seed_played":"-3514013816590202115","potions_obtained":[{"floor":2.0,"key":"SteroidPotion"},{"floor":6.0,"key":"DuplicationPotion"},{"floor":8.0,"key":"SmokeBomb"},{"floor":10.0,"key":"Dexterity Potion"},{"floor":11.0,"key":"Strength Potion"},{"floor":16.0,"key":"FearPotion"},{"floor":18.0,"key":"Regen Potion"},{"floor":21.0,"key":"Weak Potion"},{"floor":22.0,"key":"BloodPotion"},{"floor":24.0,"key":"BloodPotion"},{"floor":27.0,"key":"Regen Potion"},{"floor":33.0,"key":"SkillPotion"},{"floor":35,"key":"Fruit Juice"},{"floor":37,"key":"SkillPotion"},{"floor":39,"key":"ColorlessPotion"},{"floor":41,"key":"DistilledChaos"},{"floor":45,"key":"DuplicationPotion"}],"is_trial":false,"path_per_floor":["M","M","?","M","M","E","T","E","T","M","M","R","$","?","R","B",null,"M","$","?","M","M","R","E","R","T","M","$","?","E","?","R","B",null,"M","?","M","$","M","E","M","R","T","R","E","M","M","$","R","B","B"],"character_chosen":"IRONCLAD","items_purchased":["Shrug It Off","OrangePellets","TheAbacus","Vajra","Sling"],"campfire_rested":0,"item_purchase_floors":[13,13,19,38,48],"current_hp_per_floor":[75,75,75,75,75,40,40,30,30,28,40,40,55,54,54,56,70,70,75,69,75,75,75,64,64,64,67,75,58,65,65,65,67,73,70,70,77,80,63,64,76,76,76,76,79,80,80,80,80,24,0,0],"gold":191,"neow_bonus":"TRANSFORM_TWO_CARDS","is_daily":false,"chose_seed":false,"campfire_upgraded":7,"win_rate":0.0,"timestamp":1610693624,"path_taken":["M","M","?","M","M","E","?","E","T","?","M","R","$","?","R","BOSS","M","$","?","M","M","R","E","R","T","M","?","?","E","?","R","BOSS","M","?","M","?","M","E","M","R","T","R","E","?","M","$","R","BOSS","BOSS"],"items_purchased_type":["Card","Relic","Relic","Relic","Relic"],"build_version":"2020-12-22","purchased_purges":0,"victory":false,"max_hp_per_floor":[75,75,75,75,75,75,75,75,75,75,75,75,75,75,75,75,75,75,75,75,75,75,75,75,75,75,75,75,75,75,75,75,75,75,75,75,80,80,80,80,80,80,80,80,80,80,80,80,80,80,80,80],"relic_stats":{"counters":[27,118],"Self Forming Clay":[168],"Black Blood":388,"Magic Flower":[143],"Ginger":[11],"Blood Vial":27,"OrangePellets":[9],"Centennial Puzzle":[33],"Busted Crown":30,"TheAbacus":[318],"Mummified Hand":[5],"MealTicket":31,"Black Star":2,"Kunai":[8],"obtain_stats":[{"Self Forming Clay":24,"Black Blood":0,"Magic Flower":0,"Vajra":38,"Thread and Needle":40,"Ginger":9,"Odd Mushroom":14,"Sling":48,"Burning Blood":0,"White Beast Statue":7,"Blood Vial":26,"Du-Vu Doll":45,"OrangePellets":13,"Centennial Puzzle":30,"Busted Crown":17,"TheAbacus":19,"Mummified Hand":43,"MealTicket":8,"Black Star":34,"Bag of Marbles":45,"Kunai":40,"TungstenRod":6},{"Self Forming Clay":14,"Black Blood":0,"Magic Flower":0,"Vajra":19,"Thread and Needle":21,"Ginger":6,"Odd Mushroom":9,"Sling":25,"Burning Blood":0,"White Beast Statue":5,"Blood Vial":14,"Du-Vu Doll":23,"OrangePellets":8,"Centennial Puzzle":16,"Busted Crown":10,"TheAbacus":11,"Mummified Hand":22,"MealTicket":6,"Black Star":17,"Bag of Marbles":23,"Kunai":21,"TungstenRod":5},{"Self Forming Clay":58,"Black Blood":0,"Magic Flower":0,"Vajra":80,"Thread and Needle":89,"Ginger":23,"Odd Mushroom":34,"Sling":105,"Burning Blood":0,"White Beast Statue":19,"Blood Vial":58,"Du-Vu Doll":98,"OrangePellets":30,"Centennial Puzzle":66,"Busted Crown":41,"TheAbacus":45,"Mummified Hand":93,"MealTicket":23,"Black Star":73,"Bag of Marbles":98,"Kunai":89,"TungstenRod":19}],"TungstenRod":109},"card_choices":[{"not_picked":["Warcry","Havoc","Heavy Blade"],"picked":"SKIP","floor":1.0},{"not_picked":["Clash","True Grit","Evolve"],"picked":"SKIP","floor":2.0},{"not_picked":["Warcry","Intimidate"],"picked":"Disarm","floor":4.0},{"not_picked":["Havoc","Dual Wield","Clash"],"picked":"SKIP","floor":5.0},{"not_picked":["Armaments","Headbutt","Clash"],"picked":"SKIP","floor":6.0},{"not_picked":["Infernal Blade","Body Slam"],"picked":"Hemokinesis","floor":8.0},{"not_picked":["Reckless Charge","Entrench","Inflame"],"picked":"SKIP","floor":10.0},{"not_picked":["Cleave","Havoc"],"picked":"Double Tap","floor":11.0},{"not_picked":["Headbutt"],"picked":"SKIP","floor":18.0},{"not_picked":["Havoc"],"picked":"SKIP","floor":21.0},{"not_picked":[],"picked":"Fire Breathing","floor":22.0},{"not_picked":["Twin Strike"],"picked":"SKIP","floor":24.0},{"not_picked":["Combust"],"picked":"SKIP","floor":27.0},{"not_picked":["True Grit"],"picked":"SKIP","floor":30.0},{"not_picked":["Anger"],"picked":"SKIP","floor":35},{"not_picked":["Metallicize"],"picked":"SKIP","floor":37},{"not_picked":["Sword Boomerang+1"],"picked":"SKIP","floor":39},{"not_picked":["Pommel Strike"],"picked":"SKIP","floor":40},{"not_picked":["Combust"],"picked":"SKIP","floor":41},{"not_picked":[],"picked":"Headbutt+1","floor":45},{"not_picked":["Warcry"],"picked":"SKIP","floor":46},{"not_picked":["Rampage"],"picked":"SKIP","floor":47},{"not_picked":[],"picked":"Rampage","floor":47}],"player_experience":611411,"relics_obtained":[{"floor":6.0,"key":"TungstenRod"},{"floor":7.0,"key":"White Beast Statue"},{"floor":8.0,"key":"MealTicket"},{"floor":9.0,"key":"Ginger"},{"floor":14.0,"key":"Odd Mushroom"},{"floor":24.0,"key":"Self Forming Clay"},{"floor":26.0,"key":"Blood Vial"},{"floor":30.0,"key":"Centennial Puzzle"},{"floor":40,"key":"Kunai"},{"floor":40,"key":"Thread and Needle"},{"floor":43,"key":"Mummified Hand"},{"floor":45,"key":"Du-Vu Doll"},{"floor":45,"key":"Bag of Marbles"}],"event_choices":[{"damage_healed":0.0,"max_hp_gain":0.0,"max_hp_loss":0.0,"gold_gain":62.0,"event_name":"Golden Wing","player_choice":"Gained Gold","floor":3.0,"gold_loss":0.0,"damage_taken":0.0},{"damage_healed":0.0,"max_hp_gain":0.0,"max_hp_loss":0.0,"gold_gain":0.0,"event_name":"Mushrooms","player_choice":"Fought Mushrooms","floor":14.0,"gold_loss":0.0,"damage_taken":0.0},{"damage_healed":0.0,"max_hp_gain":0.0,"max_hp_loss":0.0,"gold_gain":50.0,"event_name":"FaceTrader","player_choice":"Touch","floor":20.0,"gold_loss":0.0,"damage_taken":7.0},{"damage_healed":0.0,"max_hp_gain":0.0,"max_hp_loss":0.0,"gold_gain":0.0,"event_name":"Cursed Tome","player_choice":"Obtained Book","floor":29.0,"gold_loss":0.0,"damage_taken":21.0},{"cards_removed":["Bash"],"damage_healed":0.0,"max_hp_gain":0.0,"max_hp_loss":0.0,"gold_gain":0.0,"event_name":"Wheel of Change","player_choice":"Card Removal","floor":31.0,"gold_loss":0.0,"damage_taken":0.0},{"damage_healed":0,"gold_gain":50,"player_choice":"Pray","damage_taken":0,"max_hp_gain":0,"max_hp_loss":0,"event_name":"Golden Shrine","floor":36,"gold_loss":0}],"is_beta":false,"boss_relics":[{"not_picked":["Mark of Pain","Astrolabe"],"picked":"Busted Crown"},{"not_picked":["Velvet Choker","Runic Dome"],"picked":"Black Star"}],"items_purged_floors":[],"is_endless":false,"potions_floor_spawned":[2,6,8,10,11,14,16,18,21,22,24,27,30,33,35,37,39,40,41,45,46,47],"killed_by":"Time Eater","ascension_level":20}}