{"host":"y76clbnovzmw9ubx","time":1610680698,"event":{"mods":["AchievementEnabler","BaseMod","Minty Spire (QoL Compilation)","Permanent Neow","Relic Stats"],"gold_per_floor":[118,118,128,143,158,189,189,205,205,205,205],"floor_reached":10,"language":"ENG","playtime":375,"items_purged":[],"score":140,"play_id":"13d47ad2-6ff5-4645-8be1-fd13b1f762a3","local_time":"20210114221818","is_ascension_mode":true,"campfire_choices":[{"data":"Uppercut","floor":7.0,"key":"SMITH"}],"circlet_count":0,"master_deck":["AscendersBane","Strike_R","Strike_R","Strike_R","Strike_R","Defend_R","Defend_R","Defend_R","Bash","Blood for Blood","Anger","Uppercut+1","Heavy Blade","Sever Soul","Feel No Pain","Whirlwind","Shrug It Off","Ghostly Armor","Spot Weakness"],"relics":["Burning Blood","Question Card","Mercury Hourglass"],"acts_visited":["Exordium"],"potions_floor_usage":[],"damage_taken":[{"damage":12.0,"enemies":"Jaw Worm","floor":1.0,"turns":2.0},{"damage":6.0,"enemies":"Cultist","floor":3.0,"turns":3.0},{"damage":1.0,"enemies":"Small Slimes","floor":4.0,"turns":3.0},{"damage":22.0,"enemies":"Exordium Thugs","floor":5.0,"turns":3.0},{"damage":28.0,"enemies":"Gremlin Nob","floor":6.0,"turns":4.0},{"damage":11.0,"enemies":"3 Louse","floor":8.0,"turns":4.0},{"damage":32,"enemies":"Lagavulin","floor":10,"turns":5}],"seed_played":"4261389222105113623","potions_obtained":[{"floor":1.0,"key":"Energy Potion"},{"floor":3.0,"key":"DuplicationPotion"}],"is_trial":false,"path_per_floor":["M","?","M","M","M","E","R","M","T","E"],"character_chosen":"IRONCLAD","items_purchased":[],"campfire_rested":0,"item_purchase_floors":[],"current_hp_per_floor":[62,62,62,67,51,29,29,24,24,0,0],"gold":205,"neow_bonus":"TRANSFORM_TWO_CARDS","is_daily":false,"chose_seed":false,"campfire_upgraded":1,"win_rate":0.0,"timestamp":1610680698,"path_taken":["M","?","?","M","M","E","R","M","T","E"],"items_purchased_type":[],"build_version":"2020-12-22","purchased_purges":0,"victory":false,"max_hp_per_floor":[68,68,68,68,68,68,68,68,68,68,68],"relic_stats":{"counters":[7,24],"Question Card":1,"obtain_stats":[{"Question Card":6,"Burning Blood":0,"Mercury Hourglass":9},{"Question Card":5,"Burning Blood":0,"Mercury Hourglass":6},{"Question Card":15,"Burning Blood":0,"Mercury Hourglass":19}],"Burning Blood":36,"Mercury Hourglass":[6]},"card_choices":[{"not_picked":["Sword Boomerang","Burning Pact"],"picked":"Uppercut","floor":1.0},{"not_picked":["Shockwave","Battle Trance"],"picked":"Feel No Pain","floor":3.0},{"not_picked":["Heavy Blade","Shrug It Off"],"picked":"Whirlwind","floor":4.0},{"not_picked":["Blood for Blood","Havoc"],"picked":"Shrug It Off","floor":5.0},{"not_picked":["Juggernaut","Clothesline"],"picked":"Ghostly Armor","floor":6.0},{"not_picked":["Havoc","Iron Wave","Power Through"],"picked":"Spot Weakness","floor":8.0}],"player_experience":3056832,"relics_obtained":[{"floor":6.0,"key":"Question Card"},{"floor":9.0,"key":"Mercury Hourglass"}],"event_choices":[{"damage_healed":0.0,"max_hp_gain":0.0,"max_hp_loss":0.0,"gold_gain":0.0,"event_name":"Match and Keep!","player_choice":"2 cards matched","floor":2.0,"gold_loss":0.0,"damage_taken":0.0,"cards_obtained":["Heavy Blade","Sever Soul"]}],"is_beta":false,"boss_relics":[],"items_purged_floors":[],"is_endless":false,"potions_floor_spawned":[1,3],"killed_by":"Lagavulin","ascension_level":20}}