{"host":"dnvpprmy3abbf89m","time":1610688393,"event":{"mods":["BaseMod","Colored Map","Minty Spire (QoL Compilation)","StSLib"],"gold_per_floor":[115,115,40,40,40,58,92,92,118,139,164,178,178,212,212,343,343,359,458,458,458,10,10,41,41,41,57,80,114,129,145,145,265,265,280,360,693,693,709,709,721,749,749,749,849,864,864,883,883,883,883,883,233,268,268,268],"floor_reached":55,"language":"ENG","playtime":21167,"items_purged":["Normality","Bite"],"score":972,"play_id":"5c782de1-1cd8-429b-8e7e-ff12d4dd6638","local_time":"20210115062633","is_ascension_mode":true,"campfire_choices":[{"data":"Rampage","floor":8.0,"key":"SMITH"},{"data":"Shockwave","floor":15.0,"key":"SMITH"},{"data":"Armaments","floor":23.0,"key":"SMITH"},{"data":"Reaper","floor":25.0,"key":"SMITH"},{"data":"Disarm","floor":32.0,"key":"SMITH"},{"data":"Double Tap","floor":40.0,"key":"SMITH"},{"data":"Ghostly Armor","floor":44,"key":"SMITH"},{"floor":49,"key":"RECALL"},{"data":"Body Slam","floor":52,"key":"SMITH"}],"circlet_count":0,"master_deck":["Defend_R+1","Defend_R","Defend_R","Defend_R+1","Bash","Reaper+1","Rampage+1","Warcry","Shockwave+1","Shrug It Off","Body Slam+1","Impervious","Bite","Bite","Bite","Bite","Armaments+1","Inflame+1","Disarm+1","Metallicize+1","Shrug It Off","Double Tap+1","Inflame+1","Intimidate","Entrench+1","Ghostly Armor+1","Metallicize+1","Bloodletting","Rage","Warcry","Rampage+1","Rupture+1","Dropkick+1"],"relics":["Burning Blood","Bottled Flame","Odd Mushroom","Sozu","Juzu Bracelet","Ornamental Fan","Frozen Egg 2","Mummified Hand","Smiling Mask","Molten Egg 2","Coffee Dripper","Kunai","Paper Frog","DollysMirror","Dead Branch","HornCleat"],"acts_visited":["Exordium","TheCity","TheBeyond","TheEnding"],"potions_floor_usage":[],"damage_taken":[{"damage":10.0,"enemies":"Cultist","floor":1.0,"turns":5.0},{"damage":8.0,"enemies":"Jaw Worm","floor":6.0,"turns":4.0},{"damage":20.0,"enemies":"Lagavulin","floor":7.0,"turns":5.0},{"damage":6.0,"enemies":"2 Louse","floor":10.0,"turns":3.0},{"damage":20.0,"enemies":"Large Slime","floor":11.0,"turns":5.0},{"damage":11.0,"enemies":"Blue Slaver","floor":12.0,"turns":4.0},{"damage":12.0,"enemies":"The Mushroom Lair","floor":14.0,"turns":5.0},{"damage":20.0,"enemies":"Hexaghost","floor":16.0,"turns":9.0},{"damage":5.0,"enemies":"3 Byrds","floor":18.0,"turns":5.0},{"damage":50.0,"enemies":"Gremlin Leader","floor":24.0,"turns":8.0},{"damage":0.0,"enemies":"Chosen","floor":27.0,"turns":5.0},{"damage":25.0,"enemies":"Book of Stabbing","floor":29.0,"turns":6.0},{"damage":33.0,"enemies":"Snecko","floor":30.0,"turns":7.0},{"damage":15.0,"enemies":"Snake Plant","floor":31.0,"turns":5.0},{"damage":50.0,"enemies":"Automaton","floor":33.0,"turns":12.0},{"damage":13.0,"enemies":"3 Shapes","floor":35.0,"turns":7.0},{"damage":10.0,"enemies":"Orb Walker","floor":39.0,"turns":4.0},{"damage":0,"enemies":"Jaw Worm Horde","floor":41,"turns":5},{"damage":39,"enemies":"Giant Head","floor":42,"turns":9},{"damage":4,"enemies":"4 Shapes","floor":46,"turns":8},{"damage":25,"enemies":"Writhing Mass","floor":48,"turns":8},{"damage":130,"enemies":"Donu and Deca","floor":50,"turns":14},{"damage":47,"enemies":"Shield and Spear","floor":54,"turns":7},{"damage":107,"enemies":"The Heart","floor":55,"turns":6}],"seed_played":"304251074815691214","potions_obtained":[{"floor":7.0,"key":"FairyPotion"},{"floor":11.0,"key":"Strength Potion"}],"is_trial":false,"path_per_floor":["M","?","$","?","$","M","E","R","T","M","M","M","?","?","R","B",null,"M","?","?","?","$","R","E","R","T","M","T","E","M","M","R","B",null,"M","T","?","?","M","R","M","E","T","R","?","M","?","M","R","B",null,"R","$","E","B"],"character_chosen":"IRONCLAD","items_purchased":["Juzu Bracelet","Ornamental Fan","Armaments","Rage","Warcry","DollysMirror","Dead Branch","Rupture+1"],"campfire_rested":0,"item_purchase_floors":[22,22,22,53,53,53,53,53],"current_hp_per_floor":[74,74,74,54,54,56,42,42,42,48,44,45,29,43,43,37,69,72,72,72,72,72,72,51,51,51,66,66,56,40,49,49,30,68,80,80,80,80,80,80,80,65,65,65,65,80,80,80,80,54,74,74,74,56,0,0],"gold":268,"neow_bonus":"THREE_RARE_CARDS","is_daily":false,"chose_seed":false,"campfire_upgraded":8,"win_rate":0.0,"timestamp":1610688393,"path_taken":["M","?","$","?","$","?","E","R","T","M","M","M","?","?","R","BOSS","M","?","?","?","$","R","E","R","T","M","?","E","M","M","R","BOSS","M","?","?","?","M","R","M","E","T","R","?","M","?","M","R","BOSS","R","$","E","BOSS"],"items_purchased_type":["Relic","Relic","Card","Card","Card","Relic","Relic","Card"],"build_version":"2020-12-22","purchased_purges":2,"victory":false,"max_hp_per_floor":[80,80,80,80,80,80,80,80,80,80,80,80,80,80,80,80,80,80,80,80,80,80,80,80,80,80,80,80,80,80,80,80,80,80,80,80,80,80,80,80,80,80,80,80,80,80,80,80,80,80,80,80,80,80,80,80],"card_choices":[{"not_picked":["Offering","Double Tap"],"picked":"Reaper","floor":0.0},{"not_picked":["Carnage","Heavy Blade"],"picked":"Rampage","floor":1.0},{"not_picked":["Blood for Blood","Armaments"],"picked":"Headbutt","floor":6.0},{"not_picked":["Fire Breathing","Twin Strike","Headbutt"],"picked":"SKIP","floor":7.0},{"not_picked":["Iron Wave","Havoc"],"picked":"Warcry","floor":10.0},{"not_picked":["Pummel","Thunderclap"],"picked":"Shockwave","floor":11.0},{"not_picked":["Wild Strike","Juggernaut"],"picked":"Shrug It Off","floor":12.0},{"not_picked":["Warcry","Sentinel"],"picked":"Body Slam","floor":14.0},{"not_picked":["Berserk","Corruption"],"picked":"Impervious","floor":16.0},{"not_picked":["Clash","Pommel Strike","Cleave"],"picked":"SKIP","floor":18.0},{"not_picked":["Iron Wave","Clash","Armaments+1"],"picked":"SKIP","floor":24.0},{"not_picked":["Sword Boomerang","Blood for Blood"],"picked":"Inflame+1","floor":27.0},{"not_picked":["Evolve+1","Pommel Strike+1"],"picked":"Disarm","floor":29.0},{"not_picked":["Reckless Charge+1","Clothesline+1"],"picked":"Metallicize+1","floor":30.0},{"not_picked":["Body Slam+1","Battle Trance"],"picked":"Shrug It Off","floor":31.0},{"not_picked":["Immolate+1","Fiend Fire+1"],"picked":"Double Tap","floor":33.0},{"not_picked":["Shockwave+1","Perfected Strike+1"],"picked":"Inflame+1","floor":35.0},{"not_picked":["Wild Strike+1","Clothesline+1"],"picked":"Intimidate","floor":39.0},{"not_picked":["Pommel Strike+1","Armaments+1"],"picked":"Entrench+1","floor":41},{"not_picked":["Searing Blow+1","Pommel Strike+1"],"picked":"Ghostly Armor","floor":42},{"not_picked":["Rupture+1","Body Slam+1"],"picked":"Metallicize+1","floor":46},{"not_picked":["Flex","Immolate+1"],"picked":"Bloodletting","floor":48},{"not_picked":["Pommel Strike+1","Spot Weakness"],"picked":"Dropkick+1","floor":54}],"player_experience":802743,"relics_obtained":[{"floor":7.0,"key":"Bottled Flame"},{"floor":9.0,"key":"Blood Vial"},{"floor":14.0,"key":"Odd Mushroom"},{"floor":24.0,"key":"Frozen Egg 2"},{"floor":26.0,"key":"Mummified Hand"},{"floor":28.0,"key":"Smiling Mask"},{"floor":29.0,"key":"Molten Egg 2"},{"floor":36.0,"key":"Kunai"},{"floor":42,"key":"Paper Frog"},{"floor":54,"key":"HornCleat"}],"event_choices":[{"cards_removed":["Strike_R"],"damage_healed":0.0,"max_hp_gain":0.0,"max_hp_loss":0.0,"gold_gain":0.0,"event_name":"Bonfire Elementals","player_choice":"Offered Basic","floor":2.0,"gold_loss":0.0,"damage_taken":0.0},{"damage_healed":0.0,"max_hp_gain":0.0,"max_hp_loss":0.0,"gold_gain":0.0,"event_name":"Golden Idol","player_choice":"Take Damage","floor":4.0,"gold_loss":0.0,"damage_taken":20.0,"relics_obtained":["Golden Idol"]},{"damage_healed":0.0,"max_hp_gain":0.0,"max_hp_loss":0.0,"gold_gain":0.0,"event_name":"Shining Light","player_choice":"Entered Light","floor":13.0,"gold_loss":0.0,"damage_taken":16.0,"cards_upgraded":["Defend_R","Defend_R"]},{"damage_healed":0.0,"max_hp_gain":0.0,"max_hp_loss":0.0,"gold_gain":0.0,"event_name":"Mushrooms","player_choice":"Fought Mushrooms","floor":14.0,"gold_loss":0.0,"damage_taken":0.0},{"damage_healed":0.0,"max_hp_gain":0.0,"max_hp_loss":0.0,"gold_gain":99.0,"event_name":"Nest","player_choice":"Stole From Cult","floor":19.0,"gold_loss":0.0,"damage_taken":0.0},{"cards_removed":["Strike_R"],"damage_healed":0.0,"max_hp_gain":0.0,"max_hp_loss":0.0,"gold_gain":0.0,"event_name":"Back to Basics","player_choice":"Elegance","floor":20.0,"gold_loss":0.0,"damage_taken":0.0},{"damage_healed":0.0,"max_hp_gain":0.0,"max_hp_loss":0.0,"gold_gain":0.0,"event_name":"Vampires","player_choice":"Became a vampire (Vial)","floor":21.0,"relics_lost":["Blood Vial"],"gold_loss":0.0,"damage_taken":0.0,"cards_obtained":["Bite","Bite","Bite","Bite","Bite"]},{"damage_healed":0.0,"max_hp_gain":0.0,"max_hp_loss":0.0,"gold_gain":333.0,"event_name":"The Moai Head","player_choice":"Gave Idol","floor":37.0,"relics_lost":["Golden Idol"],"gold_loss":0.0,"damage_taken":0.0},{"cards_removed":["Headbutt"],"damage_healed":0.0,"max_hp_gain":0.0,"max_hp_loss":0.0,"gold_gain":0.0,"event_name":"Falling","player_choice":"Removed Attack","floor":38.0,"gold_loss":0.0,"damage_taken":0.0},{"damage_healed":0,"gold_gain":100,"player_choice":"Pray","damage_taken":0,"max_hp_gain":0,"max_hp_loss":0,"event_name":"Golden Shrine","floor":45,"gold_loss":0},{"damage_healed":0,"gold_gain":0,"player_choice":"Ignored","damage_taken":0,"max_hp_gain":0,"max_hp_loss":0,"event_name":"SecretPortal","floor":47,"gold_loss":0}],"is_beta":false,"boss_relics":[{"not_picked":["Black Star","Black Blood"],"picked":"Sozu"},{"not_picked":["Astrolabe","Pandora\u0027s Box"],"picked":"Coffee Dripper"}],"items_purged_floors":[3,53],"is_endless":false,"potions_floor_spawned":[7,11,24,27,29,39,42,54],"killed_by":"The Heart","ascension_level":7}}