{"host":"7rmsgc3rayi00cdt","time":1610717799,"event":{"mods":["BaseMod","Minty Spire (QoL Compilation)"],"gold_per_floor":[115,115,115,130,130,163,163,180,180,180,192,224,224,247,247,345,345,369,394,427,427,152,152,152,152,179,197,197,210,228,241,241,241,241],"floor_reached":33,"language":"ENG","playtime":1081,"items_purged":[],"score":463,"play_id":"662a406a-8b74-4fa8-9b36-05d789ab35ec","local_time":"20210115133639","is_ascension_mode":true,"campfire_choices":[{"floor":10,"key":"REST"},{"floor":15,"key":"REST"},{"floor":23,"key":"REST"},{"floor":25,"key":"REST"},{"floor":32,"key":"REST"}],"circlet_count":0,"master_deck":["AscendersBane","Strike_B","Strike_B","Strike_B","Defend_B","Defend_B","Defend_B","Zap","Dualcast","Ball Lightning","Redo+1","Loop","Leap","Beam Cell","Tempest","Coolheaded","Injury","Core Surge","Go for the Eyes+1","Shame","Ball Lightning+1","Writhe","Gash","Go for the Eyes+1","Steam","Gash+1"],"relics":["Cracked Core","Du-Vu Doll","Gambling Chip","CaptainsWheel","Torii","Golden Idol","Cursed Key","Red Mask","Pantograph","Dream Catcher","WingedGreaves"],"acts_visited":["Exordium","TheCity"],"potions_floor_usage":[6,18,30,31,33],"damage_taken":[{"damage":0,"enemies":"Cultist","floor":1,"turns":3},{"damage":3,"enemies":"Small Slimes","floor":4,"turns":3},{"damage":20,"enemies":"Gremlin Nob","floor":6,"turns":4},{"damage":7,"enemies":"Jaw Worm","floor":8,"turns":3},{"damage":6,"enemies":"Looter","floor":11,"turns":3},{"damage":13,"enemies":"Lagavulin","floor":12,"turns":4},{"damage":17,"enemies":"3 Louse","floor":14,"turns":3},{"damage":9,"enemies":"Hexaghost","floor":16,"turns":11},{"damage":2,"enemies":"2 Thieves","floor":18,"turns":3},{"damage":4,"enemies":"3 Byrds","floor":19,"turns":5},{"damage":29,"enemies":"Masked Bandits","floor":20,"turns":5},{"damage":8,"enemies":"3 Cultists","floor":27,"turns":5},{"damage":22,"enemies":"Centurion and Healer","floor":29,"turns":5},{"damage":24,"enemies":"Snake Plant","floor":30,"turns":3},{"damage":7,"enemies":"3 Cultists","floor":31,"turns":4},{"damage":72,"enemies":"Champ","floor":33,"turns":9}],"seed_played":"-611979252781070145","potions_obtained":[{"floor":4,"key":"BlessingOfTheForge"},{"floor":16,"key":"Fire Potion"},{"floor":20,"key":"Regen Potion"},{"floor":29,"key":"EssenceOfDarkness"},{"floor":30,"key":"Regen Potion"}],"is_trial":false,"path_per_floor":["M","?","?","M","?","E","?","M","T","R","M","E","?","M","R","B",null,"M","M","?","?","$","R","?","R","T","M","?","M","M","M","R","B"],"character_chosen":"DEFECT","items_purchased":["Pantograph"],"campfire_rested":5,"item_purchase_floors":[22],"current_hp_per_floor":[64,64,57,54,43,23,23,16,16,37,31,18,18,1,22,13,57,55,51,22,22,22,43,43,64,64,56,56,34,19,24,45,0,0],"gold":241,"neow_bonus":"THREE_CARDS","is_daily":false,"chose_seed":false,"campfire_upgraded":0,"win_rate":0.0,"timestamp":1610717799,"path_taken":["M","?","?","?","?","E","?","?","T","R","M","E","?","M","R","BOSS","M","M","?","?","$","R","?","R","T","M","?","M","?","M","R","BOSS"],"items_purchased_type":["Relic"],"build_version":"2020-12-22","purchased_purges":0,"victory":false,"max_hp_per_floor":[71,71,71,71,71,71,71,71,71,71,71,71,71,71,71,71,71,71,71,71,71,71,71,71,71,71,71,71,71,71,71,71,71,71],"card_choices":[{"not_picked":["Fusion","Turbo"],"picked":"Ball Lightning","floor":0},{"not_picked":["Go for the Eyes","Steam"],"picked":"Redo","floor":1},{"not_picked":["Turbo","Barrage"],"picked":"Loop","floor":4},{"not_picked":["Hologram","Thunder Strike"],"picked":"Leap","floor":6},{"not_picked":["Capacitor","Hologram"],"picked":"Beam Cell","floor":8},{"not_picked":["Rebound","Streamline"],"picked":"Tempest","floor":11},{"not_picked":["Redo","Go for the Eyes"],"picked":"Coolheaded","floor":12},{"not_picked":["Fusion","Rebound","Sweeping Beam"],"picked":"SKIP","floor":14},{"not_picked":["Machine Learning","Multi-Cast"],"picked":"Core Surge","floor":16},{"not_picked":["Streamline","Blizzard","Loop"],"picked":"SKIP","floor":18},{"not_picked":["Hologram","Redo","Steam"],"picked":"SKIP","floor":19},{"not_picked":["Hologram","Turbo"],"picked":"Go for the Eyes+1","floor":20},{"not_picked":["Hologram","Reboot"],"picked":"Ball Lightning+1","floor":27},{"not_picked":["Reinforced Body","Beam Cell+1"],"picked":"Gash","floor":29},{"not_picked":["Barrage","Coolheaded"],"picked":"Go for the Eyes+1","floor":30},{"not_picked":["Barrage","Recycle"],"picked":"Steam","floor":31},{"not_picked":["Cold Snap","Streamline"],"picked":"Gash+1","floor":32}],"player_experience":765272,"relics_obtained":[{"floor":6,"key":"Gambling Chip"},{"floor":9,"key":"CaptainsWheel"},{"floor":12,"key":"Torii"},{"floor":20,"key":"Red Mask"},{"floor":26,"key":"Dream Catcher"}],"event_choices":[{"damage_healed":0,"gold_gain":0,"player_choice":"Grow","damage_taken":0,"max_hp_gain":0,"max_hp_loss":0,"event_name":"Living Wall","floor":2,"gold_loss":0,"cards_upgraded":["Redo"]},{"cards_removed":["Strike_B"],"damage_healed":0,"gold_gain":0,"player_choice":"Card Removal","damage_taken":7,"max_hp_gain":0,"max_hp_loss":0,"event_name":"Golden Wing","floor":3,"gold_loss":0},{"damage_healed":0,"gold_gain":0,"player_choice":"Success","damage_taken":11,"relics_obtained":["Du-Vu Doll"],"max_hp_gain":0,"max_hp_loss":0,"event_name":"Scrap Ooze","floor":5,"gold_loss":0},{"cards_removed":["Defend_B"],"damage_healed":0,"gold_gain":0,"player_choice":"Offered Basic","damage_taken":0,"max_hp_gain":0,"max_hp_loss":0,"event_name":"Bonfire Elementals","floor":7,"gold_loss":0},{"damage_healed":0,"gold_gain":0,"player_choice":"Take Wound","damage_taken":0,"relics_obtained":["Golden Idol"],"max_hp_gain":0,"max_hp_loss":0,"event_name":"Golden Idol","floor":13,"gold_loss":0,"cards_obtained":["Injury"]},{"damage_healed":0,"gold_gain":0,"player_choice":"Fought Bandits","damage_taken":0,"max_hp_gain":0,"max_hp_loss":0,"event_name":"Masked Bandits","floor":20,"gold_loss":0},{"damage_healed":0,"gold_gain":0,"player_choice":"Ignored","damage_taken":0,"max_hp_gain":0,"max_hp_loss":0,"event_name":"Vampires","floor":21,"gold_loss":0},{"damage_healed":0,"gold_gain":0,"player_choice":"Ignored","damage_taken":0,"max_hp_gain":0,"max_hp_loss":0,"event_name":"Ghosts","floor":24,"gold_loss":0},{"damage_healed":0,"gold_gain":0,"player_choice":"Opened","damage_taken":0,"relics_obtained":["WingedGreaves"],"max_hp_gain":0,"max_hp_loss":0,"event_name":"The Mausoleum","floor":28,"gold_loss":0,"cards_obtained":["Writhe"]}],"is_beta":false,"boss_relics":[{"not_picked":["Inserter","Philosopher\u0027s Stone"],"picked":"Cursed Key"}],"items_purged_floors":[],"is_endless":false,"potions_floor_spawned":[4,16,20,29,30],"killed_by":"Champ","ascension_level":16}}