{"host":"7bzprrpqr2usgpra","time":1610694273,"event":{"mods":["ATMod(°¢èªMod)","BaseMod","BetterRewards","Dota2Spire","HololiveMod","Lobotomy","Minty Spire (QoL Compilation)","MostiFishMod","Quick Restart","Spicy Shops","StSLib","TestMod","TheWitcher","[IsaacMod]ÒÔÈö¼âËþ","¡¾ÒÅÎï¿¨ÅÆ¡¿REMEMod"],"gold_per_floor":[118,518,443,461,536,679,695,726,776,819,253,274,274,309,309,395,395,411,411,438,452,452,484,155,155,155,190,296,334,354,354,354,437,437,458,458,358,358,382,420,501,714,714,739,739,776,776,805,805,812,812,812,323,373,400],"floor_reached":56,"language":"ZHS","playtime":2702,"items_purged":["Strike_G","Strike_G","Defend_G"],"score":3145,"play_id":"c5ca0695-7cba-430d-86c2-3308dca01c0d","local_time":"20210115150433","is_ascension_mode":true,"campfire_choices":[{"data":"MostiFishMod:Neurotoxin","floor":13,"key":"SMITH"},{"data":"AT_FamilyPortrait","floor":15,"key":"SMITH"},{"data":"AT_KingSlayer","floor":25,"key":"SMITH"},{"data":"Infinite Blades","floor":32,"key":"SMITH"},{"floor":47,"key":"REST"},{"floor":49,"key":"RECALL"},{"data":"AT_KingSlayer","floor":52,"key":"SMITH"}],"circlet_count":0,"master_deck":["AscendersBane","Strike_G","Strike_G","Defend_G","Defend_G","Defend_G","Defend_G","Survivor","Neutralize","DoctorFetus","testmod-FightingIntention","AT_FamilyPortrait+1","Acrobatics","AT_KneejerkReflex","Infinite Blades+1","Expertise","MostiFishMod:Neurotoxin+1","Distraction","Finesse","AT_Desolate","Crippling Poison","AT_KingSlayer+1","MostiFishMod:EE1D","MostiFishMod:EE1D","MostiFishMod:EE1D","AT_ArcaneSupremacy+1","AT_WindRun","Bouncing Flask","Calculated Gamble","AT_WindFlip","Terror","Prepared","SnafuTest:CurseBurningStake","Decay","Shame","AT_ShadowStep","Eviscerate+1","AT_KingSlayer+1","Deadly Poison","testmod-AdversityCounterattack","EpicFetus","REME_PuzzleBox","REME_GreenPollution+1","Escape Plan","Flechettes+1","Riddle With Holes","testmod-PulseDistributor","Bouncing Flask"],"relics":["AT_ATBox","testmod-TestBox","HushsDoor","DaveBox","FeatherPendant","Leech","testmod-DeterminationOfClimber","testmod-NegativeEmotionEnhancer","SynthV:TestCard","Dota2Spire:Dagon","Dota2Spire:MagicBottle","MawBank","Odd Mushroom","BionicSphere","testmod-Justice","Akabeko","EE1DDrone","Dota2Spire:Vanguard","Snake Skull","Dodecahedron","AT_SunfireAegis","Dota2Spire:ArcaneBoots","GuppysPaw","White Beast Statue","testmod-Laevatain","HaiYi:Twilight","Matryoshka","CeramicFish","Nunchaku","BookOfRevelations","HowToJump","Dota2Spire:Desolator","SteamSale","Dota2Spire:PhaseBoots","Dota2Spire:EchoSabre","Orichalcum"],"acts_visited":["Exordium","TheCity","TheBeyond","TheEnding"],"potions_floor_usage":[55],"damage_taken":[{"damage":0,"enemies":"Jaw Worm","floor":1,"turns":1},{"damage":0,"enemies":"Small Slimes","floor":4,"turns":2},{"damage":0,"enemies":"Lagavulin","floor":6,"turns":4},{"damage":0,"enemies":"2 Louse","floor":7,"turns":1},{"damage":0,"enemies":"Gremlin Nob","floor":8,"turns":3},{"damage":12,"enemies":"The Mushroom Lair","floor":10,"turns":2},{"damage":0,"enemies":"Large Slime","floor":12,"turns":2},{"damage":0,"enemies":"3 Sentries","floor":14,"turns":2},{"damage":0,"enemies":"Hexaghost","floor":16,"turns":2},{"damage":1,"enemies":"Shell Parasite","floor":18,"turns":3},{"damage":0,"enemies":"Chosen","floor":20,"turns":2},{"damage":0,"enemies":"Snake Plant","floor":21,"turns":3},{"damage":0,"enemies":"Book of Stabbing","floor":23,"turns":3},{"damage":0,"enemies":"REME_1_Revenger","floor":27,"turns":2},{"damage":0,"enemies":"Colosseum Slavers","floor":28,"turns":1},{"damage":0,"enemies":"Colosseum Nobs","floor":28,"turns":2},{"damage":0,"enemies":"Gremlin Leader","floor":29,"turns":1},{"damage":0,"enemies":"Snecko","floor":30,"turns":1},{"damage":0,"enemies":"Collector","floor":33,"turns":1},{"damage":0,"enemies":"Orb Walker","floor":35,"turns":1},{"damage":0,"enemies":"3 Darklings","floor":39,"turns":2},{"damage":0,"enemies":"Nemesis","floor":40,"turns":3},{"damage":0,"enemies":"Reptomancer","floor":42,"turns":1},{"damage":0,"enemies":"Maw","floor":44,"turns":3},{"damage":0,"enemies":"Giant Head","floor":46,"turns":2},{"damage":25,"enemies":"4 Shapes","floor":48,"turns":1},{"damage":0,"enemies":"Donu and Deca","floor":50,"turns":2},{"damage":0,"enemies":"Shield and Spear","floor":54,"turns":1},{"damage":0,"enemies":"Delirium","floor":55,"turns":4}],"seed_played":"1234624509234586979","potions_obtained":[{"floor":1,"key":"EntropicBrew"},{"floor":6,"key":"EssenceOfSteel"},{"floor":27,"key":"AttackPotion"}],"is_trial":false,"path_per_floor":["M","?","$","M","?","E","M","E","T","?","$","M","R","E","R","B",null,"M","?","M","M","?","E","$","R","T","E","?","E","M","?","R","B",null,"M","?","$","?","M","E","T","E","T","M","?","E","R","M","R","B",null,"R","$","E","B",null],"character_chosen":"THE_SILENT","items_purchased":["BionicSphere","testmod-Justice","Finesse","AT_Desolate","Snake Skull","Dodecahedron","SteamSale","Dota2Spire:PhaseBoots","Dota2Spire:EchoSabre","testmod-PulseDistributor"],"campfire_rested":1,"item_purchase_floors":[11,11,11,11,24,24,53,53,53,53],"current_hp_per_floor":[67,67,67,71,60,72,73,74,74,70,70,76,76,77,77,78,78,79,79,80,81,81,82,82,82,82,83,85,86,87,87,87,88,88,89,79,79,79,90,91,91,48,48,59,59,66,94,73,73,96,96,96,96,97,98],"gold":400,"neow_bonus":"BOSS_RELIC","is_daily":false,"chose_seed":false,"campfire_upgraded":5,"win_rate":0.0,"timestamp":1610694273,"path_taken":["M","?","$","M","?","E","M","E","T","?","$","M","R","E","R","BOSS","M","?","M","M","?","E","$","R","T","E","?","E","?","?","R","BOSS","M","?","?","?","M","E","?","E","T","M","?","E","R","M","R","BOSS","R","$","E","BOSS"],"items_purchased_type":["Relic","Relic","Card","Card","Relic","Relic","Relic","Relic","Relic","Card"],"build_version":"2020-12-22","purchased_purges":3,"victory":true,"max_hp_per_floor":[70,70,70,71,71,72,73,74,74,75,75,76,76,77,77,78,78,79,79,80,81,81,82,82,82,82,83,85,86,87,87,87,88,88,89,89,89,89,90,91,91,92,92,93,93,94,94,95,95,96,96,96,96,97,98],"card_choices":[{"not_picked":[],"picked":"DoctorFetus","floor":0},{"not_picked":["AT_TinkerSharpsword","Prepared"],"picked":"Acrobatics","floor":1},{"not_picked":["Footwork","Deflect","Underhanded Strike","Bomb"],"picked":"AT_KneejerkReflex","floor":4},{"not_picked":["REME_SpectralBlade","Bomb","Bullet Time","Flying Knee"],"picked":"Infinite Blades","floor":6},{"not_picked":["MostiFishMod:FrostNova","Masterful Stab","Underhanded Strike","Dagger Spray"],"picked":"Expertise","floor":7},{"not_picked":["Riddle With Holes","AT_TinkerSharpsword","Deadly Poison","Dagger Spray"],"picked":"MostiFishMod:Neurotoxin","floor":8},{"not_picked":["AT_FocusSwordFire","Well Laid Plans","Leg Sweep","Sucker Punch"],"picked":"Distraction","floor":10},{"not_picked":["PiercingWail","Dagger Throw","Bomb","Sucker Punch"],"picked":"Crippling Poison","floor":12},{"not_picked":["AT_WindFlip","MostiFishMod:Dislodge","Flying Knee","Outmaneuver","Sucker Punch"],"picked":"SKIP","floor":14},{"not_picked":["MostiFishMod:WinterMarkForm","MostiFishMod:VineMother","Phantasmal Killer","MostiFishMod:Wind"],"picked":"AT_KingSlayer","floor":16},{"not_picked":["Cloak And Dagger","Acrobatics+1","MostiFishMod:PerfectParry","Leg Sweep"],"picked":"AT_ArcaneSupremacy+1","floor":18},{"not_picked":["Infinite Blades","Sucker Punch","Flechettes","Dash"],"picked":"AT_WindRun","floor":20},{"not_picked":["Flying Knee+1","Bane","Deflect+1","Wraith Form v2"],"picked":"Bouncing Flask","floor":21},{"not_picked":["Setup","Choke","Outmaneuver","Quick Slash"],"picked":"AT_WindFlip","floor":23},{"not_picked":["Wraith Form v2","Backflip","Dodge and Roll","Cloak And Dagger"],"picked":"Terror","floor":27},{"not_picked":["Backflip","Flechettes","Cloak And Dagger+1","Sucker Punch"],"picked":"Prepared","floor":28},{"not_picked":["Endless Agony","MostiFishMod:SpreadingSpore","Cloak And Dagger","Calculated Gamble"],"picked":"AT_ShadowStep","floor":29},{"not_picked":["Noxious Fumes","Poisoned Stab","Blade Dance","PiercingWail"],"picked":"Eviscerate+1","floor":30},{"not_picked":["Storm of Steel","MostiFishMod:VineMother","MostiFishMod:SpreadingSpore","MostiFishMod:HiddenBlade"],"picked":"AT_KingSlayer","floor":33},{"not_picked":["Blade Dance+1","Outmaneuver+1","Flying Knee","Reflex"],"picked":"Deadly Poison","floor":35},{"not_picked":["testmod-Arrangement","Panacea","BettingIsNotGood","testmod-LimitFlipper"],"picked":"testmod-AdversityCounterattack","floor":36},{"not_picked":["REME_BodyOfCthun","BettingIsNotGood","testmod-DeathImprint","MostiFishMod:ButterFly"],"picked":"EpicFetus","floor":36},{"not_picked":["testmod-WeaknessCounterattack","Purity","testmod-Mystery","Madness"],"picked":"REME_PuzzleBox","floor":36},{"not_picked":["PiercingWail+1","Calculated Gamble","REME_ShadowStrike","MostiFishMod:PerfectParry"],"picked":"REME_GreenPollution+1","floor":39},{"not_picked":["Deadly Poison","AT_WindFlip","Dodge and Roll+1","MostiFishMod:FrostNova+1","Wraith Form v2"],"picked":"SKIP","floor":40},{"not_picked":["Expertise+1","Slice","Blur","Underhanded Strike"],"picked":"Escape Plan","floor":42},{"not_picked":["Backflip","Underhanded Strike","Prepared+1","Slice+1"],"picked":"Flechettes+1","floor":44},{"not_picked":["AT_MyraUnstableElement","Cloak And Dagger+1","Backflip","Setup","AT_TwilightShroud+1"],"picked":"SKIP","floor":46},{"not_picked":["Prepared","Backflip","Dagger Throw","PiercingWail+1"],"picked":"Riddle With Holes","floor":48},{"not_picked":["Tactician","Terror","MostiFishMod:GrandStart","Outmaneuver"],"picked":"Bouncing Flask","floor":54}],"player_experience":255993,"relics_obtained":[{"floor":1,"key":"SynthV:TestCard"},{"floor":6,"key":"Dota2Spire:Dagon"},{"floor":8,"key":"Dota2Spire:MagicBottle"},{"floor":9,"key":"MawBank"},{"floor":10,"key":"Odd Mushroom"},{"floor":14,"key":"Akabeko"},{"floor":23,"key":"Dota2Spire:Vanguard"},{"floor":26,"key":"AT_SunfireAegis"},{"floor":27,"key":"Dota2Spire:ArcaneBoots"},{"floor":28,"key":"GuppysPaw"},{"floor":28,"key":"White Beast Statue"},{"floor":29,"key":"testmod-Laevatain"},{"floor":40,"key":"Matryoshka"},{"floor":41,"key":"CeramicFish"},{"floor":42,"key":"Nunchaku"},{"floor":43,"key":"BookOfRevelations"},{"floor":43,"key":"HowToJump"},{"floor":46,"key":"Dota2Spire:Desolator"},{"floor":54,"key":"Orichalcum"}],"event_choices":[{"damage_healed":0,"gold_gain":400,"player_choice":"Sell","damage_taken":0,"max_hp_gain":0,"max_hp_loss":0,"event_name":"¶÷ÂåË¹µÄÅÌ×Ó","floor":2,"relics_lost":["REME_ComplimentaryCards"],"gold_loss":0},{"damage_healed":0,"gold_gain":75,"player_choice":"Gather Gold","damage_taken":11,"max_hp_gain":0,"max_hp_loss":0,"event_name":"World of Goop","floor":5,"gold_loss":0},{"damage_healed":0,"gold_gain":0,"player_choice":"Fought Mushrooms","damage_taken":0,"max_hp_gain":0,"max_hp_loss":0,"event_name":"Mushrooms","floor":10,"gold_loss":0},{"damage_healed":0,"gold_gain":0,"player_choice":"Ignored","damage_taken":0,"max_hp_gain":0,"max_hp_loss":0,"event_name":"Vampires","floor":19,"gold_loss":0},{"damage_healed":0,"gold_gain":0,"player_choice":"Read","damage_taken":0,"max_hp_gain":0,"max_hp_loss":0,"event_name":"The Library","floor":22,"gold_loss":0,"cards_obtained":["Calculated Gamble"]},{"damage_healed":0,"gold_gain":0,"player_choice":"Fight","damage_taken":0,"max_hp_gain":0,"max_hp_loss":0,"event_name":"Colosseum","floor":28,"gold_loss":0},{"damage_healed":0,"gold_gain":0,"player_choice":"Fought Nobs","damage_taken":0,"max_hp_gain":0,"max_hp_loss":0,"event_name":"Colosseum","floor":28,"gold_loss":0},{"damage_healed":0,"gold_gain":0,"player_choice":"Memory 3","damage_taken":10,"max_hp_gain":0,"max_hp_loss":0,"event_name":"SensoryStone","floor":36,"gold_loss":0},{"cards_removed":["Strike_G"],"damage_healed":0,"gold_gain":0,"player_choice":"Removed Attack","damage_taken":0,"max_hp_gain":0,"max_hp_loss":0,"event_name":"Falling","floor":38,"gold_loss":0}],"is_beta":false,"boss_relics":[{"not_picked":["Empty Cage","Busted Crown"],"picked":"EE1DDrone"},{"not_picked":[]},{"not_picked":["REME_DuelDisc","Philosopher\u0027s Stone"],"picked":"HaiYi:Twilight"},{"not_picked":[]}],"items_purged_floors":[3,37,53],"is_endless":false,"potions_floor_spawned":[1,6,7,8,20,21,23,27,28,29,30,33,35,39,40,42,44,46,48,54],"ascension_level":17}}