{"host":"vzugls1u57eppbds","time":1610735511,"event":{"mods":["AchievementEnabler","BaseMod","Better Third Choice","Minty Spire (QoL Compilation)","Relic Stats","Shop Mod","StSLib","The IronCluck"],"gold_per_floor":[115,190,190,26,201,201,230,240,285,300,318,333,6,38,38,140,140,151,76,96,115,132,132,132,149,172,172,25,57,57,5,5,104,104,121,121,153,178,210,222,234,234],"floor_reached":41,"language":"ENG","playtime":2250,"items_purged":["Doubt"],"score":613,"play_id":"c7edc03b-439d-4dc9-9496-84315eb040f8","local_time":"20210115193151","is_ascension_mode":true,"campfire_choices":[{"floor":6,"key":"REST"},{"floor":15,"key":"REST"},{"floor":23,"key":"REST"},{"data":"Metamorphosis","floor":27,"key":"SMITH"},{"floor":32,"key":"REST"},{"floor":40,"key":"REST"}],"circlet_count":0,"master_deck":["Strike_R+1","Strike_R+1","Strike_R+1","Strike_R+1","Defend_R+1","Defend_R+1","Defend_R+1","Defend_R+1","Bash","Twin Strike","Dropkick","The Bomb","Iron Wave","Flex","Shrug It Off+1","Metamorphosis+1","Impervious+1","Dark Embrace+1","Cleave","Infernal Blade+1","Offering","Flex","Shrug It Off+1"],"relics":["Black Blood","Bag of Preparation","Toy Ornithopter","Red Skull","Bronze Scales","Lizard Tail","Boot","War Paint","Bottled Flame","Busted Crown","MawBank"],"acts_visited":["Exordium","TheCity","TheBeyond"],"potions_floor_usage":[16,29,29,29,33,39,41,41,41],"damage_taken":[{"damage":18,"enemies":"Small Slimes","floor":1,"turns":4},{"damage":32,"enemies":"Gremlin Nob","floor":7,"turns":4},{"damage":18,"enemies":"Jaw Worm","floor":8,"turns":5},{"damage":3,"enemies":"2 Louse","floor":10,"turns":3},{"damage":13,"enemies":"Blue Slaver","floor":11,"turns":2},{"damage":0,"enemies":"Gremlin Gang","floor":12,"turns":3},{"damage":15,"enemies":"Lagavulin","floor":14,"turns":4},{"damage":26,"enemies":"Hexaghost","floor":16,"turns":7},{"damage":13,"enemies":"3 Byrds","floor":18,"turns":4},{"damage":20,"enemies":"Spheric Guardian","floor":20,"turns":4},{"damage":18,"enemies":"3 Cultists","floor":21,"turns":4},{"damage":23,"enemies":"Centurion and Healer","floor":22,"turns":5},{"damage":11,"enemies":"Chosen and Byrds","floor":25,"turns":4},{"damage":30,"enemies":"Gremlin Leader","floor":29,"turns":6},{"damage":90,"enemies":"Automaton","floor":33,"turns":9},{"damage":10,"enemies":"Orb Walker","floor":35,"turns":4},{"damage":10,"enemies":"3 Shapes","floor":37,"turns":3},{"damage":27,"enemies":"Maw","floor":38,"turns":9},{"damage":52,"enemies":"Spire Growth","floor":39,"turns":4},{"damage":99,"enemies":"Giant Head","floor":41,"turns":8}],"seed_played":"-6054981684147888137","potions_obtained":[{"floor":8,"key":"Weak Potion"},{"floor":11,"key":"DistilledChaos"},{"floor":14,"key":"Fire Potion"},{"floor":16,"key":"EssenceOfSteel"},{"floor":29,"key":"Explosive Potion"},{"floor":35,"key":"AttackPotion"},{"floor":38,"key":"GamblersBrew"},{"floor":39,"key":"BloodPotion"}],"is_trial":false,"path_per_floor":["M","?","?","$","?","R","E","M","T","M","M","M","$","E","R","B",null,"M","$","M","M","M","R","?","M","T","R","$","E","$","$","R","B",null,"M","T","M","M","M","R","E"],"character_chosen":"IRONCLAD","items_purchased":["The Bomb","Metamorphosis","Bronze Scales","War Paint","ColorlessPotion"],"campfire_rested":5,"item_purchase_floors":[4,13,13,28,31],"current_hp_per_floor":[60,49,49,49,49,73,47,35,35,38,31,37,37,28,52,37,69,68,68,60,54,43,67,67,68,68,68,68,65,65,65,80,52,73,75,75,77,62,27,51,0,0],"gold":234,"neow_bonus":"RANDOM_COMMON_RELIC","is_daily":false,"chose_seed":false,"campfire_upgraded":1,"win_rate":0.0,"timestamp":1610735511,"path_taken":["M","?","?","?","?","R","E","M","T","M","?","M","$","E","R","BOSS","M","$","M","?","?","R","?","M","T","R","?","E","?","$","R","BOSS","M","?","M","M","M","R","E"],"items_purchased_type":["Card","Card","Relic","Relic","Potion"],"build_version":"2020-12-22","purchased_purges":1,"victory":false,"max_hp_per_floor":[80,80,80,80,80,80,80,80,80,80,80,80,80,80,80,80,80,80,80,80,80,80,80,80,80,80,80,80,80,80,80,80,80,80,80,80,80,80,80,80,80,80],"relic_stats":{"Lizard Tail":40,"Busted Crown":8,"counters":[20,96],"Bronze Scales":[273],"Black Blood":180,"Bag of Preparation":[40],"War Paint":["Shrug It Off","Impervious"],"Boot":[23],"MawBank":60,"obtain_stats":[{"Lizard Tail":14,"Bottled Flame":29,"Busted Crown":34,"Bronze Scales":13,"Black Blood":17,"Bag of Preparation":0,"War Paint":28,"Boot":26,"MawBank":36,"Burning Blood":0,"Toy Ornithopter":7,"Red Skull":9},{"Lizard Tail":7,"Bottled Flame":14,"Busted Crown":15,"Bronze Scales":6,"Black Blood":8,"Bag of Preparation":0,"War Paint":13,"Boot":13,"MawBank":16,"Burning Blood":0,"Toy Ornithopter":2,"Red Skull":3},{"Lizard Tail":25,"Bottled Flame":59,"Busted Crown":68,"Bronze Scales":21,"Black Blood":32,"Bag of Preparation":0,"War Paint":53,"Boot":53,"MawBank":72,"Burning Blood":0,"Toy Ornithopter":8,"Red Skull":13}],"Toy Ornithopter":40},"card_choices":[{"not_picked":["Thunderclap","Second Wind"],"picked":"Twin Strike","floor":1},{"not_picked":["Limit Break","Reckless Charge"],"picked":"Iron Wave","floor":7},{"not_picked":["Twin Strike","True Grit"],"picked":"Flex","floor":8},{"not_picked":["True Grit","Wild Strike","Heavy Blade"],"picked":"SKIP","floor":10},{"not_picked":["True Grit","Wild Strike"],"picked":"Shrug It Off","floor":11},{"not_picked":["Sword Boomerang","Rupture","Twin Strike"],"picked":"SKIP","floor":12},{"not_picked":["Second Wind","Shockwave","Berserk"],"picked":"SKIP","floor":14},{"not_picked":["Corruption","Feed"],"picked":"Impervious","floor":16},{"not_picked":["Heavy Blade","Anger","Shockwave+1"],"picked":"SKIP","floor":18},{"not_picked":["Wild Strike","Ghostly Armor"],"picked":"Dark Embrace+1","floor":20},{"not_picked":["Sword Boomerang","Bloodletting"],"picked":"Cleave","floor":21},{"not_picked":["Flex","Havoc+1","Iron Wave"],"picked":"SKIP","floor":22},{"not_picked":["Sword Boomerang","Juggernaut","Thunderclap"],"picked":"SKIP","floor":25},{"not_picked":["Anger","Barricade"],"picked":"Infernal Blade+1","floor":29},{"not_picked":["Juggernaut","Barricade"],"picked":"Offering","floor":33},{"not_picked":[],"picked":"Flex","floor":35},{"not_picked":[],"picked":"Shrug It Off+1","floor":37},{"not_picked":["Heavy Blade+1"],"picked":"SKIP","floor":38},{"not_picked":["Perfected Strike+1"],"picked":"SKIP","floor":39}],"player_experience":227251,"relics_obtained":[{"floor":7,"key":"Toy Ornithopter"},{"floor":9,"key":"Red Skull"},{"floor":14,"key":"Lizard Tail"},{"floor":26,"key":"Boot"},{"floor":29,"key":"Bottled Flame"},{"floor":36,"key":"MawBank"}],"event_choices":[{"damage_healed":0,"gold_gain":75,"player_choice":"Gold","damage_taken":11,"max_hp_gain":1,"max_hp_loss":0,"event_name":"betterThird:BetterGoop","floor":2,"gold_loss":0},{"damage_healed":0,"gold_gain":0,"cards_transformed":["Strike_R"],"player_choice":"Change","damage_taken":0,"max_hp_gain":0,"max_hp_loss":0,"event_name":"Living Wall","floor":3,"gold_loss":0,"cards_obtained":["Dropkick"]},{"damage_healed":0,"gold_gain":175,"player_choice":"AGREE","damage_taken":26,"max_hp_gain":0,"max_hp_loss":0,"event_name":"betterThird:BetterSerpent","floor":5,"gold_loss":0},{"damage_healed":0,"gold_gain":0,"player_choice":"Simplicity","damage_taken":0,"max_hp_gain":0,"max_hp_loss":8,"event_name":"betterThird:BetterWriting","floor":24,"gold_loss":0}],"is_beta":false,"boss_relics":[{"not_picked":["Runic Cube","Philosopher\u0027s Stone"],"picked":"Black Blood"},{"not_picked":["Snecko Eye","Runic Pyramid"],"picked":"Busted Crown"}],"items_purged_floors":[19],"is_endless":false,"potions_floor_spawned":[8,11,14,16,22,25,29,35,38,39],"killed_by":"Giant Head","ascension_level":9}}