{"host":"tnsigirk6wurdark","time":1610734766,"event":{"mods":["BaseMod","Bestiary","Colored Map","Colored Powertips","Curses Come First","DeckTracker","Highlight Path","Minty Spire (QoL Compilation)","Quick Restart","Relic Sorter","StSLib","Synergy Search"],"gold_per_floor":[118,118,193,208,223,223,13,13,13,56,56,79,79,26,26,119,119,133,147,147,147,170,170,194,213,240,254,254,254,277,277,277,277,277],"floor_reached":33,"language":"ENG","playtime":13373,"items_purged":["Strike_G"],"score":445,"play_id":"4d97b4b7-f327-4318-88a6-13862356e5d6","local_time":"20210115181926","is_ascension_mode":true,"campfire_choices":[{"data":"Quick Slash","floor":6,"key":"SMITH"},{"data":"Unload","floor":8,"key":"SMITH"},{"floor":15,"key":"REST"},{"floor":23,"key":"REST"},{"floor":29,"key":"REST"},{"floor":32,"key":"REST"}],"circlet_count":0,"master_deck":["AscendersBane","Strike_G+1","Strike_G+1","Strike_G+1","Strike_G+1","Defend_G+1","Defend_G+1","Defend_G+1","Defend_G+1","Defend_G+1","Survivor","Neutralize","Flying Knee","Injury","Dagger Throw","Quick Slash+1","Unload+1","Infinite Blades","Dagger Throw","Phantasmal Killer","Eviscerate","Blade Dance","Necronomicurse","Dagger Spray","Backstab+1","Riddle With Holes","Pain","Tactician","Eviscerate"],"relics":["Cursed Key","Golden Idol","Bottled Flame","Strawberry","Runic Pyramid","Necronomicon","Snake Skull"],"acts_visited":["Exordium","TheCity"],"potions_floor_usage":[10,16,18,18,22,30],"damage_taken":[{"damage":0,"enemies":"Jaw Worm","floor":1,"turns":5},{"damage":2,"enemies":"Small Slimes","floor":4,"turns":4},{"damage":0,"enemies":"2 Louse","floor":5,"turns":3},{"damage":36,"enemies":"Gremlin Nob","floor":10,"turns":5},{"damage":2,"enemies":"2 Fungi Beasts","floor":12,"turns":2},{"damage":18,"enemies":"Slime Boss","floor":16,"turns":10},{"damage":6,"enemies":"2 Thieves","floor":18,"turns":4},{"damage":6,"enemies":"3 Byrds","floor":19,"turns":5},{"damage":22,"enemies":"Snake Plant","floor":22,"turns":4},{"damage":24,"enemies":"Cultist and Chosen","floor":24,"turns":5},{"damage":0,"enemies":"Centurion and Healer","floor":25,"turns":4},{"damage":14,"enemies":"Chosen and Byrds","floor":27,"turns":5},{"damage":8,"enemies":"Snake Plant","floor":30,"turns":2},{"damage":71,"enemies":"Automaton","floor":33,"turns":6}],"seed_played":"-335126186323913444","potions_obtained":[{"floor":4,"key":"FairyPotion"},{"floor":16,"key":"CunningPotion"},{"floor":18,"key":"Fruit Juice"},{"floor":19,"key":"ColorlessPotion"},{"floor":22,"key":"BlessingOfTheForge"}],"is_trial":false,"path_per_floor":["M","?","?","M","M","R","$","R","T","E","?","M","?","$","R","B",null,"M","M","?","?","M","R","M","M","T","M","?","R","M","?","R","B"],"character_chosen":"THE_SILENT","items_purchased":["Unload","Strength Potion","Fire Potion"],"campfire_rested":4,"item_purchase_floors":[7,7,14],"current_hp_per_floor":[59,59,48,46,46,46,46,46,46,17,17,15,15,15,36,18,59,58,52,31,31,9,32,8,8,8,17,17,40,32,48,71,0,0],"gold":277,"neow_bonus":"BOSS_RELIC","is_daily":false,"chose_seed":false,"campfire_upgraded":2,"win_rate":0.0,"timestamp":1610734766,"path_taken":["M","?","?","M","M","R","$","R","T","E","?","M","?","$","R","BOSS","M","M","?","?","M","R","M","M","T","M","?","R","M","?","R","BOSS"],"items_purchased_type":["Card","Potion","Potion"],"build_version":"2020-12-22","purchased_purges":1,"victory":false,"max_hp_per_floor":[66,66,66,66,66,66,66,66,66,73,73,73,73,73,73,73,73,78,78,78,78,78,78,78,78,78,78,78,78,78,78,78,78,78],"card_choices":[{"not_picked":["Cloak And Dagger","Backflip"],"picked":"Flying Knee","floor":1},{"not_picked":["Backflip","Infinite Blades"],"picked":"Dagger Throw","floor":4},{"not_picked":["Calculated Gamble","Riddle With Holes"],"picked":"Quick Slash","floor":5},{"not_picked":["Underhanded Strike","Outmaneuver"],"picked":"Infinite Blades","floor":10},{"not_picked":["Bane","Envenom"],"picked":"Dagger Throw","floor":12},{"not_picked":["Bullet Time","Adrenaline"],"picked":"Phantasmal Killer","floor":16},{"not_picked":["Acrobatics","Setup"],"picked":"Eviscerate","floor":18},{"not_picked":["Poisoned Stab","Heel Hook"],"picked":"Blade Dance","floor":19},{"not_picked":["Flying Knee","Prepared"],"picked":"Dagger Spray","floor":22},{"not_picked":["Dodge and Roll","Slice"],"picked":"Backstab+1","floor":24},{"not_picked":["Outmaneuver","Distraction"],"picked":"Riddle With Holes","floor":25},{"not_picked":["Acrobatics","Dodge and Roll+1"],"picked":"Tactician","floor":27},{"not_picked":["Dodge and Roll","Tools of the Trade"],"picked":"Eviscerate","floor":30}],"player_experience":771257,"relics_obtained":[{"floor":9,"key":"Bottled Flame"},{"floor":10,"key":"Strawberry"},{"floor":20,"key":"Necronomicon"},{"floor":26,"key":"Snake Skull"}],"event_choices":[{"damage_healed":0,"gold_gain":0,"player_choice":"Take Wound","damage_taken":0,"relics_obtained":["Golden Idol"],"max_hp_gain":0,"max_hp_loss":0,"event_name":"Golden Idol","floor":2,"gold_loss":0,"cards_obtained":["Injury"]},{"damage_healed":0,"gold_gain":75,"player_choice":"Gather Gold","damage_taken":11,"max_hp_gain":0,"max_hp_loss":0,"event_name":"World of Goop","floor":3,"gold_loss":0},{"cards_removed":["Decay"],"damage_healed":0,"gold_gain":0,"player_choice":"Forget","damage_taken":0,"max_hp_gain":0,"max_hp_loss":0,"event_name":"Living Wall","floor":11,"gold_loss":0},{"damage_healed":0,"gold_gain":0,"player_choice":"Searched \u00270\u0027 times","damage_taken":0,"max_hp_gain":0,"max_hp_loss":0,"event_name":"Dead Adventurer","floor":13,"gold_loss":0},{"damage_healed":0,"gold_gain":0,"player_choice":"Obtained Book","damage_taken":21,"max_hp_gain":0,"max_hp_loss":0,"event_name":"Cursed Tome","floor":20,"gold_loss":0},{"damage_healed":0,"gold_gain":0,"player_choice":"Simplicity","damage_taken":0,"max_hp_gain":0,"max_hp_loss":0,"event_name":"Back to Basics","floor":21,"gold_loss":0,"cards_upgraded":["Strike_G","Strike_G","Strike_G","Strike_G","Defend_G","Defend_G","Defend_G","Defend_G","Defend_G"]},{"damage_healed":0,"gold_gain":0,"player_choice":"Ignored","damage_taken":0,"max_hp_gain":0,"max_hp_loss":0,"event_name":"Beggar","floor":28,"gold_loss":0},{"damage_healed":16,"gold_gain":0,"player_choice":"Heal","damage_taken":0,"max_hp_gain":0,"max_hp_loss":0,"event_name":"The Library","floor":31,"gold_loss":0}],"is_beta":false,"boss_relics":[{"not_picked":["Busted Crown","Ectoplasm"],"picked":"Runic Pyramid"}],"items_purged_floors":[7],"is_endless":false,"potions_floor_spawned":[4,16,18,19,22,25],"killed_by":"Automaton","ascension_level":16}}