{"host":"t9zjxed0utvsfjwc","time":1610685042,"event":{"mods":["2.2 Compatiblity","Aspiration","BaseMod","Block Reminder","Colored Map","Colored Powertips","Highlight Path","Hubris","Infinite Spire","Minty Spire (QoL Compilation)","Quick Restart","Replay The Spire","StSLib","The Marked","Unceasing Turn Reminder","everything is the same but u backflip on backflip"],"gold_per_floor":[110,110,110,285,19,19,35,35,35,35,65,85,85,100,100,197,197,217,217,232,245,245,274,274,549,549,566,585,585,585,135,135,135,135],"floor_reached":33,"language":"ENG","playtime":1700,"items_purged":["Doubt","Regret"],"score":288,"play_id":"5f98c820-cddb-468a-bf1c-5ece67bc7385","local_time":"20210115043042","is_ascension_mode":false,"campfire_choices":[{"data":"hubris:Fate","floor":6,"key":"SMITH"},{"data":"EmptyBody","floor":13,"key":"SMITH"},{"data":"EmptyFist","floor":15,"key":"SMITH"},{"data":"CrushJoints","floor":24,"key":"SMITH"},{"data":"FlurryOfBlows","floor":30,"key":"SMITH"},{"data":"Prostrate","floor":32,"key":"SMITH"}],"circlet_count":0,"master_deck":["Strike_P+1","Strike_P+1","Strike_P+1","Strike_P+1","Defend_P","Defend_P","Defend_P","Defend_P","Eruption+1","Vigilance","WindmillStrike+1","hubris:Fate+1","EmptyBody+1","EmptyFist+1","FollowUp","EmptyFist","CrushJoints+1","Prostrate+1","FlurryOfBlows+1"],"relics":["PureWater","aspiration:Nostalgia","Sizzling Blood","hubris:Towel","aspiration:Lifesprig","Replay:Kaleidoscope","Thread and Needle","Runic Pyramid","aspiration:RitualStick","Boot","aspiration:FrozenJewel","Membership Card","infinitespire:FocusingShard","hubris:MysteriousPyramids"],"acts_visited":["Exordium","TheCity"],"potions_floor_usage":[16,23,23,28],"damage_taken":[{"damage":0,"enemies":"2 Louse","floor":1,"turns":2},{"damage":0,"enemies":"Small Slimes","floor":7,"turns":3},{"damage":0,"enemies":"Gremlin Nob","floor":11,"turns":2},{"damage":0,"enemies":"Jaw Worm","floor":12,"turns":2},{"damage":0,"enemies":"Looter","floor":14,"turns":2},{"damage":1,"enemies":"The Guardian","floor":16,"turns":7},{"damage":10,"enemies":"Spheric Guardian","floor":18,"turns":4},{"damage":0,"enemies":"Shell Parasite","floor":20,"turns":2},{"damage":0,"enemies":"Centurion and Healer","floor":21,"turns":4},{"damage":15,"enemies":"Nightmare","floor":23,"turns":7},{"damage":5,"enemies":"Cultist and Chosen","floor":27,"turns":5},{"damage":3,"enemies":"Sentry and Sphere","floor":28,"turns":4},{"damage":61,"enemies":"Collector","floor":33,"turns":6}],"seed_played":"8572193003124386480","potions_obtained":[{"floor":1,"key":"Strength Potion"},{"floor":20,"key":"LiquidBronze"},{"floor":21,"key":"Weak Potion"},{"floor":23,"key":"PowerPotion"}],"is_trial":false,"path_per_floor":["M","?","?","?","$","R","M","T","T","?","E","M","R","M","R","B",null,"M","?","M","M","?","NM","R","?","T","M","M","?","R","$","R","B"],"character_chosen":"WATCHER","items_purchased":["aspiration:Lifesprig","EmptyBody","Membership Card","infinitespire:FocusingShard","hubris:MysteriousPyramids"],"campfire_rested":0,"item_purchase_floors":[5,5,31,31,31],"current_hp_per_floor":[76,76,58,58,58,58,62,62,62,62,66,70,70,74,74,76,76,70,70,74,76,61,50,50,50,50,49,50,58,58,58,58,0,0],"gold":135,"neow_bonus":"NOSTALGIA","is_daily":false,"chose_seed":false,"campfire_upgraded":6,"win_rate":0.0,"timestamp":1610685042,"path_taken":["M","?","?","?","$","R","M","?","T","?","E","M","R","M","R","BOSS","M","?","M","M","?","NM","R","?","T","?","M","?","R","?","R","BOSS"],"items_purchased_type":["Relic","Card","Relic","Relic","Relic"],"build_version":"2020-12-22","purchased_purges":2,"victory":false,"max_hp_per_floor":[76,76,76,76,76,76,76,76,76,76,76,76,76,76,76,76,76,76,76,76,76,76,76,76,76,76,76,76,76,76,76,76,76,76],"card_choices":[{"not_picked":["WaveOfTheHand","PathToVictory"],"picked":"WindmillStrike","floor":1},{"not_picked":["ReplayTheSpireMod:Echoes of Time","infinitespire:UltimateForm"],"picked":"hubris:Fate","floor":3},{"not_picked":["Vault","CutThroughFate","Evaluate"],"picked":"SKIP","floor":7},{"not_picked":["Collect","Protect","WindmillStrike"],"picked":"SKIP","floor":11},{"not_picked":["Replay:ManipulateFuture","Replay:AtTheReady","Replay:BluntJabs"],"picked":"SKIP","floor":12},{"not_picked":["Perseverance","Protect"],"picked":"EmptyFist","floor":14},{"not_picked":["InnerPeace+1","ClearTheMind+1"],"picked":"FollowUp","floor":18},{"not_picked":["EmptyBody","JustLucky+1"],"picked":"EmptyFist","floor":20},{"not_picked":["Pray+1","Crescendo+1"],"picked":"CrushJoints","floor":21},{"not_picked":["Nirvana","PathToVictory"],"picked":"Prostrate","floor":23},{"not_picked":["Crescendo","FearNoEvil","PathToVictory"],"picked":"SKIP","floor":27},{"not_picked":["BowlingBash","Halt"],"picked":"FlurryOfBlows","floor":28}],"player_experience":301952,"relics_obtained":[{"floor":8,"key":"Replay:Kaleidoscope"},{"floor":9,"key":"infinitespire:PuzzleCube"},{"floor":11,"key":"Thread and Needle"},{"floor":23,"key":"Boot"},{"floor":26,"key":"aspiration:FrozenJewel"}],"event_choices":[{"damage_healed":0,"gold_gain":175,"player_choice":"AGREE","damage_taken":0,"max_hp_gain":0,"max_hp_loss":0,"event_name":"Liars Game","floor":4,"gold_loss":0,"cards_obtained":["Doubt"]},{"damage_healed":0,"gold_gain":0,"player_choice":"Ignored","damage_taken":0,"max_hp_gain":0,"max_hp_loss":0,"event_name":"Vampires","floor":19,"gold_loss":0},{"damage_healed":0,"gold_gain":275,"player_choice":"Desecrate","damage_taken":0,"max_hp_gain":0,"max_hp_loss":0,"event_name":"Golden Shrine","floor":25,"gold_loss":0,"cards_obtained":["Regret"]}],"is_beta":false,"boss_relics":[{"not_picked":["hubris:Stopwatch","Astrolabe"],"picked":"Runic Pyramid"}],"items_purged_floors":[5,31],"is_endless":true,"potions_floor_spawned":[1,20,21,23],"killed_by":"Collector","ascension_level":0}}