{"host":"puf131q5awx2h4uh","time":1610738383,"event":{"mods":["BaseMod","Minty Spire (QoL Compilation)","Quick Restart","Shop Mod","StSLib"],"gold_per_floor":[111,111,286,286,64,64,64,64,64,64,64,64,64,97,97,172,172,192,24,38,38,52,52,52,52],"floor_reached":24,"language":"ZHS","playtime":505,"items_purged":["Strike_G"],"score":447,"play_id":"44052a1c-5b01-47a1-bdba-a132a4a773f6","local_time":"20210116031943","is_ascension_mode":true,"campfire_choices":[{"data":"Bouncing Flask","floor":6,"key":"SMITH"},{"data":"Footwork","floor":8,"key":"SMITH"},{"data":"Neutralize","floor":11,"key":"SMITH"},{"data":"Survivor","floor":13,"key":"SMITH"},{"floor":15,"key":"RECALL"},{"data":"Enlightenment","floor":23,"key":"SMITH"}],"circlet_count":0,"master_deck":["AscendersBane","Defend_G","Defend_G","Defend_G","Defend_G","Survivor+1","Neutralize+1","Bouncing Flask+1","Footwork+1","Enlightenment+1","Leg Sweep","Storm of Steel","Unload"],"relics":["Ring of the Snake","NeowsBlessing","Juzu Bracelet","Sundial","TwistedFunnel","FossilizedHelix","Singing Bowl","Empty Cage"],"acts_visited":["Exordium","TheCity"],"potions_floor_usage":[20,24],"damage_taken":[{"damage":0,"enemies":"Small Slimes","floor":1,"turns":1},{"damage":0,"enemies":"3 Sentries","floor":14,"turns":1},{"damage":0,"enemies":"Hexaghost","floor":16,"turns":1},{"damage":0,"enemies":"Shell Parasite","floor":18,"turns":5},{"damage":3,"enemies":"2 Thieves","floor":20,"turns":4},{"damage":12,"enemies":"Shelled Parasite and Fungi","floor":22,"turns":12},{"damage":61,"enemies":"Gremlin Leader","floor":24,"turns":6}],"seed_played":"-3087832182913728196","potions_obtained":[{"floor":1,"key":"Regen Potion"},{"floor":16,"key":"Explosive Potion"},{"floor":22,"key":"Block Potion"}],"is_trial":false,"path_per_floor":["M","?","?","?","$","R","?","R","T","$","R","?","R","E","R","B",null,"M","$","M","?","M","R","E"],"character_chosen":"THE_SILENT","items_purchased":["TwistedFunnel","Footwork","Enlightenment"],"campfire_rested":0,"item_purchase_floors":[5,5,19],"current_hp_per_floor":[59,59,59,52,52,52,52,52,52,52,52,45,45,47,47,49,65,67,67,64,64,54,54,0,0],"gold":52,"neow_bonus":"THREE_ENEMY_KILL","is_daily":false,"chose_seed":false,"campfire_upgraded":5,"win_rate":0.0,"timestamp":1610738383,"path_taken":["M","?","?","?","$","R","?","R","T","$","R","?","R","E","R","BOSS","M","$","M","?","M","R","E"],"items_purchased_type":["Relic","Card","Card"],"build_version":"2020-12-22","purchased_purges":1,"victory":false,"max_hp_per_floor":[66,66,66,66,66,66,66,66,66,66,66,66,66,68,68,70,70,72,72,72,72,74,74,74,74],"card_choices":[{"not_picked":["Prepared","Dodge and Roll"],"picked":"Bouncing Flask","floor":1},{"not_picked":["Backflip","Dash","Setup"],"picked":"Singing Bowl","floor":14},{"not_picked":["Bullet Time","Die Die Die","After Image"],"picked":"Singing Bowl","floor":16},{"not_picked":["Slice","Dagger Throw","Blade Dance+1"],"picked":"Singing Bowl","floor":18},{"not_picked":["Quick Slash","Escape Plan+1"],"picked":"Leg Sweep","floor":20},{"not_picked":["Sucker Punch","Caltrops","Reflex"],"picked":"Singing Bowl","floor":22}],"player_experience":317738,"relics_obtained":[{"floor":9,"key":"FossilizedHelix"},{"floor":14,"key":"Singing Bowl"}],"event_choices":[{"damage_healed":0,"gold_gain":0,"player_choice":"Gave Potion","damage_taken":0,"relics_obtained":["Juzu Bracelet"],"max_hp_gain":0,"max_hp_loss":0,"event_name":"WeMeetAgain","floor":2,"gold_loss":0},{"damage_healed":0,"gold_gain":175,"player_choice":"AGREE","damage_taken":0,"max_hp_gain":0,"max_hp_loss":0,"event_name":"Liars Game","floor":3,"gold_loss":0,"cards_obtained":["Doubt"]},{"damage_healed":0,"gold_gain":0,"player_choice":"Success","damage_taken":7,"relics_obtained":["Sundial"],"max_hp_gain":0,"max_hp_loss":0,"event_name":"Scrap Ooze","floor":4,"gold_loss":0},{"cards_removed":["Strike_G"],"damage_healed":0,"gold_gain":0,"player_choice":"Purged","damage_taken":0,"max_hp_gain":0,"max_hp_loss":0,"event_name":"Purifier","floor":7,"gold_loss":0},{"cards_removed":["Strike_G"],"damage_healed":0,"gold_gain":0,"player_choice":"Card Removal","damage_taken":7,"max_hp_gain":0,"max_hp_loss":0,"event_name":"Golden Wing","floor":12,"gold_loss":0},{"damage_healed":0,"gold_gain":0,"cards_transformed":["Defend_G","Strike_G"],"player_choice":"Became Test Subject","damage_taken":0,"max_hp_gain":0,"max_hp_loss":0,"event_name":"Drug Dealer","floor":21,"gold_loss":0,"cards_obtained":["Storm of Steel","Unload"]}],"is_beta":false,"boss_relics":[{"not_picked":["Calling Bell","Ring of the Serpent"],"picked":"Empty Cage"}],"items_purged_floors":[19],"is_endless":false,"potions_floor_spawned":[1,16,22],"killed_by":"Gremlin Leader","ascension_level":14}}