{"host":"j4g6ia6asvpyu2b0","time":1610714487,"event":{"mods":["BaseMod","Colored Map","Minty Spire (QoL Compilation)","Permanent Neow","Quick Restart","Relic Stats","StSLib","Unceasing Turn Reminder"],"gold_per_floor":[114,114,126,143,143,170,170,204,204,239,256,256,267,342,342,445,445,461,471,498,199,44,72,72,85,85,85,102,102,102,130,130,235,235,250,7,25,25,38,67,95,142,201,230,270,293,332,361,373,385,397,409,115,143,143],"floor_reached":56,"language":"ENG","playtime":1850,"items_purged":["Strike_R","Strike_R"],"score":2178,"play_id":"63824982-9b7e-4025-981e-d3e48b509a8e","local_time":"20210115054127","is_ascension_mode":true,"campfire_choices":[{"floor":7.0,"key":"REST"},{"data":"Armaments","floor":12.0,"key":"SMITH"},{"data":"Uppercut","floor":15.0,"key":"SMITH"},{"data":"Apotheosis","floor":24.0,"key":"SMITH"},{"data":"Offering","floor":27.0,"key":"SMITH"},{"floor":29.0,"key":"RECALL"},{"data":"Double Energy","floor":32.0,"key":"SMITH"},{"data":"Double Energy","floor":49.0,"key":"SMITH"},{"data":"Enlightenment","floor":52.0,"key":"SMITH"}],"circlet_count":0,"master_deck":["AscendersBane","Strike_R","Strike_R","Strike_R","Defend_R","Defend_R","Defend_R","Defend_R","Bash","Shockwave+1","Twin Strike","Thunderclap","Uppercut+1","Armaments+1","Anger","Offering+1","True Grit+1","Metallicize+1","Shrug It Off","Disarm","Apotheosis+1","Melter","Blade Dance","Disarm","Double Energy+1","Omniscience","Quick Slash","Enlightenment+1","Double Energy+1","Double Energy+1","CutThroughFate","Hyperbeam","Rebound+1","FTL","Core Surge","ForeignInfluence","Dagger Throw+1","Trip+1","Shrug It Off","Dark Shackles","Metallicize","Evaluate"],"relics":["Burning Blood","Du-Vu Doll","Mercury Hourglass","Ginger","Dead Branch","Mark of Pain","Red Mask","Sling","PrismaticShard","PreservedInsect","Question Card","Charon\u0027s Ashes","Runic Dome","Anchor","MawBank","Unceasing Top","Bottled Flame","Molten Egg 2","White Beast Statue"],"acts_visited":["Exordium","TheCity","TheBeyond","TheEnding"],"potions_floor_usage":[55,55],"damage_taken":[{"damage":19.0,"enemies":"Small Slimes","floor":1.0,"turns":4.0},{"damage":0.0,"enemies":"2 Louse","floor":3.0,"turns":4.0},{"damage":9.0,"enemies":"Jaw Worm","floor":4.0,"turns":3.0},{"damage":29.0,"enemies":"3 Sentries","floor":6.0,"turns":7.0},{"damage":20.0,"enemies":"Lagavulin","floor":8.0,"turns":6.0},{"damage":29.0,"enemies":"Gremlin Nob","floor":10.0,"turns":4.0},{"damage":6.0,"enemies":"2 Fungi Beasts","floor":11.0,"turns":3.0},{"damage":5.0,"enemies":"Blue Slaver","floor":13.0,"turns":3.0},{"damage":19.0,"enemies":"Slime Boss","floor":16.0,"turns":10.0},{"damage":12.0,"enemies":"3 Byrds","floor":18.0,"turns":3.0},{"damage":6.0,"enemies":"Chosen","floor":19.0,"turns":3.0},{"damage":6.0,"enemies":"Masked Bandits","floor":20.0,"turns":3.0},{"damage":7.0,"enemies":"Slavers","floor":23.0,"turns":4.0},{"damage":8.0,"enemies":"3 Cultists","floor":25.0,"turns":4.0},{"damage":2.0,"enemies":"Snake Plant","floor":28.0,"turns":3.0},{"damage":11.0,"enemies":"Book of Stabbing","floor":31.0,"turns":4.0},{"damage":18.0,"enemies":"Collector","floor":33.0,"turns":8.0},{"damage":3.0,"enemies":"3 Darklings","floor":35.0,"turns":1.0},{"damage":0.0,"enemies":"3 Shapes","floor":37.0,"turns":4.0},{"damage":0.0,"enemies":"3 Darklings","floor":39.0,"turns":3.0},{"damage":0.0,"enemies":"Nemesis","floor":40.0,"turns":2.0},{"damage":0.0,"enemies":"Jaw Worm Horde","floor":41.0,"turns":1.0},{"damage":0.0,"enemies":"Reptomancer","floor":42.0,"turns":2.0},{"damage":7.0,"enemies":"Spire Growth","floor":44.0,"turns":2.0},{"damage":6.0,"enemies":"Giant Head","floor":45.0,"turns":2.0},{"damage":0.0,"enemies":"Sphere and 2 Shapes","floor":46.0,"turns":1.0},{"damage":0.0,"enemies":"Reptomancer","floor":47.0,"turns":3.0},{"damage":6.0,"enemies":"3 Darklings","floor":48.0,"turns":1.0},{"damage":35.0,"enemies":"Awakened One","floor":50.0,"turns":7.0},{"damage":0,"enemies":"Shield and Spear","floor":54,"turns":2},{"damage":50,"enemies":"The Heart","floor":55,"turns":8}],"seed_played":"-3619800225323600802","potions_obtained":[{"floor":1.0,"key":"BlessingOfTheForge"},{"floor":4.0,"key":"LiquidBronze"},{"floor":10.0,"key":"SneckoOil"},{"floor":19.0,"key":"DistilledChaos"},{"floor":20.0,"key":"Fire Potion"},{"floor":23.0,"key":"Fire Potion"},{"floor":28.0,"key":"LiquidMemories"},{"floor":35.0,"key":"PowerPotion"},{"floor":42.0,"key":"PowerPotion"}],"is_trial":false,"path_per_floor":["M","?","M","M","?","E","R","E","T","E","M","R","M","?","R","B",null,"M","M","?","$","$","E","R","M","T","R","M","R","?","E","R","B",null,"M","$","M","?","M","E","M","E","T","M","E","M","E","M","R","B",null,"R","$","E","B",null],"character_chosen":"IRONCLAD","items_purchased":["Sling","Disarm","PrismaticShard","Anchor","Enlightenment","Shrug It Off","Dark Shackles","Metallicize"],"campfire_rested":1,"item_purchase_floors":[21,21,22,36,36,53,53,53],"current_hp_per_floor":[54,54,60,57,62,39,69,55,55,32,32,32,33,22,22,9,78,72,72,72,72,72,71,71,69,69,69,73,73,73,68,68,56,90,93,93,99,99,101,101,101,101,101,100,100,101,101,101,101,72,94,94,94,100,56],"gold":143,"neow_bonus":"TWENTY_PERCENT_HP_BONUS","is_daily":false,"chose_seed":false,"campfire_upgraded":7,"win_rate":0.0,"timestamp":1610714487,"path_taken":["M","?","M","M","?","E","R","E","T","E","M","R","M","?","R","BOSS","M","M","?","?","$","E","R","M","T","R","M","R","?","E","R","BOSS","M","$","M","?","M","E","M","E","T","M","E","M","E","?","R","BOSS","R","$","E","BOSS"],"items_purchased_type":["Relic","Card","Relic","Relic","Card","Card","Card","Card"],"build_version":"2020-12-22","purchased_purges":2,"victory":true,"max_hp_per_floor":[96,96,96,96,101,101,101,101,101,101,101,101,101,101,101,101,101,101,101,101,101,101,101,101,101,101,101,101,101,101,101,101,101,101,101,101,101,101,101,101,101,101,101,101,101,101,101,101,101,101,101,101,101,101,101],"relic_stats":{"counters":[31,115],"Dead Branch":[210],"PreservedInsect":421,"Charon\u0027s Ashes":[793],"Ginger":[12],"Question Card":15,"MawBank":156,"obtain_stats":[{"Dead Branch":10,"PreservedInsect":23,"Charon\u0027s Ashes":31,"Ginger":9,"Sling":21,"PrismaticShard":22,"Question Card":26,"MawBank":40,"Burning Blood":0,"White Beast Statue":54,"Mercury Hourglass":8,"Du-Vu Doll":6,"Runic Dome":34,"Anchor":36,"Bottled Flame":45,"Molten Egg 2":47,"Mark of Pain":17,"Red Mask":20,"Unceasing Top":42},{"Dead Branch":6,"PreservedInsect":13,"Charon\u0027s Ashes":16,"Ginger":5,"Sling":12,"PrismaticShard":12,"Question Card":14,"MawBank":21,"Burning Blood":0,"White Beast Statue":30,"Mercury Hourglass":5,"Du-Vu Doll":4,"Runic Dome":17,"Anchor":18,"Bottled Flame":25,"Molten Egg 2":27,"Mark of Pain":9,"Red Mask":12,"Unceasing Top":23},{"Dead Branch":28,"PreservedInsect":57,"Charon\u0027s Ashes":68,"Ginger":24,"Sling":53,"PrismaticShard":53,"Question Card":61,"MawBank":86,"Burning Blood":0,"White Beast Statue":107,"Mercury Hourglass":24,"Du-Vu Doll":18,"Runic Dome":76,"Anchor":77,"Bottled Flame":93,"Molten Egg 2":97,"Mark of Pain":44,"Red Mask":53,"Unceasing Top":89}],"Burning Blood":153,"Unceasing Top":[8],"Mercury Hourglass":[394]},"card_choices":[{"not_picked":["Clothesline","Intimidate"],"picked":"Shockwave","floor":1.0},{"not_picked":["Thunderclap","Warcry"],"picked":"Twin Strike","floor":3.0},{"not_picked":["Perfected Strike","Havoc"],"picked":"Thunderclap","floor":4.0},{"not_picked":["Second Wind","Burning Pact","Havoc"],"picked":"SKIP","floor":6.0},{"not_picked":["Perfected Strike","Brutality"],"picked":"Uppercut","floor":8.0},{"not_picked":["Brutality","Clash","Combust"],"picked":"SKIP","floor":10.0},{"not_picked":["Perfected Strike","Fire Breathing"],"picked":"Armaments","floor":11.0},{"not_picked":["Shockwave","Pommel Strike"],"picked":"Anger","floor":13.0},{"not_picked":["Demon Form","Limit Break"],"picked":"Offering","floor":16.0},{"not_picked":["Clothesline","Sword Boomerang+1"],"picked":"True Grit+1","floor":18.0},{"not_picked":["Havoc+1","Thunderclap"],"picked":"Metallicize+1","floor":19.0},{"not_picked":["Perfected Strike","Evolve"],"picked":"Shrug It Off","floor":20.0},{"not_picked":["Nirvana","Hologram"],"picked":"Apotheosis","floor":23.0},{"not_picked":["Dodge and Roll+1","Skewer"],"picked":"Melter","floor":25.0},{"not_picked":["Bloodletting","Anger","Stack"],"picked":"Blade Dance","floor":28.0},{"not_picked":["Sword Boomerang","Judgement","Cloak And Dagger+1"],"picked":"Double Energy","floor":31.0},{"not_picked":["Apotheosis","Secret Weapon","Tools of the Trade"],"picked":"Omniscience","floor":33.0},{"not_picked":["Dropkick","Iron Wave","Cold Snap+1"],"picked":"Quick Slash","floor":35.0},{"not_picked":["Eviscerate+1","JustLucky","Thunderclap"],"picked":"Double Energy","floor":37.0},{"not_picked":["Warcry","Heavy Blade","Turbo"],"picked":"CutThroughFate","floor":39.0},{"not_picked":["Coolheaded","Protect+1","Vengeance+1"],"picked":"Hyperbeam","floor":40.0},{"not_picked":["Leap","Wild Strike","Compile Driver"],"picked":"Rebound+1","floor":41.0},{"not_picked":["Havoc","EmptyFist","Compile Driver"],"picked":"FTL","floor":42.0},{"not_picked":["Mind Blast","Crescendo","Force Field","Flex"],"picked":"SKIP","floor":44.0},{"not_picked":["Clothesline","ThirdEye","JustLucky"],"picked":"Core Surge","floor":45.0},{"not_picked":["Sword Boomerang","Hemokinesis","Armaments"],"picked":"ForeignInfluence","floor":46.0},{"not_picked":["ClearTheMind","Finesse","Jack Of All Trades"],"picked":"Dagger Throw+1","floor":47.0},{"not_picked":["Inflame+1","WreathOfFlame","Leap"],"picked":"Trip+1","floor":48.0},{"not_picked":["Electrodynamics","FollowUp+1","Sunder+1"],"picked":"Evaluate","floor":54}],"player_experience":851979,"relics_obtained":[{"floor":6.0,"key":"Du-Vu Doll"},{"floor":8.0,"key":"Mercury Hourglass"},{"floor":9.0,"key":"Ginger"},{"floor":10.0,"key":"Dead Branch"},{"floor":20.0,"key":"Red Mask"},{"floor":23.0,"key":"PreservedInsect"},{"floor":26.0,"key":"Question Card"},{"floor":31.0,"key":"Charon\u0027s Ashes"},{"floor":40.0,"key":"MawBank"},{"floor":42.0,"key":"Unceasing Top"},{"floor":45.0,"key":"Bottled Flame"},{"floor":47.0,"key":"Molten Egg 2"},{"floor":54,"key":"White Beast Statue"}],"event_choices":[{"damage_healed":0.0,"max_hp_gain":0.0,"max_hp_loss":0.0,"gold_gain":0.0,"event_name":"Living Wall","player_choice":"Grow","floor":2.0,"gold_loss":0.0,"damage_taken":0.0,"cards_upgraded":["Shockwave"]},{"damage_healed":0.0,"max_hp_gain":5.0,"max_hp_loss":0.0,"gold_gain":0.0,"event_name":"Big Fish","player_choice":"Donut","floor":5.0,"gold_loss":0.0,"damage_taken":0.0},{"damage_healed":0.0,"max_hp_gain":0.0,"max_hp_loss":0.0,"gold_gain":75.0,"event_name":"World of Goop","player_choice":"Gather Gold","floor":14.0,"gold_loss":0.0,"damage_taken":11.0},{"damage_healed":0.0,"max_hp_gain":0.0,"max_hp_loss":0.0,"gold_gain":0.0,"event_name":"Masked Bandits","player_choice":"Fought Bandits","floor":20.0,"gold_loss":0.0,"damage_taken":0.0},{"damage_healed":0.0,"max_hp_gain":0.0,"max_hp_loss":0.0,"gold_gain":0.0,"event_name":"The Library","player_choice":"Read","floor":30.0,"gold_loss":0.0,"damage_taken":0.0,"cards_obtained":["Disarm"]},{"damage_healed":0.0,"max_hp_gain":0.0,"max_hp_loss":0.0,"gold_gain":0.0,"event_name":"Duplicator","player_choice":"Copied","floor":38.0,"gold_loss":0.0,"damage_taken":0.0,"cards_obtained":["Double Energy"]}],"is_beta":false,"boss_relics":[{"not_picked":["Runic Pyramid","Snecko Eye"],"picked":"Mark of Pain"},{"not_picked":["Empty Cage","SacredBark"],"picked":"Runic Dome"}],"items_purged_floors":[21,53],"is_endless":false,"potions_floor_spawned":[1,4,10,19,20,23,28,31,35,40,42,45,48],"ascension_level":12}}