{"host":"0vlubjftylzdr3ny","time":1610741149,"event":{"mods":["Always Whale","BaseMod","Downfall","GifTheSpireLib","Minty Spire (QoL Compilation)","Relic Filter","Replay The Spire","StSLib","The Dragon Tamer"],"gold_per_floor":[0,11,30,46,63,95,95,109,127,127,159,69,69,85,101,202,302,227,245,263,282,293,293,293,26,26,44,79,90,110,95,107,107,107,107],"floor_reached":33,"language":"ENG","playtime":3694,"items_purged":["Guardian:Strike_Guardian","Guardian:Defend_Guardian"],"score":312,"play_id":"ace9d174-6e30-4ac5-8736-0980edb9599b","local_time":"20210115210549","is_ascension_mode":false,"campfire_choices":[{"floor":1,"key":"DIG"},{"floor":18,"key":"RECALL"},{"data":"Guardian:PrismaticBeam","floor":26,"key":"SMITH"}],"circlet_count":0,"master_deck":["Guardian:Strike_Guardian","Guardian:Defend_Guardian","Guardian:Defend_Guardian","Guardian:CurlUp","Guardian:TwinSlam","Guardian:Emergency","Guardian:TimeBomb","Guardian:BronzeArmor","Guardian:PiercingHide","Guardian:SpikerProtocol","Guardian:PrimingBeam","Guardian:PrismaticBeam+1","Guardian:PrismaticBarrier","Guardian:Planning","Guardian:PrismaticBeam","Guardian:Gem_Orange","Guardian:MultiBeam","Guardian:Recover+1","Guardian:Gem_Crimson","Guardian:Gem_Green"],"relics":["Guardian:ModeShifter","InkBottle","Guardian:PickAxe","Blue Candle","Toy Ornithopter","Divine Protection","Replay:Wanted Poster","downfall:HeartBlessingGreen","Pocketwatch","Replay:Mystery Machine","Torii"],"acts_visited":["Exordium","TheCity"],"potions_floor_usage":[6,14,16,27],"damage_taken":[{"damage":0,"enemies":"Small Slimes","floor":2,"turns":2},{"damage":1,"enemies":"Cultist","floor":3,"turns":3},{"damage":0,"enemies":"2 Louse","floor":4,"turns":2},{"damage":0,"enemies":"Large Slime","floor":5,"turns":5},{"damage":25,"enemies":"Gremlin Nob","floor":6,"turns":5},{"damage":0,"enemies":"2 Fungi Beasts","floor":8,"turns":2},{"damage":8,"enemies":"Exordium Wildlife","floor":9,"turns":4},{"damage":16,"enemies":"3 Sentries","floor":11,"turns":9},{"damage":0,"enemies":"downfall:FleeingMerchant","floor":12,"turns":4},{"damage":3,"enemies":"Gremlin Gang","floor":14,"turns":5},{"damage":3,"enemies":"2 Fungi Beasts","floor":15,"turns":4},{"damage":10,"enemies":"downfall:Silent","floor":16,"turns":8},{"damage":0,"enemies":"3 Byrds","floor":19,"turns":2},{"damage":0,"enemies":"Chosen","floor":20,"turns":4},{"damage":2,"enemies":"3 Cultists","floor":21,"turns":5},{"damage":0,"enemies":"Centurion and Healer","floor":22,"turns":8},{"damage":0,"enemies":"downfall:FleeingMerchant","floor":25,"turns":4},{"damage":5,"enemies":"Snake Plant","floor":27,"turns":3},{"damage":0,"enemies":"Gremlin Leader","floor":28,"turns":7},{"damage":10,"enemies":"Cultist and Chosen","floor":29,"turns":6},{"damage":0,"enemies":"Centurion and Healer","floor":30,"turns":5},{"damage":1,"enemies":"downfall:FleeingMerchant","floor":31,"turns":4},{"damage":2,"enemies":"Snake Plant","floor":32,"turns":3},{"damage":81,"enemies":"downfall:Ironclad","floor":33,"turns":9}],"seed_played":"-8854017577619885703","potions_obtained":[{"floor":3,"key":"Swift Potion"},{"floor":4,"key":"champ:CounterPotion"},{"floor":6,"key":"Guardian:DefensiveModePotion"},{"floor":8,"key":"Elixir"},{"floor":15,"key":"champ:CounterPotion"},{"floor":22,"key":"Weak Potion"},{"floor":27,"key":"FearPotion"},{"floor":29,"key":"Flashbang"}],"is_trial":false,"path_per_floor":["R","M","M","M","M","E","T","M","M","R","E","$","?","M","M","B",null,"R","M","M","M","M","?","T","$","R","M","E","M","M","$","M","B"],"character_chosen":"GUARDIAN","items_purchased":["Replay:Mystery Machine"],"campfire_rested":0,"item_purchase_floors":[25],"current_hp_per_floor":[80,80,79,79,79,54,54,54,46,46,30,30,30,32,29,24,80,80,80,80,78,78,78,78,78,78,75,75,65,65,64,62,0,0,0],"gold":107,"neow_bonus":"TRANSFORM_TWO_CARDS","is_daily":false,"chose_seed":false,"campfire_upgraded":1,"win_rate":0.0,"timestamp":1610741149,"path_taken":["R","M","M","M","M","E","T","M","M","R","E","$","?","M","M","BOSS","R","M","M","M","M","?","T","?","R","M","E","M","M","$","M","BOSS"],"items_purchased_type":["Relic"],"build_version":"2020-12-22","purchased_purges":2,"victory":false,"max_hp_per_floor":[80,80,80,80,80,80,80,80,80,80,80,80,80,80,80,80,80,80,80,80,80,80,80,80,80,80,80,80,80,80,80,80,80,80,80],"card_choices":[{"not_picked":["Guardian:TemporalShield","Guardian:Suspension"],"picked":"Guardian:Gem_White","floor":2},{"not_picked":["Guardian:ShieldSpikes","Guardian:Gem_Cyan"],"picked":"Guardian:Gem_White","floor":3},{"not_picked":["Guardian:Gem_Lightblue","Guardian:ChargeCore"],"picked":"Guardian:BronzeArmor","floor":4},{"not_picked":["Guardian:TemporalShield","Guardian:FastForward"],"picked":"Guardian:PiercingHide","floor":5},{"not_picked":["Guardian:TemporalShield","Guardian:AncientConstruct"],"picked":"Guardian:SpikerProtocol","floor":6},{"not_picked":["Guardian:VentSteam","Guardian:Gem_White"],"picked":"Guardian:PrimingBeam","floor":8},{"not_picked":["Guardian:Reroute","Guardian:TemporalShield"],"picked":"Guardian:PrismaticBeam","floor":9},{"not_picked":["Guardian:VentSteam","Guardian:BronzeArmor"],"picked":"Guardian:PrismaticBarrier","floor":11},{"not_picked":["Guardian:DonusPower","Guardian:ShieldCharger"],"picked":"Guardian:Gem_Lightblue","floor":12},{"not_picked":["Guardian:Gem_Green","Guardian:Gem_White"],"picked":"Guardian:Gem_Blue","floor":14},{"not_picked":["Guardian:TimeBomb","Guardian:WalkerClaw"],"picked":"Guardian:Planning","floor":15},{"not_picked":["Guardian:ConstructionForm","Guardian:ExploitGems"],"picked":"Guardian:Gem_Orange","floor":16},{"not_picked":["Guardian:Reroute","Guardian:PiercingHide","Guardian:VentSteam"],"picked":"SKIP","floor":19},{"not_picked":["Guardian:FloatingOrbs","Guardian:PiercingHide+1"],"picked":"Guardian:Gem_Lightblue","floor":20},{"not_picked":["Guardian:GuardianWhirl","Guardian:Gem_Lightblue"],"picked":"Guardian:PrismaticBeam","floor":21},{"not_picked":["Guardian:DonusPower","Guardian:WalkerClaw","Guardian:TimeBomb"],"picked":"SKIP","floor":22},{"not_picked":["Guardian:PrismaticBarrier","Guardian:TemporalShield"],"picked":"Guardian:Gem_Blue","floor":25},{"not_picked":["Guardian:Gem_Red","Guardian:FloatingOrbs"],"picked":"Guardian:Gem_Orange","floor":27},{"not_picked":["Guardian:PrismaticBarrier","Guardian:Harden"],"picked":"Guardian:MultiBeam","floor":28},{"not_picked":["Guardian:GuardianWhirl","Guardian:PiercingHide","Guardian:ShieldSpikes+1"],"picked":"SKIP","floor":29},{"not_picked":["Guardian:TemporalStrike+1","Guardian:PiercingHide"],"picked":"Guardian:Recover+1","floor":30},{"not_picked":["Guardian:RollAttack","Guardian:ChargeCore"],"picked":"Guardian:Gem_Crimson","floor":31},{"not_picked":["Guardian:Planning+1","Guardian:TemporalStrike"],"picked":"Guardian:Gem_Green","floor":32}],"player_experience":857989,"relics_obtained":[{"floor":1,"key":"InkBottle"},{"floor":6,"key":"Guardian:PickAxe"},{"floor":7,"key":"Blue Candle"},{"floor":11,"key":"Toy Ornithopter"},{"floor":24,"key":"Pocketwatch"},{"floor":28,"key":"Torii"}],"event_choices":[{"cards_removed":["Guardian:Strike_Guardian"],"damage_healed":0,"gold_gain":0,"player_choice":"Purged","damage_taken":0,"max_hp_gain":0,"max_hp_loss":0,"event_name":"Purifier","floor":23,"gold_loss":0}],"is_beta":false,"boss_relics":[{"not_picked":["ReplayTheSpireMod:DimensionalGlitch","Busted Crown"],"picked":"Replay:Wanted Poster"}],"items_purged_floors":[12,25],"is_endless":false,"potions_floor_spawned":[3,4,6,8,9,11,15,22,27,29,32],"killed_by":"downfall:Ironclad","ascension_level":0}}