{"host":"121m0oxswv9tg9hk","time":1610717496,"event":{"mods":["AchievementEnabler","BaseMod","Better Third Choice","Downfall","Hermit","Hubris","Infinite Spire","MarisaÅiñ∂âJÅ@ñÇóùçπÅj","Minty Spire (QoL Compilation)","Replay The Spire","Shade Mod","StSLib","The Construct","The Cursed","The Gatherer","The Hierophant","The Mystic"],"gold_per_floor":[99,99,99,54,54,95,95,95,95,135,150,185,35,81,94,200,200,125,161,161,191,227,2,2,43,162,212,212,259,259,282,317,429,429,429,453,453,453,482,502,525,570,570,610,658,551,301,366,394,396,396,402,402,402],"floor_reached":52,"language":"ENG","playtime":3854,"items_purged":["Slimebound:Strike_Slimebound+1","Slimebound:Defend_Slimebound+1","Slimebound:Defend_Slimebound+1"],"score":1120,"play_id":"aad6c61e-de3f-4d81-8693-37b05c786434","local_time":"20210115143136","is_ascension_mode":true,"campfire_choices":[{"floor":1.0,"key":"RECALL"},{"data":"Slimebound:FlameTackle","floor":13.0,"key":"SMITH"},{"floor":18.0,"key":"DIG"},{"floor":28.0,"key":"REST"},{"floor":35,"key":"REST"},{"floor":43,"key":"REST"}],"circlet_count":0,"master_deck":["AscendersBane","Slimebound:Tackle","Slimebound:Defend_Slimebound+1","Slimebound:Defend_Slimebound+1","Slimebound:Split+1","Slimebound:CorrosiveSpit","Slimebound:LeechingTouch+1","Slimebound:Schlurp","Slimebound:ViciousTackle+1","Slimebound:LivingWall","Slimebound:SplitBruiser","Slimebound:FlameTackle+1","Slimebound:RallyTheTroops+1","Slimebound:GrowthPunch","Slimebound:Chomp+1","Slimebound:SpikyOuterGoop","Slimebound:ComboTackle+1","Slimebound:Replication","Slimebound:FirmFortitude","Slimebound:Chomp","Slimebound:SlimeSpikes+1","Slimebound:SelfFormingGoo+1","Slimebound:SlimeSpikes+1","Slimebound:Repurpose+1","Slimebound:SplitBruiser","Slimebound:SpikyOuterGoop","Slimebound:AcidTongue","Slimebound:Gluttony","Slimebound:GoopSpray","expansioncontent:CaCaw","Slimebound:SlimeSpikes","Slimebound:BestDefense+1"],"relics":["Slimebound:AbsorbEndCombat","downfall:HeartsMalice","Ring of Misfortune","CeramicFish","Replay:Kaleidoscope","hubris:TenFootPole","downfall:HeartBlessingGreen","downfall:HeartBlessingBlue","Gremlin Food","Fusion Hammer","downfall:HeartBlessingRed","Replay:Bandana","Blood Vial","ReplayTheSpireMod:TigerMarble","hubris:Spice","Garlic","The Courier","Busted Crown","PreservedInsect","Strawberry","Replay:Rubber Ducky","Mercury Hourglass","hubris:MedicalManual"],"acts_visited":["Exordium","TheCity","TheBeyond","TheEnding"],"potions_floor_usage":[39,40,49],"damage_taken":[{"damage":0.0,"enemies":"Jaw Worm","floor":2.0,"turns":1.0},{"damage":0.0,"enemies":"downfall:FleeingMerchant","floor":4.0,"turns":1.0},{"damage":0.0,"enemies":"Replay:BlueRogue","floor":6.0,"turns":1.0},{"damage":17.0,"enemies":"3 Sentries","floor":10.0,"turns":10.0},{"damage":0.0,"enemies":"2 Louse","floor":11.0,"turns":3.0},{"damage":16.0,"enemies":"Lagavulin","floor":12.0,"turns":6.0},{"damage":10.0,"enemies":"Small Slimes","floor":15.0,"turns":3.0},{"damage":34.0,"enemies":"downfall:Silent","floor":16.0,"turns":8.0},{"damage":29.0,"enemies":"3 Byrds","floor":19.0,"turns":4.0},{"damage":29.0,"enemies":"Shell Parasite","floor":21.0,"turns":5.0},{"damage":10.0,"enemies":"Snake Plant","floor":22.0,"turns":3.0},{"damage":9.0,"enemies":"downfall:FleeingMerchant","floor":23.0,"turns":4.0},{"damage":14.0,"enemies":"Cultist and Chosen","floor":25.0,"turns":5.0},{"damage":28.0,"enemies":"downfall:Watcher","floor":26.0,"turns":8.0},{"damage":26.0,"enemies":"Gremlin Leader","floor":27.0,"turns":6.0},{"damage":22.0,"enemies":"Book of Stabbing","floor":29.0,"turns":4.0},{"damage":16.0,"enemies":"Shelled Parasite and Fungi","floor":31.0,"turns":4.0},{"damage":12.0,"enemies":"Centurion and Healer","floor":32.0,"turns":4.0},{"damage":35.0,"enemies":"downfall:Ironclad","floor":33.0,"turns":9.0},{"damage":13,"enemies":"3 Shapes","floor":36,"turns":4},{"damage":3,"enemies":"Orb Walker","floor":39,"turns":3},{"damage":20,"enemies":"Transient","floor":40,"turns":5},{"damage":11,"enemies":"Jaw Worm Horde","floor":42,"turns":4},{"damage":43,"enemies":"Spire Growth","floor":44,"turns":4},{"damage":52,"enemies":"Nemesis","floor":45,"turns":5},{"damage":5,"enemies":"downfall:FleeingMerchant","floor":46,"turns":4},{"damage":0,"enemies":"downfall:FleeingMerchant","floor":47,"turns":2},{"damage":8,"enemies":"Mind Bloom Boss Battle","floor":48,"turns":5},{"damage":12,"enemies":"Sphere and 2 Shapes","floor":49,"turns":4},{"damage":34,"enemies":"downfall:Watcher","floor":50,"turns":8},{"damage":106,"enemies":"downfall:CharBossMerchant","floor":52,"turns":7}],"seed_played":"-4646940042327189028","potions_obtained":[{"floor":6.0,"key":"SkillPotion"},{"floor":15.0,"key":"SteroidPotion"},{"floor":22.0,"key":"BlessingOfTheForge"},{"floor":25.0,"key":"champ:CounterPotion"},{"floor":29.0,"key":"Cursed Concoction"},{"floor":31.0,"key":"Slimebound:SpawnSlimePotion"},{"floor":32.0,"key":"DuplicationPotion"},{"floor":33.0,"key":"Adrenaline Potion"},{"floor":40,"key":"Strength Potion"},{"floor":42,"key":"SkillPotion"},{"floor":44,"key":"Dexterity Potion"},{"floor":45,"key":"Block Potion"}],"is_trial":false,"path_per_floor":["R","M","?","$","?","E","T","?","?","E","M","E","R","T","M","B",null,"R","M","?","M","M","$","T","M","?","E","R","E","?","M","M","B",null,"R","M","?","AVR","M","M","T","M","R","M","E","$","$","?","M","B",null,"E"],"character_chosen":"SLIMEBOUND","items_purchased":["Slimebound:ViciousTackle","Blood Vial","Slimebound:AcidTongue","Slimebound:Gluttony","Mercury Hourglass","expansioncontent:CaCaw","Slimebound:SlimeSpikes","hubris:Spice"],"campfire_rested":3,"item_purchase_floors":[4,23,46,46,47,47,47,47],"current_hp_per_floor":[54,54,54,54,54,54,54,54,54,60,60,60,70,70,69,64,69,69,58,58,53,51,62,62,70,78,61,78,80,80,82,86,80,85,86,86,82,82,86,83,90,93,93,77,59,76,85,85,85,76,83,0,0,0],"gold":402,"neow_bonus":"THREE_ENEMY_KILL","is_daily":false,"chose_seed":false,"campfire_upgraded":1,"win_rate":0.0,"timestamp":1610717496,"path_taken":["R","M","?","$","?","E","T","?","?","E","M","E","R","?","M","BOSS","R","M","?","M","M","$","T","M","?","E","R","E","?","?","M","BOSS","R","M","?","AVR","?","M","T","?","R","M","E","?","$","?","M","BOSS","E"],"items_purchased_type":["Card","Relic","Card","Card","Relic","Card","Card","Relic"],"build_version":"2020-12-22","purchased_purges":3,"victory":false,"max_hp_per_floor":[60,60,60,60,60,60,60,60,60,60,60,60,70,70,70,70,70,70,70,70,70,70,70,70,70,78,78,78,86,86,86,86,86,86,86,86,86,86,86,86,93,93,93,93,93,93,85,85,85,85,85,85,85,85],"card_choices":[{"not_picked":["Slimebound:PressTheAttack","Slimebound:BestDefense"],"picked":"Slimebound:LeechingTouch","floor":2.0},{"not_picked":["Slimebound:BestDefense","Slimebound:PressTheAttack"],"picked":"Slimebound:Schlurp","floor":4.0},{"not_picked":["Slimebound:ComboTackle","Slimebound:FlameTackle"],"picked":"Slimebound:LivingWall","floor":6.0},{"not_picked":["Slimebound:Recycling","Slimebound:Prepare"],"picked":"Slimebound:SplitBruiser","floor":10.0},{"not_picked":["Slimebound:RejuvenatingLick","Slimebound:PressTheAttack","Slimebound:ComboTackle"],"picked":"SKIP","floor":11.0},{"not_picked":["Slimebound:Nibble","Slimebound:ProtectTheBoss"],"picked":"Slimebound:FlameTackle","floor":12.0},{"not_picked":["Slimebound:Prepare","Slimebound:SplitAcid","Slimebound:BestDefense"],"picked":"SKIP","floor":15.0},{"not_picked":["Slimebound:MassFeed","Slimebound:SlimeSlap"],"picked":"Slimebound:RallyTheTroops","floor":16.0},{"not_picked":["Slimebound:FinishingTackle+1","Slimebound:SplitLeeching"],"picked":"Slimebound:GrowthPunch","floor":19.0},{"not_picked":["Slimebound:Grow+1","Slimebound:RallyTheTroops"],"picked":"Slimebound:Chomp+1","floor":21.0},{"not_picked":["Slimebound:SplitBruiser+1","Slimebound:Recollect"],"picked":"Slimebound:SpikyOuterGoop","floor":22.0},{"not_picked":["Slimebound:FinishingTackle","Slimebound:SamplingLick"],"picked":"Slimebound:ComboTackle","floor":23.0},{"not_picked":["Slimebound:Equalize","Slimebound:SplitMire"],"picked":"Slimebound:Replication","floor":25.0},{"not_picked":["Slimebound:PressTheAttack+1","Slimebound:GrowthPunch"],"picked":"Slimebound:FirmFortitude","floor":26.0},{"not_picked":["Slimebound:Nibble","Slimebound:Recollect"],"picked":"Slimebound:Chomp","floor":27.0},{"not_picked":["Slimebound:TongueLash+1","Slimebound:FinishingTackle+1","Slimebound:DisruptingSlam"],"picked":"SKIP","floor":29.0},{"not_picked":["Slimebound:SplitLeeching+1","hubris:SpiceAddiction","Slimebound:SplitBruiser"],"picked":"SKIP","floor":31.0},{"not_picked":["Slimebound:Chomp","Slimebound:ForwardTackle"],"picked":"Slimebound:SlimeSpikes","floor":32.0},{"not_picked":["hubris:SpiceAddiction","Slimebound:Recycling"],"picked":"Slimebound:SelfFormingGoo","floor":33.0},{"not_picked":["Slimebound:SplitLeeching"],"picked":"SKIP","floor":36},{"not_picked":[],"picked":"Slimebound:SlimeSpikes+1","floor":39},{"not_picked":["Slimebound:ItLooksTasty"],"picked":"SKIP","floor":40},{"not_picked":[],"picked":"Slimebound:Repurpose+1","floor":42},{"not_picked":[],"picked":"Slimebound:SplitBruiser","floor":44},{"not_picked":[],"picked":"Slimebound:SpikyOuterGoop","floor":45},{"not_picked":["Slimebound:SplitBruiser"],"picked":"SKIP","floor":46},{"not_picked":[],"picked":"Slimebound:GoopSpray","floor":47},{"not_picked":[],"picked":"Slimebound:BestDefense+1","floor":48},{"not_picked":["Slimebound:Prepare"],"picked":"SKIP","floor":49}],"player_experience":2936816,"relics_obtained":[{"floor":5.0,"key":"Ring of Misfortune"},{"floor":6.0,"key":"CeramicFish"},{"floor":10.0,"key":"Replay:Kaleidoscope"},{"floor":12.0,"key":"hubris:TenFootPole"},{"floor":14.0,"key":"Gremlin Food"},{"floor":18.0,"key":"Replay:Bandana"},{"floor":24.0,"key":"ReplayTheSpireMod:TigerMarble"},{"floor":26.0,"key":"hubris:Spice"},{"floor":26.0,"key":"Garlic"},{"floor":27.0,"key":"The Courier"},{"floor":29.0,"key":"hubris:Spice"},{"floor":41,"key":"Strawberry"},{"floor":45,"key":"Replay:Rubber Ducky"},{"floor":48,"key":"hubris:MedicalManual"}],"event_choices":[{"cards_removed":["Slimebound:Strike_Slimebound"],"damage_healed":0.0,"max_hp_gain":0.0,"max_hp_loss":0.0,"gold_gain":0.0,"event_name":"The Cleric","player_choice":"Card Removal","floor":3.0,"gold_loss":0.0,"damage_taken":0.0},{"damage_healed":0.0,"max_hp_gain":0.0,"max_hp_loss":5.0,"gold_gain":0.0,"event_name":"betterThird:BetterWriting","player_choice":"Simplicity","floor":20.0,"gold_loss":0.0,"damage_taken":0.0},{"damage_healed":0.0,"max_hp_gain":0.0,"max_hp_loss":0.0,"gold_gain":0.0,"event_name":"Accursed Blacksmith","player_choice":"Forge","floor":30.0,"gold_loss":0.0,"damage_taken":0.0,"cards_upgraded":["Slimebound:ComboTackle"]}],"is_beta":false,"boss_relics":[{"not_picked":["hubris:BlackHole","Painkiller Herb"],"picked":"Fusion Hammer"},{"not_picked":["Replay:Drink Me","hubris:Spice"],"picked":"Busted Crown"}],"items_purged_floors":[23,38,47],"is_endless":false,"potions_floor_spawned":[6,15,22,25,29,31,32,33,40,42,44,45,48],"killed_by":"downfall:CharBossMerchant","ascension_level":10}}