{"host":"hts1fqixrwq4jffj","time":1610699926,"event":{"mods":["BaseMod","Minty Spire (QoL Compilation)","Replay The Spire","StSLib"],"gold_per_floor":[117,117,137,64,77,110,110,142,142,142,142,142,142,159,159,257,257,271,196,223,163,179,210,210,90,90,90,90],"floor_reached":27,"language":"ZHS","playtime":888,"items_purged":["Strike_R"],"score":262,"play_id":"c680ae23-96cc-4a0d-ac6c-6d6cf0019e89","local_time":"20210115163846","daily_mods":["Heirloom","Flight","DeadlyEvents"],"is_ascension_mode":false,"campfire_choices":[{"data":"Combust","floor":7,"key":"SMITH"},{"data":"Perfected Strike","floor":7,"key":"SMITH"},{"data":"Life Link","floor":10,"key":"SMITH"},{"data":"Replay:Undeath\u0027s Touch","floor":10,"key":"SMITH"},{"data":"Run Through","floor":11,"key":"SMITH"},{"data":"Bash","floor":11,"key":"SMITH"},{"data":"Iron Wave","floor":12,"key":"SMITH"},{"data":"Defend_R","floor":12,"key":"SMITH"},{"data":"Defend_R","floor":13,"key":"SMITH"},{"data":"Defend_R","floor":13,"key":"SMITH"},{"data":"Bludgeon","floor":24,"key":"SMITH"},{"data":"Bloodletting","floor":24,"key":"SMITH"}],"circlet_count":0,"master_deck":["Strike_R","Strike_R","Strike_R","Strike_R","Defend_R","Defend_R+1","Defend_R+1","Defend_R+1","Bash+1","Perfected Strike+1","Replay:Undeath\u0027s Touch+1","Combust+1","Run Through+1","Life Link+1","Iron Wave+1","Bludgeon+1","Bloodletting+1","Metallicize+1","ReplayUltimateDefense","Dramatic Entrance","Good Instincts"],"relics":["Burning Blood","replay:Trail_Library","Replay:Arrowhead","Happy Flower","Replay:Ringing Soul","White Beast Statue","Replay:Bronze Core","Bronze Scales","ReplayTheSpireMod:ShopPack","Peace Pipe"],"acts_visited":["Exordium","TheCity"],"potions_floor_usage":[22,22],"damage_taken":[{"damage":2,"enemies":"Small Slimes","floor":1,"turns":5},{"damage":6,"enemies":"Cultist","floor":3,"turns":3},{"damage":7,"enemies":"Jaw Worm","floor":5,"turns":3},{"damage":31,"enemies":"3 Sentries","floor":6,"turns":4},{"damage":26,"enemies":"Lagavulin","floor":8,"turns":6},{"damage":4,"enemies":"Blue Slaver","floor":14,"turns":3},{"damage":55,"enemies":"The Guardian","floor":16,"turns":6},{"damage":8,"enemies":"3 Byrds","floor":18,"turns":3},{"damage":8,"enemies":"Shell Parasite","floor":22,"turns":4},{"damage":47,"enemies":"Slavers","floor":23,"turns":3},{"damage":4,"enemies":"Replay:Snechameleon","floor":27,"turns":5}],"seed_played":"-776448844015441679","potions_obtained":[{"floor":1,"key":"Weak Potion"},{"floor":14,"key":"CultistPotion"},{"floor":16,"key":"PowerPotion"},{"floor":22,"key":"Venom Potion"},{"floor":23,"key":"DistilledChaos"}],"is_trial":true,"path_per_floor":["M","?","M","$","M","E","R","E","T","R","R","R","R","M","R","B",null,"M","$","?","?","M","E","R","$","T","E"],"character_chosen":"IRONCLAD","items_purchased":["Combust","ReplayTheSpireMod:ShopPack"],"campfire_rested":0,"item_purchase_floors":[4,25],"current_hp_per_floor":[80,80,80,80,79,54,54,37,37,40,40,40,40,42,67,21,89,87,87,87,87,88,50,50,53,53,49,49],"gold":90,"neow_bonus":"","is_daily":false,"chose_seed":false,"campfire_upgraded":12,"win_rate":0.0,"timestamp":1610699926,"path_taken":["M","?","M","$","?","E","R","?","T","R","R","R","R","M","R","BOSS","M","$","?","?","?","E","R","$","T","E"],"items_purchased_type":["Card","Relic"],"build_version":"2020-12-22","purchased_purges":1,"victory":false,"max_hp_per_floor":[80,80,80,80,80,80,80,83,83,86,86,86,86,86,86,89,89,89,89,89,89,92,95,95,98,98,98,98],"card_choices":[{"not_picked":["Disarm","Defy Death","Intimidate"],"picked":"SKIP","floor":1},{"not_picked":["Abandon","Armaments"],"picked":"Replay:Undeath\u0027s Touch","floor":3},{"not_picked":["Wild Strike","Twin Strike"],"picked":"Run Through","floor":5},{"not_picked":["Body Slam","Infernal Blade","Evolve"],"picked":"SKIP","floor":6},{"not_picked":["ReplayTheSpireMod:LeadingStrike","Clash"],"picked":"Life Link","floor":8},{"not_picked":["ReplayTheSpireMod:Strike From Hell","Dropkick","Fire Breathing"],"picked":"SKIP","floor":14},{"not_picked":["Impervious","Immolate"],"picked":"Bludgeon","floor":16},{"not_picked":["Run Through","Carnage","Entrench"],"picked":"SKIP","floor":18},{"not_picked":["Warcry","Shrug It Off"],"picked":"Bloodletting","floor":22},{"not_picked":["Ghostly Armor","True Grit"],"picked":"Metallicize+1","floor":23},{"not_picked":["Secret Weapon","Magnetism"],"picked":"ReplayUltimateDefense","floor":25},{"not_picked":["PanicButton","Midas Touch"],"picked":"Dramatic Entrance","floor":25},{"not_picked":["Metamorphosis","Replay:Sssssssssshield"],"picked":"Good Instincts","floor":25}],"player_experience":467398,"relics_obtained":[{"floor":6,"key":"Happy Flower"},{"floor":8,"key":"Replay:Ringing Soul"},{"floor":9,"key":"White Beast Statue"},{"floor":23,"key":"Bronze Scales"},{"floor":26,"key":"Peace Pipe"}],"event_choices":[{"damage_healed":0,"gold_gain":0,"player_choice":"1 cards matched","damage_taken":0,"max_hp_gain":0,"max_hp_loss":0,"event_name":"Match and Keep!","floor":2,"gold_loss":0,"cards_obtained":["Perfected Strike"]}],"is_beta":false,"boss_relics":[{"not_picked":["Black Star","Astrolabe"],"picked":"Replay:Bronze Core"}],"items_purged_floors":[19],"is_endless":false,"potions_floor_spawned":[1,14,16,18,22,23],"killed_by":"Replay:Snechameleon","ascension_level":0}}