{"host":"hts1fqixrwq4jffj","time":1610700649,"event":{"mods":["BaseMod","Hermit","Minty Spire (QoL Compilation)","StSLib"],"gold_per_floor":[419,98,173,150,164,164,164,189,266,295,351,351,351],"floor_reached":12,"language":"ZHS","playtime":532,"items_purged":["hermit:Strike_Hermit"],"score":84,"play_id":"8215d5ce-f4a6-416f-86bf-22447bbf10a7","local_time":"20210115165049","daily_mods":["Vintage","Heirloom","Flight","DeadlyEvents"],"is_ascension_mode":false,"campfire_choices":[{"data":"hermit:Determination","floor":6,"key":"SMITH"},{"data":"hermit:Roulette","floor":7,"key":"SMITH"}],"circlet_count":0,"master_deck":["hermit:Strike_Hermit","hermit:Strike_Hermit","hermit:Strike_Hermit","hermit:Defend_Hermit","hermit:Defend_Hermit","hermit:Defend_Hermit","hermit:Defend_Hermit","hermit:Snapshot","hermit:Covet","hermit:Determination+1","hermit:Roulette+1","hermit:FromBeyond","hermit:HoleUp","hermit:Gestalt","hermit:Ricochet"],"relics":["hermit:Momento","Old Coin","Toy Ornithopter","Akabeko","Happy Flower","White Beast Statue","Pantograph"],"acts_visited":["Exordium"],"potions_floor_usage":[10,12],"damage_taken":[{"damage":2,"enemies":"2 Louse","floor":1,"turns":4},{"damage":1,"enemies":"Jaw Worm","floor":5,"turns":2},{"damage":24,"enemies":"Lagavulin","floor":8,"turns":7},{"damage":41,"enemies":"Gremlin Nob","floor":10,"turns":5},{"damage":10,"enemies":"3 Sentries","floor":12,"turns":3}],"seed_played":"-539060621120503","potions_obtained":[{"floor":5,"key":"Block Potion"},{"floor":10,"key":"Strength Potion"}],"is_trial":true,"path_per_floor":["M","$","?","$","M","R","R","E","T","E","?","E"],"character_chosen":"HERMIT","items_purchased":["hermit:Determination","hermit:Roulette","hermit:FromBeyond","hermit:HoleUp"],"campfire_rested":0,"item_purchase_floors":[2,2,2,4],"current_hp_per_floor":[73,73,62,62,61,61,61,37,37,1,1,0,0],"gold":351,"neow_bonus":"","is_daily":false,"chose_seed":false,"campfire_upgraded":2,"win_rate":0.0,"timestamp":1610700649,"path_taken":["M","$","?","$","M","R","R","E","T","E","?","?"],"items_purchased_type":["Card","Card","Card","Card"],"build_version":"2020-12-22","purchased_purges":1,"victory":false,"max_hp_per_floor":[75,75,75,75,75,75,75,75,75,75,75,75,75],"card_choices":[{"not_picked":["hermit:NoHoldsBarred","hermit:TakeCover"],"picked":"hermit:Gestalt","floor":8},{"not_picked":["hermit:Roulette","hermit:Glare"],"picked":"hermit:Ricochet","floor":10}],"player_experience":470399,"relics_obtained":[{"floor":1,"key":"Toy Ornithopter"},{"floor":5,"key":"Akabeko"},{"floor":8,"key":"Happy Flower"},{"floor":9,"key":"White Beast Statue"},{"floor":10,"key":"Pantograph"}],"event_choices":[{"damage_healed":0,"gold_gain":75,"player_choice":"Gather Gold","damage_taken":11,"max_hp_gain":0,"max_hp_loss":0,"event_name":"World of Goop","floor":3,"gold_loss":0},{"damage_healed":0,"gold_gain":56,"player_choice":"Gained Gold","damage_taken":0,"max_hp_gain":0,"max_hp_loss":0,"event_name":"Golden Wing","floor":11,"gold_loss":0}],"is_beta":false,"boss_relics":[],"items_purged_floors":[2],"is_endless":false,"potions_floor_spawned":[5,10],"killed_by":"3 Sentries","ascension_level":0}}