{"host":"8zg25aa619vmqq54","time":1610680497,"event":{"mods":["ATMod(∞¢Ë™Mod)","BaseMod","Downfall","Marisa£®ÏF”Í°°ƒß¿Ì…≥£©","Minty Spire (QoL Compilation)","Remilia£®¿Ÿ√◊¿Ú—«£©","Replay The Spire","Shop Mod","Spicy Shops","StSLib","The Alterego","The Animator","The Servant 0.9.4","°æ“≈ŒÔø®≈∆°øREMEMod"],"gold_per_floor":[115,115,115,10,27,27,56,71,71,71,71,114,132,150,150,275,275,296,386,399,22,36,36,36],"floor_reached":23,"language":"ZHS","playtime":1247,"items_purged":[],"score":276,"play_id":"5ce6c01a-1950-4367-807b-900219573884","local_time":"20210115111457","is_ascension_mode":false,"campfire_choices":[{"floor":6.0,"key":"RECALL"},{"data":"AT_FamilyPortrait","floor":10.0,"key":"SMITH"}],"circlet_count":0,"master_deck":["Strike_B","Strike_B","Defend_B","Defend_B","Defend_B","Defend_B","Zap","Dualcast","BattleHymn","AT_FamilyPortrait+1","Steam","Crystallizer","Sweeping Beam","Ball Lightning","FTL","Ball Lightning","Injury","Stack","Crystallizer","AT_ThreeBodyProblem+1","Machine Learning","Ball Lightning","Leap+1","Blizzard"],"relics":["Cracked Core","AT_ATBox","REME_ComplimentaryCards","NeowsBlessing","Replay:Frozen Program","Ginger","AT_Manta","Golden Idol","AT_ArchangelStaff","Nuclear Battery","Membership Card","Blood Vial","Torii"],"acts_visited":["Exordium","TheCity"],"potions_floor_usage":[12,14,23],"damage_taken":[{"damage":0.0,"enemies":"Jaw Worm","floor":1.0,"turns":1.0},{"damage":0.0,"enemies":"Small Slimes","floor":5.0,"turns":1.0},{"damage":0.0,"enemies":"3 Sentries","floor":7.0,"turns":1.0},{"damage":12.0,"enemies":"2 Louse","floor":8.0,"turns":2.0},{"damage":10,"enemies":"Lagavulin","floor":12,"turns":4},{"damage":11,"enemies":"Exordium Thugs","floor":13,"turns":4},{"damage":1,"enemies":"Gremlin Gang","floor":14,"turns":2},{"damage":0,"enemies":"Slime Boss","floor":16,"turns":5},{"damage":0,"enemies":"Chosen","floor":18,"turns":4},{"damage":15,"enemies":"2 Thieves","floor":20,"turns":3},{"damage":1,"enemies":"Centurion and Healer","floor":22,"turns":4},{"damage":38,"enemies":"REME_1_Revenger","floor":23,"turns":4}],"seed_played":"-8372780252943255533","potions_obtained":[{"floor":1.0,"key":"Weak Potion"},{"floor":8.0,"key":"LiquidMemories"},{"floor":16,"key":"Energy Potion"},{"floor":22,"key":"DistilledChaos"}],"is_trial":false,"path_per_floor":["M","?","?","$","M","R","E","M","T","R","?","E","M","M","R","B",null,"M","?","M","$","M","E"],"character_chosen":"DEFECT","items_purchased":["Replay:Frozen Program","Sweeping Beam","Membership Card","Blood Vial","Torii"],"campfire_rested":0,"item_purchase_floors":[4,4,21,21,21],"current_hp_per_floor":[75,68,68,68,68,68,68,56,56,56,56,54,43,42,64,64,75,75,63,48,48,49,13,13],"gold":36,"neow_bonus":"THREE_ENEMY_KILL","is_daily":false,"chose_seed":false,"campfire_upgraded":1,"win_rate":0.0,"timestamp":1610680497,"path_taken":["M","?","?","$","M","R","E","M","T","R","?","E","M","M","R","BOSS","M","?","M","?","M","E"],"items_purchased_type":["Relic","Card","Relic","Relic","Relic"],"build_version":"2020-12-22","purchased_purges":0,"victory":false,"max_hp_per_floor":[75,75,75,75,75,75,75,75,75,75,75,75,75,75,75,75,75,75,75,75,75,75,75,75],"card_choices":[{"not_picked":["Panic Button","Skim"],"picked":"Steam","floor":1.0},{"not_picked":["Rebound","Redo"],"picked":"Ball Lightning","floor":5.0},{"not_picked":["Reprogram","Leap"],"picked":"FTL","floor":7.0},{"not_picked":["Barrage","Scrape"],"picked":"Ball Lightning","floor":8.0},{"not_picked":["Sweeping Beam","Compile Driver"],"picked":"Stack","floor":12},{"not_picked":["BasicCrystalCard","Beam Cell"],"picked":"Crystallizer","floor":13},{"not_picked":["Cold Snap","Panic Button"],"picked":"AT_ThreeBodyProblem","floor":14},{"not_picked":["Fission","AT_RightCognition"],"picked":"Machine Learning","floor":16},{"not_picked":["Leap","Force Field"],"picked":"Ball Lightning","floor":18},{"not_picked":["Auto Shields+1","Barrage"],"picked":"Leap+1","floor":20},{"not_picked":["Double Energy","AT_ThunderBolt"],"picked":"Blizzard","floor":22}],"player_experience":66021,"relics_obtained":[{"floor":7.0,"key":"Ginger"},{"floor":9.0,"key":"AT_Manta"},{"floor":12,"key":"AT_ArchangelStaff"}],"event_choices":[{"cards_removed":["Strike_B"],"damage_healed":0.0,"max_hp_gain":0.0,"max_hp_loss":0.0,"gold_gain":0.0,"event_name":"Golden Wing","player_choice":"Card Removal","floor":2.0,"gold_loss":0.0,"damage_taken":7.0},{"damage_healed":0.0,"max_hp_gain":0.0,"max_hp_loss":0.0,"gold_gain":0.0,"cards_transformed":["Strike_B"],"event_name":"Living Wall","player_choice":"Change","floor":3.0,"gold_loss":0.0,"damage_taken":0.0,"cards_obtained":["Crystallizer"]},{"damage_healed":0.0,"max_hp_gain":0.0,"max_hp_loss":0.0,"gold_gain":0.0,"event_name":"Golden Idol","player_choice":"Take Wound","floor":11.0,"gold_loss":0.0,"damage_taken":0.0,"relics_obtained":["Golden Idol"],"cards_obtained":["Injury"]},{"damage_healed":0,"gold_gain":90,"player_choice":"GOLD ","damage_taken":12,"max_hp_gain":0,"max_hp_loss":0,"event_name":"Knowing Skull","floor":19,"potions_obtained":[],"gold_loss":0,"cards_obtained":[]}],"is_beta":false,"boss_relics":[{"not_picked":["Ectoplasm","Kintsugi"],"picked":"Nuclear Battery"}],"items_purged_floors":[],"is_endless":false,"potions_floor_spawned":[1,8,16,22],"killed_by":"REME_1_Revenger","ascension_level":0}}