{"host":"soyfmymeou4emntr","time":1610749414,"event":{"mods":["BaseMod","Minty Spire (QoL Compilation)","Relic Sorter","Relic Stats","StSLib"],"gold_per_floor":[109,109,119,269,59,59,87,0,0,30,93,93,10,28,28,100,100,117,167,196,209,134,164,183,183,183,46,63,94,105,124,124,196,196,215,215,232,251,55,55,84,0,0,25,41,55,84,98,98,98,98],"floor_reached":50,"language":"ENG","playtime":8462,"items_purged":["Doubt"],"score":1235,"play_id":"b676f226-8183-482d-9ac1-61302645bc7d","local_time":"20210115152334","is_ascension_mode":true,"campfire_choices":[{"data":"Inflame","floor":6.0,"key":"SMITH"},{"data":"Flame Barrier","floor":12.0,"key":"SMITH"},{"data":"Carnage","floor":15.0,"key":"SMITH"},{"data":"Uppercut","floor":25.0,"key":"SMITH"},{"floor":32.0,"key":"REST"},{"floor":49.0,"key":"RECALL"}],"circlet_count":0,"master_deck":["AscendersBane","Strike_R","Strike_R+1","Strike_R","Strike_R+1","Defend_R","Defend_R","Defend_R","Bash","Twin Strike","Cleave","Inflame+1","Sword Boomerang","Power Through","Flame Barrier+1","Carnage+1","Offering","Perfected Strike","Immolate","Uppercut+1","Whirlwind","Fire Breathing","Juggernaut","Evolve+1","Feel No Pain","Disarm","Burning Pact","Perfected Strike","Uppercut","Shame","Wild Strike+1","Flame Barrier"],"relics":["Burning Blood","Art of War","Singing Bowl","Bottled Tornado","Letter Opener","PreservedInsect","Strawberry","Snecko Eye","Red Mask","Whetstone","Mercury Hourglass","Mummified Hand","Cursed Key","Bag of Marbles","Charon\u0027s Ashes","Incense Burner"],"acts_visited":["Exordium","TheCity","TheBeyond"],"potions_floor_usage":[50],"damage_taken":[{"damage":7.0,"enemies":"Small Slimes","floor":1.0,"turns":5.0},{"damage":7.0,"enemies":"2 Louse","floor":3.0,"turns":3.0},{"damage":40.0,"enemies":"3 Sentries","floor":7.0,"turns":8.0},{"damage":20.0,"enemies":"Lagavulin","floor":10.0,"turns":6.0},{"damage":0.0,"enemies":"Lagavulin Event","floor":11.0,"turns":2.0},{"damage":1.0,"enemies":"Cultist","floor":14.0,"turns":3.0},{"damage":28.0,"enemies":"The Guardian","floor":16.0,"turns":14.0},{"damage":29.0,"enemies":"2 Thieves","floor":18.0,"turns":4.0},{"damage":12.0,"enemies":"Masked Bandits","floor":20.0,"turns":3.0},{"damage":6.0,"enemies":"Chosen","floor":21.0,"turns":3.0},{"damage":0.0,"enemies":"Gremlin Leader","floor":23.0,"turns":4.0},{"damage":22.0,"enemies":"Centurion and Healer","floor":24.0,"turns":5.0},{"damage":6.0,"enemies":"Snecko","floor":28.0,"turns":3.0},{"damage":25.0,"enemies":"Book of Stabbing","floor":29.0,"turns":3.0},{"damage":9.0,"enemies":"Cultist and Chosen","floor":30.0,"turns":5.0},{"damage":6.0,"enemies":"3 Cultists","floor":31.0,"turns":3.0},{"damage":58.0,"enemies":"Automaton","floor":33.0,"turns":7.0},{"damage":3.0,"enemies":"Orb Walker","floor":35.0,"turns":2.0},{"damage":0.0,"enemies":"3 Darklings","floor":37.0,"turns":2.0},{"damage":6.0,"enemies":"Jaw Worm Horde","floor":38.0,"turns":3.0},{"damage":36.0,"enemies":"Reptomancer","floor":41.0,"turns":5.0},{"damage":22.0,"enemies":"Nemesis","floor":44.0,"turns":5.0},{"damage":0.0,"enemies":"4 Shapes","floor":45.0,"turns":4.0},{"damage":33.0,"enemies":"Transient","floor":46.0,"turns":6.0},{"damage":16.0,"enemies":"Reptomancer","floor":47.0,"turns":4.0},{"damage":0.0,"enemies":"Jaw Worm Horde","floor":48.0,"turns":2.0},{"damage":42,"enemies":"Donu and Deca","floor":50,"turns":3}],"seed_played":"-442639048989177859","potions_obtained":[{"floor":7.0,"key":"SneckoOil"},{"floor":10.0,"key":"Block Potion"},{"floor":11.0,"key":"LiquidMemories"},{"floor":16.0,"key":"BloodPotion"},{"floor":18.0,"key":"Explosive Potion"},{"floor":24.0,"key":"Regen Potion"},{"floor":28.0,"key":"Fire Potion"},{"floor":30.0,"key":"EntropicBrew"},{"floor":35.0,"key":"ElixirPotion"},{"floor":41.0,"key":"Strength Potion"},{"floor":47.0,"key":"GamblersBrew"}],"is_trial":false,"path_per_floor":["M","?","M","?","$","R","E","$","T","E","?","R","$","M","R","B",null,"M","?","?","M","?","E","M","R","T","$","M","E","M","M","R","B",null,"M","?","M","M","$","?","E","$","T","E","M","M","E","M","R","B"],"character_chosen":"IRONCLAD","items_purchased":["Cleave","Inflame","Power Through","Carnage","BloodPotion","Whirlwind","Feel No Pain","Disarm","Burning Pact","Uppercut"],"campfire_rested":1,"item_purchase_floors":[5,5,8,13,27,27,39,39,39,42],"current_hp_per_floor":[67,56,57,57,57,57,23,23,23,11,24,24,24,31,31,9,68,45,45,41,43,43,49,33,33,33,51,71,54,51,53,82,45,85,90,90,95,97,97,97,67,67,67,51,59,32,24,32,32,0,0],"gold":98,"neow_bonus":"RANDOM_COMMON_RELIC","is_daily":false,"chose_seed":false,"campfire_upgraded":4,"win_rate":0.0,"timestamp":1610749414,"path_taken":["M","?","M","?","$","R","E","$","T","E","?","R","?","M","R","BOSS","M","?","?","M","?","E","?","R","T","?","M","E","M","M","R","BOSS","M","?","M","M","$","?","E","$","T","E","M","M","E","M","R","BOSS"],"items_purchased_type":["Card","Card","Card","Card","Potion","Card","Card","Card","Card","Card"],"build_version":"2020-12-22","purchased_purges":1,"victory":false,"max_hp_per_floor":[75,75,77,77,77,77,77,77,77,79,86,86,86,88,88,88,88,88,88,90,92,92,92,92,92,92,92,94,96,96,98,98,98,98,100,95,95,97,97,97,97,97,97,97,99,99,101,103,103,103,103],"relic_stats":{"Singing Bowl":26,"counters":[27,116],"PreservedInsect":290,"Charon\u0027s Ashes":[60],"Letter Opener":[22],"Whetstone":["Strike_R","Strike_R"],"Cursed Key":1,"Burning Blood":155,"Mercury Hourglass":[227],"Mummified Hand":[63],"Snecko Eye":[142,98,131,149],"Art of War":[9],"obtain_stats":[{"Singing Bowl":2,"PreservedInsect":10,"Charon\u0027s Ashes":44,"Incense Burner":47,"Letter Opener":9,"Whetstone":23,"Bottled Tornado":7,"Cursed Key":34,"Burning Blood":0,"Mercury Hourglass":26,"Mummified Hand":29,"Strawberry":11,"Snecko Eye":17,"Art of War":0,"Red Mask":20,"Bag of Marbles":41},{"Singing Bowl":1,"PreservedInsect":4,"Charon\u0027s Ashes":22,"Incense Burner":25,"Letter Opener":3,"Whetstone":11,"Bottled Tornado":3,"Cursed Key":17,"Burning Blood":0,"Mercury Hourglass":12,"Mummified Hand":14,"Strawberry":5,"Snecko Eye":7,"Art of War":0,"Red Mask":9,"Bag of Marbles":21},{"Singing Bowl":5,"PreservedInsect":22,"Charon\u0027s Ashes":97,"Incense Burner":111,"Letter Opener":16,"Whetstone":55,"Bottled Tornado":16,"Cursed Key":81,"Burning Blood":0,"Mercury Hourglass":60,"Mummified Hand":66,"Strawberry":24,"Snecko Eye":41,"Art of War":0,"Red Mask":48,"Bag of Marbles":92}]},"card_choices":[{"not_picked":["Bloodletting","Iron Wave"],"picked":"Twin Strike","floor":1.0},{"not_picked":["Dark Embrace","Seeing Red","Headbutt"],"picked":"Singing Bowl","floor":3.0},{"not_picked":["Shrug It Off","Burning Pact"],"picked":"Sword Boomerang","floor":7.0},{"not_picked":["Thunderclap","Flex","Anger"],"picked":"Singing Bowl","floor":10.0},{"not_picked":["Twin Strike","Flex"],"picked":"Flame Barrier","floor":11.0},{"not_picked":["Heavy Blade","Cleave","Warcry"],"picked":"Singing Bowl","floor":14.0},{"not_picked":["Barricade","Exhume"],"picked":"Offering","floor":16.0},{"not_picked":["Searing Blow","Clash"],"picked":"Perfected Strike","floor":18.0},{"not_picked":["Anger","Clothesline","Cleave"],"picked":"Singing Bowl","floor":20.0},{"not_picked":["Flex","Burning Pact","Heavy Blade"],"picked":"Singing Bowl","floor":21.0},{"not_picked":["Battle Trance+1","Ghostly Armor"],"picked":"Immolate","floor":23.0},{"not_picked":["Flame Barrier","Flex"],"picked":"Uppercut","floor":24.0},{"not_picked":["Thunderclap","Havoc","True Grit"],"picked":"Singing Bowl","floor":28.0},{"not_picked":["Warcry","Body Slam+1","Power Through"],"picked":"Singing Bowl","floor":29.0},{"not_picked":["Sever Soul+1","Evolve"],"picked":"Fire Breathing","floor":30.0},{"not_picked":["Armaments","Havoc","Bloodletting"],"picked":"Singing Bowl","floor":31.0},{"not_picked":["Limit Break","Corruption"],"picked":"Juggernaut","floor":33.0},{"not_picked":["Infernal Blade","Heavy Blade","Whirlwind+1"],"picked":"Singing Bowl","floor":35.0},{"not_picked":["Second Wind","Carnage"],"picked":"Evolve+1","floor":37.0},{"not_picked":["Metallicize","Power Through","Burning Pact"],"picked":"Singing Bowl","floor":38.0},{"not_picked":["Combust","Searing Blow"],"picked":"Perfected Strike","floor":41.0},{"not_picked":["Rupture","Infernal Blade+1"],"picked":"Wild Strike+1","floor":44.0},{"not_picked":["Clothesline","Carnage","Heavy Blade"],"picked":"Singing Bowl","floor":45.0},{"not_picked":["Clothesline","Shrug It Off"],"picked":"Flame Barrier","floor":46.0},{"not_picked":["Headbutt+1","Cleave","Exhume"],"picked":"Singing Bowl","floor":47.0},{"not_picked":["Seeing Red","Sword Boomerang+1","Cleave"],"picked":"Singing Bowl","floor":48.0}],"player_experience":2815606,"relics_obtained":[{"floor":7.0,"key":"Bottled Tornado"},{"floor":9.0,"key":"Letter Opener"},{"floor":10.0,"key":"PreservedInsect"},{"floor":11.0,"key":"Strawberry"},{"floor":20.0,"key":"Red Mask"},{"floor":23.0,"key":"Whetstone"},{"floor":26.0,"key":"Mercury Hourglass"},{"floor":29.0,"key":"Mummified Hand"},{"floor":41.0,"key":"Bag of Marbles"},{"floor":44.0,"key":"Charon\u0027s Ashes"},{"floor":47.0,"key":"Incense Burner"}],"event_choices":[{"damage_healed":0.0,"max_hp_gain":0.0,"max_hp_loss":0.0,"gold_gain":0.0,"event_name":"Scrap Ooze","player_choice":"Success","floor":2.0,"gold_loss":0.0,"damage_taken":11.0,"relics_obtained":["Singing Bowl"]},{"damage_healed":0.0,"max_hp_gain":0.0,"max_hp_loss":0.0,"gold_gain":150.0,"event_name":"Liars Game","player_choice":"AGREE","floor":4.0,"gold_loss":0.0,"damage_taken":0.0,"cards_obtained":["Doubt"]},{"damage_healed":0.0,"max_hp_gain":0.0,"max_hp_loss":0.0,"gold_gain":0.0,"event_name":"Dead Adventurer","player_choice":"Searched \u00271\u0027 times","floor":11.0,"gold_loss":0.0,"damage_taken":0.0},{"damage_healed":0.0,"max_hp_gain":0.0,"max_hp_loss":0.0,"gold_gain":50.0,"event_name":"Nest","player_choice":"Stole From Cult","floor":19.0,"gold_loss":0.0,"damage_taken":0.0},{"damage_healed":0.0,"max_hp_gain":0.0,"max_hp_loss":0.0,"gold_gain":0.0,"event_name":"Masked Bandits","player_choice":"Fought Bandits","floor":20.0,"gold_loss":0.0,"damage_taken":0.0},{"cards_removed":["Strike_R"],"damage_healed":0.0,"max_hp_gain":0.0,"max_hp_loss":0.0,"gold_gain":0.0,"event_name":"Beggar","player_choice":"Gave Gold","floor":22.0,"gold_loss":75.0,"damage_taken":0.0},{"damage_healed":0.0,"max_hp_gain":0.0,"max_hp_loss":5.0,"gold_gain":0.0,"event_name":"Winding Halls","player_choice":"Max HP","floor":36.0,"gold_loss":0.0,"damage_taken":0.0},{"cards_removed":["Defend_R"],"damage_healed":0.0,"max_hp_gain":0.0,"max_hp_loss":0.0,"gold_gain":0.0,"event_name":"Falling","player_choice":"Removed Skill","floor":40.0,"gold_loss":0.0,"damage_taken":0.0}],"is_beta":false,"boss_relics":[{"not_picked":["Black Blood","Busted Crown"],"picked":"Snecko Eye"},{"not_picked":["Sozu","Tiny House"],"picked":"Cursed Key"}],"items_purged_floors":[5],"is_endless":false,"potions_floor_spawned":[7,10,11,16,18,24,28,30,31,35,41,44,46,47],"killed_by":"Donu and Deca","ascension_level":20}}