{"host":"clv0wcvg2do5saa1","time":1610710154,"event":{"mods":["BaseMod","Minty Spire (QoL Compilation)"],"gold_per_floor":[118,138,138,213,213,213,224,238,307,338,338,370,5,35,35,35,35],"floor_reached":16,"language":"ENG","playtime":675,"items_purged":["Strike_R"],"score":142,"play_id":"0c85bcaf-b33d-4475-b0d4-7f47a5669ed6","local_time":"20210115062914","is_ascension_mode":true,"campfire_choices":[{"data":"Entrench","floor":6,"key":"SMITH"},{"data":"Body Slam","floor":15,"key":"SMITH"}],"circlet_count":0,"master_deck":["Strike_R","Strike_R","Strike_R","Strike_R","Defend_R","Defend_R","Defend_R","Defend_R","Bash","Entrench+1","Pommel Strike","Body Slam+1","Entrench","Finesse","Pommel Strike+1"],"relics":["Coffee Dripper","Sundial","Juzu Bracelet","FossilizedHelix","Lantern","Molten Egg 2"],"acts_visited":["Exordium"],"potions_floor_usage":[10,12,14,16],"damage_taken":[{"damage":7,"enemies":"Jaw Worm","floor":1,"turns":3},{"damage":6,"enemies":"2 Louse","floor":2,"turns":3},{"damage":1,"enemies":"Cultist","floor":7,"turns":4},{"damage":6,"enemies":"Blue Slaver","floor":8,"turns":4},{"damage":35,"enemies":"3 Sentries","floor":10,"turns":9},{"damage":35,"enemies":"Lagavulin","floor":12,"turns":7},{"damage":20,"enemies":"Gremlin Nob","floor":14,"turns":5},{"damage":44,"enemies":"The Guardian","floor":16,"turns":10}],"seed_played":"-1476476638275518850","potions_obtained":[{"floor":7,"key":"Regen Potion"},{"floor":10,"key":"Strength Potion"},{"floor":12,"key":"FairyPotion"},{"floor":14,"key":"FearPotion"}],"is_trial":false,"path_per_floor":["M","M","?","?","?","R","M","M","T","E","?","E","$","E","R","B"],"character_chosen":"IRONCLAD","items_purchased":["Lantern","Finesse","SkillPotion"],"campfire_rested":0,"item_purchase_floors":[13,13,13],"current_hp_per_floor":[73,67,67,56,48,48,47,41,41,21,47,12,12,24,24,0,0],"gold":35,"neow_bonus":"BOSS_RELIC","is_daily":false,"chose_seed":false,"campfire_upgraded":2,"win_rate":0.0,"timestamp":1610710154,"path_taken":["M","M","?","?","?","R","?","M","T","E","?","E","$","E","R","BOSS"],"items_purchased_type":["Relic","Card","Potion"],"build_version":"2020-12-22","purchased_purges":1,"victory":false,"max_hp_per_floor":[80,80,80,80,80,80,80,80,80,80,80,80,80,80,80,80,80],"card_choices":[{"not_picked":["Warcry","Thunderclap"],"picked":"Entrench","floor":1},{"not_picked":["Wild Strike","Sword Boomerang"],"picked":"Pommel Strike","floor":2},{"not_picked":["Rampage","Twin Strike"],"picked":"Body Slam","floor":7},{"not_picked":["Combust","Heavy Blade","Brutality"],"picked":"SKIP","floor":8},{"not_picked":["Disarm","Pommel Strike"],"picked":"Entrench","floor":10},{"not_picked":["Sword Boomerang","Rampage","Cleave"],"picked":"SKIP","floor":12},{"not_picked":["Blood for Blood+1","Heavy Blade+1"],"picked":"Pommel Strike+1","floor":14}],"player_experience":157751,"relics_obtained":[{"floor":9,"key":"Sundial"},{"floor":10,"key":"Juzu Bracelet"},{"floor":12,"key":"FossilizedHelix"},{"floor":14,"key":"Molten Egg 2"}],"event_choices":[{"damage_healed":0,"gold_gain":0,"player_choice":"Leave","damage_taken":0,"max_hp_gain":0,"max_hp_loss":0,"event_name":"The Cleric","floor":3,"gold_loss":0},{"damage_healed":0,"gold_gain":75,"player_choice":"Gather Gold","damage_taken":11,"max_hp_gain":0,"max_hp_loss":0,"event_name":"World of Goop","floor":4,"gold_loss":0},{"damage_healed":0,"gold_gain":0,"player_choice":"Damaged","damage_taken":8,"max_hp_gain":0,"max_hp_loss":0,"event_name":"Wheel of Change","floor":5,"gold_loss":0},{"damage_healed":26,"gold_gain":0,"player_choice":"Banana","damage_taken":0,"max_hp_gain":0,"max_hp_loss":0,"event_name":"Big Fish","floor":11,"gold_loss":0}],"is_beta":false,"boss_relics":[],"items_purged_floors":[13],"is_endless":false,"potions_floor_spawned":[7,10,12,14],"killed_by":"The Guardian","ascension_level":4}}