{"host":"tzyzz5n7hg2ni9q2","time":1610699601,"event":{"mods":["BaseMod","Minty Spire (QoL Compilation)","Quick Restart"],"gold_per_floor":[118,118,218,229,229,258,270,200,269,269,269,300,316,391,391,495,495,513,528,271,271,271],"floor_reached":21,"language":"ENG","playtime":552,"items_purged":["Strike_R"],"score":379,"play_id":"8d18a3a8-ac2b-4014-902a-0f4cdb4f6d63","local_time":"20210115093321","is_ascension_mode":true,"campfire_choices":[{"data":"Whirlwind","floor":11,"key":"SMITH"},{"data":"Inflame","floor":15,"key":"SMITH"}],"circlet_count":0,"master_deck":["AscendersBane","Strike_R+1","Strike_R+1","Defend_R","Defend_R","Defend_R","Defend_R","Bash+1","Body Slam+1","Twin Strike","Shrug It Off","Whirlwind+1","Inflame+1","Evolve","Bludgeon","Feed","Berserk","Ghostly Armor","Entrench"],"relics":["Burning Blood","Whetstone","Question Card","Gremlin Horn","Empty Cage","Sling"],"acts_visited":["Exordium","TheCity"],"potions_floor_usage":[19],"damage_taken":[{"damage":10,"enemies":"Small Slimes","floor":1,"turns":4},{"damage":1,"enemies":"Jaw Worm","floor":4,"turns":5},{"damage":25,"enemies":"Lagavulin","floor":6,"turns":7},{"damage":0,"enemies":"Cultist","floor":7,"turns":3},{"damage":16,"enemies":"Gremlin Nob","floor":12,"turns":3},{"damage":0,"enemies":"2 Fungi Beasts","floor":13,"turns":2},{"damage":0,"enemies":"Slime Boss","floor":16,"turns":6},{"damage":24,"enemies":"Spheric Guardian","floor":18,"turns":4},{"damage":30,"enemies":"Shell Parasite","floor":19,"turns":8},{"damage":14,"enemies":"Snake Plant","floor":21,"turns":3}],"seed_played":"-8877948033136476623","potions_obtained":[{"floor":12,"key":"SmokeBomb"},{"floor":16,"key":"SkillPotion"}],"is_trial":false,"path_per_floor":["M","?","?","M","?","E","M","$","T","?","R","E","M","?","R","B",null,"M","M","$","M"],"character_chosen":"IRONCLAD","items_purchased":["Inflame","Sling","Entrench"],"campfire_rested":0,"item_purchase_floors":[8,20,20],"current_hp_per_floor":[76,76,76,81,81,62,68,68,68,68,68,58,64,53,53,59,81,63,39,39,25,25],"gold":271,"neow_bonus":"TEN_PERCENT_HP_BONUS","is_daily":false,"chose_seed":false,"campfire_upgraded":2,"win_rate":0.0,"timestamp":1610699601,"path_taken":["M","?","?","?","?","E","M","?","T","?","R","E","?","?","R","BOSS","M","M","$","M"],"items_purchased_type":["Card","Relic","Card"],"build_version":"2020-12-22","purchased_purges":1,"victory":false,"max_hp_per_floor":[88,88,88,88,88,88,88,88,88,88,88,88,88,88,88,88,88,88,88,88,88,88],"card_choices":[{"not_picked":["Warcry","Havoc"],"picked":"Body Slam","floor":1},{"not_picked":["Headbutt","Armaments"],"picked":"Twin Strike","floor":4},{"not_picked":["Uppercut","Sentinel"],"picked":"Shrug It Off","floor":6},{"not_picked":["Anger","Wild Strike"],"picked":"Whirlwind","floor":7},{"not_picked":["Havoc","Bloodletting","Pommel Strike"],"picked":"Feed","floor":12},{"not_picked":["Body Slam","Armaments","Pommel Strike","Uppercut"],"picked":"SKIP","floor":13},{"not_picked":["Juggernaut","Demon Form","Feed"],"picked":"Berserk","floor":16},{"not_picked":["Anger","Warcry","Rage","Bloodletting"],"picked":"SKIP","floor":18},{"not_picked":["Anger","Dropkick","Burning Pact"],"picked":"Ghostly Armor","floor":19}],"player_experience":286379,"relics_obtained":[{"floor":6,"key":"Whetstone"},{"floor":9,"key":"Question Card"},{"floor":12,"key":"Gremlin Horn"}],"event_choices":[{"damage_healed":0,"gold_gain":0,"player_choice":"Grow","damage_taken":0,"max_hp_gain":0,"max_hp_loss":0,"event_name":"Living Wall","floor":2,"gold_loss":0,"cards_upgraded":["Body Slam"]},{"damage_healed":0,"gold_gain":100,"player_choice":"Pray","damage_taken":0,"max_hp_gain":0,"max_hp_loss":0,"event_name":"Golden Shrine","floor":3,"gold_loss":0},{"damage_healed":0,"gold_gain":0,"player_choice":"Upgraded","damage_taken":0,"max_hp_gain":0,"max_hp_loss":0,"event_name":"Upgrade Shrine","floor":5,"gold_loss":0,"cards_upgraded":["Bash"]},{"damage_healed":0,"gold_gain":0,"player_choice":"2 cards matched","damage_taken":0,"max_hp_gain":0,"max_hp_loss":0,"event_name":"Match and Keep!","floor":10,"gold_loss":0,"cards_obtained":["Evolve","Bludgeon"]},{"damage_healed":0,"gold_gain":75,"player_choice":"Gather Gold","damage_taken":11,"max_hp_gain":0,"max_hp_loss":0,"event_name":"World of Goop","floor":14,"gold_loss":0}],"is_beta":false,"boss_relics":[{"not_picked":["Fusion Hammer","Snecko Eye"],"picked":"Empty Cage"}],"items_purged_floors":[20],"is_endless":false,"potions_floor_spawned":[12,16],"killed_by":"Snake Plant","ascension_level":12}}