{"host":"Rowan","time":1610746124,"event":{"mods":["BaseMod","Minty Spire (QoL Compilation)"],"gold_per_floor":[115,175,195,195,212,244,72,72,72,85,160,174,174,187,187,289,289,261,360,360,360,360,360,375,392,461,473,68,82,82,116,116,212,212,230,230,230,242,252,252,268,268,294,305,305,305,305,324,324,324,324],"floor_reached":50,"language":"ENG","playtime":3704,"items_purged":["Strike_G"],"score":489,"play_id":"68be664d-70de-4539-9809-018947953809","local_time":"20210115132844","is_ascension_mode":false,"campfire_choices":[{"floor":8,"key":"RECALL"},{"floor":13,"key":"REST"},{"data":"Accuracy","floor":15,"key":"SMITH"},{"data":"Infinite Blades","floor":23,"key":"SMITH"},{"floor":30,"key":"REST"},{"floor":32,"key":"REST"},{"floor":40,"key":"REST"},{"data":"Terror","floor":42,"key":"SMITH"},{"floor":47,"key":"REST"},{"data":"Crippling Poison","floor":49,"key":"SMITH"}],"circlet_count":0,"master_deck":["Strike_G","Strike_G","Strike_G","Defend_G","Defend_G","Defend_G","Defend_G","Defend_G","Survivor","Neutralize","Terror+1","Tools of the Trade","Flying Knee","Footwork","Sucker Punch","Infinite Blades+1","Accuracy+1","A Thousand Cuts","Quick Slash+1","Backflip","Crippling Poison+1","Parasite","Underhanded Strike+1","Outmaneuver+1","Acrobatics+1","Adrenaline+1","CurseOfTheBell","PiercingWail+1","Leg Sweep+1","Accuracy+1","Parasite","Terror+1","Writhe","Blade Dance+1","Enlightenment+1","Reflex+1"],"relics":["Cursed Key","Paper Crane","SlaversCollar","Nilry\u0027s Codex","Kunai","Toxic Egg 2","Sling","Letter Opener","Calling Bell","MealTicket","StrikeDummy","Ginger","Dream Catcher","Ornamental Fan"],"acts_visited":["Exordium","TheCity","TheBeyond"],"potions_floor_usage":[6,10,12,16,18,29,31,44,48,50,50],"damage_taken":[{"damage":0,"enemies":"Small Slimes","floor":1,"turns":4},{"damage":0,"enemies":"Jaw Worm","floor":3,"turns":3},{"damage":2,"enemies":"2 Louse","floor":5,"turns":3},{"damage":15,"enemies":"3 Sentries","floor":6,"turns":10},{"damage":1,"enemies":"Exordium Wildlife","floor":10,"turns":4},{"damage":7,"enemies":"Blue Slaver","floor":12,"turns":4},{"damage":11,"enemies":"3 Louse","floor":14,"turns":2},{"damage":14,"enemies":"The Guardian","floor":16,"turns":10},{"damage":34,"enemies":"2 Thieves","floor":18,"turns":5},{"damage":5,"enemies":"Chosen","floor":24,"turns":4},{"damage":18,"enemies":"Centurion and Healer","floor":25,"turns":7},{"damage":18,"enemies":"Snake Plant","floor":27,"turns":5},{"damage":13,"enemies":"Snecko","floor":29,"turns":6},{"damage":39,"enemies":"Slavers","floor":31,"turns":5},{"damage":8,"enemies":"Champ","floor":33,"turns":10},{"damage":4,"enemies":"3 Shapes","floor":35,"turns":5},{"damage":8,"enemies":"Orb Walker","floor":38,"turns":3},{"damage":53,"enemies":"Spire Growth","floor":39,"turns":6},{"damage":7,"enemies":"Writhing Mass","floor":41,"turns":8},{"damage":0,"enemies":"Transient","floor":44,"turns":5},{"damage":4,"enemies":"3 Darklings","floor":48,"turns":6},{"damage":48,"enemies":"Awakened One","floor":50,"turns":5}],"seed_played":"7780041535356199172","potions_obtained":[{"floor":1,"key":"EssenceOfSteel"},{"floor":6,"key":"SteroidPotion"},{"floor":10,"key":"EntropicBrew"},{"floor":16,"key":"SpeedPotion"},{"floor":24,"key":"FairyPotion"},{"floor":25,"key":"Poison Potion"},{"floor":29,"key":"CultistPotion"},{"floor":39,"key":"AttackPotion"},{"floor":41,"key":"DistilledChaos"},{"floor":44,"key":"PowerPotion"}],"is_trial":false,"path_per_floor":["M","?","M","?","M","E","$","R","T","M","?","M","R","M","R","B",null,"M","?","?","?","?","R","M","M","T","M","$","M","R","E","R","B",null,"M","?","?","M","M","R","M","R","T","M","?","?","R","M","R","B"],"character_chosen":"THE_SILENT","items_purchased":["Footwork","Sucker Punch","Toxic Egg 2","Sling"],"campfire_rested":5,"item_purchase_floors":[7,7,28,28],"current_hp_per_floor":[70,70,70,75,73,58,58,58,58,57,46,39,61,50,50,36,75,41,41,25,25,50,50,45,27,27,9,9,22,44,5,27,19,75,71,71,71,63,10,32,25,25,25,25,25,25,47,43,43,0,0],"gold":324,"neow_bonus":"BOSS_RELIC","is_daily":false,"chose_seed":false,"campfire_upgraded":4,"win_rate":0.0,"timestamp":1610746124,"path_taken":["M","?","M","?","M","E","$","R","T","M","?","M","R","M","R","BOSS","M","?","?","?","?","R","M","M","T","M","$","?","R","E","R","BOSS","M","?","?","M","M","R","M","R","T","M","?","?","R","M","R","BOSS"],"items_purchased_type":["Card","Card","Relic","Relic"],"build_version":"2020-12-18","purchased_purges":1,"victory":false,"max_hp_per_floor":[70,70,70,75,75,75,75,75,75,75,75,75,75,75,75,75,75,75,75,75,75,75,75,75,75,75,75,75,75,75,75,75,75,75,75,75,75,75,75,75,75,75,75,75,75,75,75,75,75,75,75],"card_choices":[{"not_picked":["Prepared","Backstab"],"picked":"Predator","floor":1},{"not_picked":["Bane","PiercingWail"],"picked":"Terror","floor":3},{"not_picked":["Dodge and Roll","Acrobatics"],"picked":"Tools of the Trade","floor":5},{"not_picked":["Underhanded Strike","Slice"],"picked":"Flying Knee","floor":6},{"not_picked":["Malaise","Dodge and Roll","Dagger Throw"],"picked":"SKIP","floor":10},{"not_picked":["PiercingWail","Deadly Poison"],"picked":"Infinite Blades","floor":12},{"not_picked":["Poisoned Stab","Backflip"],"picked":"Accuracy","floor":14},{"not_picked":["Envenom","Doppelganger"],"picked":"A Thousand Cuts","floor":16},{"not_picked":["Backflip","Terror"],"picked":"Quick Slash+1","floor":18},{"not_picked":["Endless Agony","Dodge and Roll"],"picked":"Backflip","floor":24},{"not_picked":["Underhanded Strike","Concentrate"],"picked":"Crippling Poison","floor":25},{"not_picked":["Slice","Crippling Poison"],"picked":"Underhanded Strike+1","floor":27},{"not_picked":["Crippling Poison+1","Backflip+1"],"picked":"Outmaneuver+1","floor":29},{"not_picked":["Deflect+1","Bouncing Flask+1"],"picked":"Acrobatics+1","floor":31},{"not_picked":["Night Terror+1","Burst+1"],"picked":"Adrenaline+1","floor":33},{"not_picked":["Choke","Dagger Throw+1"],"picked":"PiercingWail+1","floor":35},{"not_picked":["Dagger Spray+1","Backflip+1"],"picked":"Leg Sweep+1","floor":38},{"not_picked":["Backflip+1","Poisoned Stab"],"picked":"Accuracy+1","floor":39},{"not_picked":["Accuracy","Grand Finale"],"picked":"Terror+1","floor":41},{"not_picked":["Flying Knee+1","Quick Slash+1"],"picked":"Blade Dance+1","floor":44},{"not_picked":["Impatience+1","Blind+1"],"picked":"Enlightenment+1","floor":45},{"not_picked":["Dagger Throw+1","Underhanded Strike"],"picked":"Reflex+1","floor":48}],"player_experience":385002,"relics_obtained":[{"floor":6,"key":"Paper Crane"},{"floor":20,"key":"Nilry\u0027s Codex"},{"floor":26,"key":"Kunai"},{"floor":31,"key":"Letter Opener"},{"floor":34,"key":"MealTicket"},{"floor":34,"key":"StrikeDummy"},{"floor":34,"key":"Ginger"},{"floor":43,"key":"Dream Catcher"}],"event_choices":[{"damage_healed":0,"gold_gain":60,"player_choice":"Gained Gold","damage_taken":0,"max_hp_gain":0,"max_hp_loss":0,"event_name":"Golden Wing","floor":2,"gold_loss":0},{"damage_healed":0,"gold_gain":0,"player_choice":"Donut","damage_taken":0,"max_hp_gain":5,"max_hp_loss":0,"event_name":"Big Fish","floor":4,"gold_loss":0},{"damage_healed":0,"gold_gain":75,"player_choice":"Gather Gold","damage_taken":11,"max_hp_gain":0,"max_hp_loss":0,"event_name":"World of Goop","floor":11,"gold_loss":0},{"damage_healed":0,"gold_gain":99,"player_choice":"Stole From Cult","damage_taken":0,"max_hp_gain":0,"max_hp_loss":0,"event_name":"Nest","floor":19,"gold_loss":0},{"damage_healed":0,"gold_gain":0,"player_choice":"Obtained Book","damage_taken":16,"max_hp_gain":0,"max_hp_loss":0,"event_name":"Cursed Tome","floor":20,"gold_loss":0},{"cards_removed":["Normality"],"damage_healed":0,"gold_gain":0,"player_choice":"Elegance","damage_taken":0,"max_hp_gain":0,"max_hp_loss":0,"event_name":"Back to Basics","floor":21,"gold_loss":0},{"damage_healed":25,"gold_gain":0,"player_choice":"Heal","damage_taken":0,"max_hp_gain":0,"max_hp_loss":0,"event_name":"The Library","floor":22,"gold_loss":0},{"damage_healed":0,"gold_gain":0,"player_choice":"Ignored","damage_taken":0,"max_hp_gain":0,"max_hp_loss":0,"event_name":"Tomb of Lord Red Mask","floor":36,"gold_loss":0},{"cards_removed":["Strike_G"],"damage_healed":0,"gold_gain":0,"player_choice":"Removed Attack","damage_taken":0,"max_hp_gain":0,"max_hp_loss":0,"event_name":"Falling","floor":37,"gold_loss":0},{"damage_healed":0,"gold_gain":0,"player_choice":"Memory 1","damage_taken":0,"max_hp_gain":0,"max_hp_loss":0,"event_name":"SensoryStone","floor":45,"gold_loss":0},{"cards_removed":["Predator"],"damage_healed":0,"gold_gain":0,"player_choice":"Gave Card","damage_taken":0,"relics_obtained":["Ornamental Fan"],"max_hp_gain":0,"max_hp_loss":0,"event_name":"WeMeetAgain","floor":46,"gold_loss":0}],"is_beta":true,"boss_relics":[{"not_picked":["Busted Crown","Philosopher\u0027s Stone"],"picked":"SlaversCollar"},{"not_picked":["Fusion Hammer","HoveringKite"],"picked":"Calling Bell"}],"items_purged_floors":[7],"is_endless":false,"potions_floor_spawned":[1,6,10,16,24,25,29,39,41,44],"killed_by":"Awakened One","ascension_level":0}}