{"host":"Stephanie","time":1610687345,"event":{"mods":["BaseMod","Colored Powertips","Minty Spire (QoL Compilation)","Rare Cards Sparkle","Relic Stats","StSLib","The Marked"],"gold_per_floor":[118,129,144,18,18,18,43,43,67,100,116,136,136,169,169,267,267,277,294,305,37,37,37],"floor_reached":22,"language":"ENG","playtime":1038,"items_purged":[],"score":258,"play_id":"14a31d33-31f4-465c-bf60-9b4a6aa42e93","local_time":"20210115000905","is_ascension_mode":true,"campfire_choices":[{"data":"Zap","floor":6,"key":"SMITH"},{"data":"Loop","floor":8,"key":"SMITH"},{"floor":13,"key":"REST"},{"floor":15,"key":"REST"}],"circlet_count":0,"master_deck":["Strike_B","Strike_B","Strike_B","Strike_B","Defend_B","Defend_B","Defend_B","Defend_B","Zap+1","Dualcast","Loop+1","Tempest","Rip and Tear","Conserve Battery","White Noise+1","Ball Lightning","Fission","Doom and Gloom","FTL","White Noise","Biased Cognition","Capacitor+1","Leap"],"relics":["Philosopher\u0027s Stone","Omamori","Anchor","Pear","Singing Bowl","Black Star","Mummified Hand"],"acts_visited":["Exordium","TheCity"],"potions_floor_usage":[3,16,16],"damage_taken":[{"damage":5,"enemies":"Small Slimes","floor":1,"turns":3},{"damage":3,"enemies":"Cultist","floor":2,"turns":4},{"damage":2,"enemies":"2 Louse","floor":3,"turns":3},{"damage":25,"enemies":"Lagavulin","floor":7,"turns":6},{"damage":13,"enemies":"3 Sentries","floor":10,"turns":4},{"damage":2,"enemies":"Looter","floor":11,"turns":3},{"damage":10,"enemies":"3 Louse","floor":12,"turns":3},{"damage":32,"enemies":"Lagavulin","floor":14,"turns":5},{"damage":15,"enemies":"Hexaghost","floor":16,"turns":7},{"damage":0,"enemies":"Chosen","floor":18,"turns":4},{"damage":5,"enemies":"Spheric Guardian","floor":19,"turns":3},{"damage":59,"enemies":"3 Cultists","floor":20,"turns":6},{"damage":15,"enemies":"Sentry and Sphere","floor":22,"turns":3}],"seed_played":"-8642214769654237135","potions_obtained":[{"floor":1,"key":"LiquidBronze"},{"floor":2,"key":"SpeedPotion"},{"floor":7,"key":"Weak Potion"},{"floor":16,"key":"Ancient Potion"},{"floor":18,"key":"FearPotion"},{"floor":20,"key":"Weak Potion"}],"is_trial":false,"path_per_floor":["M","M","M","$","?","R","E","R","T","E","M","M","R","E","R","B",null,"M","M","M","$","M"],"character_chosen":"DEFECT","items_purchased":["Conserve Battery","White Noise","Mummified Hand","Leap"],"campfire_rested":2,"item_purchase_floors":[4,4,21,21],"current_hp_per_floor":[70,67,65,65,65,65,40,40,40,37,35,25,50,18,43,28,71,73,70,11,11,0,0],"gold":37,"neow_bonus":"BOSS_RELIC","is_daily":false,"chose_seed":false,"campfire_upgraded":2,"win_rate":0.0,"timestamp":1610687345,"path_taken":["M","M","M","$","?","R","E","R","T","E","M","?","R","E","R","BOSS","M","M","M","$","M"],"items_purchased_type":["Card","Card","Relic","Card"],"build_version":"2020-12-18","purchased_purges":0,"victory":false,"max_hp_per_floor":[75,75,75,75,75,75,75,75,75,85,85,85,85,85,85,85,85,87,89,89,89,89,89],"relic_stats":{"Singing Bowl":4,"counters":[13,50],"Mummified Hand":[4],"Black Star":0,"obtain_stats":[{"Anchor":9,"Pear":10,"Singing Bowl":14,"Mummified Hand":21,"Philosopher\u0027s Stone":0,"Omamori":7,"Black Star":17,"Cracked Core":0},{"Anchor":4,"Pear":5,"Singing Bowl":8,"Mummified Hand":12,"Philosopher\u0027s Stone":0,"Omamori":4,"Black Star":9,"Cracked Core":0},{"Anchor":15,"Pear":19,"Singing Bowl":29,"Mummified Hand":47,"Philosopher\u0027s Stone":0,"Omamori":15,"Black Star":36,"Cracked Core":0}]},"card_choices":[{"not_picked":["Compile Driver","Redo"],"picked":"Loop","floor":1},{"not_picked":["Beam Cell","Cold Snap"],"picked":"Tempest","floor":2},{"not_picked":["Beam Cell","Cold Snap"],"picked":"Rip and Tear","floor":3},{"not_picked":["Sweeping Beam","Force Field"],"picked":"Ball Lightning","floor":7},{"not_picked":["Consume","Stack"],"picked":"Fission","floor":10},{"not_picked":["Double Energy","Gash"],"picked":"Doom and Gloom","floor":11},{"not_picked":["Sweeping Beam","Beam Cell"],"picked":"FTL","floor":12},{"not_picked":["Sweeping Beam","Go for the Eyes"],"picked":"White Noise","floor":14},{"not_picked":["Meteor Strike","Hyperbeam"],"picked":"Biased Cognition","floor":16},{"not_picked":["Gash","Rip and Tear","Barrage"],"picked":"Singing Bowl","floor":18},{"not_picked":["Steam Power","Hologram","Turbo"],"picked":"Singing Bowl","floor":19},{"not_picked":["Coolheaded","Steam"],"picked":"Capacitor+1","floor":20}],"player_experience":853925,"relics_obtained":[{"floor":7,"key":"Omamori"},{"floor":9,"key":"Anchor"},{"floor":10,"key":"Pear"},{"floor":14,"key":"Singing Bowl"}],"event_choices":[{"damage_healed":0,"gold_gain":0,"player_choice":"Upgraded","damage_taken":0,"max_hp_gain":0,"max_hp_loss":0,"event_name":"Upgrade Shrine","floor":5,"gold_loss":0,"cards_upgraded":["White Noise"]}],"is_beta":true,"boss_relics":[{"not_picked":["Ectoplasm","SlaversCollar"],"picked":"Black Star"}],"items_purged_floors":[],"is_endless":false,"potions_floor_spawned":[1,2,7,16,18,20],"killed_by":"Sentry and Sphere","ascension_level":5}}