{"host":"08t08ld674si40tv","time":1610712886,"event":{"mods":["AchievementEnabler","BaseMod","Colored Map","Minty Spire (QoL Compilation)","StSLib","SuperFastMode"],"gold_per_floor":[109,120,120,45,45,45,45,45,45,55,55,55,69,84,84,84,84],"floor_reached":16,"language":"KOR","playtime":238,"items_purged":["Defend_G"],"score":180,"play_id":"463de7a5-62d9-42db-92a6-22d7d1dde9d2","local_time":"20210115211446","is_ascension_mode":true,"campfire_choices":[{"data":"Survivor","floor":6.0,"key":"SMITH"},{"data":"Backstab","floor":8,"key":"SMITH"},{"data":"Backflip","floor":11,"key":"SMITH"},{"data":"Grand Finale","floor":15,"key":"SMITH"}],"circlet_count":0,"master_deck":["AscendersBane","Strike_G","Strike_G","Strike_G","Strike_G","Strike_G","Defend_G","Defend_G","Defend_G","Defend_G","Survivor+1","Neutralize+1","Grand Finale+1","Backstab+1","Backflip+1"],"relics":["Ring of the Snake"],"acts_visited":["Exordium"],"potions_floor_usage":[16,16],"damage_taken":[{"damage":0.0,"enemies":"Cultist","floor":1.0,"turns":4.0},{"damage":4.0,"enemies":"Small Slimes","floor":2.0,"turns":3.0},{"damage":0,"enemies":"2 Louse","floor":10,"turns":2},{"damage":9,"enemies":"Red Slaver","floor":13,"turns":5},{"damage":0,"enemies":"Looter","floor":14,"turns":3},{"damage":40,"enemies":"Slime Boss","floor":16,"turns":7}],"seed_played":"-6837675985847104683","potions_obtained":[{"floor":1.0,"key":"DuplicationPotion"},{"floor":13,"key":"Ancient Potion"},{"floor":14,"key":"Swift Potion"}],"is_trial":false,"path_per_floor":["M","M","?","$","$","R","?","R","T","M","R","$","M","M","R","B"],"character_chosen":"THE_SILENT","items_purchased":[],"campfire_rested":0,"item_purchase_floors":[],"current_hp_per_floor":[59,55,46,46,46,46,46,46,46,46,46,46,37,37,37,0,0],"gold":84,"neow_bonus":"ONE_RANDOM_RARE_CARD","is_daily":false,"chose_seed":false,"campfire_upgraded":4,"win_rate":0.0,"timestamp":1610712886,"path_taken":["M","?","?","?","$","R","?","R","T","M","R","$","M","?","R","BOSS"],"items_purchased_type":[],"build_version":"2020-12-22","purchased_purges":1,"victory":false,"max_hp_per_floor":[66,66,66,66,66,66,66,66,66,66,66,66,66,66,66,66,66],"card_choices":[{"not_picked":["Backflip","Expertise"],"picked":"Backstab","floor":1.0},{"not_picked":["Eviscerate","Flechettes","Blur"],"picked":"SKIP","floor":2.0},{"not_picked":["Slice","Backflip","Distraction"],"picked":"SKIP","floor":10},{"not_picked":["Slice","Distraction"],"picked":"Backflip","floor":10},{"not_picked":["Glass Knife","Catalyst","Eviscerate"],"picked":"SKIP","floor":13},{"not_picked":["Quick Slash","Backflip","Concentrate"],"picked":"SKIP","floor":14}],"player_experience":221537,"relics_obtained":[],"event_choices":[{"damage_healed":0.0,"max_hp_gain":0.0,"max_hp_loss":0.0,"gold_gain":0.0,"event_name":"Wheel of Change","player_choice":"Damaged","floor":3.0,"gold_loss":0.0,"damage_taken":9.0},{"damage_healed":0,"gold_gain":0,"player_choice":"Upgraded","damage_taken":0,"max_hp_gain":0,"max_hp_loss":0,"event_name":"Upgrade Shrine","floor":7,"gold_loss":0,"cards_upgraded":["Neutralize"]}],"is_beta":false,"boss_relics":[],"items_purged_floors":[4],"is_endless":false,"potions_floor_spawned":[1,13,14],"killed_by":"Slime Boss","ascension_level":20}}