{"host":"t4jsb5tuksjmo64s","time":1610675684,"event":{"mods":["AchievementEnabler","BaseMod","Block Reminder","Colored Map","Colored Powertips","Dark Map","Highlight Path","Minty Spire (QoL Compilation)","Quick Restart","Random Character Button","Rare Cards Sparkle","Relic Stats"],"gold_per_floor":[113,113,124,177,189,219,219,282,307,334,353,385,560,574,574,574,574],"floor_reached":16,"language":"ENG","playtime":978,"items_purged":[],"score":152,"play_id":"83642a64-05d3-4110-b1c3-6d38d8932288","local_time":"20210114205444","is_ascension_mode":true,"campfire_choices":[{"data":"Devotion","floor":7,"key":"SMITH"},{"floor":15,"key":"REST"}],"circlet_count":0,"master_deck":["Strike_P","Strike_P","Strike_P","Strike_P","Defend_P","Defend_P+1","Defend_P","Defend_P","Eruption","Vigilance","FearNoEvil","Pain","ThirdEye+1","Devotion+1","Pray","CutThroughFate","Perseverance","Doubt"],"relics":["PureWater","NeowsBlessing","WarpedTongs","Centennial Puzzle","Happy Flower","War Paint","Regal Pillow","Anchor","Nunchaku"],"acts_visited":["Exordium"],"potions_floor_usage":[10,10],"damage_taken":[{"damage":0,"enemies":"Cultist","floor":1,"turns":1},{"damage":1,"enemies":"Jaw Worm","floor":3,"turns":1},{"damage":2,"enemies":"Small Slimes","floor":5,"turns":1},{"damage":2,"enemies":"Gremlin Nob","floor":6,"turns":3},{"damage":38,"enemies":"3 Sentries","floor":8,"turns":11},{"damage":5,"enemies":"3 Sentries","floor":10,"turns":5},{"damage":6,"enemies":"Exordium Wildlife","floor":11,"turns":3},{"damage":10,"enemies":"Gremlin Nob","floor":12,"turns":3},{"damage":1,"enemies":"Blue Slaver","floor":14,"turns":5},{"damage":46,"enemies":"The Guardian","floor":16,"turns":6}],"seed_played":"-9100419889492956497","potions_obtained":[{"floor":1,"key":"Energy Potion"},{"floor":3,"key":"SteroidPotion"},{"floor":11,"key":"SmokeBomb"},{"floor":12,"key":"BottledMiracle"}],"is_trial":false,"path_per_floor":["M","?","M","T","M","E","R","?","T","E","M","E","?","M","R","B"],"character_chosen":"WATCHER","items_purchased":[],"campfire_rested":1,"item_purchase_floors":[],"current_hp_per_floor":[72,72,71,71,69,67,67,29,29,24,18,8,8,7,43,0,0],"gold":574,"neow_bonus":"THREE_ENEMY_KILL","is_daily":false,"chose_seed":false,"campfire_upgraded":1,"win_rate":0.0,"timestamp":1610675684,"path_taken":["M","?","?","?","M","E","R","?","T","E","M","E","?","?","R","BOSS"],"items_purchased_type":[],"build_version":"2020-12-22","purchased_purges":0,"victory":false,"max_hp_per_floor":[72,72,72,72,72,72,72,72,72,72,72,72,72,72,72,72,72],"relic_stats":{"Centennial Puzzle":[24],"Regal Pillow":15,"Nunchaku":[1],"Happy Flower":[11],"counters":[10,39],"War Paint":["Defend_P","ThirdEye"],"obtain_stats":[{"Centennial Puzzle":4,"Regal Pillow":9,"Anchor":10,"Nunchaku":12,"NeowsBlessing":0,"Happy Flower":6,"PureWater":0,"War Paint":8,"WarpedTongs":2},{"Centennial Puzzle":2,"Regal Pillow":5,"Anchor":6,"Nunchaku":8,"NeowsBlessing":0,"Happy Flower":4,"PureWater":0,"War Paint":5,"WarpedTongs":1},{"Centennial Puzzle":2,"Regal Pillow":17,"Anchor":22,"Nunchaku":28,"NeowsBlessing":0,"Happy Flower":6,"PureWater":0,"War Paint":17,"WarpedTongs":1}],"WarpedTongs":[38]},"card_choices":[{"not_picked":["Indignation","Halt"],"picked":"FearNoEvil","floor":1},{"not_picked":["ThirdEye","SignatureMove","ClearTheMind"],"picked":"SKIP","floor":3},{"not_picked":["BowlingBash","SignatureMove"],"picked":"ThirdEye","floor":5},{"not_picked":["WindmillStrike","Crescendo"],"picked":"Devotion","floor":6},{"not_picked":["Collect","PathToVictory"],"picked":"Pray","floor":8},{"not_picked":["LessonLearned","ThirdEye"],"picked":"CutThroughFate","floor":10},{"not_picked":["Wireheading","ClearTheMind"],"picked":"Perseverance","floor":11},{"not_picked":["ThirdEye","Halt","EmptyBody"],"picked":"SKIP","floor":12},{"not_picked":["Evaluate","FlyingSleeves","ClearTheMind"],"picked":"SKIP","floor":14}],"player_experience":202313,"relics_obtained":[{"floor":4,"key":"Centennial Puzzle"},{"floor":6,"key":"Happy Flower"},{"floor":8,"key":"War Paint"},{"floor":9,"key":"Regal Pillow"},{"floor":10,"key":"Anchor"},{"floor":12,"key":"Nunchaku"}],"event_choices":[{"damage_healed":0,"gold_gain":0,"player_choice":"Rummage","damage_taken":0,"relics_obtained":["WarpedTongs"],"max_hp_gain":0,"max_hp_loss":0,"event_name":"Accursed Blacksmith","floor":2,"gold_loss":0,"cards_obtained":["Pain"]},{"damage_healed":0,"gold_gain":0,"player_choice":"Searched \u00272\u0027 times","damage_taken":0,"max_hp_gain":0,"max_hp_loss":0,"event_name":"Dead Adventurer","floor":8,"gold_loss":0},{"damage_healed":0,"gold_gain":175,"player_choice":"AGREE","damage_taken":0,"max_hp_gain":0,"max_hp_loss":0,"event_name":"Liars Game","floor":13,"gold_loss":0,"cards_obtained":["Doubt"]}],"is_beta":false,"boss_relics":[],"items_purged_floors":[],"is_endless":false,"potions_floor_spawned":[1,3,11,12],"killed_by":"The Guardian","ascension_level":1}}