{"host":"l4kdldlios54gl54","time":1610681393,"event":{"mods":["AchievementEnabler","BaseMod","Colored Map","Colored Powertips","Minty Spire (QoL Compilation)","Random Character Button"],"gold_per_floor":[112,12,26,40,40,40,40,40,40,76,76,1,1,22,22,118,118,141,58,78,78,97,97,138,38,106,131,131,144,144,144,144,240,240,265,140,171,171,194,230,230,243,243,243,243,243,266,266,266,266],"floor_reached":51,"language":"ENG","playtime":2217,"items_purged":["Strike_P","Strike_P","Defend_P"],"score":1719,"play_id":"4bed5412-3ce3-4cd1-b68f-6fd5d49e9c5a","local_time":"20210115042953","is_ascension_mode":true,"campfire_choices":[{"data":"WheelKick","floor":6,"key":"SMITH"},{"data":"Eruption","floor":8,"key":"SMITH"},{"data":"Meditate","floor":13,"key":"SMITH"},{"data":"MentalFortress","floor":15,"key":"SMITH"},{"data":"Wallop","floor":23,"key":"SMITH"},{"data":"Swivel","floor":28,"key":"SMITH"},{"data":"Vigilance","floor":30,"key":"SMITH"},{"data":"DeceiveReality","floor":32,"key":"SMITH"},{"floor":41,"key":"DIG"},{"floor":45,"key":"DIG"},{"floor":49,"key":"REST"}],"circlet_count":0,"master_deck":["AscendersBane","Eruption+1","Vigilance+1","SashWhip","FlurryOfBlows","Meditate+1","WheelKick+1","MentalFortress+1","Tantrum","DeceiveReality+1","Wallop+1","Swivel+1"],"relics":["PureWater","Golden Idol","Singing Bowl","TeardropLocket","Busted Crown","Akabeko","Gremlin Horn","Empty Cage","Shovel","Ornamental Fan","Pear","Vajra","Happy Flower"],"acts_visited":["Exordium","TheCity","TheBeyond"],"potions_floor_usage":[31,50,50],"damage_taken":[{"damage":0,"enemies":"2 Louse","floor":1,"turns":3},{"damage":0,"enemies":"Small Slimes","floor":3,"turns":3},{"damage":0,"enemies":"Cultist","floor":4,"turns":3},{"damage":16,"enemies":"Gremlin Nob","floor":10,"turns":3},{"damage":6,"enemies":"Blue Slaver","floor":14,"turns":4},{"damage":0,"enemies":"Slime Boss","floor":16,"turns":3},{"damage":0,"enemies":"Spheric Guardian","floor":18,"turns":3},{"damage":3,"enemies":"Chosen","floor":20,"turns":3},{"damage":0,"enemies":"Centurion and Healer","floor":22,"turns":4},{"damage":10,"enemies":"Slavers","floor":24,"turns":3},{"damage":0,"enemies":"Shelled Parasite and Fungi","floor":27,"turns":3},{"damage":0,"enemies":"Snecko","floor":29,"turns":2},{"damage":0,"enemies":"Colosseum Slavers","floor":31,"turns":2},{"damage":40,"enemies":"Automaton","floor":33,"turns":9},{"damage":0,"enemies":"3 Shapes","floor":35,"turns":3},{"damage":0,"enemies":"Mind Bloom Boss Battle","floor":37,"turns":6},{"damage":0,"enemies":"Orb Walker","floor":39,"turns":2},{"damage":0,"enemies":"Reptomancer","floor":40,"turns":6},{"damage":12,"enemies":"Maw","floor":42,"turns":7},{"damage":1,"enemies":"Transient","floor":47,"turns":6},{"damage":0,"enemies":"Donu and Deca","floor":50,"turns":7}],"seed_played":"3047065281995162119","potions_obtained":[{"floor":4,"key":"Fire Potion"},{"floor":16,"key":"BlessingOfTheForge"},{"floor":33,"key":"Strength Potion"},{"floor":38,"key":"Dexterity Potion"}],"is_trial":false,"path_per_floor":["M","$","M","M","?","R","?","R","T","E","?","$","R","M","R","B",null,"M","$","M","?","M","R","E","$","T","M","R","M","R","?","R","B",null,"M","$","?","?","M","E","R","M","T","?","R","?","M","?","R","B",null],"character_chosen":"WATCHER","items_purchased":["FlurryOfBlows","Meditate","Wallop"],"campfire_rested":1,"item_purchase_floors":[2,2,19],"current_hp_per_floor":[61,61,61,61,56,56,56,56,56,40,40,40,40,34,34,36,53,53,53,52,52,54,54,46,46,46,48,48,50,50,50,50,12,56,58,58,60,60,62,64,74,64,64,66,66,66,67,67,89,89],"gold":266,"neow_bonus":"REMOVE_TWO","is_daily":false,"chose_seed":false,"campfire_upgraded":8,"win_rate":0.0,"timestamp":1610681393,"path_taken":["M","$","M","M","?","R","?","R","T","E","?","$","R","M","R","BOSS","M","$","M","?","M","R","E","$","T","M","R","M","R","?","R","BOSS","M","$","?","?","?","E","R","M","T","?","R","?","M","?","R","BOSS"],"items_purchased_type":["Card","Card","Card"],"build_version":"2020-12-22","purchased_purges":3,"victory":true,"max_hp_per_floor":[62,62,62,62,56,56,56,56,56,56,56,56,56,56,56,58,58,58,58,60,60,62,62,64,64,64,66,66,68,68,68,68,70,70,72,72,74,74,76,78,88,90,90,92,92,87,89,89,89,89],"card_choices":[{"not_picked":["Prostrate","ThirdEye"],"picked":"SashWhip","floor":1},{"not_picked":["BowlingBash","Alpha"],"picked":"WheelKick","floor":3},{"not_picked":["FearNoEvil","ReachHeaven","EmptyFist"],"picked":"SKIP","floor":4},{"not_picked":["Weave","CarveReality"],"picked":"MentalFortress","floor":10},{"not_picked":["ReachHeaven","InnerPeace"],"picked":"Tantrum","floor":14},{"not_picked":["Establishment","Brilliance","Judgement"],"picked":"Singing Bowl","floor":16},{"not_picked":[],"picked":"DeceiveReality","floor":18},{"not_picked":["BowlingBash"],"picked":"Singing Bowl","floor":20},{"not_picked":["SashWhip"],"picked":"Singing Bowl","floor":22},{"not_picked":["SandsOfTime"],"picked":"Singing Bowl","floor":24},{"not_picked":["FlyingSleeves"],"picked":"Singing Bowl","floor":27},{"not_picked":["WreathOfFlame"],"picked":"Singing Bowl","floor":29},{"not_picked":["DevaForm"],"picked":"Singing Bowl","floor":33},{"not_picked":["Weave"],"picked":"Singing Bowl","floor":35},{"not_picked":["SashWhip+1"],"picked":"Singing Bowl","floor":37},{"not_picked":["Crescendo"],"picked":"Singing Bowl","floor":39},{"not_picked":["Meditate"],"picked":"Singing Bowl","floor":40},{"not_picked":["WindmillStrike"],"picked":"Singing Bowl","floor":42},{"not_picked":["Jack Of All Trades"],"picked":"Singing Bowl","floor":44},{"not_picked":["Evaluate+1"],"picked":"Singing Bowl","floor":47}],"player_experience":858013,"relics_obtained":[{"floor":9,"key":"Singing Bowl"},{"floor":10,"key":"TeardropLocket"},{"floor":24,"key":"Akabeko"},{"floor":26,"key":"Gremlin Horn"},{"floor":37,"key":"Shovel"},{"floor":40,"key":"Ornamental Fan"},{"floor":41,"key":"Pear"},{"floor":43,"key":"Vajra"},{"floor":45,"key":"Happy Flower"}],"event_choices":[{"damage_healed":0,"gold_gain":0,"player_choice":"Lose Max HP","damage_taken":0,"relics_obtained":["Golden Idol"],"max_hp_gain":0,"max_hp_loss":6,"event_name":"Golden Idol","floor":5,"gold_loss":0},{"damage_healed":0,"gold_gain":0,"player_choice":"Ignored","damage_taken":0,"max_hp_gain":0,"max_hp_loss":0,"event_name":"Liars Game","floor":7,"gold_loss":0},{"damage_healed":0,"gold_gain":0,"player_choice":"Fled","damage_taken":0,"max_hp_gain":0,"max_hp_loss":0,"event_name":"Scrap Ooze","floor":11,"gold_loss":0},{"damage_healed":0,"gold_gain":0,"player_choice":"Read","damage_taken":0,"max_hp_gain":0,"max_hp_loss":0,"event_name":"The Library","floor":21,"gold_loss":0,"cards_obtained":["Swivel"]},{"damage_healed":0,"gold_gain":0,"player_choice":"Fight","damage_taken":0,"max_hp_gain":0,"max_hp_loss":0,"event_name":"Colosseum","floor":31,"gold_loss":0},{"damage_healed":0,"gold_gain":0,"player_choice":"Fled From Nobs","damage_taken":0,"max_hp_gain":0,"max_hp_loss":0,"event_name":"Colosseum","floor":31,"gold_loss":0},{"damage_healed":0,"gold_gain":0,"player_choice":"Fight","damage_taken":0,"max_hp_gain":0,"max_hp_loss":0,"event_name":"MindBloom","floor":37,"gold_loss":0},{"damage_healed":0,"gold_gain":0,"player_choice":"Got Potions","damage_taken":0,"max_hp_gain":0,"max_hp_loss":0,"event_name":"Lab","floor":38,"gold_loss":0},{"damage_healed":0,"gold_gain":0,"player_choice":"Memory 1","damage_taken":0,"max_hp_gain":0,"max_hp_loss":0,"event_name":"SensoryStone","floor":44,"gold_loss":0},{"damage_healed":0,"gold_gain":0,"player_choice":"Max HP","damage_taken":0,"max_hp_gain":0,"max_hp_loss":5,"event_name":"Winding Halls","floor":46,"gold_loss":0},{"cards_removed":["Defend_P"],"damage_healed":0,"gold_gain":0,"player_choice":"Offered Basic","damage_taken":0,"max_hp_gain":0,"max_hp_loss":0,"event_name":"Bonfire Elementals","floor":48,"gold_loss":0}],"is_beta":false,"boss_relics":[{"not_picked":["Fusion Hammer","Ectoplasm"],"picked":"Busted Crown"},{"not_picked":["HolyWater","SacredBark"],"picked":"Empty Cage"}],"items_purged_floors":[12,25,36],"is_endless":false,"potions_floor_spawned":[4,16,18,27,31,33,35,40,42],"ascension_level":19}}