{"host":"lxihx0b6awoz2w1j","time":1610393146,"event":{"mods":["Aspiration","BaseMod","Better Third Choice","CapriCore","Colored Powertips","Downfall","Hermit","Hubris","Infinite Spire","JesterMod","Luminous","Marisa????????","Melee Mod","Minty Spire (QoL Compilation)","Prisma Mod","Quick Restart","Relic Stats","Replay The Spire","Shade Mod","Spicy Shops","StSLib","The Alterego","The Blue Laboratory","The Cursed","The Disciple","The Forsaken","The Immortal","The Jungle","The Marked","The Runesmith","The Senshi","The Servant 0.9.4","Waifu the Spire"],"gold_per_floor":[110,121,140,153,170,170,204,204,204,204,238,238,254,266,266,361,361,380,380,295,280,296,296,329,329,329,329,354,72,72,84,84,193,193,220,220,220,220,243,243,243,272,344,446,446,491,540,644,644,783,783,842,959,959,1025,1051,1181,1181,1261,1261,1261,1352,1352,1352,1452,1452,1626,1626,1738,1740,1852,1976,853,853,911,977,1028,1093,1222,1313,1304,1406,1406,1579,1679,1793,1783,1783],"floor_reached":87,"playtime":3888,"items_purged":["Decay","Decay"],"score":1582,"play_id":"a59a446e-0863-4906-933c-35e856193169","local_time":"20210111202546","is_ascension_mode":false,"campfire_choices":[{"data":"Rupture","floor":6.0,"key":"SMITH"},{"data":"Combust","floor":8.0,"key":"SMITH"},{"floor":12.0,"key":"REST"},{"data":"Flame Barrier","floor":15.0,"key":"SMITH"},{"data":"Reaper","floor":23.0,"key":"SMITH"},{"floor":25.0,"key":"REST"},{"data":"Flame Barrier","floor":27.0,"key":"SMITH"},{"data":"Metallicize","floor":32.0,"key":"SMITH"},{"data":"infinitespire:UltimateForm","floor":40.0,"key":"SMITH"},{"floor":45.0,"key":"REST"},{"data":"infinitespire:Fortify","floor":49.0,"key":"SMITH"},{"floor":58.0,"key":"RECALL"},{"floor":66.0,"key":"REST"},{"floor":74.0,"key":"REST"},{"floor":83.0,"key":"REST"}],"circlet_count":0,"master_deck":["Strike_R+1","Strike_R+1","Strike_R+1","Strike_R+1","Strike_R+1","Defend_R","Defend_R","Defend_R","Defend_R","Bash+1","Combust+1","Rupture+1","Cleave","Flame Barrier+1","Perfected Strike","Dual Wield","Shrug It Off","Hemokinesis","Flame Barrier+1","Reaper+1","Wild Strike","Battle Trance+1","Anger+1","hubris:SharpeningStone+1","Metallicize+1","Hemogenesis","Brutality","alterego_mod:Impale","expansioncontent:Collect","infinitespire:UltimateForm+1","infinitespire:Collect","infinitespire:Fortify+1","Shockwave","Guardian:FloatingOrbs","Rupture+1","Inflame","Shrug It Off","Barricade+1","Replay:Undeath\u0027s Touch","Pommel Strike","hubris:StunningStrike","Defy Death","Heavy Blade","Hemogenesis","Ball Lightning+1","infinitespire:Gouge","Defragment","Inflame","Redo+1","Iron Wave","Panache","Sunder","Spot Weakness+1","Mirror Shield","Pommel Strike","infinitespire:NeuralNetwork","Blood for Blood","Juggernaut","Clothesline+1"],"relics":["Burning Blood","Tiny Chest","Replay:Bottled Flurry","MealTicket","hubris:VirtuousBlindfold","Mercury Hourglass","Regal Pillow","Replay:Bottled Eggs","theForsaken:Lifeblossom","HandDrill","m_GuardianBlood","infinitespire:EvilPickle","ReplayTheSpireMod:SealedPack","jesterMod:MirrorMask","Philosopher\u0027s Stone","theSenshi:SailorFukuRelic","hubris:MobiusCoin","Quantum Egg","Fusion Hammer","hubris:Icosahedron","PreservedInsect","Vajra","infinitespire:Midas Blood","aspiration:DefectSkillbook","Oddly Smooth Stone","ReplayTheSpireMod:CursedCoin","aspiration:StickyExplosives_weak","theForsaken:Gavel","Potion Belt","Gremlin Food","Omamori","Ninja Scroll","Turnip","Replay:Wanted Poster"],"acts_visited":["Exordium","TheCity","TheBeyond","Exordium","theJungle:Jungle","TheBeyond"],"potions_floor_usage":[],"damage_taken":[{"damage":5.0,"enemies":"Jaw Worm","floor":1.0,"turns":4.0},{"damage":8.0,"enemies":"2 Louse","floor":2.0,"turns":2.0},{"damage":7.0,"enemies":"Small Slimes","floor":3.0,"turns":3.0},{"damage":13.0,"enemies":"2 Fungi Beasts","floor":4.0,"turns":4.0},{"damage":8.0,"enemies":"Large Slime","floor":5.0,"turns":5.0},{"damage":21.0,"enemies":"Lagavulin","floor":7.0,"turns":7.0},{"damage":17.0,"enemies":"Gremlin Nob","floor":11.0,"turns":3.0},{"damage":9.0,"enemies":"Looter","floor":13.0,"turns":3.0},{"damage":8.0,"enemies":"2 Fungi Beasts","floor":14.0,"turns":3.0},{"damage":44.0,"enemies":"Hexaghost","floor":16.0,"turns":9.0},{"damage":11.0,"enemies":"Shell Parasite","floor":18.0,"turns":3.0},{"damage":9.0,"enemies":"2 Thieves","floor":21.0,"turns":4.0},{"damage":1.0,"enemies":"Snake Plant","floor":22.0,"turns":3.0},{"damage":36.0,"enemies":"Book of Stabbing","floor":24.0,"turns":6.0},{"damage":8.0,"enemies":"Snecko","floor":31.0,"turns":7.0},{"damage":49.0,"enemies":"Pondfish","floor":33.0,"turns":8.0},{"damage":14.0,"enemies":"Orb Walker","floor":35.0,"turns":4.0},{"damage":36.0,"enemies":"3 Darklings","floor":42.0,"turns":6.0},{"damage":76.0,"enemies":"Nightmare","floor":44.0,"turns":10.0},{"damage":8.0,"enemies":"Writhing Mass","floor":46.0,"turns":6.0},{"damage":18.0,"enemies":"4 Shapes","floor":47.0,"turns":6.0},{"damage":26.0,"enemies":"Jaw Worm Horde","floor":48.0,"turns":3.0},{"damage":81.0,"enemies":"infinitespire:MassOfShapes","floor":50.0,"turns":9.0},{"damage":26.0,"enemies":"Jaw Worm","floor":52.0,"turns":2.0},{"damage":0.0,"enemies":"2 Louse","floor":53.0,"turns":3.0},{"damage":0.0,"enemies":"Cultist","floor":55.0,"turns":2.0},{"damage":4.0,"enemies":"Blue Slaver","floor":57.0,"turns":2.0},{"damage":26.0,"enemies":"Large Slime","floor":59.0,"turns":4.0},{"damage":13.0,"enemies":"Red Slaver","floor":62.0,"turns":2.0},{"damage":13.0,"enemies":"2 Fungi Beasts","floor":65.0,"turns":4.0},{"damage":17.0,"enemies":"Slime Boss","floor":67.0,"turns":6.0},{"damage":10.0,"enemies":"Shell Parasite","floor":69.0,"turns":3.0},{"damage":14.0,"enemies":"theJungle:GiantWrat","floor":71.0,"turns":4.0},{"damage":19.0,"enemies":"theJungle:Snecko_Cultist_And_Trap","floor":72.0,"turns":4.0},{"damage":2.0,"enemies":"theJungle:Lyon","floor":75.0,"turns":3.0},{"damage":17.0,"enemies":"theJungle:Cassacara","floor":76.0,"turns":6.0},{"damage":28.0,"enemies":"theJungle:2_Snecko_Cultists","floor":78.0,"turns":4.0},{"damage":34.0,"enemies":"theJungle:JungleHuntersEncounter","floor":79.0,"turns":4.0},{"damage":38.0,"enemies":"Snake Plant","floor":80.0,"turns":4.0},{"damage":42.0,"enemies":"JungleHuntersEvent","floor":81.0,"turns":5.0},{"damage":68.0,"enemies":"Nightmare","floor":82.0,"turns":6.0},{"damage":27.0,"enemies":"theJungle:QueenSpyder","floor":84.0,"turns":5.0},{"damage":4,"enemies":"3 Shapes","floor":86,"turns":3},{"damage":17,"enemies":"Orb Walker","floor":87,"turns":2}],"seed_played":"-7719818368024040373","potions_obtained":[{"floor":1.0,"key":"blueLaboratory:NullPotion"},{"floor":2.0,"key":"FearPotion"},{"floor":5.0,"key":"Dexterity Potion"},{"floor":13.0,"key":"blueLaboratory:IronCompound"},{"floor":14.0,"key":"Weak Potion"},{"floor":16.0,"key":"SpeedPotion"},{"floor":18.0,"key":"EssenceOfSteel"},{"floor":21.0,"key":"blueLaboratory:IronCompound"},{"floor":31.0,"key":"LiquidMemories"},{"floor":47.0,"key":"SkillPotion"},{"floor":53.0,"key":"DistilledChaos"},{"floor":55.0,"key":"Explosive Potion"},{"floor":57.0,"key":"Fire Potion"},{"floor":69.0,"key":"Adrenaline Potion"},{"floor":76.0,"key":"blueLaboratory:HorrorPotion"},{"floor":78.0,"key":"EssenceOfSteel"},{"floor":82.0,"key":"Fire Potion"}],"is_trial":false,"path_per_floor":["M","M","M","M","M","R","E","R","T","?","E","R","M","M","R","B",null,"M","?","?","M","M","R","E","R","T","R","T","$","?","M","R","B",null,"M","AVR","?","?","T","R","?","M","T","NM","R","M","M","M","R","B",null,"M","M","?","M","T","M","R","M","T","?","M","?","T","M","R","B",null,"M","?","M","M","$","R","M","E","T","M","M","M","?","NM","R","B",null,"M","M"],"character_chosen":"IRONCLAD","items_purchased":["HandDrill","Metallicize","Oddly Smooth Stone","ReplayTheSpireMod:CursedCoin","Inflame","Redo+1","Iron Wave","aspiration:StickyExplosives_weak","theForsaken:Gavel","Potion Belt","Panache","Sunder"],"campfire_rested":6,"item_purchase_floors":[29,29,73,73,73,73,73,73,73,73,73,73],"current_hp_per_floor":[88,86,85,78,76,76,61,61,61,61,50,76,73,71,71,33,88,83,83,83,80,88,88,58,88,88,88,88,88,88,88,88,63,88,88,88,88,88,88,88,88,72,72,41,82,88,85,76,76,28,88,74,88,88,88,88,88,88,84,84,84,88,88,88,88,88,88,88,88,65,74,78,88,88,88,83,83,73,88,70,51,14,55,61,88,88,78,78],"gold":1783,"neow_bonus":"TEN_PERCENT_HP_BONUS","is_daily":false,"chose_seed":false,"campfire_upgraded":8,"win_rate":0.0,"timestamp":1610393146,"path_taken":["M","M","M","M","M","R","E","R","T","?","E","R","M","M","R","BOSS","M","?","?","M","M","R","E","R","T","R","?","$","?","M","R","BOSS","M","AVR","?","?","?","R","?","M","T","NM","R","M","?","M","R","BOSS","M","M","?","M","?","M","R","M","T","?","?","?","?","M","R","BOSS","M","?","M","M","$","R","M","E","T","M","M","M","?","NM","R","BOSS","M","M"],"items_purchased_type":["Relic","Card","Relic","Relic","Card","Card","Card","Relic","Relic","Relic","Card","Card"],"build_version":"2020-12-22","purchased_purges":2,"victory":false,"max_hp_per_floor":[88,88,88,88,88,88,88,88,88,88,88,88,88,88,88,88,88,88,88,88,88,88,88,88,88,88,88,88,88,88,88,88,88,88,88,88,88,88,88,88,88,88,88,88,88,88,88,88,88,88,88,88,88,88,88,88,88,88,88,88,88,88,88,88,88,88,88,88,88,88,88,88,88,88,88,88,88,88,88,88,88,88,88,88,88,88,88,88],"relic_stats":{"Regal Pillow":34,"counters":[44,195],"Tiny Chest":4,"MealTicket":10,"PreservedInsect":171,"Turnip":[1],"HandDrill":[78],"obtain_stats":[{"Regal Pillow":24,"hubris:VirtuousBlindfold":17,"Vajra":60,"theForsaken:Lifeblossom":28,"m_GuardianBlood":30,"theForsaken:Gavel":73,"Burning Blood":0,"jesterMod:MirrorMask":36,"aspiration:StickyExplosives_weak":73,"Replay:Wanted Poster":85,"hubris:Icosahedron":54,"aspiration:DefectSkillbook":68,"Ninja Scroll":81,"Tiny Chest":7,"MealTicket":11,"Philosopher\u0027s Stone":36,"Fusion Hammer":51,"Replay:Bottled Flurry":9,"HandDrill":29,"Replay:Bottled Eggs":26,"theSenshi:SailorFukuRelic":39,"Potion Belt":73,"Gremlin Food":76,"hubris:MobiusCoin":43,"ReplayTheSpireMod:CursedCoin":73,"Quantum Egg":44,"Oddly Smooth Stone":73,"ReplayTheSpireMod:SealedPack":34,"PreservedInsect":56,"Omamori":77,"Mercury Hourglass":20,"infinitespire:EvilPickle":33,"Turnip":82,"infinitespire:Midas Blood":64},{"Regal Pillow":14,"hubris:VirtuousBlindfold":10,"Vajra":28,"theForsaken:Lifeblossom":14,"m_GuardianBlood":14,"theForsaken:Gavel":34,"Burning Blood":0,"jesterMod:MirrorMask":17,"aspiration:StickyExplosives_weak":34,"Replay:Wanted Poster":42,"hubris:Icosahedron":25,"aspiration:DefectSkillbook":31,"Ninja Scroll":40,"Tiny Chest":6,"MealTicket":7,"Philosopher\u0027s Stone":17,"Fusion Hammer":23,"Replay:Bottled Flurry":6,"HandDrill":14,"Replay:Bottled Eggs":14,"theSenshi:SailorFukuRelic":17,"Potion Belt":34,"Gremlin Food":36,"hubris:MobiusCoin":18,"ReplayTheSpireMod:CursedCoin":34,"Quantum Egg":19,"Oddly Smooth Stone":34,"ReplayTheSpireMod:SealedPack":16,"PreservedInsect":26,"Omamori":36,"Mercury Hourglass":11,"infinitespire:EvilPickle":16,"Turnip":41,"infinitespire:Midas Blood":29},{"Regal Pillow":59,"hubris:VirtuousBlindfold":43,"Vajra":130,"theForsaken:Lifeblossom":59,"m_GuardianBlood":59,"theForsaken:Gavel":153,"Burning Blood":0,"jesterMod:MirrorMask":78,"aspiration:StickyExplosives_weak":153,"Replay:Wanted Poster":190,"hubris:Icosahedron":122,"aspiration:DefectSkillbook":142,"Ninja Scroll":179,"Tiny Chest":25,"MealTicket":28,"Philosopher\u0027s Stone":78,"Fusion Hammer":117,"Replay:Bottled Flurry":25,"HandDrill":59,"Replay:Bottled Eggs":59,"theSenshi:SailorFukuRelic":78,"Potion Belt":153,"Gremlin Food":162,"hubris:MobiusCoin":84,"ReplayTheSpireMod:CursedCoin":153,"Quantum Egg":93,"Oddly Smooth Stone":153,"ReplayTheSpireMod:SealedPack":74,"PreservedInsect":124,"Omamori":162,"Mercury Hourglass":46,"infinitespire:EvilPickle":74,"Turnip":185,"infinitespire:Midas Blood":132}],"Burning Blood":227,"Mercury Hourglass":[524]},"card_choices":[{"not_picked":["Shrug It Off","ReplayTheSpireMod:Stacked"],"picked":"Combust","floor":1.0},{"not_picked":["Flex","Heavy Blade"],"picked":"Rupture","floor":2.0},{"not_picked":["Armaments","Sword Boomerang"],"picked":"Cleave","floor":3.0},{"not_picked":["ReplayTheSpireMod:Strike From Hell","Intimidate"],"picked":"Flame Barrier","floor":4.0},{"not_picked":["Reckless Charge","Searing Blow"],"picked":"Perfected Strike","floor":5.0},{"not_picked":["Defy Death","Whirlwind"],"picked":"Dual Wield","floor":7.0},{"not_picked":["Headbutt","Massacre"],"picked":"Shrug It Off","floor":11.0},{"not_picked":["Dark Embrace","Shrug It Off"],"picked":"Hemokinesis","floor":13.0},{"not_picked":["Shockwave","Dropkick"],"picked":"Flame Barrier","floor":14.0},{"not_picked":["Bludgeon","Immolate"],"picked":"Reaper","floor":16.0},{"not_picked":["Body Slam","Anger+1"],"picked":"Wild Strike","floor":18.0},{"not_picked":["Infernal Blade","hubris:CleavingFinish"],"picked":"Battle Trance+1","floor":21.0},{"not_picked":["Searing Blow","Havoc"],"picked":"Anger+1","floor":22.0},{"not_picked":["Dual Wield+1","Flame Barrier+1"],"picked":"hubris:SharpeningStone+1","floor":24.0},{"not_picked":["Flex","hubris:SharpeningStone"],"picked":"Hemogenesis","floor":31.0},{"not_picked":["Demonic Infusion","Double Tap"],"picked":"Brutality","floor":33.0},{"not_picked":["jesterMod:Sickle","theForsaken:Penitence"],"picked":"alterego_mod:Impale","floor":34.0},{"not_picked":["Replay:Bootleg Shield Generator","expansioncontent:FaceSlap"],"picked":"expansioncontent:Collect","floor":34.0},{"not_picked":["ReplayTheSpireMod:Chaos Vortex","ReplayTheSpireMod:Book of Names"],"picked":"infinitespire:UltimateForm","floor":34.0},{"not_picked":["Abandon+1","Clash+1"],"picked":"ReplayTheSpireMod:Strike From Hell","floor":35.0},{"not_picked":["ReplayTheSpireMod:LeadingStrike","Blood for Blood"],"picked":"Shockwave","floor":42.0},{"not_picked":["Warcry+1","Havoc"],"picked":"Guardian:FloatingOrbs","floor":44.0},{"not_picked":["Perfected Strike","Hemokinesis"],"picked":"Rupture","floor":46.0},{"not_picked":["ReplayTheSpireMod:Strike From Hell","Battle Trance+1"],"picked":"Inflame","floor":47.0},{"not_picked":["Pommel Strike","Hemokinesis+1"],"picked":"Shrug It Off","floor":48.0},{"not_picked":["Offering","Reaper"],"picked":"Barricade","floor":50.0},{"not_picked":["Massacre","Sever Soul","ReplayTheSpireMod:Strike From Hell"],"picked":"SKIP","floor":52.0},{"not_picked":["Disarm","Flex"],"picked":"Replay:Undeath\u0027s Touch","floor":53.0},{"not_picked":["Burning Pact","Thunderclap","Headbutt"],"picked":"SKIP","floor":55.0},{"not_picked":["Burning Pact","Flex"],"picked":"Pommel Strike","floor":57.0},{"not_picked":["Clothesline","Warcry"],"picked":"hubris:StunningStrike","floor":59.0},{"not_picked":["Replay:Undeath\u0027s Touch","Run Through"],"picked":"Defy Death","floor":62.0},{"not_picked":["Battle Trance","Pommel Strike"],"picked":"Heavy Blade","floor":65.0},{"not_picked":["Fiend Fire","Double Tap"],"picked":"Hemogenesis","floor":67.0},{"not_picked":["Barrage+1","Havoc+1","Reckless Charge"],"picked":"Ball Lightning+1","floor":69.0},{"not_picked":["ReplayTheSpireMod:Book of Names","hubris:Fate"],"picked":"infinitespire:Gouge","floor":70.0},{"not_picked":["Heavy Blade","Hologram","Compile Driver"],"picked":"Defragment","floor":71.0},{"not_picked":["True Grit","ReplayTheSpireMod:System Scan","Hologram","Dual Wield"],"picked":"SKIP","floor":72.0},{"not_picked":["Flex","Rebound","Guardian:Gem_Red"],"picked":"Spot Weakness+1","floor":75.0},{"not_picked":["Fiend Fire","Searing Blow+1","Guardian:Gem_Red","Leap"],"picked":"SKIP","floor":76.0},{"not_picked":["Dual Wield","Cleave+1","Twin Strike","ReplaySolidLightProjector+1"],"picked":"SKIP","floor":78.0},{"not_picked":["ReplayTheSpireMod:Strike From Hell","Shrug It Off","Anger"],"picked":"Mirror Shield","floor":79.0},{"not_picked":["Intimidate","Glacier+1","Redo","Gash"],"picked":"SKIP","floor":80.0},{"not_picked":["infinitespire:OneForAll","Barricade","Cleave+1"],"picked":"Pommel Strike","floor":81.0},{"not_picked":["ReplayTheSpireMod:Book of Names","ReplayTheSpireMod:??????????????????????"],"picked":"infinitespire:NeuralNetwork","floor":82.0},{"not_picked":["Go for the Eyes+1","hubris:DoWhile","Disarm"],"picked":"Blood for Blood","floor":82.0},{"not_picked":["Brutality","Demonic Infusion","Double Tap"],"picked":"Juggernaut","floor":84.0},{"not_picked":["Armaments+1","Chill","Entrench"],"picked":"Clothesline+1","floor":86}],"player_experience":572099,"relics_obtained":[{"floor":7.0,"key":"Tiny Chest"},{"floor":9.0,"key":"Replay:Bottled Flurry"},{"floor":11.0,"key":"MealTicket"},{"floor":24.0,"key":"Regal Pillow"},{"floor":26.0,"key":"Replay:Bottled Eggs"},{"floor":28.0,"key":"theForsaken:Lifeblossom"},{"floor":39.0,"key":"theSenshi:SailorFukuRelic"},{"floor":43.0,"key":"hubris:MobiusCoin"},{"floor":44.0,"key":"Quantum Egg"},{"floor":56.0,"key":"PreservedInsect"},{"floor":60.0,"key":"Vajra"},{"floor":64.0,"key":"infinitespire:Midas Blood"},{"floor":76.0,"key":"Gremlin Food"},{"floor":77.0,"key":"Omamori"},{"floor":81.0,"key":"Ninja Scroll"},{"floor":82.0,"key":"Turnip"}],"event_choices":[{"damage_healed":0.0,"max_hp_gain":0.0,"max_hp_loss":0.0,"gold_gain":0.0,"event_name":"Golden Wing","player_choice":"Ignored","floor":10.0,"gold_loss":0.0,"damage_taken":0.0},{"damage_healed":0.0,"max_hp_gain":0.0,"max_hp_loss":0.0,"gold_gain":0.0,"event_name":"Addict","player_choice":"Obtained Relic","floor":20.0,"gold_loss":85.0,"damage_taken":0.0,"relics_obtained":["Mercury Hourglass"]},{"cards_removed":["ReplayTheSpireMod:Strike From Hell"],"damage_healed":0.0,"max_hp_gain":0.0,"max_hp_loss":0.0,"gold_gain":0.0,"event_name":"Falling","player_choice":"Removed Attack","floor":38.0,"gold_loss":0.0,"damage_taken":0.0},{"damage_healed":0.0,"max_hp_gain":0.0,"max_hp_loss":0.0,"gold_gain":0.0,"event_name":"Upgrade Shrine","player_choice":"Upgraded","floor":61.0,"gold_loss":0.0,"damage_taken":0.0,"cards_upgraded":["Barricade"]},{"damage_healed":0.0,"max_hp_gain":0.0,"max_hp_loss":0.0,"gold_gain":0.0,"event_name":"Transmorgrifier","player_choice":"Ignored","floor":63.0,"gold_loss":0.0,"damage_taken":0.0}],"is_beta":false,"boss_relics":[{"not_picked":["ReplayTheSpireMod:DimensionalGlitch","Calling Bell"],"picked":"hubris:VirtuousBlindfold"},{"not_picked":["hubris:CrackedHourglass","hubris:TerracottaHorce"],"picked":"ReplayTheSpireMod:SealedPack"},{"not_picked":["Runesmith:UraniumAnvil","Empty Cage"],"picked":"Fusion Hammer"},{"not_picked":["Ooze Armor","Replay:Bronze Core"],"picked":"aspiration:DefectSkillbook"},{"not_picked":["Replay:Ancient Bell","Abe\u0027s Treasure"],"picked":"Replay:Wanted Poster"}],"items_purged_floors":[73,73],"is_endless":true,"potions_floor_spawned":[1,2,5,13,14,16,18,21,31,47,53,55,57,69,76,78,82],"killed_by":"Orb Walker","ascension_level":0}}