{"host":"7nm1ow5v9mg4ehcw","time":1610373217,"event":{"mods":["BaseMod","Highlight Path","Minty Spire (QoL Compilation)","StSLib"],"gold_per_floor":[117,117,17,36,50,82,92,92,92,106,86,111,121,156,156,258,258,276,293,22,22,22,56,68,112,200,226,238,280,310,336,348,459,471,499,221,234,253,264,294,344,344,344,363,363,56,56,70,70,70,70,70,20,51,51,51],"floor_reached":55,"playtime":3623,"items_purged":[],"score":729,"play_id":"d9ec5408-519c-41a6-a8ca-4a118fff6f76","local_time":"20210111145337","is_ascension_mode":false,"campfire_choices":[{"data":"Zap","floor":8,"key":"SMITH"},{"floor":15,"key":"REST"},{"floor":28,"key":"REST"},{"data":"1","floor":32,"key":"LIFT"},{"floor":42,"key":"REST"},{"floor":49,"key":"RECALL"},{"data":"2","floor":52,"key":"LIFT"}],"circlet_count":0,"master_deck":["Strike_B","Strike_B","Defend_B","Defend_B","Defend_B","Defend_B","Zap+1","Dualcast","Ball Lightning","Coolheaded","Capacitor","Blizzard","Conserve Battery","Ball Lightning","Chill","Biased Cognition","Echo Form","Blizzard","Coolheaded","Barrage","Glacier","Electrodynamics","Skim+1","Cold Snap","Dark Shackles","Chaos"],"relics":["Cracked Core","MealTicket","Question Card","Girya","Orichalcum","Busted Crown","Anchor","MawBank","Bird Faced Urn","Kunai","StoneCalendar","Inserter","WingedGreaves","Ornamental Fan","CaptainsWheel","Gremlin Horn","Incense Burner","Frozen Egg 2","Pen Nib"],"acts_visited":["Exordium","TheCity","TheBeyond","TheEnding"],"potions_floor_usage":[6,12,23,25,27,33,40,41,48,55,55],"damage_taken":[{"damage":0,"enemies":"Small Slimes","floor":1,"turns":3},{"damage":1,"enemies":"Jaw Worm","floor":4,"turns":3},{"damage":0,"enemies":"Cultist","floor":5,"turns":4},{"damage":4,"enemies":"Gremlin Nob","floor":6,"turns":3},{"damage":6,"enemies":"Large Slime","floor":7,"turns":5},{"damage":0,"enemies":"3 Louse","floor":10,"turns":4},{"damage":6,"enemies":"Lagavulin","floor":12,"turns":7},{"damage":4,"enemies":"Gremlin Gang","floor":13,"turns":5},{"damage":13,"enemies":"3 Sentries","floor":14,"turns":5},{"damage":21,"enemies":"Slime Boss","floor":16,"turns":12},{"damage":0,"enemies":"3 Byrds","floor":18,"turns":4},{"damage":0,"enemies":"Spheric Guardian","floor":19,"turns":3},{"damage":27,"enemies":"Book of Stabbing","floor":23,"turns":7},{"damage":3,"enemies":"Gremlin Leader","floor":25,"turns":7},{"damage":0,"enemies":"Centurion and Healer","floor":27,"turns":6},{"damage":3,"enemies":"Book of Stabbing","floor":29,"turns":6},{"damage":0,"enemies":"Snecko","floor":30,"turns":6},{"damage":0,"enemies":"Chosen and Byrds","floor":31,"turns":7},{"damage":12,"enemies":"Champ","floor":33,"turns":10},{"damage":2,"enemies":"Orb Walker","floor":35,"turns":3},{"damage":11,"enemies":"3 Darklings","floor":37,"turns":5},{"damage":27,"enemies":"Writhing Mass","floor":38,"turns":6},{"damage":10,"enemies":"Maw","floor":39,"turns":7},{"damage":42,"enemies":"Nemesis","floor":40,"turns":7},{"damage":6,"enemies":"Mind Bloom Boss Battle","floor":41,"turns":7},{"damage":17,"enemies":"4 Shapes","floor":44,"turns":3},{"damage":35,"enemies":"Jaw Worm Horde","floor":48,"turns":5},{"damage":27,"enemies":"Time Eater","floor":50,"turns":12},{"damage":49,"enemies":"Shield and Spear","floor":54,"turns":8},{"damage":42,"enemies":"The Heart","floor":55,"turns":4}],"seed_played":"-6542483596724615216","potions_obtained":[{"floor":4,"key":"LiquidMemories"},{"floor":5,"key":"Swift Potion"},{"floor":10,"key":"Ancient Potion"},{"floor":11,"key":"FairyPotion"},{"floor":19,"key":"Block Potion"},{"floor":23,"key":"DistilledChaos"},{"floor":25,"key":"EssenceOfSteel"},{"floor":31,"key":"Strength Potion"},{"floor":39,"key":"Regen Potion"},{"floor":41,"key":"ColorlessPotion"}],"is_trial":false,"path_per_floor":["M","?","$","M","M","E","M","R","T","M","?","E","M","E","R","B",null,"M","M","$","?","?","E","?","E","T","M","R","E","M","M","R","B",null,"M","$","M","M","M","E","?","R","T","M","?","$","T","M","R","B",null,"R","$","E","B"],"character_chosen":"DEFECT","items_purchased":["Coolheaded","PowerPotion","Coolheaded","Anchor","Ancient Potion","WingedGreaves","Incense Burner","FocusPotion"],"campfire_rested":3,"item_purchase_floors":[3,3,20,20,20,36,46,53],"current_hp_per_floor":[75,68,75,74,74,70,64,64,64,64,64,58,54,41,63,42,75,75,75,75,75,61,34,34,31,31,39,63,66,72,80,80,72,80,78,80,75,58,58,24,39,63,63,52,52,67,67,36,36,19,80,80,80,39,3,3],"gold":51,"neow_bonus":"RANDOM_COMMON_RELIC","is_daily":false,"chose_seed":false,"campfire_upgraded":1,"win_rate":0.0,"timestamp":1610373217,"path_taken":["M","?","?","M","M","E","M","R","T","M","?","E","?","E","R","BOSS","M","M","$","?","?","E","?","E","T","M","R","E","M","M","R","BOSS","M","$","?","?","M","E","?","R","T","M","?","$","?","M","R","BOSS","R","$","E","BOSS"],"items_purchased_type":["Card","Potion","Card","Relic","Potion","Relic","Relic","Potion"],"build_version":"2020-12-22","purchased_purges":0,"victory":false,"max_hp_per_floor":[75,75,75,75,75,75,75,75,75,75,75,75,75,75,75,75,75,75,75,75,75,80,80,80,80,80,80,80,80,80,80,80,80,80,80,80,80,80,80,80,80,80,80,80,80,80,80,80,80,80,80,80,80,80,80,80],"card_choices":[{"not_picked":["Hologram","Scrape"],"picked":"Ball Lightning","floor":1},{"not_picked":["Leap","Turbo"],"picked":"Capacitor","floor":4},{"not_picked":["Turbo","Rebound","Steam"],"picked":"SKIP","floor":5},{"not_picked":["Hello World","Coolheaded"],"picked":"Blizzard","floor":6},{"not_picked":["Tempest","Gash","Steam"],"picked":"Conserve Battery","floor":7},{"not_picked":["Streamline","Barrage","Steam"],"picked":"Ball Lightning","floor":10},{"not_picked":["Streamline","Ball Lightning","Reinforced Body"],"picked":"Chill","floor":12},{"not_picked":["Hyperbeam","Force Field","Reinforced Body","Scrape"],"picked":"SKIP","floor":13},{"not_picked":["Steam","Streamline","Hello World"],"picked":"Biased Cognition","floor":14},{"not_picked":["Amplify","Hyperbeam","Multi-Cast"],"picked":"Echo Form","floor":16},{"not_picked":["Hologram"],"picked":"Blizzard","floor":18},{"not_picked":["Gash","Rebound+1"],"picked":"SKIP","floor":19},{"not_picked":["Steam"],"picked":"Barrage","floor":23},{"not_picked":["Turbo"],"picked":"Glacier","floor":25},{"not_picked":["Ball Lightning","Redo"],"picked":"SKIP","floor":27},{"not_picked":["Biased Cognition","Doom and Gloom"],"picked":"SKIP","floor":29},{"not_picked":["BootSequence","Heatsinks"],"picked":"SKIP","floor":30},{"not_picked":["Rebound","Ball Lightning"],"picked":"SKIP","floor":31},{"not_picked":["Thunder Strike"],"picked":"Electrodynamics","floor":33},{"not_picked":["Beam Cell+1","Sweeping Beam"],"picked":"SKIP","floor":35},{"not_picked":["Darkness+1"],"picked":"Skim+1","floor":37},{"not_picked":["Gash","Turbo+1"],"picked":"SKIP","floor":38},{"not_picked":["Double Energy","Lockon"],"picked":"SKIP","floor":39},{"not_picked":["Fusion+1","Doom and Gloom"],"picked":"SKIP","floor":40},{"not_picked":["Heatsinks"],"picked":"Cold Snap","floor":41},{"not_picked":["Turbo","Ball Lightning+1"],"picked":"SKIP","floor":44},{"not_picked":["Transmutation"],"picked":"Dark Shackles","floor":45},{"not_picked":["Rip and Tear"],"picked":"Chaos","floor":48},{"not_picked":["Turbo","Double Energy"],"picked":"SKIP","floor":54}],"player_experience":343324,"relics_obtained":[{"floor":6,"key":"Question Card"},{"floor":12,"key":"Girya"},{"floor":14,"key":"Orichalcum"},{"floor":23,"key":"MawBank"},{"floor":25,"key":"Bird Faced Urn"},{"floor":26,"key":"Kunai"},{"floor":29,"key":"StoneCalendar"},{"floor":40,"key":"Ornamental Fan"},{"floor":41,"key":"CaptainsWheel"},{"floor":43,"key":"Gremlin Horn"},{"floor":47,"key":"Frozen Egg 2"},{"floor":54,"key":"Pen Nib"}],"event_choices":[{"cards_removed":["Strike_B"],"damage_healed":0,"gold_gain":0,"player_choice":"Card Removal","damage_taken":7,"max_hp_gain":0,"max_hp_loss":0,"event_name":"Golden Wing","floor":2,"gold_loss":0},{"damage_healed":0,"gold_gain":0,"player_choice":"Bought 1 Potion","damage_taken":0,"max_hp_gain":0,"max_hp_loss":0,"event_name":"The Woman in Blue","floor":11,"gold_loss":0},{"damage_healed":0,"gold_gain":0,"player_choice":"Ignored","damage_taken":0,"max_hp_gain":0,"max_hp_loss":0,"event_name":"Ghosts","floor":21,"gold_loss":0},{"damage_healed":0,"gold_gain":0,"player_choice":"Shed Blood","damage_taken":19,"max_hp_gain":5,"max_hp_loss":0,"event_name":"Forgotten Altar","floor":22,"gold_loss":0},{"cards_removed":["Strike_B"],"damage_healed":0,"gold_gain":0,"player_choice":"Purged","damage_taken":0,"max_hp_gain":0,"max_hp_loss":0,"event_name":"Purifier","floor":24,"gold_loss":0},{"damage_healed":0,"gold_gain":0,"player_choice":"Fight","damage_taken":0,"max_hp_gain":0,"max_hp_loss":0,"event_name":"MindBloom","floor":41,"gold_loss":0},{"damage_healed":0,"gold_gain":0,"player_choice":"Memory 1","damage_taken":0,"max_hp_gain":0,"max_hp_loss":0,"event_name":"SensoryStone","floor":45,"gold_loss":0}],"is_beta":false,"boss_relics":[{"not_picked":["Black Star","Ectoplasm"],"picked":"Busted Crown"},{"not_picked":["Nuclear Battery","Pandora\u0027s Box"],"picked":"Inserter"}],"items_purged_floors":[],"is_endless":false,"potions_floor_spawned":[4,5,10,19,23,25,31,39,41],"killed_by":"The Heart","ascension_level":0}}