{"host":"9slw7l0ws16384qq","time":1610404029,"event":{"mods":["BaseMod","Colored Map","Hubris","Minty Spire (QoL Compilation)","Replay The Spire","StSLib","The Dragon Tamer","The Marked"],"gold_per_floor":[10,10,10,26,26,26,370,388,388,402,200,200,200,32,32,157,157,173,272,272,287,311,311,336,350,376,376,376,49,49,61,61,157,157,176,193,243,259,0,0,46,46,46,46,63,63,63,73,73,73],"floor_reached":51,"playtime":1209,"items_purged":["theMarked:Strike","theMarked:Defend","theMarked:SoldierOfQuellstein+1"],"score":870,"play_id":"29e77211-007f-4ff2-9762-5d7c807767a7","local_time":"20210111232709","is_ascension_mode":false,"campfire_choices":[{"data":"theMarked:BanishingStrike","floor":6.0,"key":"SMITH"},{"data":"theMarked:Abjuration","floor":13.0,"key":"SMITH"},{"data":"theMarked:SoldierOfQuellstein","floor":15.0,"key":"SMITH"},{"data":"theMarked:BanishingStrike","floor":23.0,"key":"SMITH"},{"floor":27.0,"key":"REST"},{"data":"Mayhem","floor":32.0,"key":"SMITH"},{"data":"theMarked:Abjuration","floor":40,"key":"SMITH"},{"floor":42,"key":"REST"},{"data":"theMarked:BanishingStrike","floor":44,"key":"SMITH"},{"data":"theMarked:Defend","floor":49,"key":"SMITH"}],"circlet_count":0,"master_deck":["theMarked:Defend","theMarked:Defend+1","theMarked:BanishingStrike+1","theMarked:ElectricStrings+1","theMarked:BanishingStrike+1","theMarked:Abjuration+1","theMarked:BanishingStrike+1","Mayhem+1","theMarked:Abjuration+1"],"relics":["theMarked:ArtifactOfAir","Bloody Idol","Old Coin","Lizard Tail","hubris:RunicObelisk","Tiny Chest","Membership Card","Pear","hubris:ScarierMask","Shuriken","hubris:64BitClover","BargainBundle","hubris:Spice","Replay:WaspNest","Gremlin Horn","hubris:Towel"],"acts_visited":["Exordium","TheCity","TheBeyond"],"potions_floor_usage":[50,50,50],"damage_taken":[{"damage":2.0,"enemies":"2 Louse","floor":1.0,"turns":3.0},{"damage":3.0,"enemies":"Small Slimes","floor":4.0,"turns":3.0},{"damage":17.0,"enemies":"Gremlin Nob","floor":7.0,"turns":5.0},{"damage":1.0,"enemies":"Jaw Worm","floor":8.0,"turns":3.0},{"damage":2.0,"enemies":"Blue Slaver","floor":10.0,"turns":4.0},{"damage":10.0,"enemies":"Hexaghost","floor":16.0,"turns":6.0},{"damage":0.0,"enemies":"Spheric Guardian","floor":18.0,"turns":3.0},{"damage":12.0,"enemies":"2 Thieves","floor":21.0,"turns":3.0},{"damage":11.0,"enemies":"Shelled Parasite and Fungi","floor":22.0,"turns":3.0},{"damage":6.0,"enemies":"Snake Plant","floor":24.0,"turns":2.0},{"damage":14.0,"enemies":"Sentry and Sphere","floor":25.0,"turns":4.0},{"damage":11.0,"enemies":"Shelled Parasite and Fungi","floor":31.0,"turns":3.0},{"damage":35.0,"enemies":"Pondfish","floor":33.0,"turns":7.0},{"damage":0.0,"enemies":"Orb Walker","floor":35.0,"turns":2.0},{"damage":0.0,"enemies":"3 Darklings","floor":36.0,"turns":3.0},{"damage":37.0,"enemies":"Mind Bloom Boss Battle","floor":37.0,"turns":4.0},{"damage":0.0,"enemies":"Transient","floor":38.0,"turns":5.0},{"damage":0,"enemies":"Sphere and 2 Shapes","floor":45,"turns":2},{"damage":4,"enemies":"4 Shapes","floor":48,"turns":3},{"damage":28,"enemies":"hubris:GrandSnecko","floor":50,"turns":6}],"seed_played":"-8613751298892788407","potions_obtained":[{"floor":1.0,"key":"CultistPotion"},{"floor":7.0,"key":"Swift Potion"},{"floor":8.0,"key":"EssenceOfSteel"},{"floor":33.0,"key":"Adrenaline Potion"}],"is_trial":false,"path_per_floor":["M","?","?","M","?","R","E","M","T","M","$","?","R","$","R","B",null,"M","?","?","M","M","R","M","M","T","R","?","$","?","M","R","B",null,"M","M","?","M","$","R","?","R","T","R","M","?","?","M","R","B",null],"character_chosen":"THE_DEFAULT","items_purchased":["theMarked:Abjuration","theMarked:BanishingStrike","Mayhem","Membership Card","Pear","BargainBundle","Ancient Potion","hubris:Spice"],"campfire_rested":2,"item_purchase_floors":[11,11,14,29,29,39,39,39],"current_hp_per_floor":[68,68,51,48,48,48,31,30,30,28,28,21,21,21,21,11,70,70,70,70,58,47,47,41,27,27,48,48,58,58,52,52,22,80,80,80,48,53,61,61,44,70,70,70,75,75,75,76,76,48],"gold":73,"neow_bonus":"REMOVE_TWO","is_daily":false,"chose_seed":false,"campfire_upgraded":8,"win_rate":0.0,"timestamp":1610404029,"path_taken":["M","?","?","M","?","R","E","M","T","M","$","?","R","$","R","BOSS","M","?","?","M","M","R","?","M","T","R","?","$","?","M","R","BOSS","M","M","?","M","$","R","?","R","T","R","M","?","?","M","R","BOSS"],"items_purchased_type":["Card","Card","Card","Relic","Relic","Relic","Potion","Relic"],"build_version":"2020-12-22","purchased_purges":3,"victory":true,"max_hp_per_floor":[70,70,70,70,70,70,70,70,70,70,70,70,70,70,70,70,70,70,70,70,70,70,70,70,70,70,70,70,80,80,80,80,80,80,80,80,80,80,88,88,88,88,88,88,88,88,84,84,84,84],"card_choices":[{"not_picked":["theMarked:Opportunist","theMarked:ElectricStrings"],"picked":"theMarked:BanishingStrike","floor":1.0},{"not_picked":["theMarked:TwofoldDefense","theMarked:Parkour","theMarked:Seal"],"picked":"SKIP","floor":4.0},{"not_picked":["theMarked:Static","theMarked:SwordAndMagic","theMarked:Panic"],"picked":"SKIP","floor":7.0},{"not_picked":["theMarked:KeepCalmAndFightOn","theMarked:RogueSparks"],"picked":"theMarked:BanishingStrike","floor":8.0},{"not_picked":["theMarked:ElectricStrings","theMarked:Frustration","theMarked:TakeCover"],"picked":"SKIP","floor":10.0},{"not_picked":["theMarked:BanishingStrike","theMarked:ContemptForTheProud","theMarked:Improvise"],"picked":"SKIP","floor":18.0},{"not_picked":["theMarked:ComboAttacks","theMarked:ChainLightning","theMarked:Static"],"picked":"SKIP","floor":21.0},{"not_picked":["theMarked:HeightenedSenses+1","theMarked:PowerFlow","theMarked:WastefulDefense"],"picked":"SKIP","floor":22.0},{"not_picked":["theMarked:Parry","theMarked:TwofoldDefense","theMarked:CreepingChasm"],"picked":"SKIP","floor":24.0},{"not_picked":["theMarked:DispelDoubt","theMarked:Opportunist","theMarked:Standoff"],"picked":"SKIP","floor":25.0},{"not_picked":["theMarked:ParalyzingBlade","theMarked:BanishingStrike","theMarked:ChainLightning+1"],"picked":"SKIP","floor":31.0},{"not_picked":["theMarked:Challenge","theMarked:MagicAdept"],"picked":"theMarked:Abjuration","floor":33.0},{"not_picked":["theMarked:WastefulAttack+1","theMarked:SwordAndMagic","theMarked:Frustration"],"picked":"SKIP","floor":35.0},{"not_picked":["theMarked:BanishingStrike","theMarked:SelfDefenseTraining+1","theMarked:HeightenedSenses+1"],"picked":"SKIP","floor":36.0},{"not_picked":["theMarked:Frustration+1","theMarked:MaelstromOfLightning","theMarked:Panic+1"],"picked":"SKIP","floor":38.0},{"not_picked":["theMarked:Indomitable","theMarked:ElectricStrings","theMarked:ChainLightning+1"],"picked":"SKIP","floor":45},{"not_picked":["theMarked:Panic+1","theMarked:TwofoldDefense+1","theMarked:Polarize+1"],"picked":"SKIP","floor":48}],"player_experience":1511190,"relics_obtained":[{"floor":7.0,"key":"Old Coin"},{"floor":9.0,"key":"Lizard Tail"},{"floor":26.0,"key":"Tiny Chest"},{"floor":37.0,"key":"Shuriken"},{"floor":37.0,"key":"hubris:64BitClover"},{"floor":41,"key":"Replay:WaspNest"},{"floor":43,"key":"Gremlin Horn"}],"event_choices":[{"damage_healed":0.0,"max_hp_gain":0.0,"max_hp_loss":0.0,"gold_gain":0.0,"event_name":"Golden Idol","player_choice":"Take Damage","floor":3.0,"gold_loss":0.0,"damage_taken":17.0,"relics_obtained":["Golden Idol"]},{"cards_removed":["theMarked:Strike"],"damage_healed":0.0,"max_hp_gain":0.0,"max_hp_loss":0.0,"gold_gain":0.0,"event_name":"Golden Wing","player_choice":"Card Removal","floor":12.0,"gold_loss":0.0,"damage_taken":7.0},{"damage_healed":0.0,"max_hp_gain":0.0,"max_hp_loss":0.0,"gold_gain":99.0,"event_name":"Nest","player_choice":"Stole From Cult","floor":19.0,"gold_loss":0.0,"damage_taken":0.0},{"damage_healed":0.0,"max_hp_gain":0.0,"max_hp_loss":0.0,"gold_gain":0.0,"event_name":"Cursed Tome","player_choice":"Ignored","floor":20.0,"gold_loss":0.0,"damage_taken":0.0},{"damage_healed":0.0,"max_hp_gain":0.0,"max_hp_loss":0.0,"gold_gain":0.0,"event_name":"Forgotten Altar","player_choice":"Gave Idol","floor":28.0,"relics_lost":["Golden Idol"],"gold_loss":0.0,"damage_taken":0.0,"relics_obtained":["Bloody Idol"]},{"damage_healed":0.0,"max_hp_gain":0.0,"max_hp_loss":0.0,"gold_gain":0.0,"event_name":"MindBloom","player_choice":"Fight","floor":37.0,"gold_loss":0.0,"damage_taken":0.0},{"damage_healed":0,"gold_gain":0,"player_choice":"Max HP","damage_taken":0,"max_hp_gain":0,"max_hp_loss":4,"event_name":"Winding Halls","floor":47,"gold_loss":0}],"is_beta":false,"boss_relics":[{"not_picked":["Honey Jar","Ectoplasm"],"picked":"hubris:RunicObelisk"},{"not_picked":["SacredBark","Philosopher\u0027s Stone"],"picked":"hubris:ScarierMask"}],"items_purged_floors":[11,29,39],"is_endless":false,"potions_floor_spawned":[1,7,8,22,25,31,33,38,48],"ascension_level":0}}