{"host":"dk10vuzdqf3wivcv","time":1610382711,"event":{"mods":["Aspiration","Astrologer","BaseMod","Colored Map","Conspire","Downfall","Friendly Minions","Hermit","Hubris","Minty Spire (QoL Compilation)","Replay The Spire","StSLib","SuperFastMode","Td1madao Mod","The Animator","The Gatherer","The Jungle","The Marked","The Servant 0.9.4"],"gold_per_floor":[99,118,118,54,74,101,101,101,101,5,40,52,65,85,100,205,205,55,74,174,174,187,187,187,187,214,228,153,171,199,217,202,234,252,355,355,355,366,384,397,397,397,424,653,715,715,747,759,280,280,291,291,291,325,20,20,20],"floor_reached":58,"playtime":3368,"items_purged":[],"score":1414,"play_id":"5870ddf0-0aa1-4b44-bc18-d92642f12fd9","local_time":"20210111173151","is_ascension_mode":false,"campfire_choices":[{"floor":1.0,"key":"RECALL"},{"floor":18,"key":"REST"},{"floor":28,"key":"REST"},{"floor":37,"key":"REST"},{"floor":42,"key":"REST"},{"floor":46,"key":"REST"},{"floor":56,"key":"REST"}],"circlet_count":0,"master_deck":["Slimebound:Strike_Slimebound+1","Slimebound:Strike_Slimebound","Slimebound:Defend_Slimebound","Slimebound:Defend_Slimebound","Slimebound:Defend_Slimebound","Slimebound:Defend_Slimebound","Slimebound:Split","Slimebound:CorrosiveSpit","Slimebound:RejuvenatingLick","Slimebound:LevelUp","Slimebound:SplitAcid","Slimebound:SplitLeeching","Slimebound:SlimeBrawl","Doubt","Slimebound:OneTwoCombo","Slimebound:LeadByExample","Slimebound:MassFeed+1","Slimebound:SplitBruiser","Slimebound:LeadByExample","Slimebound:SlimeBarrage+1","Slimebound:OozeBath","Slimebound:ProtectTheBoss","Slimebound:SplitLeeching","Slimebound:LeechEnergy+1","Slimebound:SelfFormingGoo","Slimebound:LevelUp","Slimebound:RallyTheTroops","Slimebound:Teamwork","Slimebound:LeechLife","Slimebound:SplitBruiser","Slimebound:LevelUp","Slimebound:SplitLeeching+1","Slimebound:SplitMire","Slimebound:SplitBruiser","Slimebound:FormOfPuddle","Slimebound:SplitMire"],"relics":["Slimebound:AbsorbEndCombat","hubris:PeanutButter","InkBottle","ReplayTheSpireMod:Ring of Sloth","ReplayTheSpireMod:Ring of Addiction","White Beast Statue","Potion Belt","StoneCalendar","Fusion Hammer","downfall:HeartBlessingBlue","downfall:HeartBlessingGreen","Replay:Towering Pillar of Hats","Singing Bowl","Happy Flower","downfall:HeartBlessingRed","Whetstone","hubris:MedicalManual","SlaversCollar","Boot","Bag of Marbles","ReplayTheSpireMod:Shallot","Pantograph","Replay:Mystery Machine","Centennial Puzzle","aspiration:FetidBarrel","Chemical X"],"acts_visited":["Exordium","TheCity","TheBeyond","TheEnding"],"potions_floor_usage":[20,30,30,32,32,33,33,35,35,38,40,44,47,48,52,52,57,57,57],"damage_taken":[{"damage":6.0,"enemies":"Jaw Worm","floor":2.0,"turns":5.0},{"damage":9.0,"enemies":"downfall:FleeingMerchant","floor":4.0,"turns":4.0},{"damage":0.0,"enemies":"2 Louse","floor":5.0,"turns":3.0},{"damage":33.0,"enemies":"Lagavulin","floor":6.0,"turns":7.0},{"damage":14.0,"enemies":"downfall:FleeingMerchant","floor":10.0,"turns":4.0},{"damage":17.0,"enemies":"3 Sentries","floor":11.0,"turns":5.0},{"damage":8.0,"enemies":"Small Slimes","floor":12.0,"turns":3.0},{"damage":10.0,"enemies":"Blue Slaver","floor":13.0,"turns":3.0},{"damage":13.0,"enemies":"Red Slaver","floor":14.0,"turns":3.0},{"damage":11.0,"enemies":"Exordium Wildlife","floor":15.0,"turns":3.0},{"damage":57.0,"enemies":"downfall:Silent","floor":16.0,"turns":5.0},{"damage":30,"enemies":"conspire:FuzzyDice","floor":19,"turns":4},{"damage":23,"enemies":"downfall:Ironclad","floor":20,"turns":6},{"damage":23,"enemies":"conspire:HollyBat","floor":22,"turns":6},{"damage":9,"enemies":"Snake Plant","floor":27,"turns":3},{"damage":11,"enemies":"Chosen and Byrds","floor":29,"turns":4},{"damage":8,"enemies":"conspire:Head Lice","floor":30,"turns":4},{"damage":31,"enemies":"Shelled Parasite and Fungi","floor":31,"turns":3},{"damage":20,"enemies":"downfall:FleeingMerchant","floor":32,"turns":4},{"damage":51,"enemies":"Slavers","floor":33,"turns":4},{"damage":8,"enemies":"Centurion and Healer","floor":34,"turns":4},{"damage":18,"enemies":"downfall:Defect","floor":35,"turns":5},{"damage":22,"enemies":"Orb Walker","floor":38,"turns":4},{"damage":0,"enemies":"3 Shapes","floor":39,"turns":3},{"damage":12,"enemies":"Maw","floor":40,"turns":5},{"damage":22,"enemies":"downfall:FleeingMerchant","floor":44,"turns":4},{"damage":17,"enemies":"R_Hoarder","floor":47,"turns":5},{"damage":21,"enemies":"4 Shapes","floor":48,"turns":3},{"damage":35,"enemies":"Jaw Worm Horde","floor":51,"turns":3},{"damage":24,"enemies":"downfall:Ironclad","floor":52,"turns":5},{"damage":80,"enemies":"downfall:CharBossMerchant","floor":54,"turns":5},{"damage":63,"enemies":"downfall:NeowBoss","floor":57,"turns":24}],"seed_played":"-1568475667226204491","potions_obtained":[{"floor":5.0,"key":"PowerPotion"},{"floor":9.0,"key":"hexamod:EctoCoolerPotion"},{"floor":9.0,"key":"Block Potion"},{"floor":9.0,"key":"Fire Potion"},{"floor":10.0,"key":"FearPotion"},{"floor":11.0,"key":"ColorlessPotion"},{"floor":12.0,"key":"Guardian:BlockOnCardUsePotion"},{"floor":13.0,"key":"Block Potion"},{"floor":14.0,"key":"FearPotion"},{"floor":15.0,"key":"Fire Potion"},{"floor":16.0,"key":"LiquidBronze"},{"floor":19,"key":"Guardian:BlockOnCardUsePotion"},{"floor":20,"key":"AttackPotion"},{"floor":22,"key":"SpeedPotion"},{"floor":27,"key":"Fire Potion"},{"floor":29,"key":"Slimebound:SlimedPotion"},{"floor":30,"key":"Fire Potion"},{"floor":31,"key":"champ:CounterPotion"},{"floor":32,"key":"Slimebound:SlimyTonguePotion"},{"floor":33,"key":"BlessingOfTheForge"},{"floor":34,"key":"Explosive Potion"},{"floor":35,"key":"SkillPotion"},{"floor":38,"key":"champ:CounterPotion"},{"floor":39,"key":"Block Potion"},{"floor":40,"key":"Block Potion"},{"floor":44,"key":"Elixir"},{"floor":45,"key":"Guardian:BlockOnCardUsePotion"},{"floor":45,"key":"SteroidPotion"},{"floor":47,"key":"Weak Potion"},{"floor":48,"key":"DistilledChaos"},{"floor":51,"key":"hexamod:EctoCoolerPotion"},{"floor":54,"key":"Strength Potion"}],"is_trial":false,"path_per_floor":["R","M","?","$","M","E","T","?","?","$","E","M","M","M","M","B",null,"R","M","?","?","M","PTL","PTL","?","T","M","R","M","E","M","$","E","M","B",null,"R","M","M","M","?","R","T","?","?","R","E","M","$","T","M","B",null,"E","$","R","B",null],"character_chosen":"SLIMEBOUND","items_purchased":["Slimebound:SplitAcid","Slimebound:LeadByExample","Slimebound:SplitBruiser","Slimebound:LevelUp","Slimebound:FormOfPuddle","Pantograph","Replay:Mystery Machine","Chemical X","Flashbang","Slimebound:SplitMire"],"campfire_rested":6,"item_purchase_floors":[4,10,44,44,49,49,49,55,55,55],"current_hp_per_floor":[66,66,33,46,56,53,53,53,53,65,53,65,67,68,71,33,72,82,74,80,80,80,80,80,80,80,77,81,79,81,70,81,48,74,87,87,87,83,91,95,95,95,95,93,70,95,95,90,90,90,75,99,99,67,67,96,99],"gold":20,"neow_bonus":"TEN_PERCENT_HP_BONUS","is_daily":false,"chose_seed":false,"campfire_upgraded":0,"win_rate":0.0,"timestamp":1610382711,"path_taken":["R","M","?","$","M","E","T","?","?","?","E","?","M","M","M","BOSS","R","M","?","?","?","PTL","PTL","?","T","M","R","M","E","M","?","E","M","BOSS","R","M","M","M","?","R","T","?","?","R","E","M","$","?","M","BOSS","E","$","R","BOSS"],"items_purchased_type":["Card","Card","Card","Card","Card","Relic","Relic","Relic","Potion","Card"],"build_version":"2020-12-22","purchased_purges":0,"victory":true,"max_hp_per_floor":[66,66,66,66,66,66,66,66,66,66,66,69,69,69,72,72,72,82,82,80,80,82,82,80,80,80,81,81,83,81,81,81,83,87,87,87,87,93,93,95,95,95,95,95,95,95,95,99,99,99,101,99,99,101,101,99,99],"card_choices":[{"not_picked":["Slimebound:SlimeSpikes","Slimebound:GoopSpray"],"picked":"Slimebound:RejuvenatingLick","floor":2.0},{"not_picked":["Slimebound:SplitLeeching","Slimebound:MegaLick"],"picked":"Slimebound:LevelUp","floor":4.0},{"not_picked":["Slimebound:RollThrough","Slimebound:SplitBruiser"],"picked":"Slimebound:SplitLeeching","floor":5.0},{"not_picked":["Slimebound:SamplingLick","Slimebound:GrowthPunch"],"picked":"Slimebound:SlimeBrawl","floor":6.0},{"not_picked":["Slimebound:RejuvenatingLick","Slimebound:TongueLash"],"picked":"Slimebound:OneTwoCombo","floor":10.0},{"not_picked":["Slimebound:LeechingTouch","Slimebound:Chomp"],"picked":"Slimebound:MassFeed","floor":11.0},{"not_picked":["Slimebound:ComboTackle","Slimebound:ViciousTackle","Slimebound:GoopSpray"],"picked":"SKIP","floor":12.0},{"not_picked":["Slimebound:Schlurp","Slimebound:GrowthPunch"],"picked":"Slimebound:SplitBruiser","floor":13.0},{"not_picked":["Slimebound:HauntingLick","Slimebound:SplitBruiser"],"picked":"Slimebound:LeadByExample","floor":14.0},{"not_picked":["Slimebound:LeechEnergy","Slimebound:SplitLeeching"],"picked":"Slimebound:SlimeBarrage","floor":15.0},{"not_picked":["Slimebound:DouseInSlime","Slimebound:CheckThePlaybook"],"picked":"Slimebound:OozeBath","floor":16.0},{"not_picked":["Slimebound:RainOfGoop+1","Slimebound:SlimeBarrage"],"picked":"Slimebound:ProtectTheBoss","floor":19},{"not_picked":["Slimebound:Schlurp+1","Slimebound:GrowthPunch"],"picked":"Slimebound:SplitLeeching","floor":20},{"not_picked":["Slimebound:RollThrough","Slimebound:BestDefense","Slimebound:ProtectTheBoss+1"],"picked":"Singing Bowl","floor":22},{"not_picked":["Slimebound:PressTheAttack","Slimebound:SlimeSpikes"],"picked":"Slimebound:LeechEnergy+1","floor":27},{"not_picked":["Slimebound:Replication","Slimebound:SamplingLick","Slimebound:RollThrough"],"picked":"Singing Bowl","floor":29},{"not_picked":["Slimebound:GoopTackle","Slimebound:GoopSpray"],"picked":"Slimebound:LeechEnergy","floor":30},{"not_picked":["Slimebound:SplitBruiser","Slimebound:SplitMire"],"picked":"Slimebound:SelfFormingGoo","floor":31},{"not_picked":["Slimebound:AcidTongue","Slimebound:GoopSpray+1"],"picked":"Slimebound:LevelUp","floor":32},{"not_picked":["Slimebound:Chomp+1","Slimebound:LeechingTouch","Slimebound:GoopTackle"],"picked":"Singing Bowl","floor":33},{"not_picked":["Slimebound:PressTheAttack","Slimebound:RollThrough"],"picked":"Slimebound:RallyTheTroops","floor":34},{"not_picked":["Slimebound:DuplicatedForm","Slimebound:SlimeSlap"],"picked":"Slimebound:Teamwork","floor":35},{"not_picked":["Slimebound:SamplingLick","Slimebound:GrowthPunch+1","Slimebound:DisruptingSlam+1"],"picked":"Singing Bowl","floor":38},{"not_picked":["Slimebound:GrowthPunch+1","Slimebound:RollThrough"],"picked":"Slimebound:LeechLife","floor":39},{"not_picked":["Slimebound:LivingWall","Slimebound:ViciousTackle","Slimebound:Chomp+1"],"picked":"Singing Bowl","floor":40},{"not_picked":["Slimebound:DouseInSlime","Slimebound:ProtectTheBoss","Slimebound:ViciousTackle"],"picked":"Singing Bowl","floor":44},{"not_picked":["Slimebound:SplitBruiser+1","Slimebound:Prepare+1"],"picked":"Slimebound:SplitLeeching+1","floor":45},{"not_picked":["Slimebound:LivingWall","Slimebound:Prepare"],"picked":"Slimebound:SplitMire","floor":47},{"not_picked":["Slimebound:FinishingTackle","Slimebound:LeechEnergy"],"picked":"Slimebound:SplitBruiser","floor":48},{"not_picked":["Slimebound:Chomp+1","Slimebound:FinishingTackle","Slimebound:FlameTackle+1"],"picked":"Singing Bowl","floor":51},{"not_picked":["Slimebound:CheckThePlaybook","Slimebound:ItLooksTasty+1","Slimebound:MassRepurpose"],"picked":"Singing Bowl","floor":54}],"player_experience":162684,"relics_obtained":[{"floor":6.0,"key":"InkBottle"},{"floor":9.0,"key":"ReplayTheSpireMod:Ring of Sloth"},{"floor":9.0,"key":"ReplayTheSpireMod:Ring of Addiction"},{"floor":9.0,"key":"White Beast Statue"},{"floor":9.0,"key":"Potion Belt"},{"floor":11.0,"key":"StoneCalendar"},{"floor":20,"key":"Replay:Towering Pillar of Hats"},{"floor":20,"key":"Singing Bowl"},{"floor":26,"key":"Happy Flower"},{"floor":30,"key":"Whetstone"},{"floor":33,"key":"hubris:MedicalManual"},{"floor":43,"key":"Boot"},{"floor":45,"key":"Bag of Marbles"},{"floor":47,"key":"ReplayTheSpireMod:Shallot"},{"floor":50,"key":"Centennial Puzzle"},{"floor":54,"key":"aspiration:FetidBarrel"}],"event_choices":[{"damage_healed":0.0,"max_hp_gain":0.0,"max_hp_loss":0.0,"gold_gain":0.0,"event_name":"Scrap Ooze","player_choice":"Success","floor":3.0,"gold_loss":0.0,"damage_taken":33.0,"relics_obtained":["hubris:PeanutButter"]},{"cards_removed":["Slimebound:Tackle"],"damage_healed":0,"gold_gain":0,"player_choice":"Purged","damage_taken":0,"max_hp_gain":0,"max_hp_loss":0,"event_name":"Purifier","floor":21,"gold_loss":0},{"damage_healed":0,"gold_gain":0,"player_choice":"Upgraded","damage_taken":0,"max_hp_gain":0,"max_hp_loss":0,"event_name":"Upgrade Shrine","floor":25,"gold_loss":0,"cards_upgraded":["Slimebound:SlimeBarrage"]},{"cards_removed":["Slimebound:LeechEnergy"],"damage_healed":0,"gold_gain":0,"player_choice":"Removed Attack","damage_taken":0,"max_hp_gain":0,"max_hp_loss":0,"event_name":"Falling","floor":41,"gold_loss":0}],"is_beta":false,"boss_relics":[{"not_picked":["hubris:GrandSneckoEye","Slimebound:TarBlob"],"picked":"Fusion Hammer"},{"not_picked":["hubris:HollowSoul","Replay:Grab Bag"],"picked":"SlaversCollar"}],"items_purged_floors":[],"is_endless":false,"potions_floor_spawned":[5,10,11,12,13,14,15,16,19,20,22,27,29,30,31,32,33,34,35,38,39,40,44,47,48,51,54],"ascension_level":0}}