{"host":"sav7uxregyirlf69","time":1610363504,"event":{"mods":["AchievementEnabler","BaseMod","Colored Map","DeckTracker","Keyboard Shortcuts","Minty Spire (QoL Compilation)","READ ME - Guardian Mod","StSLib","SuperFastMode"],"gold_per_floor":[112,129,204,129,54,87,61,61,137,137,170,189,223,223,223,300,300,300,225,225,225,125,125,125,125,125,125,125,125,125,125,125,125,125,125,125,125,125,81,81,81,81,81],"floor_reached":42,"playtime":651,"items_purged":["Strike_R","Writhe"],"score":1018,"play_id":"84c18646-06e4-4ea0-90c6-e76d8fef1ce3","local_time":"20210111201144","is_ascension_mode":true,"campfire_choices":[{"data":"Bash","floor":8,"key":"SMITH"},{"data":"Blood for Blood","floor":15,"key":"SMITH"},{"data":"Feed","floor":24,"key":"SMITH"},{"data":"Immolate","floor":29,"key":"SMITH"},{"data":"Warcry","floor":32,"key":"SMITH"},{"floor":40,"key":"RECALL"}],"circlet_count":0,"master_deck":["AscendersBane","Strike_R","Defend_R+1","Defend_R","Defend_R","Defend_R+1","Bash+1","Combust+1","Cleave","Headbutt","Twin Strike","Metallicize+1","Hemokinesis","Blood for Blood+1","Feed+1","Flame Barrier","Shrug It Off","Warcry+1","Immolate+1","Rage+1","Double Tap","Bloodletting","Apotheosis","Dark Shackles","Feel No Pain+1","Rupture+1","Combust+1"],"relics":["Burning Blood","NeowsBlessing","Bag of Marbles","Meat on the Bone","Frozen Egg 2","Gremlin Horn","Ectoplasm","StrikeDummy","War Paint","Eternal Feather","Fusion Hammer"],"acts_visited":["Exordium","TheCity","TheBeyond"],"potions_floor_usage":[11,13,33,42],"damage_taken":[{"damage":0,"enemies":"Small Slimes","floor":1,"turns":1},{"damage":0,"enemies":"Cultist","floor":2,"turns":1},{"damage":0,"enemies":"Gremlin Nob","floor":6,"turns":1},{"damage":43,"enemies":"Lagavulin","floor":11,"turns":6},{"damage":9,"enemies":"Jaw Worm","floor":12,"turns":2},{"damage":13,"enemies":"3 Sentries","floor":13,"turns":5},{"damage":6,"enemies":"Slime Boss","floor":16,"turns":5},{"damage":51,"enemies":"Shell Parasite","floor":18,"turns":4},{"damage":11,"enemies":"3 Byrds","floor":20,"turns":3},{"damage":32,"enemies":"Book of Stabbing","floor":23,"turns":4},{"damage":25,"enemies":"Snecko","floor":25,"turns":5},{"damage":4,"enemies":"3 Cultists","floor":27,"turns":3},{"damage":14,"enemies":"Snake Plant","floor":30,"turns":3},{"damage":23,"enemies":"Collector","floor":33,"turns":7},{"damage":18,"enemies":"3 Darklings","floor":35,"turns":4},{"damage":0,"enemies":"3 Shapes","floor":36,"turns":1},{"damage":31,"enemies":"Sphere and 2 Shapes","floor":38,"turns":5},{"damage":44,"enemies":"Writhing Mass","floor":41,"turns":6},{"damage":51,"enemies":"Giant Head","floor":42,"turns":5}],"seed_played":"-144349837038403222","potions_obtained":[{"floor":1,"key":"HeartOfIron"},{"floor":6,"key":"FearPotion"},{"floor":13,"key":"GamblersBrew"},{"floor":20,"key":"Ancient Potion"},{"floor":25,"key":"FearPotion"},{"floor":27,"key":"PowerPotion"},{"floor":33,"key":"Energy Potion"}],"is_trial":false,"path_per_floor":["M","M","?","$","?","E","$","R","T","?","E","M","E","?","R","B",null,"M","?","M","?","$","E","R","M","T","M","?","R","M","?","R","B",null,"M","M","?","M","$","R","M","E"],"character_chosen":"IRONCLAD","items_purchased":["Twin Strike","Rupture+1"],"campfire_rested":0,"item_purchase_floors":[7,39],"current_hp_per_floor":[74,75,64,64,64,70,70,70,70,70,45,54,47,40,40,52,69,39,39,49,49,49,35,35,28,28,46,46,58,50,50,62,57,78,66,72,62,49,49,64,38,0,0],"gold":81,"neow_bonus":"THREE_ENEMY_KILL","is_daily":false,"chose_seed":false,"campfire_upgraded":5,"win_rate":0.0,"timestamp":1610363504,"path_taken":["M","M","?","$","?","E","$","R","T","?","E","?","E","?","R","BOSS","M","?","M","?","$","E","R","M","T","M","?","R","M","?","R","BOSS","M","M","?","M","$","R","M","E"],"items_purchased_type":["Card","Card"],"build_version":"2020-12-22","purchased_purges":2,"victory":false,"max_hp_per_floor":[75,75,75,75,75,75,75,75,75,75,75,75,75,75,75,75,75,78,78,81,81,81,81,81,81,81,85,85,85,85,85,85,85,85,85,85,85,85,85,85,85,85,85],"card_choices":[{"not_picked":["Entrench","Body Slam"],"picked":"Combust","floor":1},{"not_picked":["Intimidate","Flex"],"picked":"Cleave","floor":2},{"not_picked":["Limit Break","Dark Embrace"],"picked":"Headbutt","floor":6},{"not_picked":["Battle Trance","Perfected Strike"],"picked":"Metallicize+1","floor":11},{"not_picked":["Wild Strike","Twin Strike"],"picked":"Hemokinesis","floor":12},{"not_picked":["Bludgeon","Anger"],"picked":"Blood for Blood","floor":13},{"not_picked":["Double Tap","Limit Break"],"picked":"Feed","floor":16},{"not_picked":["Flex+1","True Grit"],"picked":"Flame Barrier","floor":18},{"not_picked":["Metallicize+1","Uppercut+1"],"picked":"Shrug It Off","floor":20},{"not_picked":["Twin Strike","Clash"],"picked":"Warcry","floor":23},{"not_picked":["True Grit","Shrug It Off+1"],"picked":"Immolate","floor":25},{"not_picked":["Pummel","Wild Strike"],"picked":"Rage+1","floor":27},{"not_picked":["Infernal Blade","Sentinel","Rampage"],"picked":"SKIP","floor":30},{"not_picked":["Impervious","Berserk+1"],"picked":"Double Tap","floor":33},{"not_picked":["Cleave+1","Flame Barrier+1"],"picked":"Bloodletting","floor":35},{"not_picked":["Dropkick","Dark Embrace+1","Uppercut"],"picked":"SKIP","floor":36},{"not_picked":["Master of Strategy","Madness"],"picked":"Apotheosis","floor":37},{"not_picked":["Deep Breath","Thinking Ahead"],"picked":"Dark Shackles","floor":37},{"not_picked":["Heavy Blade","Headbutt+1"],"picked":"Feel No Pain+1","floor":38},{"not_picked":["Twin Strike","Carnage+1"],"picked":"Combust+1","floor":41}],"player_experience":1246215,"relics_obtained":[{"floor":6,"key":"Bag of Marbles"},{"floor":9,"key":"Meat on the Bone"},{"floor":11,"key":"Frozen Egg 2"},{"floor":13,"key":"Gremlin Horn"},{"floor":23,"key":"War Paint"},{"floor":26,"key":"Eternal Feather"}],"event_choices":[{"damage_healed":0,"gold_gain":75,"player_choice":"Gather Gold","damage_taken":11,"max_hp_gain":0,"max_hp_loss":0,"event_name":"World of Goop","floor":3,"gold_loss":0},{"cards_removed":["Strike_R"],"damage_healed":0,"gold_gain":0,"player_choice":"Card Removal","damage_taken":0,"max_hp_gain":0,"max_hp_loss":0,"event_name":"The Cleric","floor":5,"gold_loss":75},{"damage_healed":0,"gold_gain":0,"player_choice":"Forge","damage_taken":0,"max_hp_gain":0,"max_hp_loss":0,"event_name":"Accursed Blacksmith","floor":10,"gold_loss":0,"cards_upgraded":["Combust"]},{"cards_removed":["Strike_R"],"damage_healed":0,"gold_gain":0,"player_choice":"Card Removal","damage_taken":7,"max_hp_gain":0,"max_hp_loss":0,"event_name":"Golden Wing","floor":14,"gold_loss":0},{"cards_removed":["Strike_R"],"damage_healed":0,"gold_gain":0,"player_choice":"Gave Gold","damage_taken":0,"max_hp_gain":0,"max_hp_loss":0,"event_name":"Beggar","floor":19,"gold_loss":75},{"damage_healed":0,"gold_gain":0,"player_choice":"Opened","damage_taken":0,"relics_obtained":["StrikeDummy"],"max_hp_gain":0,"max_hp_loss":0,"event_name":"The Mausoleum","floor":21,"gold_loss":0,"cards_obtained":["Writhe"]},{"damage_healed":0,"gold_gain":50,"player_choice":"Stole From Cult","damage_taken":0,"max_hp_gain":0,"max_hp_loss":0,"event_name":"Nest","floor":28,"gold_loss":0},{"damage_healed":0,"gold_gain":0,"player_choice":"Ignored","damage_taken":0,"max_hp_gain":0,"max_hp_loss":0,"event_name":"Vampires","floor":31,"gold_loss":0},{"damage_healed":0,"gold_gain":0,"player_choice":"Memory 3","damage_taken":10,"max_hp_gain":0,"max_hp_loss":0,"event_name":"SensoryStone","floor":37,"gold_loss":0}],"is_beta":false,"boss_relics":[{"not_picked":["Calling Bell","Tiny House"],"picked":"Ectoplasm"},{"not_picked":["Empty Cage","Snecko Eye"],"picked":"Fusion Hammer"}],"items_purged_floors":[4,22],"is_endless":false,"potions_floor_spawned":[1,6,13,20,25,27,30,33,38],"killed_by":"Giant Head","ascension_level":20}}