{"host":"i9h64q9gphvrup4n","time":1610399124,"event":{"mods":["2.2 Compatiblity","AchievementEnabler","Aspiration","Astrologer","Bard","BaseMod","Beaked The Cultist","BetterRewards","Colored Powertips","Conspire","Downfall","Gremlin Mod","Hermit","Hubris","Infinite Spire","Jorbs\u0027s Wanderer Trilogy","Minty Spire (QoL Compilation)","Replay The Spire","Shop Mod","StSLib","SuperFastMode","The Blackbeard","The Bladedancer","The Bug Knight","The Construct","The Cursed","The Disciple","The Hierophant","The Jungle","The Necromancer","The Runesmith","The Wild Card","slay the spire mod where everything is the same but ironclad has a cowboy hat","vexMod"],"gold_per_floor":[118,128,128,147,166,166,200,220,220,239,259,259,289,289,289,289,289],"floor_reached":16,"playtime":399,"items_purged":[],"score":114,"play_id":"8958a14d-f0de-43e5-8c57-0c218a09c378","local_time":"20210111150524","is_ascension_mode":false,"campfire_choices":[{"data":"construct:AttackMode","floor":6,"key":"SMITH"},{"data":"construct:AttackMode+1","floor":15,"key":"SMITH"}],"circlet_count":0,"master_deck":["construct:Strike_Gold","construct:Strike_Gold","construct:Strike_Gold","construct:Strike_Gold","construct:Strike_Gold","construct:Defend_Gold","construct:Defend_Gold","construct:Defend_Gold","construct:Defend_Gold","construct:AttackMode+2","construct:DefenseMode","construct:CriticalHit","construct:ScrapCannon","construct:ShiftStrike","construct:Enhance","construct:SweepLaser","construct:Failsafe","construct:ScrapCannon","construct:ForceCore"],"relics":["construct:ClockworkPhoenix","NeowsBlessing","Anchor","Quantum Egg","Strawberry","infinitespire:CheckeredPen"],"acts_visited":["Exordium"],"potions_floor_usage":[5,8,11,16],"damage_taken":[{"damage":0,"enemies":"Cultist","floor":1,"turns":1},{"damage":0,"enemies":"Small Slimes","floor":2,"turns":1},{"damage":0,"enemies":"Jaw Worm","floor":4,"turns":1},{"damage":9,"enemies":"Exordium Wildlife","floor":5,"turns":4},{"damage":32,"enemies":"3 Sentries","floor":7,"turns":5},{"damage":6,"enemies":"Large Slime","floor":8,"turns":3},{"damage":0,"enemies":"2 Fungi Beasts","floor":10,"turns":3},{"damage":16,"enemies":"Lots of Slimes","floor":11,"turns":4},{"damage":18,"enemies":"Lagavulin","floor":13,"turns":5},{"damage":26,"enemies":"The Guardian","floor":16,"turns":4}],"seed_played":"-5010910295033449115","potions_obtained":[{"floor":2,"key":"AttackPotion"},{"floor":4,"key":"SneckoOil"},{"floor":7,"key":"Fruit Juice"},{"floor":8,"key":"DistilledChaos"}],"is_trial":false,"path_per_floor":["M","M","?","M","M","R","E","M","T","M","M","?","E","T","R","B"],"character_chosen":"THE_CONSTRUCT_MOD","items_purchased":[],"campfire_rested":0,"item_purchase_floors":[],"current_hp_per_floor":[85,85,85,85,76,76,44,43,43,43,27,36,25,25,25,0,0],"gold":289,"neow_bonus":"THREE_ENEMY_KILL","is_daily":false,"chose_seed":false,"campfire_upgraded":2,"win_rate":0.0,"timestamp":1610399124,"path_taken":["M","M","?","M","M","R","E","M","T","?","M","?","E","?","R","BOSS"],"items_purchased_type":[],"build_version":"2020-12-22","purchased_purges":0,"victory":false,"max_hp_per_floor":[85,85,85,85,85,85,85,90,90,90,90,90,97,97,97,97,97],"card_choices":[{"not_picked":["construct:Reinforce","construct:HardReboot","construct:ModeShift"],"picked":"SKIP","floor":1},{"not_picked":["construct:SuppressiveFire","construct:Reinforce"],"picked":"construct:CriticalHit","floor":2},{"not_picked":["construct:ClusterMines","construct:BatteryAcid"],"picked":"construct:ScrapCannon","floor":4},{"not_picked":["construct:HeavyBolt","construct:Antimatter"],"picked":"construct:ShiftStrike","floor":5},{"not_picked":["construct:Analyze","construct:FlameCore"],"picked":"construct:Enhance","floor":7},{"not_picked":["construct:ReactiveShield","construct:ShiftStrike"],"picked":"construct:SweepLaser","floor":8},{"not_picked":["construct:Versatility","construct:Forcefield"],"picked":"construct:Failsafe","floor":10},{"not_picked":["construct:Failsafe","construct:Analyze"],"picked":"construct:ScrapCannon","floor":11},{"not_picked":["construct:Chainstrike","construct:Boost"],"picked":"construct:ForceCore","floor":13}],"player_experience":717050,"relics_obtained":[{"floor":7,"key":"Anchor"},{"floor":9,"key":"Quantum Egg"},{"floor":13,"key":"Strawberry"},{"floor":14,"key":"infinitespire:CheckeredPen"}],"event_choices":[{"cards_removed":["construct:Defend_Gold"],"damage_healed":0,"gold_gain":0,"player_choice":"Card Removal","damage_taken":0,"max_hp_gain":0,"max_hp_loss":0,"event_name":"Wheel of Change","floor":3,"gold_loss":0}],"is_beta":false,"boss_relics":[],"items_purged_floors":[],"is_endless":false,"potions_floor_spawned":[2,4,7,8],"killed_by":"The Guardian","ascension_level":0}}