{"host":"r1w5o5rhvc53l1z6","time":1610345911,"event":{"mods":["BaseMod","Colored Map","DeckTracker","Minty Spire (QoL Compilation)","Permanent Neow","Quick Restart","SuperFastMode","everything is the same but u backflip on backflip"],"gold_per_floor":[318,318,318,18,36,67,67,88,112,112,135,135,160,183,183,312,312,333,85,85,100,119,153,172,226,226,247,272,272,316,330,330,454,454,467,800,819,819,833,833,868,881,881,881,283,314,12,12,12,12,12,12,12,39,39],"floor_reached":56,"playtime":3102,"items_purged":["Defend_G","Strike_G","Strike_G","Defend_G"],"score":1554,"play_id":"ab8c67fa-2347-49bb-a00f-ae5442fd7000","local_time":"20210111151831","is_ascension_mode":true,"campfire_choices":[{"data":"Blade Dance","floor":7.0,"key":"SMITH"},{"data":"Dodge and Roll","floor":12.0,"key":"SMITH"},{"floor":15.0,"key":"REST"},{"data":"Ghostly","floor":29.0,"key":"SMITH"},{"data":"Phantasmal Killer","floor":32.0,"key":"SMITH"},{"data":"Ghostly","floor":40.0,"key":"SMITH"},{"data":"Ghostly","floor":44.0,"key":"SMITH"},{"floor":49.0,"key":"RECALL"},{"data":"Acrobatics","floor":52.0,"key":"SMITH"}],"circlet_count":0,"master_deck":["Strike_G","Strike_G","Strike_G","Defend_G","Defend_G","Defend_G","Survivor","Neutralize","Prepared","Escape Plan","Blade Dance+1","Dodge and Roll+1","Infinite Blades","Backflip","Cloak And Dagger","Acrobatics+1","Grand Finale","Finisher","Ghostly+1","Ghostly+1","Ghostly+1","Ghostly","Ghostly","Underhanded Strike+1","Blade Dance","Phantasmal Killer+1","Venomology","Tactician+1","Prepared+1","Tactician","Acrobatics+1","Secret Technique","Blade Dance"],"relics":["Ring of the Snake","Old Coin","Blood Vial","TwistedFunnel","InkBottle","Tiny Chest","HoveringKite","PreservedInsect","Snake Skull","Pen Nib","Lantern","Coffee Dripper","Happy Flower","StrikeDummy","Bag of Preparation","Orrery","Regal Pillow","Toolbox","Shuriken","Oddly Smooth Stone"],"acts_visited":["Exordium","TheCity","TheBeyond","TheEnding"],"potions_floor_usage":[55,55],"damage_taken":[{"damage":3.0,"enemies":"2 Louse","floor":1.0,"turns":4.0},{"damage":3.0,"enemies":"Small Slimes","floor":5.0,"turns":3.0},{"damage":21.0,"enemies":"3 Sentries","floor":6.0,"turns":10.0},{"damage":0.0,"enemies":"Cultist","floor":8.0,"turns":3.0},{"damage":0.0,"enemies":"2 Fungi Beasts","floor":11.0,"turns":2.0},{"damage":8.0,"enemies":"Exordium Thugs","floor":13.0,"turns":5.0},{"damage":0.0,"enemies":"Exordium Wildlife","floor":14.0,"turns":3.0},{"damage":26.0,"enemies":"The Guardian","floor":16.0,"turns":19.0},{"damage":15.0,"enemies":"Chosen","floor":18.0,"turns":7.0},{"damage":2.0,"enemies":"Shell Parasite","floor":21.0,"turns":7.0},{"damage":0.0,"enemies":"3 Cultists","floor":22.0,"turns":3.0},{"damage":6.0,"enemies":"Gremlin Leader","floor":23.0,"turns":6.0},{"damage":1.0,"enemies":"Centurion and Healer","floor":24.0,"turns":6.0},{"damage":1.0,"enemies":"Cultist and Chosen","floor":27.0,"turns":7.0},{"damage":1.0,"enemies":"Snake Plant","floor":28.0,"turns":6.0},{"damage":7.0,"enemies":"Book of Stabbing","floor":30.0,"turns":5.0},{"damage":0.0,"enemies":"3 Cultists","floor":31.0,"turns":6.0},{"damage":3.0,"enemies":"Collector","floor":33.0,"turns":6.0},{"damage":0.0,"enemies":"Orb Walker","floor":35.0,"turns":3.0},{"damage":2.0,"enemies":"3 Shapes","floor":37.0,"turns":4.0},{"damage":5.0,"enemies":"Sphere and 2 Shapes","floor":39.0,"turns":7.0},{"damage":0.0,"enemies":"Reptomancer","floor":41.0,"turns":5.0},{"damage":6.0,"enemies":"Writhing Mass","floor":42.0,"turns":5.0},{"damage":0.0,"enemies":"Nemesis","floor":46.0,"turns":5.0},{"damage":28.0,"enemies":"Awakened One","floor":50.0,"turns":8.0},{"damage":0.0,"enemies":"Shield and Spear","floor":54.0,"turns":3.0},{"damage":36,"enemies":"The Heart","floor":55,"turns":6}],"seed_played":"-5752441518717751419","potions_obtained":[{"floor":6.0,"key":"Fire Potion"},{"floor":11.0,"key":"ColorlessPotion"},{"floor":14.0,"key":"BlessingOfTheForge"},{"floor":22.0,"key":"Block Potion"},{"floor":28.0,"key":"DuplicationPotion"},{"floor":30.0,"key":"Block Potion"},{"floor":33.0,"key":"Strength Potion"},{"floor":39.0,"key":"Fruit Juice"}],"is_trial":false,"path_per_floor":["M","?","?","$","M","E","R","M","T","?","M","R","M","M","R","B",null,"M","$","?","M","M","E","M","T","T","M","M","R","E","M","R","B",null,"M","?","M","?","M","R","E","M","T","R","$","E","$","T","R","B",null,"R","$","E","B",null],"character_chosen":"THE_SILENT","items_purchased":["TwistedFunnel","Escape Plan","PreservedInsect","Bag of Preparation","Orrery","Secret Technique","Toolbox"],"campfire_rested":1,"item_purchase_floors":[4,4,19,45,45,45,47],"current_hp_per_floor":[67,50,47,47,46,27,27,29,29,22,24,24,18,20,41,17,70,55,55,35,33,35,29,30,30,30,31,32,32,27,29,29,28,35,35,35,33,33,33,33,35,31,31,31,31,33,33,33,33,7,38,38,38,38,2],"gold":39,"neow_bonus":"ONE_RARE_RELIC","is_daily":false,"chose_seed":false,"campfire_upgraded":7,"win_rate":0.0,"timestamp":1610345911,"path_taken":["M","?","?","$","M","E","R","M","T","?","M","R","M","?","R","BOSS","M","$","?","M","M","E","M","?","T","M","M","R","E","?","R","BOSS","M","?","M","?","M","R","E","M","T","R","$","E","$","?","R","BOSS","R","$","E","BOSS"],"items_purchased_type":["Relic","Card","Relic","Relic","Relic","Card","Relic"],"build_version":"2020-12-22","purchased_purges":4,"victory":true,"max_hp_per_floor":[70,70,70,70,70,70,70,70,70,70,70,70,70,70,70,70,70,70,70,35,35,35,35,35,35,35,35,35,35,35,35,35,35,35,35,35,35,33,38,38,38,38,38,38,38,38,38,38,38,38,38,38,38,38,38],"card_choices":[{"not_picked":["Dagger Spray","Poisoned Stab"],"picked":"Prepared","floor":1.0},{"not_picked":["Dagger Spray","Prepared"],"picked":"Blade Dance","floor":5.0},{"not_picked":["Heel Hook","Flechettes"],"picked":"Dodge and Roll","floor":6.0},{"not_picked":["Dagger Throw","Quick Slash"],"picked":"Infinite Blades","floor":8.0},{"not_picked":["Predator","Eviscerate"],"picked":"Backflip","floor":11.0},{"not_picked":["Backstab","Dagger Throw"],"picked":"Cloak And Dagger","floor":13.0},{"not_picked":["Flying Knee","Deadly Poison"],"picked":"Acrobatics","floor":14.0},{"not_picked":["A Thousand Cuts","Bullet Time"],"picked":"Grand Finale","floor":16.0},{"not_picked":["Choke","Backflip"],"picked":"Finisher","floor":18.0},{"not_picked":["Deflect+1","Bouncing Flask+1"],"picked":"Underhanded Strike+1","floor":21.0},{"not_picked":["Prepared+1","Heel Hook+1"],"picked":"Blade Dance","floor":22.0},{"not_picked":["Dodge and Roll","Dagger Throw","Dagger Spray+1"],"picked":"SKIP","floor":23.0},{"not_picked":["Flying Knee","Endless Agony","Caltrops+1"],"picked":"SKIP","floor":24.0},{"not_picked":["Distraction","All Out Attack+1","Eviscerate+1"],"picked":"SKIP","floor":27.0},{"not_picked":["Endless Agony+1","Infinite Blades","Footwork"],"picked":"SKIP","floor":28.0},{"not_picked":["Endless Agony","All Out Attack"],"picked":"Phantasmal Killer","floor":30.0},{"not_picked":["Bouncing Flask","Finisher+1","Flechettes"],"picked":"SKIP","floor":31.0},{"not_picked":["Tools of the Trade","Unload"],"picked":"Venomology","floor":33.0},{"not_picked":["Bouncing Flask+1","Infinite Blades+1","Dash+1"],"picked":"SKIP","floor":35.0},{"not_picked":["Flechettes+1","Eviscerate"],"picked":"Tactician+1","floor":37.0},{"not_picked":["Slice+1","Dagger Throw+1","Deadly Poison+1"],"picked":"SKIP","floor":39.0},{"not_picked":["Footwork","Sucker Punch","Poisoned Stab+1"],"picked":"SKIP","floor":41.0},{"not_picked":["Outmaneuver","Dash"],"picked":"Prepared+1","floor":42.0},{"not_picked":["Caltrops+1","Wraith Form v2"],"picked":"Tactician","floor":45.0},{"not_picked":["Outmaneuver+1","Dodge and Roll+1"],"picked":"Acrobatics+1","floor":45.0},{"not_picked":["Dagger Spray+1","Deflect+1"],"picked":"Blade Dance","floor":46.0},{"not_picked":["Caltrops+1","Setup","Dodge and Roll"],"picked":"SKIP","floor":54.0}],"player_experience":280591,"relics_obtained":[{"floor":6.0,"key":"InkBottle"},{"floor":9.0,"key":"Tiny Chest"},{"floor":23.0,"key":"Snake Skull"},{"floor":26.0,"key":"Pen Nib"},{"floor":30.0,"key":"Lantern"},{"floor":41.0,"key":"Happy Flower"},{"floor":43.0,"key":"StrikeDummy"},{"floor":46.0,"key":"Regal Pillow"},{"floor":48.0,"key":"Shuriken"},{"floor":54.0,"key":"Oddly Smooth Stone"}],"event_choices":[{"damage_healed":0.0,"max_hp_gain":0.0,"max_hp_loss":0.0,"gold_gain":0.0,"event_name":"Golden Idol","player_choice":"Take Damage","floor":2.0,"gold_loss":0.0,"damage_taken":17.0,"relics_obtained":["Golden Idol"]},{"damage_healed":0.0,"max_hp_gain":0.0,"max_hp_loss":0.0,"gold_gain":0.0,"event_name":"Scrap Ooze","player_choice":"Success","floor":3.0,"gold_loss":0.0,"damage_taken":3.0,"relics_obtained":["Blood Vial"]},{"damage_healed":0.0,"max_hp_gain":0.0,"max_hp_loss":0.0,"gold_gain":0.0,"event_name":"Wheel of Change","player_choice":"Damaged","floor":10.0,"gold_loss":0.0,"damage_taken":7.0},{"damage_healed":0.0,"max_hp_gain":0.0,"max_hp_loss":35.0,"gold_gain":0.0,"event_name":"Ghosts","player_choice":"Became a Ghost","floor":20.0,"gold_loss":0.0,"damage_taken":0.0,"cards_obtained":["Ghostly","Ghostly","Ghostly","Ghostly","Ghostly"]},{"damage_healed":0.0,"max_hp_gain":0.0,"max_hp_loss":0.0,"gold_gain":333.0,"event_name":"The Moai Head","player_choice":"Gave Idol","floor":36.0,"relics_lost":["Golden Idol"],"gold_loss":0.0,"damage_taken":0.0},{"damage_healed":0.0,"max_hp_gain":0.0,"max_hp_loss":2.0,"gold_gain":0.0,"event_name":"Winding Halls","player_choice":"Max HP","floor":38.0,"gold_loss":0.0,"damage_taken":0.0}],"is_beta":false,"boss_relics":[{"not_picked":["Tiny House","Sozu"],"picked":"HoveringKite"},{"not_picked":["Velvet Choker","Snecko Eye"],"picked":"Coffee Dripper"}],"items_purged_floors":[4,19,45,47],"is_endless":false,"potions_floor_spawned":[6,11,14,21,22,28,30,33,35,37,39,41],"ascension_level":4}}