{"host":"2okas1s8lto464g9","time":1610362753,"event":{"mods":["BaseMod","Minty Spire (QoL Compilation)","StSLib","The Cursed","[IsaacMod]ÒÔÈö¼âËþ"],"gold_per_floor":[133,133,165,203,203,203,128,176,201,201,256,256,300,358,358,478,478,515,551,613,107,144,144,144],"floor_reached":23,"playtime":1035,"items_purged":["Strike_P","Strike_P"],"score":296,"play_id":"3ea0ce55-3485-4374-832a-065c3baf29c5","local_time":"20210111185913","is_ascension_mode":true,"campfire_choices":[{"data":"Eruption","floor":6,"key":"SMITH"},{"data":"HandOfGreed","floor":10,"key":"SMITH"},{"data":"ThirdEye","floor":15,"key":"SMITH"}],"circlet_count":0,"master_deck":["Strike_P","Strike_P","Defend_P","Defend_P","Defend_P","Defend_P","Eruption+1","Vigilance","HandOfGreed+1","Indignation","DeusExMachina","Parasite","ThirdEye+1","Ragnarok","Wallop","TalkToTheHand"],"relics":["PureWater","HushsDoor","DoctorsRemote","BookOfRevelations","Damaru","Art of War","Gremlin Horn","Philosopher\u0027s Stone","Frozen Egg 2","Medical Kit"],"acts_visited":["Exordium","TheCity"],"potions_floor_usage":[14,18,18,20],"damage_taken":[{"damage":7.0,"enemies":"Small Slimes","floor":1.0,"turns":3.0},{"damage":1.0,"enemies":"Cultist","floor":3.0,"turns":3.0},{"damage":0.0,"enemies":"Jaw Worm","floor":4.0,"turns":3.0},{"damage":30,"enemies":"Lagavulin","floor":8,"turns":4},{"damage":16,"enemies":"Gremlin Nob","floor":11,"turns":4},{"damage":8,"enemies":"Blue Slaver","floor":13,"turns":3},{"damage":0,"enemies":"3 Sentries","floor":14,"turns":2},{"damage":53,"enemies":"Slime Boss","floor":16,"turns":15},{"damage":0,"enemies":"3 Byrds","floor":18,"turns":2},{"damage":0,"enemies":"Shell Parasite","floor":19,"turns":3},{"damage":0,"enemies":"Centurion and Healer","floor":20,"turns":6},{"damage":17,"enemies":"Shelled Parasite and Fungi","floor":22,"turns":6},{"damage":73,"enemies":"Book of Stabbing","floor":23,"turns":6}],"seed_played":"4409017916148711023","potions_obtained":[{"floor":1.0,"key":"Regen Potion"},{"floor":4.0,"key":"Energy Potion"},{"floor":13,"key":"Explosive Potion"},{"floor":14,"key":"LiquidBronze"},{"floor":22,"key":"FearPotion"}],"is_trial":false,"path_per_floor":["M","?","M","M","?","R","$","E","T","R","E","?","M","E","R","B",null,"M","M","M","$","M","E"],"character_chosen":"WATCHER","items_purchased":["Frozen Egg 2","Medical Kit"],"campfire_rested":0,"item_purchase_floors":[21,21],"current_hp_per_floor":[44,82,81,81,86,86,86,56,56,56,40,61,53,58,58,5,87,87,87,87,87,70,0,0],"gold":144,"neow_bonus":"RANDOM_COLORLESS_2","is_daily":false,"chose_seed":false,"campfire_upgraded":3,"win_rate":0.0,"timestamp":1610362753,"path_taken":["M","?","M","M","?","R","$","E","T","R","E","?","M","E","R","BOSS","M","M","M","$","M","E"],"items_purchased_type":["Relic","Relic"],"build_version":"2020-12-22","purchased_purges":2,"victory":false,"max_hp_per_floor":[72,82,82,82,87,87,87,87,87,87,87,87,87,87,87,87,87,87,87,87,87,87,87,87],"card_choices":[{"not_picked":[],"picked":"EpicFetus","floor":0.0},{"not_picked":["Thinking Ahead","The Bomb"],"picked":"HandOfGreed","floor":0.0},{"not_picked":["ClearTheMind","EmptyBody","Perseverance"],"picked":"SKIP","floor":1.0},{"not_picked":["FlurryOfBlows","Consecrate"],"picked":"Indignation","floor":3.0},{"not_picked":["Evaluate","BowlingBash"],"picked":"Bomb","floor":4.0},{"not_picked":["FollowUp","SpiritShield"],"picked":"DeusExMachina","floor":8},{"not_picked":["Weave","Sanctity","ClearTheMind"],"picked":"SKIP","floor":11},{"not_picked":["ThirdEye","CarveReality","BowlingBash"],"picked":"SKIP","floor":13},{"not_picked":["CarveReality","BowlingBash"],"picked":"ThirdEye","floor":13},{"not_picked":["LikeWater","CarveReality","ForeignInfluence"],"picked":"SKIP","floor":14},{"not_picked":["Wish","DeusExMachina"],"picked":"Ragnarok","floor":16},{"not_picked":["Nirvana+1","SandsOfTime"],"picked":"Wallop","floor":18},{"not_picked":["EmptyBody","EmptyFist","FlyingSleeves"],"picked":"SKIP","floor":19},{"not_picked":["ReachHeaven+1","Consecrate"],"picked":"TalkToTheHand","floor":20},{"not_picked":["Crescendo+1","BowlingBash","Evaluate"],"picked":"SKIP","floor":22}],"player_experience":462793,"relics_obtained":[{"floor":8,"key":"BookOfRevelations"},{"floor":9,"key":"Damaru"},{"floor":11,"key":"Art of War"},{"floor":14,"key":"Gremlin Horn"}],"event_choices":[{"cards_removed":["EpicFetus"],"damage_healed":28.0,"max_hp_gain":10.0,"max_hp_loss":0.0,"gold_gain":0.0,"event_name":"Bonfire Elementals","player_choice":"Offered Rare","floor":2.0,"gold_loss":0.0,"damage_taken":0.0},{"damage_healed":0,"gold_gain":0,"player_choice":"Donut","damage_taken":0,"max_hp_gain":5,"max_hp_loss":0,"event_name":"Big Fish","floor":5,"gold_loss":0},{"damage_healed":21,"gold_gain":0,"player_choice":"Healed and dodged fight","damage_taken":0,"max_hp_gain":0,"max_hp_loss":0,"event_name":"Mushrooms","floor":12,"gold_loss":0,"cards_obtained":["Parasite"]}],"is_beta":false,"boss_relics":[{"not_picked":["SlaversCollar","Empty Cage"],"picked":"Philosopher\u0027s Stone"},{"not_picked":[]}],"items_purged_floors":[7,21],"is_endless":false,"potions_floor_spawned":[1,4,13,14,22],"killed_by":"Book of Stabbing","ascension_level":3}}