{"host":"8u7tvcybuv0u72fd","time":1610342627,"event":{"mods":["BaseMod","BetterRewards","Colored Map","Colored Powertips","Minty Spire (QoL Compilation)","Quick Restart","Shop Mod"],"gold_per_floor":[116,147,147,147,147,225,295,346,417,459,502,502,502,502,502,605,605,644,724,724,767,512,512,83,83,137,137,182,225,250,288,288,392,392,435,499,356,356,368,368,221,297,297,297,297,342,342,564,564,564,564,564,196,221,221],"floor_reached":56,"playtime":2545,"items_purged":["Strike_R","Pain","Madness"],"score":1698,"play_id":"fdf361db-2e67-4e13-908e-bc01d3eda871","local_time":"20210111002347","is_ascension_mode":false,"campfire_choices":[{"data":"Bash","floor":12.0,"key":"SMITH"},{"data":"Shrug It Off","floor":15.0,"key":"SMITH"},{"data":"Uppercut","floor":23.0,"key":"SMITH"},{"data":"Searing Blow+1","floor":25.0,"key":"SMITH"},{"data":"Searing Blow+2","floor":27.0,"key":"SMITH"},{"data":"Searing Blow+3","floor":32.0,"key":"SMITH"},{"floor":40,"key":"RECALL"},{"data":"Limit Break","floor":44,"key":"SMITH"},{"data":"Searing Blow+4","floor":49,"key":"SMITH"},{"data":"Searing Blow+5","floor":52,"key":"SMITH"}],"circlet_count":0,"master_deck":["Strike_R+1","Strike_R+1","Defend_R","Defend_R","Defend_R","Bash+1","Shrug It Off+1","HandOfGreed+1","Battle Trance","Headbutt","Inflame","Reaper","Searing Blow+6","Dropkick+1","Uppercut+1","Offering","Limit Break+1","Flex","Iron Wave","Madness","Body Slam+1","Dark Shackles","Pummel"],"relics":["Burning Blood","Membership Card","Gremlin Horn","Kunai","Juzu Bracelet","FossilizedHelix","Ice Cream","Art of War","HornCleat","Paper Frog","WarpedTongs","Velvet Choker","Red Mask","MerchantsRug","ClockworkSouvenir","Matryoshka","Sling","Lantern","Bronze Scales","Nunchaku","Bag of Preparation","Strawberry","Boot","Thread and Needle","StoneCalendar","Anchor","Shuriken","Magic Flower","Sundial","Charon\u0027s Ashes"],"acts_visited":["Exordium","TheCity","TheBeyond","TheEnding"],"potions_floor_usage":[55,55,55],"damage_taken":[{"damage":0.0,"enemies":"Jaw Worm","floor":1.0,"turns":2.0},{"damage":0.0,"enemies":"Small Slimes","floor":2.0,"turns":3.0},{"damage":15.0,"enemies":"3 Sentries","floor":6.0,"turns":8.0},{"damage":0.0,"enemies":"2 Louse","floor":7.0,"turns":2.0},{"damage":2.0,"enemies":"Gremlin Nob","floor":8.0,"turns":4.0},{"damage":0.0,"enemies":"Looter","floor":10.0,"turns":3.0},{"damage":0.0,"enemies":"Exordium Thugs","floor":11.0,"turns":4.0},{"damage":17.0,"enemies":"The Guardian","floor":16.0,"turns":9.0},{"damage":7.0,"enemies":"Chosen","floor":18.0,"turns":3.0},{"damage":6.0,"enemies":"Masked Bandits","floor":19.0,"turns":5.0},{"damage":2.0,"enemies":"Shell Parasite","floor":21.0,"turns":4.0},{"damage":0.0,"enemies":"3 Cultists","floor":28.0,"turns":3.0},{"damage":0.0,"enemies":"Cultist and Chosen","floor":29.0,"turns":3.0},{"damage":0.0,"enemies":"Book of Stabbing","floor":30.0,"turns":2.0},{"damage":0.0,"enemies":"Centurion and Healer","floor":31.0,"turns":3.0},{"damage":13.0,"enemies":"Champ","floor":33.0,"turns":6.0},{"damage":0,"enemies":"Orb Walker","floor":35,"turns":2},{"damage":3,"enemies":"3 Shapes","floor":36,"turns":3},{"damage":0,"enemies":"Transient","floor":39,"turns":5},{"damage":7,"enemies":"2 Orb Walkers","floor":42,"turns":4},{"damage":0,"enemies":"Jaw Worm Horde","floor":46,"turns":4},{"damage":45,"enemies":"Donu and Deca","floor":50,"turns":6},{"damage":0,"enemies":"Shield and Spear","floor":54,"turns":3},{"damage":35,"enemies":"The Heart","floor":55,"turns":6}],"seed_played":"5415534833998755722","potions_obtained":[{"floor":2.0,"key":"GamblersBrew"},{"floor":7.0,"key":"Fire Potion"},{"floor":10.0,"key":"Regen Potion"},{"floor":20.0,"key":"Swift Potion"},{"floor":20.0,"key":"SteroidPotion"},{"floor":21.0,"key":"LiquidMemories"}],"is_trial":false,"path_per_floor":["M","M","?","?","?","E","M","E","T","M","M","R","T","?","R","B",null,"M","?","?","M","$","R","$","R","T","R","M","M","E","M","R","B",null,"M","M","$","?","M","R","$","?","T","R","?","M","?","?","R","B",null,"R","$","E","B",null],"character_chosen":"IRONCLAD","items_purchased":["Membership Card","Shrug It Off","Gremlin Horn","HandOfGreed","Kunai","Juzu Bracelet","Lee\u0027s Waffle","Uppercut","Whetstone","MerchantsRug","Fruit Juice","ClockworkSouvenir","Matryoshka","Sling","Lantern","Energy Potion","Offering","Strawberry","Boot","Iron Wave","Thread and Needle","Magic Flower","Sundial","CultistPotion"],"campfire_rested":0,"item_purchase_floors":[0,0,0,0,0,0,0,22,22,22,22,22,24,24,24,24,24,37,37,37,41,53,53,53],"current_hp_per_floor":[101,101,101,89,94,85,91,95,95,101,106,106,106,106,106,95,106,106,106,106,106,111,111,111,111,111,111,111,111,111,111,111,111,111,111,111,118,103,118,118,118,117,117,117,117,118,118,118,118,79,118,118,118,118,92],"gold":221,"neow_bonus":"","is_daily":false,"chose_seed":false,"campfire_upgraded":9,"win_rate":0.0,"timestamp":1610342627,"path_taken":["M","M","?","?","?","E","M","E","T","M","M","R","?","?","R","BOSS","M","?","?","M","?","R","$","R","T","R","M","M","E","M","R","BOSS","M","M","$","?","M","R","$","?","T","R","?","M","?","?","R","BOSS","R","$","E","BOSS"],"items_purchased_type":["Relic","Card","Relic","Card","Relic","Relic","Relic","Card","Relic","Relic","Potion","Relic","Relic","Relic","Relic","Potion","Card","Relic","Relic","Card","Relic","Relic","Relic","Potion"],"build_version":"2020-12-22","purchased_purges":3,"victory":true,"max_hp_per_floor":[101,101,101,101,106,106,106,106,106,106,106,106,106,106,106,106,106,106,106,106,106,111,111,111,111,111,111,111,111,111,111,111,111,111,111,111,118,118,118,118,118,118,118,118,118,118,118,118,118,118,118,118,118,118,118],"card_choices":[{"not_picked":["Clash","Iron Wave","Wild Strike"],"picked":"SKIP","floor":1.0},{"not_picked":["Twin Strike","Rage"],"picked":"Battle Trance","floor":2.0},{"not_picked":["Heavy Blade","Twin Strike"],"picked":"Headbutt","floor":6.0},{"not_picked":["Pommel Strike","Whirlwind"],"picked":"Inflame","floor":7.0},{"not_picked":["Evolve","Shrug It Off","Entrench"],"picked":"SKIP","floor":8.0},{"not_picked":["Second Wind","Evolve","Perfected Strike"],"picked":"SKIP","floor":10.0},{"not_picked":["Armaments","Clash","Bloodletting"],"picked":"SKIP","floor":11.0},{"not_picked":["Demon Form","Immolate"],"picked":"Reaper","floor":16.0},{"not_picked":["Battle Trance","Warcry"],"picked":"Searing Blow+1","floor":18.0},{"not_picked":["Wild Strike","Reckless Charge"],"picked":"Dropkick+1","floor":21.0},{"not_picked":["Shrug It Off","Sentinel+1","Metallicize"],"picked":"SKIP","floor":28.0},{"not_picked":["Twin Strike","Shrug It Off","Combust"],"picked":"SKIP","floor":29.0},{"not_picked":["Immolate","Pommel Strike","Intimidate"],"picked":"SKIP","floor":30.0},{"not_picked":["Wild Strike","Shrug It Off+1","Carnage+1"],"picked":"SKIP","floor":31.0},{"not_picked":["Reaper","Double Tap"],"picked":"Limit Break","floor":33.0},{"not_picked":["Shrug It Off+1","Clash+1"],"picked":"Flex","floor":35},{"not_picked":["Thunderclap+1","Cleave+1","Rampage"],"picked":"SKIP","floor":36},{"not_picked":["Rupture+1","Power Through"],"picked":"Body Slam+1","floor":39},{"not_picked":["Blind","Finesse"],"picked":"Dark Shackles","floor":45},{"not_picked":["Reckless Charge","Flex+1","Armaments+1"],"picked":"SKIP","floor":46},{"not_picked":["Feed","Shrug It Off"],"picked":"Pummel","floor":54}],"player_experience":1297157,"relics_obtained":[{"floor":6.0,"key":"Art of War"},{"floor":8.0,"key":"HornCleat"},{"floor":9.0,"key":"Paper Frog"},{"floor":19.0,"key":"Red Mask"},{"floor":26.0,"key":"Bronze Scales"},{"floor":26.0,"key":"Nunchaku"},{"floor":30.0,"key":"Bag of Preparation"},{"floor":42,"key":"StoneCalendar"},{"floor":43,"key":"Anchor"},{"floor":43,"key":"Shuriken"},{"floor":54,"key":"Charon\u0027s Ashes"}],"event_choices":[{"damage_healed":0.0,"max_hp_gain":0.0,"max_hp_loss":0.0,"gold_gain":0.0,"event_name":"Living Wall","player_choice":"Grow","floor":3.0,"gold_loss":0.0,"damage_taken":0.0,"cards_upgraded":["HandOfGreed"]},{"damage_healed":0.0,"max_hp_gain":0.0,"max_hp_loss":0.0,"gold_gain":0.0,"event_name":"Scrap Ooze","player_choice":"Success","floor":4.0,"gold_loss":0.0,"damage_taken":12.0,"relics_obtained":["Ice Cream"]},{"damage_healed":0.0,"max_hp_gain":5.0,"max_hp_loss":0.0,"gold_gain":0.0,"event_name":"Big Fish","player_choice":"Donut","floor":5.0,"gold_loss":0.0,"damage_taken":0.0},{"damage_healed":0.0,"max_hp_gain":0.0,"max_hp_loss":0.0,"gold_gain":0.0,"event_name":"Accursed Blacksmith","player_choice":"Rummage","floor":14.0,"gold_loss":0.0,"damage_taken":0.0,"relics_obtained":["WarpedTongs"],"cards_obtained":["Pain"]},{"damage_healed":0.0,"max_hp_gain":0.0,"max_hp_loss":0.0,"gold_gain":0.0,"event_name":"Masked Bandits","player_choice":"Fought Bandits","floor":19.0,"gold_loss":0.0,"damage_taken":0.0},{"damage_healed":0.0,"max_hp_gain":0.0,"max_hp_loss":0.0,"gold_gain":0.0,"event_name":"Lab","player_choice":"Got Potions","floor":20.0,"gold_loss":0.0,"damage_taken":0.0},{"damage_healed":0,"gold_gain":0,"player_choice":"Embrace Madness","damage_taken":15,"max_hp_gain":0,"max_hp_loss":0,"event_name":"Winding Halls","floor":38,"gold_loss":0,"cards_obtained":["Madness","Madness"]},{"damage_healed":0,"gold_gain":0,"player_choice":"Fight","damage_taken":0,"max_hp_gain":0,"max_hp_loss":0,"event_name":"Mysterious Sphere","floor":42,"gold_loss":0},{"damage_healed":0,"gold_gain":0,"player_choice":"Memory 1","damage_taken":0,"max_hp_gain":0,"max_hp_loss":0,"event_name":"SensoryStone","floor":45,"gold_loss":0},{"cards_removed":["Defend_R"],"damage_healed":0,"gold_gain":0,"player_choice":"Removed Skill","damage_taken":0,"max_hp_gain":0,"max_hp_loss":0,"event_name":"Falling","floor":47,"gold_loss":0},{"damage_healed":0,"gold_gain":222,"player_choice":"Wore Mask","damage_taken":0,"max_hp_gain":0,"max_hp_loss":0,"event_name":"Tomb of Lord Red Mask","floor":48,"gold_loss":0}],"is_beta":false,"boss_relics":[{"not_picked":["Black Star","Coffee Dripper"],"picked":"Velvet Choker"},{"not_picked":["Tiny House","Snecko Eye"],"picked":"Empty Cage"}],"items_purged_floors":[0,24,53],"is_endless":false,"potions_floor_spawned":[2,7,10,21,30,33,35,39,54],"ascension_level":0}}