{"host":"7qoz5gmva6til3yp","time":1610386690,"event":{"mods":["AchievementEnabler","BaseMod","Minty Spire (QoL Compilation)","StSLib","SuperFastMode"],"gold_per_floor":[119,44,62,62,27,27,27,46,46,46,56,88,100,119,119,219,219,230,193,204,204,222,222,71,71,71,99,24,54,54,85,85,85,85],"floor_reached":33,"playtime":2036,"items_purged":["Pain"],"score":368,"play_id":"6b5f4774-0477-4beb-a9be-08c922a8d4d8","local_time":"20210112023810","is_ascension_mode":true,"campfire_choices":[{"data":"1","floor":6,"key":"LIFT"},{"data":"2","floor":10,"key":"LIFT"},{"floor":15,"key":"REST"},{"data":"3","floor":23,"key":"LIFT"},{"data":"Heel Hook","floor":25,"key":"SMITH"},{"floor":32,"key":"REST"}],"circlet_count":0,"master_deck":["Survivor","Neutralize","Blur","Underhanded Strike","Escape Plan","Backflip","Backstab","Dagger Throw","Quick Slash","After Image","Sucker Punch","Cloak And Dagger","Crippling Poison","Malaise","Dash","Quick Slash","Setup","Bane","Deadly Poison","Prepared","Well Laid Plans","Heel Hook+1","Calculated Gamble","Eviscerate+1","Terror+1"],"relics":["Ring of the Snake","Girya","Orichalcum","InkBottle","Question Card","Pandora\u0027s Box","Juzu Bracelet","Gremlin Horn","Red Mask","Shovel","Paper Crane","Tiny Chest"],"acts_visited":["Exordium","TheCity"],"potions_floor_usage":[16,16,29,29],"damage_taken":[{"damage":3,"enemies":"Jaw Worm","floor":1,"turns":4},{"damage":0,"enemies":"Cultist","floor":3,"turns":5},{"damage":0,"enemies":"2 Louse","floor":8,"turns":2},{"damage":0,"enemies":"2 Fungi Beasts","floor":11,"turns":4},{"damage":15,"enemies":"3 Sentries","floor":12,"turns":10},{"damage":0,"enemies":"3 Louse","floor":13,"turns":3},{"damage":1,"enemies":"Large Slime","floor":14,"turns":5},{"damage":30,"enemies":"The Guardian","floor":16,"turns":13},{"damage":0,"enemies":"Chosen","floor":18,"turns":4},{"damage":3,"enemies":"2 Thieves","floor":20,"turns":3},{"damage":9,"enemies":"Cultist and Chosen","floor":22,"turns":7},{"damage":0,"enemies":"Masked Bandits","floor":27,"turns":4},{"damage":9,"enemies":"Gremlin Leader","floor":29,"turns":5},{"damage":22,"enemies":"Book of Stabbing","floor":31,"turns":6},{"damage":53,"enemies":"Champ","floor":33,"turns":12}],"seed_played":"2710292007405924249","potions_obtained":[{"floor":7,"key":"SmokeBomb"},{"floor":7,"key":"Fire Potion"},{"floor":7,"key":"LiquidMemories"},{"floor":8,"key":"FearPotion"},{"floor":12,"key":"Block Potion"},{"floor":13,"key":"Fire Potion"},{"floor":14,"key":"Fruit Juice"},{"floor":22,"key":"Energy Potion"}],"is_trial":false,"path_per_floor":["M","$","M","?","$","R","?","M","T","R","M","E","M","M","R","B",null,"M","$","M","?","M","R","$","R","T","?","?","E","?","E","R","B"],"character_chosen":"THE_SILENT","items_purchased":["Escape Plan","Well Laid Plans","Juzu Bracelet"],"campfire_rested":2,"item_purchase_floors":[5,19,24],"current_hp_per_floor":[60,60,60,53,53,53,53,53,53,53,53,38,38,37,58,28,60,60,60,57,57,48,48,48,48,48,48,48,44,44,22,44,0,0],"gold":85,"neow_bonus":"ONE_RARE_RELIC","is_daily":false,"chose_seed":false,"campfire_upgraded":1,"win_rate":0.0,"timestamp":1610386690,"path_taken":["M","$","M","?","$","R","?","M","T","R","?","E","M","M","R","BOSS","M","$","M","?","M","R","$","R","T","?","?","E","?","E","R","BOSS"],"items_purchased_type":["Card","Card","Relic"],"build_version":"2020-12-22","purchased_purges":1,"victory":false,"max_hp_per_floor":[70,70,70,70,70,70,70,70,70,70,70,70,70,70,70,70,70,70,70,70,70,70,70,70,70,70,70,70,75,75,75,75,75,75],"card_choices":[{"not_picked":["All Out Attack","Deadly Poison"],"picked":"Blur","floor":1},{"not_picked":["Underhanded Strike","Slice","Deadly Poison"],"picked":"SKIP","floor":3},{"not_picked":["Slice","Deadly Poison"],"picked":"Underhanded Strike","floor":3},{"not_picked":["Deadly Poison","Eviscerate"],"picked":"Backflip","floor":8},{"not_picked":["Bane","Slice"],"picked":"Backstab","floor":11},{"not_picked":["Deadly Poison","Distraction","Blur"],"picked":"SKIP","floor":12},{"not_picked":["Backflip","Cloak And Dagger","Leg Sweep"],"picked":"Dagger Throw","floor":13},{"not_picked":["Deadly Poison","Slice","Outmaneuver"],"picked":"Quick Slash","floor":14},{"not_picked":["Burst","A Thousand Cuts","Corpse Explosion"],"picked":"After Image","floor":16},{"not_picked":["Poisoned Stab","Cloak And Dagger","Acrobatics"],"picked":"Prepared","floor":18},{"not_picked":["Quick Slash","Bane","Backflip","PiercingWail"],"picked":"SKIP","floor":20},{"not_picked":["Catalyst","Dagger Throw","Bane"],"picked":"Calculated Gamble","floor":22},{"not_picked":["Blade Dance+1","Slice+1","Terror"],"picked":"Eviscerate+1","floor":29},{"not_picked":["Night Terror","Blur","Flying Knee"],"picked":"Terror+1","floor":31}],"player_experience":331385,"relics_obtained":[{"floor":9,"key":"InkBottle"},{"floor":12,"key":"Question Card"},{"floor":26,"key":"Gremlin Horn"},{"floor":27,"key":"Red Mask"},{"floor":29,"key":"Shovel"},{"floor":31,"key":"Tiny Chest"}],"event_choices":[{"damage_healed":0,"gold_gain":0,"player_choice":"Success","damage_taken":7,"relics_obtained":["Orichalcum"],"max_hp_gain":0,"max_hp_loss":0,"event_name":"Scrap Ooze","floor":4,"gold_loss":0},{"damage_healed":0,"gold_gain":0,"player_choice":"Got Potions","damage_taken":0,"max_hp_gain":0,"max_hp_loss":0,"event_name":"Lab","floor":7,"gold_loss":0},{"damage_healed":0,"gold_gain":0,"player_choice":"Read","damage_taken":0,"max_hp_gain":0,"max_hp_loss":0,"event_name":"The Library","floor":21,"gold_loss":0,"cards_obtained":["Heel Hook"]},{"damage_healed":0,"gold_gain":0,"player_choice":"Fought Bandits","damage_taken":0,"max_hp_gain":0,"max_hp_loss":0,"event_name":"Masked Bandits","floor":27,"gold_loss":0},{"cards_removed":["Blade Dance"],"damage_healed":0,"gold_gain":0,"player_choice":"Gave Gold","damage_taken":0,"max_hp_gain":0,"max_hp_loss":0,"event_name":"Beggar","floor":28,"gold_loss":75},{"damage_healed":0,"gold_gain":0,"player_choice":"Opened","damage_taken":0,"relics_obtained":["Paper Crane"],"max_hp_gain":0,"max_hp_loss":0,"event_name":"The Mausoleum","floor":30,"gold_loss":0}],"is_beta":false,"boss_relics":[{"not_picked":["Tiny House","Runic Dome"],"picked":"Pandora\u0027s Box"}],"items_purged_floors":[2],"is_endless":false,"potions_floor_spawned":[8,12,13,14,22],"killed_by":"Champ","ascension_level":6}}