{"host":"pbf6u3tyx46snqc7","time":1610329537,"event":{"mods":["AchievementEnabler","BaseMod","Colored Map","Minty Spire (QoL Compilation)","Rare Cards Sparkle","SuperFastMode"],"gold_per_floor":[16,16,34,50,65,65,92,92,141,10,10,25,25,25,25,25,25],"floor_reached":16,"playtime":854,"items_purged":["Defend_P"],"score":100,"play_id":"e613cd0d-1483-41d9-b592-73fe2770bf56","local_time":"20210111104537","is_ascension_mode":false,"campfire_choices":[{"data":"Eruption","floor":6,"key":"SMITH"},{"data":"Crescendo","floor":8,"key":"SMITH"},{"data":"Worship","floor":13,"key":"SMITH"},{"data":"ConjureBlade","floor":15,"key":"SMITH"}],"circlet_count":0,"master_deck":["Strike_P","Strike_P","Defend_P","Defend_P","Eruption+1","Vigilance","InnerPeace","Crescendo+1","Consecrate","ConjureBlade+1","Fasting2","Pray","Worship+1"],"relics":["PureWater","Mummified Hand","Smiling Mask"],"acts_visited":["Exordium"],"potions_floor_usage":[5,7,16],"damage_taken":[{"damage":3,"enemies":"Jaw Worm","floor":1,"turns":3},{"damage":0,"enemies":"Cultist","floor":3,"turns":2},{"damage":0,"enemies":"Small Slimes","floor":4,"turns":2},{"damage":14,"enemies":"Exordium Thugs","floor":5,"turns":3},{"damage":14,"enemies":"3 Sentries","floor":7,"turns":4},{"damage":0,"enemies":"3 Louse","floor":12,"turns":3},{"damage":49,"enemies":"Hexaghost","floor":16,"turns":9}],"seed_played":"645088634282753112","potions_obtained":[{"floor":1,"key":"Fruit Juice"},{"floor":2,"key":"CultistPotion"},{"floor":2,"key":"SkillPotion"},{"floor":2,"key":"EssenceOfSteel"},{"floor":5,"key":"BlessingOfTheForge"}],"is_trial":false,"path_per_floor":["M","?","M","M","M","R","E","R","T","$","?","M","R","$","R","B"],"character_chosen":"WATCHER","items_purchased":["Fasting2"],"campfire_rested":0,"item_purchase_floors":[10],"current_hp_per_floor":[69,69,69,69,60,60,46,46,46,46,46,46,46,46,46,0,0],"gold":25,"neow_bonus":"REMOVE_TWO","is_daily":false,"chose_seed":false,"campfire_upgraded":4,"win_rate":0.0,"timestamp":1610329537,"path_taken":["M","?","M","M","M","R","E","R","T","?","?","M","R","$","R","BOSS"],"items_purchased_type":["Card"],"build_version":"2020-12-22","purchased_purges":1,"victory":false,"max_hp_per_floor":[72,72,72,72,77,77,77,77,77,77,77,77,77,77,77,77,77],"card_choices":[{"not_picked":["TalkToTheHand","EmptyFist"],"picked":"InnerPeace","floor":1},{"not_picked":["CrushJoints","Protect"],"picked":"Crescendo","floor":3},{"not_picked":["BowlingBash","FlurryOfBlows"],"picked":"Consecrate","floor":4},{"not_picked":["Meditate","FlurryOfBlows","Consecrate"],"picked":"SKIP","floor":5},{"not_picked":["Swivel","Weave"],"picked":"ConjureBlade","floor":7},{"not_picked":["Evaluate","SashWhip"],"picked":"Worship","floor":12}],"player_experience":404340,"relics_obtained":[{"floor":7,"key":"Mummified Hand"},{"floor":9,"key":"Smiling Mask"}],"event_choices":[{"damage_healed":0,"gold_gain":0,"player_choice":"Got Potions","damage_taken":0,"max_hp_gain":0,"max_hp_loss":0,"event_name":"Lab","floor":2,"gold_loss":0},{"damage_healed":0,"gold_gain":0,"cards_transformed":["Strike_P"],"player_choice":"Transformed","damage_taken":0,"max_hp_gain":0,"max_hp_loss":0,"event_name":"Transmorgrifier","floor":11,"gold_loss":0,"cards_obtained":["Pray"]}],"is_beta":false,"boss_relics":[],"items_purged_floors":[10],"is_endless":false,"potions_floor_spawned":[1,4,5],"killed_by":"Hexaghost","ascension_level":0}}