{"host":"c59zqhrgluvxuu0k","time":1610325071,"event":{"mods":["100% Spire Juice","Arknights The Spire","BaseMod","Better Altar","Better Third Choice","BetterRewards","Colored Map","Colored Powertips","Curses Come First","Downfall","Friendly Minions","Hermit","Minty Spire (QoL Compilation)","Replay The Spire","Shop Mod","Spicy Shops","StSLib","The Blackbeard","The Cursed","The Death Knight","The Druid","The Jungle","The Runesmith","The Wild Card"],"gold_per_floor":[118,118,118,118,193,193,223,223,223,223,278,296,311,391,391,517,517,500,523,523,523,543,543,63,63,63,84,102,146,160,196,196,320,320,336,355,355,355,368,401,414,430,430,186,249,249,582,601,601,601,601,601,61,96,96],"floor_reached":56,"playtime":6120,"items_purged":["Parasite","Amnesia"],"score":1615,"play_id":"1106dfc3-521f-4b53-931c-c9b325407712","local_time":"20210110173111","is_ascension_mode":false,"campfire_choices":[{"data":"Moonworks:Ambush","floor":6,"key":"SMITH"},{"data":"Moonworks:MiracleWalker","floor":8,"key":"SMITH"},{"data":"Moonworks:StiffCrystal","floor":15,"key":"SMITH"},{"data":"Moonworks:x16BigRocket","floor":23,"key":"SMITH"},{"data":"Moonworks:x16BigRocket+1","floor":32,"key":"SMITH"},{"floor":49,"key":"RECALL"},{"floor":52,"key":"DIG"}],"circlet_count":0,"master_deck":["Moonworks:Strike+1","Moonworks:Strike+1","Moonworks:Strike+1","Moonworks:Strike+1","Moonworks:Defend+1","Moonworks:Defend+1","Moonworks:Defend+1","Moonworks:Defend+1","Moonworks:Ambush+1","Moonworks:LongDistanceShot+1","Moonworks:RedAndBlue+1","Moonworks:MiracleWalker+1","Moonworks:StiffCrystal+1","Moonworks:BackdoorTrade","Moonworks:MetallicMonocoque+1","Moonworks:x16BigRocket+2","Moonworks:LulusLuckyEgg+1","Moonworks:WindyEnchantment+1","Moonworks:OutOfAmmo","Moonworks:IntelligenceOfficer+1","Moonworks:BigBangBell+1","Moonworks:WeAreWaruda+1","Moonworks:AngelHand+1","Moonworks:SealedMemories+1","Moonworks:CompletionReward+1","Moonworks:IndiscriminateFireSupport+1","Moonworks:BigMagnum+1","Moonworks:Bloodlust+1","Moonworks:StiffCrystal+1","Moonworks:BigBangBell+1","Moonworks:CrystalBarrier"],"relics":["Moonworks:BrokenBomb","Moonworks:Homemark","NeowsBlessing","Ring of Peace","Replay:Mystery Machine","Meat on the Bone","Regal Pillow","Cursed Key","Toxic Egg 2","Ginger","ClockworkSouvenir","Shovel","Gremlin Food","ReplayTheSpireMod:Lightbulb","Honey Jar","Girya","Runesmith:Nanobots","Guardian:PocketSentry","Unceasing Top","Divine Protection","Vajra","Moonworks:GoldenDie","ReplayTheSpireMod:Shallot","Replay:Arrowhead"],"acts_visited":["Exordium","TheCity","TheBeyond","TheEnding"],"potions_floor_usage":[14,16,33,35,40,41,50,55,55,55,55],"damage_taken":[{"damage":0,"enemies":"2 Louse","floor":1,"turns":1},{"damage":0,"enemies":"Replay:BlueRogue","floor":7,"turns":1},{"damage":0,"enemies":"Small Slimes","floor":12,"turns":1},{"damage":0,"enemies":"Jaw Worm","floor":13,"turns":2},{"damage":0,"enemies":"Lagavulin Event","floor":14,"turns":6},{"damage":16,"enemies":"Slime Boss","floor":16,"turns":7},{"damage":8,"enemies":"2 Thieves","floor":18,"turns":4},{"damage":3,"enemies":"Chosen","floor":19,"turns":5},{"damage":3,"enemies":"Snake Plant","floor":22,"turns":4},{"damage":0,"enemies":"Shelled Parasite and Fungi","floor":27,"turns":5},{"damage":0,"enemies":"Snecko","floor":28,"turns":5},{"damage":10,"enemies":"Gremlin Leader","floor":29,"turns":7},{"damage":0,"enemies":"3 Cultists","floor":30,"turns":5},{"damage":0,"enemies":"Replay:Snechameleon","floor":31,"turns":5},{"damage":22,"enemies":"Pondfish","floor":33,"turns":8},{"damage":0,"enemies":"3 Darklings","floor":35,"turns":6},{"damage":0,"enemies":"Orb Walker","floor":36,"turns":3},{"damage":0,"enemies":"Spire Growth","floor":39,"turns":5},{"damage":0,"enemies":"Nemesis","floor":40,"turns":5},{"damage":4,"enemies":"Jaw Worm Horde","floor":41,"turns":5},{"damage":12,"enemies":"4 Shapes","floor":42,"turns":3},{"damage":1,"enemies":"Mind Bloom Boss Battle","floor":45,"turns":4},{"damage":0,"enemies":"Sphere and 2 Shapes","floor":48,"turns":2},{"damage":51,"enemies":"Awakened One","floor":50,"turns":14},{"damage":0,"enemies":"Shield and Spear","floor":54,"turns":5},{"damage":41,"enemies":"The Heart","floor":55,"turns":6}],"seed_played":"-6358855547517262085","potions_obtained":[{"floor":1,"key":"Weak Potion"},{"floor":12,"key":"SpeedPotion"},{"floor":13,"key":"Cursed Concoction"},{"floor":18,"key":"hexamod:EctoCoolerPotion"},{"floor":29,"key":"Moonworks:OneHundredPercentOrangeJuicePotion"},{"floor":30,"key":"Adrenaline Potion"},{"floor":33,"key":"hexamod:EctoCoolerPotion"},{"floor":36,"key":"FearPotion"},{"floor":40,"key":"hexamod:EctoCoolerPotion"},{"floor":42,"key":"Dexterity Potion"},{"floor":45,"key":"FearPotion"},{"floor":54,"key":"SkillPotion"}],"is_trial":false,"path_per_floor":["M","?","?","?","?","R","E","R","T","?","T","M","M","?","R","B",null,"M","M","?","?","M","R","$","?","T","M","M","E","M","E","R","B",null,"M","M","?","?","M","E","M","M","T","$","?","?","?","M","R","B",null,"R","$","E","B",null],"character_chosen":"THE_STARBREAKER","items_purchased":["Toxic Egg 2","Ginger","ClockworkSouvenir","Guardian:PocketSentry","Vajra","Moonworks:GoldenDie","ReplayTheSpireMod:Shallot","hexamod:EctoCoolerPotion"],"campfire_rested":0,"item_purchase_floors":[24,24,24,44,53,53,53,53],"current_hp_per_floor":[60,60,48,48,37,37,37,37,37,22,22,34,34,34,34,30,60,52,49,49,49,46,46,46,57,57,57,57,47,47,47,47,37,57,57,57,57,57,57,57,53,41,41,41,48,48,48,48,48,29,57,57,57,57,36],"gold":96,"neow_bonus":"THREE_ENEMY_KILL","is_daily":false,"chose_seed":false,"campfire_upgraded":5,"win_rate":0.0,"timestamp":1610325071,"path_taken":["M","?","?","?","?","R","E","R","T","?","?","M","M","?","R","BOSS","M","M","?","?","?","R","$","?","T","M","M","E","M","E","R","BOSS","M","?","?","?","M","E","M","?","T","$","?","?","?","M","R","BOSS","R","$","E","BOSS"],"items_purchased_type":["Relic","Relic","Relic","Relic","Relic","Relic","Relic","Potion"],"build_version":"2020-12-22","purchased_purges":2,"victory":true,"max_hp_per_floor":[60,60,60,60,60,60,60,60,60,60,60,60,60,60,60,60,60,60,60,60,60,60,60,57,57,57,57,57,57,57,57,57,57,57,57,57,57,57,57,57,57,57,57,57,57,57,57,57,57,57,57,57,57,57,57],"card_choices":[{"not_picked":["Moonworks:LulusLuckyEgg","Moonworks:IndiscriminateFireSupport"],"picked":"Moonworks:RedAndBlue","floor":1},{"not_picked":["Moonworks:EvilSpyWorkPreparation","Moonworks:ExtendedPhotonRifle"],"picked":"Moonworks:MiracleWalker","floor":7},{"not_picked":["Moonworks:WindyEnchantment","Moonworks:JonathanRush"],"picked":"Moonworks:StiffCrystal","floor":12},{"not_picked":["Moonworks:BigMagnum","Moonworks:RagingMadness"],"picked":"Moonworks:BackdoorTrade","floor":13},{"not_picked":["Moonworks:RagingMadness","Moonworks:NicePresent"],"picked":"Moonworks:LuckyCharm","floor":14},{"not_picked":["Moonworks:StarBlastingFuse","Moonworks:GoAway"],"picked":"Moonworks:MetallicMonocoque","floor":16},{"not_picked":["Moonworks:CompletionReward","Moonworks:CloudOfSeagulls"],"picked":"Moonworks:x16BigRocket","floor":18},{"not_picked":["Moonworks:SakisCookie","Moonworks:x16BigRocket","Moonworks:EvilSpyWorkPreparation"],"picked":"SKIP","floor":19},{"not_picked":["Moonworks:IndiscriminateFireSupport","Moonworks:ShieldCounter"],"picked":"Moonworks:LulusLuckyEgg+1","floor":22},{"not_picked":["Moonworks:StiffCrystal+1","Moonworks:ImOnFire+1"],"picked":"Moonworks:WindyEnchantment+1","floor":27},{"not_picked":["Moonworks:LulusLuckyEgg+1","Moonworks:IndiscriminateFireSupport"],"picked":"Moonworks:OutOfAmmo","floor":28},{"not_picked":["Moonworks:MiracleRedBeanIceCream+1","Moonworks:CloudOfSeagulls"],"picked":"Moonworks:IntelligenceOfficer+1","floor":29},{"not_picked":["Moonworks:JonathanRush","Moonworks:LulusLuckyEgg+1","Moonworks:Dinner+1"],"picked":"SKIP","floor":30},{"not_picked":["Moonworks:ImOnFire+1","Moonworks:IndiscriminateFireSupport"],"picked":"Moonworks:BigBangBell+1","floor":31},{"not_picked":["Moonworks:MeltingMemories","Moonworks:Gamble"],"picked":"Moonworks:WeAreWaruda+1","floor":33},{"not_picked":["Moonworks:CloudOfSeagulls+1","Moonworks:BigMagnum+1","Moonworks:ImOnFire+1"],"picked":"Moonworks:AngelHand+1","floor":35},{"not_picked":["Moonworks:EvilSpyWorkPreparation+1","Moonworks:WindyEnchantment+1","Moonworks:JonathanRush"],"picked":"Moonworks:SealedMemories+1","floor":36},{"not_picked":["Moonworks:EvilSpyWorkPreparation+1","Moonworks:DeployBits+1","Moonworks:MixPhenomenon+1"],"picked":"Moonworks:CompletionReward+1","floor":39},{"not_picked":["Moonworks:CloudOfSeagulls","Moonworks:WindyEnchantment+1","Moonworks:WeAreWaruda+1"],"picked":"Moonworks:IndiscriminateFireSupport+1","floor":40},{"not_picked":["Moonworks:ImOnFire+1","Moonworks:ReproductionOfRecords+1","Moonworks:WindyEnchantment+1"],"picked":"Moonworks:BigMagnum+1","floor":41},{"not_picked":["Moonworks:Assault+1","Moonworks:LulusLuckyEgg+1","Moonworks:IndiscriminateFireSupport+1"],"picked":"Moonworks:Bloodlust+1","floor":42},{"not_picked":["Moonworks:FullSpeedAlicianrone+1","Moonworks:LulusLuckyEgg+1","Moonworks:Dinner+1"],"picked":"Moonworks:StiffCrystal+1","floor":45},{"not_picked":["Moonworks:MiracleRedBeanIceCream+1","Moonworks:SealedMemories+1","Moonworks:WindyEnchantment+1"],"picked":"Moonworks:BigBangBell+1","floor":48},{"not_picked":["Moonworks:BigMagnum+1","Moonworks:Dinner+1","Moonworks:CloudOfSeagulls+1"],"picked":"Moonworks:CrystalBarrier","floor":54}],"player_experience":2183307,"relics_obtained":[{"floor":2,"key":"Ring of Peace"},{"floor":7,"key":"Replay:Mystery Machine"},{"floor":9,"key":"Meat on the Bone"},{"floor":14,"key":"Regal Pillow"},{"floor":26,"key":"Shovel"},{"floor":29,"key":"Gremlin Food"},{"floor":31,"key":"ReplayTheSpireMod:Lightbulb"},{"floor":40,"key":"Girya"},{"floor":43,"key":"Runesmith:Nanobots"},{"floor":45,"key":"Unceasing Top"},{"floor":52,"key":"Divine Protection"},{"floor":54,"key":"Replay:Arrowhead"}],"event_choices":[{"damage_healed":60,"gold_gain":0,"player_choice":"Upgrade","damage_taken":12,"max_hp_gain":0,"max_hp_loss":60,"event_name":"betterThird:BetterShining","floor":3,"gold_loss":0,"cards_upgraded":["Moonworks:LongDistanceShot","Moonworks:RedAndBlue"]},{"cards_removed":["Amnesia"],"damage_healed":0,"gold_gain":0,"player_choice":"Forget","damage_taken":0,"max_hp_gain":0,"max_hp_loss":0,"event_name":"Living Wall","floor":4,"gold_loss":0},{"damage_healed":0,"gold_gain":75,"player_choice":"Gold","damage_taken":11,"max_hp_gain":0,"max_hp_loss":0,"event_name":"betterThird:BetterGoop","floor":5,"gold_loss":0},{"damage_healed":0,"gold_gain":0,"player_choice":"Take Damage","damage_taken":15,"relics_obtained":["Golden Idol"],"max_hp_gain":0,"max_hp_loss":0,"event_name":"Golden Idol","floor":10,"gold_loss":0},{"damage_healed":0,"gold_gain":0,"player_choice":"Searched \u00272\u0027 times","damage_taken":0,"max_hp_gain":0,"max_hp_loss":0,"event_name":"Dead Adventurer","floor":14,"gold_loss":0},{"damage_healed":0,"gold_gain":0,"player_choice":"Simplicity","damage_taken":0,"max_hp_gain":0,"max_hp_loss":8,"event_name":"betterThird:BetterWriting","floor":20,"gold_loss":0},{"damage_healed":0,"gold_gain":0,"player_choice":"Upgraded","damage_taken":0,"max_hp_gain":0,"max_hp_loss":0,"event_name":"Upgrade Shrine","floor":21,"gold_loss":0,"cards_upgraded":["Moonworks:MetallicMonocoque"]},{"damage_healed":11,"gold_gain":0,"player_choice":"Full Heal","damage_taken":0,"max_hp_gain":0,"max_hp_loss":0,"event_name":"Wheel of Change","floor":25,"gold_loss":0},{"cards_removed":["Moonworks:LuckyCharm"],"damage_healed":0,"gold_gain":0,"player_choice":"Removed Skill","damage_taken":0,"max_hp_gain":0,"max_hp_loss":0,"event_name":"Falling","floor":37,"gold_loss":0},{"cards_removed":["TheCursedMod:Dregs"],"damage_healed":0,"gold_gain":0,"player_choice":"Removed Curses","damage_taken":0,"max_hp_gain":0,"max_hp_loss":0,"event_name":"Fountain of Cleansing","floor":38,"gold_loss":0},{"damage_healed":0,"gold_gain":0,"player_choice":"Fight","damage_taken":0,"max_hp_gain":0,"max_hp_loss":0,"event_name":"MindBloom","floor":45,"gold_loss":0},{"damage_healed":0,"gold_gain":0,"player_choice":"Ignored","damage_taken":0,"max_hp_gain":0,"max_hp_loss":0,"event_name":"Tomb of Lord Red Mask","floor":46,"gold_loss":0},{"damage_healed":0,"gold_gain":333,"player_choice":"Gave Idol","damage_taken":0,"max_hp_gain":0,"max_hp_loss":0,"event_name":"The Moai Head","floor":47,"relics_lost":["Golden Idol"],"gold_loss":0}],"is_beta":false,"boss_relics":[{"not_picked":["SlaversCollar","Ectoplasm"],"picked":"Cursed Key"},{"not_picked":["Replay:Bronze Core","Pandora\u0027s Box"],"picked":"Honey Jar"}],"items_purged_floors":[24,44],"is_endless":false,"potions_floor_spawned":[1,12,13,18,29,30,33,36,40,42,45,54],"ascension_level":0}}