{"host":"z9811rt50ti81n54","time":1610329281,"event":{"mods":["BaseMod","Better Match","Better Sensory Stone","Better Skull","Better Third Choice","Minty Spire (QoL Compilation)","Permanent Neow","StSLib","SuperFastMode"],"gold_per_floor":[116,191,191,209,288,13,28,42,68,88,88,122,24,36,36,138,138,149,149,23,41,41,41,41,41,41,73,73,88,88,106,106,217,229,258,283,307,319,331,343,374,386,398,258,258,20,34,54,54,54],"floor_reached":51,"playtime":2137,"items_purged":["Strike_P","Strike_P","Strike_P","Writhe","Parasite"],"score":717,"play_id":"48fdd2aa-4427-4ed4-96e8-4cf7221e0632","local_time":"20210111104121","is_ascension_mode":false,"campfire_choices":[{"data":"Bandage Up","floor":11.0,"key":"SMITH"},{"data":"Devotion","floor":15.0,"key":"SMITH"},{"floor":23.0,"key":"REST"},{"floor":25.0,"key":"RECALL"},{"floor":28.0,"key":"REST"},{"floor":32.0,"key":"DIG"},{"floor":40.0,"key":"DIG"},{"floor":42.0,"key":"DIG"},{"floor":45.0,"key":"DIG"},{"floor":49,"key":"DIG"}],"circlet_count":0,"master_deck":["Defend_P","Defend_P","Defend_P","Defend_P+1","Eruption+1","Vigilance","Consecrate","Weave","Bandage Up+1","Wireheading","FlyingSleeves","JustLucky","CutThroughFate","Halt","Wallop","Devotion+1","DevaForm","EmptyMind","ConjureBlade","ThirdEye+1","DevaForm","ConjureBlade","Flash of Steel","BowlingBash+1"],"relics":["SacredBark","Darkstone Periapt","Smiling Mask","Oddly Smooth Stone","Fusion Hammer","Boot","Shovel","Damaru","CaptainsWheel","MawBank","Coffee Dripper","Lizard Tail","Orichalcum","Mummified Hand","The Courier","Lee\u0027s Waffle","Gambling Chip"],"acts_visited":["Exordium","TheCity","TheBeyond"],"potions_floor_usage":[50,50],"damage_taken":[{"damage":3.0,"enemies":"Small Slimes","floor":1.0,"turns":4.0},{"damage":0.0,"enemies":"Jaw Worm","floor":4.0,"turns":2.0},{"damage":2.0,"enemies":"2 Louse","floor":7.0,"turns":3.0},{"damage":2.0,"enemies":"2 Fungi Beasts","floor":8.0,"turns":4.0},{"damage":0.0,"enemies":"Red Slaver","floor":10.0,"turns":2.0},{"damage":0.0,"enemies":"Gremlin Nob","floor":12.0,"turns":2.0},{"damage":6.0,"enemies":"Exordium Thugs","floor":14.0,"turns":3.0},{"damage":7.0,"enemies":"Hexaghost","floor":16.0,"turns":9.0},{"damage":5.0,"enemies":"3 Byrds","floor":18.0,"turns":6.0},{"damage":11.0,"enemies":"Spheric Guardian","floor":21.0,"turns":4.0},{"damage":39.0,"enemies":"Book of Stabbing","floor":27.0,"turns":6.0},{"damage":15.0,"enemies":"3 Cultists","floor":29.0,"turns":5.0},{"damage":2.0,"enemies":"Centurion and Healer","floor":31.0,"turns":4.0},{"damage":28.0,"enemies":"Collector","floor":33.0,"turns":7.0},{"damage":12.0,"enemies":"3 Darklings","floor":35.0,"turns":5.0},{"damage":11.0,"enemies":"3 Shapes","floor":36.0,"turns":8.0},{"damage":21.0,"enemies":"Spire Growth","floor":37.0,"turns":5.0},{"damage":8.0,"enemies":"Writhing Mass","floor":41.0,"turns":7.0},{"damage":12,"enemies":"3 Darklings","floor":47,"turns":4},{"damage":9,"enemies":"Jaw Worm Horde","floor":48,"turns":5},{"damage":79,"enemies":"Awakened One","floor":50,"turns":10}],"seed_played":"2426063079289905006","potions_obtained":[{"floor":8.0,"key":"GamblersBrew"},{"floor":12.0,"key":"StancePotion"},{"floor":16.0,"key":"FearPotion"},{"floor":29.0,"key":"Swift Potion"},{"floor":33.0,"key":"Block Potion"},{"floor":41.0,"key":"LiquidBronze"},{"floor":47,"key":"Regen Potion"}],"is_trial":false,"path_per_floor":["M","?","?","M","T","$","M","M","T","M","R","E","$","M","R","B",null,"M","?","$","M","?","R","?","R","T","E","R","M","T","M","R","B",null,"M","M","M","?","?","R","M","R","T","$","R","$","M","M","R","B",null],"character_chosen":"WATCHER","items_purchased":["Bandage Up","Wireheading","FlyingSleeves","Dexterity Potion","ConjureBlade","FairyPotion","Lee\u0027s Waffle","Flash of Steel"],"campfire_rested":2,"item_purchase_floors":[6,6,6,13,20,44,46,46],"current_hp_per_floor":[69,58,44,44,44,44,46,48,48,52,52,52,52,46,46,45,72,72,72,72,61,48,71,71,71,71,38,61,52,52,56,56,34,77,65,60,45,45,70,70,74,74,74,74,74,93,87,84,84,60],"gold":54,"neow_bonus":"BOSS_RELIC","is_daily":false,"chose_seed":false,"campfire_upgraded":2,"win_rate":0.0,"timestamp":1610329281,"path_taken":["M","?","?","M","?","$","M","M","T","M","R","E","$","M","R","BOSS","M","?","$","M","?","R","?","R","T","E","R","?","?","M","R","BOSS","M","M","M","?","?","R","M","R","T","?","R","$","M","M","R","BOSS"],"items_purchased_type":["Card","Card","Card","Potion","Card","Potion","Relic","Card"],"build_version":"2020-12-22","purchased_purges":5,"victory":true,"max_hp_per_floor":[72,72,72,72,72,72,72,72,72,72,72,72,72,72,72,72,72,72,72,72,72,77,77,77,77,77,77,77,77,77,77,77,77,77,77,77,77,77,83,83,89,89,89,89,89,93,93,93,93,93],"card_choices":[{"not_picked":["EmptyBody","ClearTheMind"],"picked":"Consecrate","floor":1.0},{"not_picked":["Evaluate","Consecrate"],"picked":"Weave","floor":4.0},{"not_picked":["Pray","EmptyFist"],"picked":"JustLucky","floor":7.0},{"not_picked":["Vengeance","Crescendo"],"picked":"CutThroughFate","floor":8.0},{"not_picked":["BattleHymn","FollowUp"],"picked":"Halt","floor":10.0},{"not_picked":["BowlingBash","EmptyMind"],"picked":"Wallop","floor":12.0},{"not_picked":["Wallop","Prostrate"],"picked":"Devotion","floor":14.0},{"not_picked":["Blasphemy","Wish"],"picked":"DevaForm","floor":16.0},{"not_picked":["Halt+1","ClearTheMind"],"picked":"EmptyMind","floor":18.0},{"not_picked":["WreathOfFlame","EmptyBody+1"],"picked":"ThirdEye+1","floor":21.0},{"not_picked":["Evaluate","FollowUp","Tantrum"],"picked":"SKIP","floor":27.0},{"not_picked":["EmptyBody","FlurryOfBlows","PathToVictory"],"picked":"SKIP","floor":29.0},{"not_picked":["CutThroughFate","Evaluate"],"picked":"DevaForm","floor":31.0},{"not_picked":["Vault","Wish"],"picked":"ConjureBlade","floor":33.0},{"not_picked":["ClearTheMind","PathToVictory+1","Prostrate+1"],"picked":"SKIP","floor":35.0},{"not_picked":["ThirdEye","Sanctity","EmptyBody"],"picked":"SKIP","floor":36.0},{"not_picked":["Halt+1","Wireheading+1","Tantrum"],"picked":"SKIP","floor":37.0},{"not_picked":["FollowUp","Meditate","Halt"],"picked":"SKIP","floor":41.0},{"not_picked":["Vengeance","MentalFortress"],"picked":"BowlingBash+1","floor":47},{"not_picked":["JustLucky","Nirvana","PathToVictory"],"picked":"SKIP","floor":48}],"player_experience":363800,"relics_obtained":[{"floor":5.0,"key":"Darkstone Periapt"},{"floor":9.0,"key":"Smiling Mask"},{"floor":12.0,"key":"Oddly Smooth Stone"},{"floor":26.0,"key":"Shovel"},{"floor":27.0,"key":"Damaru"},{"floor":30.0,"key":"CaptainsWheel"},{"floor":32.0,"key":"MawBank"},{"floor":40.0,"key":"Lizard Tail"},{"floor":42.0,"key":"Orichalcum"},{"floor":43.0,"key":"Mummified Hand"},{"floor":45.0,"key":"The Courier"},{"floor":49,"key":"Gambling Chip"}],"event_choices":[{"damage_healed":0.0,"max_hp_gain":0.0,"max_hp_loss":0.0,"gold_gain":75.0,"event_name":"World of Goop","player_choice":"Gather Gold","floor":2.0,"gold_loss":0.0,"damage_taken":11.0},{"damage_healed":0.0,"max_hp_gain":0.0,"max_hp_loss":0.0,"gold_gain":0.0,"event_name":"Shining Light","player_choice":"Entered Light","floor":3.0,"gold_loss":0.0,"damage_taken":14.0,"cards_upgraded":["Eruption","Defend_P"]},{"damage_healed":0.0,"max_hp_gain":0.0,"max_hp_loss":0.0,"gold_gain":0.0,"event_name":"The Mausoleum","player_choice":"Opened","floor":19.0,"gold_loss":0.0,"damage_taken":0.0,"relics_obtained":["Boot"]},{"damage_healed":0.0,"max_hp_gain":5.0,"max_hp_loss":0.0,"gold_gain":0.0,"event_name":"Forgotten Altar","player_choice":"Shed Blood","floor":22.0,"gold_loss":0.0,"damage_taken":18.0},{"cards_removed":["Strike_P"],"damage_healed":0.0,"max_hp_gain":0.0,"max_hp_loss":0.0,"gold_gain":0.0,"event_name":"Purifier","player_choice":"Purged","floor":24.0,"gold_loss":0.0,"damage_taken":0.0},{"damage_healed":0.0,"max_hp_gain":0.0,"max_hp_loss":0.0,"gold_gain":0.0,"event_name":"Mysterious Sphere","player_choice":"Ignored","floor":38.0,"gold_loss":0.0,"damage_taken":0.0},{"damage_healed":19.0,"max_hp_gain":0.0,"max_hp_loss":0.0,"gold_gain":0.0,"event_name":"Winding Halls","player_choice":"Writhe","floor":39.0,"gold_loss":0.0,"damage_taken":0.0,"cards_obtained":["Writhe"]}],"is_beta":false,"boss_relics":[{"not_picked":["Philosopher\u0027s Stone","Cursed Key"],"picked":"Fusion Hammer"},{"not_picked":["Runic Pyramid","Velvet Choker"],"picked":"Coffee Dripper"}],"items_purged_floors":[6,13,20,44,46],"is_endless":false,"potions_floor_spawned":[8,12,16,29,33,41,47],"ascension_level":0}}