{"host":"roqztpbdbchtekes","time":1610370649,"event":{"mods":["A Magickal Journey","AchievementEnabler","BaseMod","Better Note","Better Third Choice","BetterRewards","Block Reminder","Colored Map","Colored Powertips","Curses Come First","DeckTracker","Minty Spire (QoL Compilation)","Relic Stats","Spicy Shops","StSLib"],"gold_per_floor":[114,39,39,54,54,54,388,388,435,63,82,97,97,116,116,216,216,229,154,154,170,189,189,219,219,219,231,231,231],"floor_reached":28,"playtime":1761,"items_purged":["Shame","Strike_B"],"score":423,"play_id":"2d89485b-ef01-4165-9128-6efae626382d","local_time":"20210111141049","is_ascension_mode":true,"campfire_choices":[{"floor":6,"key":"DIG"},{"floor":8,"key":"DIG"},{"floor":13,"key":"DIG"},{"floor":15,"key":"DIG"},{"data":"Footwork","floor":23,"key":"SMITH"},{"floor":25,"key":"DIG"}],"circlet_count":0,"master_deck":["Strike_B","Defend_B","Defend_B","Defend_B","Defend_B","Zap","Dualcast","Capacitor","Barrage","Shrug It Off","Rainbow","Cold Snap","Corpse Explosion","Footwork+1","Sunder+1"],"relics":["Cracked Core","Meat on the Bone","PrismaticShard","Lantern","Shovel","Frozen Eye","Art of War","Gremlin Horn","Old Coin","Bottled Lightning","Chemical X","Eternal Feather","The Courier","Coffee Dripper","Toy Ornithopter","Omamori","Turnip"],"acts_visited":["Exordium","TheCity"],"potions_floor_usage":[11,24,28],"damage_taken":[{"damage":5,"enemies":"Cultist","floor":1,"turns":4},{"damage":12,"enemies":"Jaw Worm","floor":4,"turns":3},{"damage":20,"enemies":"Lagavulin","floor":7,"turns":7},{"damage":0,"enemies":"Small Slimes","floor":11,"turns":1},{"damage":2,"enemies":"Exordium Thugs","floor":12,"turns":4},{"damage":0,"enemies":"3 Louse","floor":14,"turns":2},{"damage":28,"enemies":"Hexaghost","floor":16,"turns":10},{"damage":10,"enemies":"Shell Parasite","floor":18,"turns":5},{"damage":27,"enemies":"Spheric Guardian","floor":21,"turns":6},{"damage":26,"enemies":"3 Cultists","floor":22,"turns":4},{"damage":44,"enemies":"Slavers","floor":24,"turns":5},{"damage":24,"enemies":"Shelled Parasite and Fungi","floor":27,"turns":6},{"damage":31,"enemies":"Book of Stabbing","floor":28,"turns":5}],"seed_played":"6306525144158298495","potions_obtained":[{"floor":4,"key":"Explosive Potion"},{"floor":12,"key":"FairyPotion"},{"floor":16,"key":"Ancient Potion"},{"floor":20,"key":"SmokeBomb"},{"floor":22,"key":"Weak Potion"},{"floor":27,"key":"LiquidBronze"}],"is_trial":false,"path_per_floor":["M","$","?","M","?","R","E","R","T","$","M","M","R","M","R","B",null,"M","?","?","M","M","R","E","R","T","M","E"],"character_chosen":"DEFECT","items_purchased":["Capacitor","Meat on the Bone","PrismaticShard","Lantern","Hologram","Frozen Eye","Chemical X","Rainbow"],"campfire_rested":0,"item_purchase_floors":[0,0,0,0,0,2,10,10],"current_hp_per_floor":[45,45,45,45,45,45,37,37,37,37,49,47,47,47,53,37,66,56,56,56,41,27,33,32,38,38,26,0,0],"gold":231,"neow_bonus":"","is_daily":false,"chose_seed":false,"campfire_upgraded":1,"win_rate":0.0,"timestamp":1610370649,"path_taken":["M","?","?","?","?","R","E","R","T","$","M","?","R","M","R","BOSS","M","?","?","?","M","R","E","R","T","M","E"],"items_purchased_type":["Card","Relic","Relic","Relic","Card","Relic","Relic","Card"],"build_version":"2020-12-22","purchased_purges":2,"victory":false,"max_hp_per_floor":[75,75,75,75,75,75,75,75,75,75,75,75,75,75,75,75,75,75,75,75,75,75,75,75,75,75,75,75,75],"relic_stats":{"Shovel":5,"Gremlin Horn":[5,5],"counters":[88,352],"Eternal Feather":18,"Turnip":[2],"Art of War":[13],"Chemical X":[1],"obtain_stats":[{"Ice Cream":45,"Tiny House":34,"Gremlin Horn":44,"Vajra":0,"Whetstone":43,"FrozenCore":17,"Old Coin":7,"Blood Vial":0,"Centennial Puzzle":11,"Lizard Tail":46,"HornCleat":13,"Kunai":9,"Toxic Egg 2":29,"Girya":0,"Pear":11,"Happy Flower":54,"Dead Branch":0,"Eternal Feather":13,"Letter Opener":42,"War Paint":44,"Cables":9,"Shuriken":0,"Bird Faced Urn":3,"Nloth\u0027s Gift":24,"Symbiotic Virus":0,"Pocketwatch":0,"Meat on the Bone":0,"Regal Pillow":23,"Lantern":8,"Singing Bowl":23,"Enchiridion":31,"Juzu Bracelet":29,"Bag of Preparation":9,"Empty Cage":17,"Cursed Key":34,"PrismaticShard":0,"Frozen Eye":2,"Emotion Chip":7,"Dream Catcher":42,"TheAbacus":29,"Shovel":0,"Mummified Hand":46,"Chemical X":10,"Cracked Core":0,"Runic Pyramid":17,"Potion Belt":13,"NeowsBlessing":0,"Golden Idol":12,"Thread and Needle":0,"PreservedInsect":0,"The Courier":15,"Omamori":39,"Frozen Egg 2":24,"Medical Kit":0,"White Beast Statue":27,"Strange Spoon":0,"DataDisk":26,"CaptainsWheel":40,"Busted Crown":34,"Turnip":26,"Art of War":0,"Bag of Marbles":28,"Coffee Dripper":17,"Membership Card":39,"Bottled Lightning":8,"TungstenRod":0,"Toy Ornithopter":40},{"Ice Cream":24,"Tiny House":16,"Gremlin Horn":23,"Vajra":29,"Whetstone":45,"FrozenCore":36,"Old Coin":78,"Blood Vial":29,"Centennial Puzzle":5,"Lizard Tail":24,"HornCleat":55,"Kunai":32,"Toxic Egg 2":42,"Girya":29,"Pear":33,"Happy Flower":28,"Dead Branch":48,"Eternal Feather":80,"Letter Opener":45,"War Paint":46,"Cables":4,"Shuriken":29,"Bird Faced Urn":1,"Nloth\u0027s Gift":39,"Symbiotic Virus":0,"Pocketwatch":48,"Meat on the Bone":75,"Regal Pillow":39,"Lantern":53,"Singing Bowl":60,"Enchiridion":42,"Juzu Bracelet":42,"Bag of Preparation":53,"Empty Cage":8,"Cursed Key":66,"PrismaticShard":75,"Frozen Eye":76,"Emotion Chip":4,"Dream Catcher":22,"TheAbacus":42,"Shovel":75,"Mummified Hand":24,"Chemical X":78,"Cracked Core":0,"Runic Pyramid":57,"Potion Belt":34,"NeowsBlessing":52,"Golden Idol":33,"Thread and Needle":0,"PreservedInsect":0,"The Courier":81,"Omamori":19,"Frozen Egg 2":11,"Medical Kit":29,"White Beast Statue":13,"Strange Spoon":0,"DataDisk":12,"CaptainsWheel":70,"Busted Crown":43,"Turnip":86,"Art of War":29,"Bag of Marbles":42,"Coffee Dripper":82,"Membership Card":19,"Bottled Lightning":78,"TungstenRod":0,"Toy Ornithopter":20},{"Ice Cream":86,"Tiny House":57,"Gremlin Horn":83,"Vajra":102,"Whetstone":170,"FrozenCore":124,"Old Coin":304,"Blood Vial":102,"Centennial Puzzle":18,"Lizard Tail":86,"HornCleat":197,"Kunai":111,"Toxic Egg 2":150,"Girya":102,"Pear":113,"Happy Flower":96,"Dead Branch":178,"Eternal Feather":309,"Letter Opener":170,"War Paint":175,"Cables":13,"Shuriken":102,"Bird Faced Urn":3,"Nloth\u0027s Gift":135,"Symbiotic Virus":0,"Pocketwatch":178,"Meat on the Bone":290,"Regal Pillow":135,"Lantern":194,"Singing Bowl":215,"Enchiridion":150,"Juzu Bracelet":150,"Bag of Preparation":194,"Empty Cage":27,"Cursed Key":251,"PrismaticShard":290,"Frozen Eye":294,"Emotion Chip":13,"Dream Catcher":80,"TheAbacus":150,"Shovel":290,"Mummified Hand":86,"Chemical X":304,"Cracked Core":0,"Runic Pyramid":205,"Potion Belt":117,"NeowsBlessing":193,"Golden Idol":113,"Thread and Needle":0,"PreservedInsect":0,"The Courier":311,"Omamori":66,"Frozen Egg 2":39,"Medical Kit":102,"White Beast Statue":44,"Strange Spoon":0,"DataDisk":42,"CaptainsWheel":265,"Busted Crown":159,"Turnip":341,"Art of War":102,"Bag of Marbles":150,"Coffee Dripper":321,"Membership Card":66,"Bottled Lightning":304,"TungstenRod":0,"Toy Ornithopter":72}],"Toy Ornithopter":5,"Meat on the Bone":108},"card_choices":[{"not_picked":["Magicka:FastLifeCard","Bane"],"picked":"Barrage","floor":1},{"not_picked":["Heavy Blade","Magicka:SlipperyDeathCard","Evaluate"],"picked":"SKIP","floor":4},{"not_picked":["Deflect","Limit Break"],"picked":"Shrug It Off","floor":7},{"not_picked":["Rampage","Magicka:SlipperyLifeCard"],"picked":"Cold Snap","floor":11},{"not_picked":["Magicka:SnowballCard","Beam Cell","Magicka:FastFireCard"],"picked":"SKIP","floor":12},{"not_picked":["JustLucky","Crescendo","Magicka:CreateSteamCard"],"picked":"SKIP","floor":14},{"not_picked":["A Thousand Cuts","Brutality"],"picked":"Corpse Explosion","floor":16},{"not_picked":["Evaluate","Deflect+1","Dagger Spray"],"picked":"SKIP","floor":18},{"not_picked":["Magicka:SlipperyStoneCard","Twin Strike+1","Sucker Punch"],"picked":"SKIP","floor":21},{"not_picked":["Consecrate+1","Force Field+1"],"picked":"Footwork","floor":22},{"not_picked":["ClearTheMind","Panacea","Headbutt+1"],"picked":"SKIP","floor":24},{"not_picked":["Magicka:RainCard","FlurryOfBlows"],"picked":"Sunder+1","floor":27}],"player_experience":306185,"relics_obtained":[{"floor":6,"key":"Gremlin Horn"},{"floor":7,"key":"Old Coin"},{"floor":8,"key":"Bottled Lightning"},{"floor":13,"key":"Eternal Feather"},{"floor":15,"key":"The Courier"},{"floor":24,"key":"Toy Ornithopter"},{"floor":25,"key":"Omamori"},{"floor":26,"key":"Turnip"}],"event_choices":[{"cards_removed":["Hologram"],"damage_healed":0,"gold_gain":0,"player_choice":"Gave Card","damage_taken":0,"relics_obtained":["Art of War"],"max_hp_gain":0,"max_hp_loss":0,"event_name":"WeMeetAgain","floor":3,"gold_loss":0},{"cards_removed":["Strike_B"],"damage_healed":0,"gold_gain":0,"player_choice":"Offered Basic","damage_taken":0,"max_hp_gain":0,"max_hp_loss":0,"event_name":"Bonfire Elementals","floor":5,"gold_loss":0},{"cards_removed":["Strike_B"],"damage_healed":0,"gold_gain":0,"player_choice":"Gave Gold","damage_taken":0,"max_hp_gain":0,"max_hp_loss":0,"event_name":"Beggar","floor":19,"gold_loss":75},{"damage_healed":0,"gold_gain":0,"player_choice":"Got Potions","damage_taken":0,"max_hp_gain":0,"max_hp_loss":0,"event_name":"Lab","floor":20,"gold_loss":0}],"is_beta":false,"boss_relics":[{"not_picked":["Ectoplasm","Snecko Eye"],"picked":"Coffee Dripper"}],"items_purged_floors":[0,10],"is_endless":false,"potions_floor_spawned":[4,12,16,22,27],"killed_by":"Book of Stabbing","ascension_level":5}}