{"host":"refsn2q8at3dn95k","time":1610393085,"event":{"mods":["BaseMod","Hubris","Infinite Spire","Minty Spire (QoL Compilation)","Replay The Spire","StSLib","The Jungle"],"gold_per_floor":[118,293,305,305,380,380,405,405,429,443,461,461,461,461,478,493,493,589,589,604,10,23,23,23],"floor_reached":23,"playtime":1590,"items_purged":[],"score":296,"play_id":"981b9554-2aa1-47bd-a83d-bfdbd56badc4","local_time":"20210111132445","is_ascension_mode":true,"campfire_choices":[{"data":"FIFO Queue","floor":6,"key":"SMITH"},{"floor":8,"key":"REST"},{"floor":12,"key":"REST"},{"floor":17,"key":"REST"}],"circlet_count":0,"master_deck":["AscendersBane","Strike_B","Strike_B","Strike_B","Strike_B","Defend_B","Defend_B","Defend_B","Dualcast","Glacier","FIFO Queue+1","Ball Lightning+1","hubris:PowerSurge","Echo Form","hubris:PowerSurge"],"relics":["hubris:RunicObelisk","Bronze Scales","Empty Cage","Gremlin Food","hubris:FunFungus","DollysMirror"],"acts_visited":["Exordium","TheCity"],"potions_floor_usage":[7,15,16],"damage_taken":[{"damage":2,"enemies":"2 Louse","floor":1,"turns":3},{"damage":0,"enemies":"Jaw Worm","floor":3,"turns":6},{"damage":42,"enemies":"Gremlin Nob","floor":7,"turns":6},{"damage":6,"enemies":"Small Slimes","floor":10,"turns":5},{"damage":1,"enemies":"Exordium Wildlife","floor":11,"turns":5},{"damage":19,"enemies":"Gremlin Gang","floor":15,"turns":7},{"damage":9,"enemies":"Red Slaver","floor":16,"turns":2},{"damage":46,"enemies":"Hexaghost","floor":18,"turns":15},{"damage":34,"enemies":"2 Thieves","floor":20,"turns":3},{"damage":40,"enemies":"Spheric Guardian","floor":22,"turns":6}],"seed_played":"2866591303786190362","potions_obtained":[{"floor":3,"key":"BlessingOfTheForge"},{"floor":11,"key":"Strength Potion"},{"floor":15,"key":"Ancient Potion"},{"floor":18,"key":"FairyPotion"},{"floor":22,"key":"BlessingOfTheForge"}],"is_trial":false,"path_per_floor":["M","?","M","?","?","R","E","R","T","M","M","R","PTL","PTL","M","M","R","B",null,"M","$","M","?"],"character_chosen":"DEFECT","items_purchased":["Gremlin Food","hubris:FunFungus","DollysMirror"],"campfire_rested":3,"item_purchase_floors":[21,21,21],"current_hp_per_floor":[66,66,66,66,59,59,17,39,39,33,32,54,54,54,35,26,48,2,57,23,23,7,0,0],"gold":23,"neow_bonus":"BOSS_RELIC","is_daily":false,"chose_seed":false,"campfire_upgraded":1,"win_rate":0.0,"timestamp":1610393085,"path_taken":["M","?","M","?","?","R","E","R","T","M","M","R","PTL","PTL","M","?","R","BOSS","M","$","M","?"],"items_purchased_type":["Relic","Relic","Relic"],"build_version":"2020-12-22","purchased_purges":0,"victory":false,"max_hp_per_floor":[75,75,75,75,75,75,75,75,75,75,75,75,75,75,75,75,75,75,75,75,75,75,80,80],"card_choices":[{"not_picked":["Streamline","Barrage"],"picked":"Glacier","floor":1},{"not_picked":["Go for the Eyes","Redo"],"picked":"FIFO Queue","floor":3},{"not_picked":["Go for the Eyes","Undo","FIFO Queue"],"picked":"SKIP","floor":7},{"not_picked":["Amplify","ReplayGash","hubris:Ukulele"],"picked":"SKIP","floor":10},{"not_picked":["Turbo","Barrage","Darkness"],"picked":"SKIP","floor":11},{"not_picked":["Compile Driver","Stack","Go for the Eyes"],"picked":"SKIP","floor":15},{"not_picked":["Ball Lightning","Cold Snap"],"picked":"hubris:PowerSurge","floor":16},{"not_picked":["Buffer","Electrodynamics"],"picked":"Echo Form","floor":18},{"not_picked":["Rebound","Ball Lightning","Redo+1"],"picked":"SKIP","floor":20},{"not_picked":["Barrage","Force Field","Steam+1"],"picked":"SKIP","floor":22}],"player_experience":1612287,"relics_obtained":[{"floor":7,"key":"Bronze Scales"}],"event_choices":[{"damage_healed":0,"gold_gain":175,"player_choice":"AGREE","damage_taken":0,"max_hp_gain":0,"max_hp_loss":0,"event_name":"Liars Game","floor":2,"gold_loss":0,"cards_obtained":["Doubt"]},{"damage_healed":0,"gold_gain":75,"player_choice":"Touch","damage_taken":7,"max_hp_gain":0,"max_hp_loss":0,"event_name":"FaceTrader","floor":5,"gold_loss":0}],"is_beta":false,"boss_relics":[{"not_picked":["hubris:Stopwatch","Sozu"],"picked":"Empty Cage"}],"items_purged_floors":[],"is_endless":false,"potions_floor_spawned":[3,11,15,18,22],"ascension_level":11}}