{"host":"qy4anwei0ctnk0kd","time":1610323919,"event":{"mods":["BaseMod","Minty Spire (QoL Compilation)"],"gold_per_floor":[117,117,131,142,142,142,155,155,178,198,212,223,251,251,251,354,354,368,379,379,399,419,419,444,454,500,500,517,528,528,560,560,659,659,670,275,288,145,159,159,159,194,194,110,110,110],"floor_reached":45,"playtime":8210,"items_purged":[],"score":513,"play_id":"6920af14-a655-4f36-80d0-0826d36595cf","local_time":"20210110191159","is_ascension_mode":true,"campfire_choices":[{"data":"BattleHymn","floor":6,"key":"SMITH"},{"floor":8,"key":"REST"},{"floor":15,"key":"REST"},{"floor":23,"key":"REST"},{"floor":30,"key":"REST"},{"floor":32,"key":"REST"},{"floor":40,"key":"REST"}],"circlet_count":0,"master_deck":["Strike_P","Strike_P+1","Strike_P","Defend_P","Defend_P","Defend_P","Defend_P","Eruption+1","Vigilance","FlyingSleeves","BattleHymn+1","Wallop+1","EmptyBody","Judgement","Conclude","Consecrate","Protect","Prostrate","Wallop+1","EmptyFist+1","Swivel+1","ReachHeaven","SandsOfTime","SpiritShield","DeceiveReality+1","Prostrate+1","Bandage Up"],"relics":["PureWater","Art of War","Regal Pillow","Pen Nib","Omamori","Lizard Tail","Whetstone","Mummified Hand","VioletLotus","Meat on the Bone","Sling","TheAbacus","Nunchaku"],"acts_visited":["Exordium","TheCity","TheBeyond"],"potions_floor_usage":[16,19,24,24,24,33,33,42],"damage_taken":[{"damage":2,"enemies":"2 Louse","floor":1,"turns":3},{"damage":0,"enemies":"Small Slimes","floor":3,"turns":2},{"damage":1,"enemies":"Jaw Worm","floor":4,"turns":3},{"damage":8,"enemies":"Lots of Slimes","floor":7,"turns":4},{"damage":13,"enemies":"2 Fungi Beasts","floor":10,"turns":3},{"damage":5,"enemies":"Red Slaver","floor":11,"turns":3},{"damage":2,"enemies":"Looter","floor":12,"turns":3},{"damage":5,"enemies":"3 Sentries","floor":13,"turns":4},{"damage":34,"enemies":"Hexaghost","floor":16,"turns":11},{"damage":3,"enemies":"3 Byrds","floor":18,"turns":5},{"damage":16,"enemies":"2 Thieves","floor":19,"turns":4},{"damage":0,"enemies":"Snecko","floor":21,"turns":5},{"damage":26,"enemies":"Cultist and Chosen","floor":22,"turns":6},{"damage":4,"enemies":"Gremlin Leader","floor":24,"turns":6},{"damage":21,"enemies":"Shelled Parasite and Fungi","floor":25,"turns":6},{"damage":0,"enemies":"Sentry and Sphere","floor":28,"turns":2},{"damage":40,"enemies":"Centurion and Healer","floor":29,"turns":6},{"damage":13,"enemies":"Book of Stabbing","floor":31,"turns":5},{"damage":85,"enemies":"Champ","floor":33,"turns":12},{"damage":0,"enemies":"Orb Walker","floor":35,"turns":2},{"damage":11,"enemies":"3 Shapes","floor":37,"turns":4},{"damage":29,"enemies":"Spire Growth","floor":39,"turns":5},{"damage":62,"enemies":"Reptomancer","floor":42,"turns":6},{"damage":72,"enemies":"Maw","floor":45,"turns":6}],"seed_played":"847591281274709223","potions_obtained":[{"floor":3,"key":"StancePotion"},{"floor":4,"key":"Weak Potion"},{"floor":10,"key":"StancePotion"},{"floor":18,"key":"Regen Potion"},{"floor":21,"key":"Energy Potion"},{"floor":24,"key":"Energy Potion"},{"floor":31,"key":"FearPotion"},{"floor":39,"key":"Regen Potion"}],"is_trial":false,"path_per_floor":["M","?","M","M","?","R","M","R","T","M","M","M","E","?","R","B",null,"M","M","?","M","M","R","E","M","T","?","M","M","R","E","R","B",null,"M","$","M","$","M","R","?","E","T","$","M"],"character_chosen":"WATCHER","items_purchased":["Meat on the Bone","Sling","TheAbacus","Bandage Up"],"campfire_rested":6,"item_purchase_floors":[36,36,38,44],"current_hp_per_floor":[70,67,67,66,66,66,58,72,72,59,54,52,47,40,72,38,72,69,63,63,63,37,72,68,47,47,47,47,7,43,30,66,18,72,72,72,61,61,44,72,72,36,36,36,0,0],"gold":110,"neow_bonus":"RANDOM_COMMON_RELIC","is_daily":false,"chose_seed":false,"campfire_upgraded":1,"win_rate":0.0,"timestamp":1610323919,"path_taken":["M","?","M","M","?","R","M","R","T","M","M","M","E","?","R","BOSS","M","M","?","M","?","R","E","M","T","?","M","?","R","E","R","BOSS","M","$","M","$","M","R","?","E","T","?","M"],"items_purchased_type":["Relic","Relic","Relic","Card"],"build_version":"2020-12-22","purchased_purges":0,"victory":false,"max_hp_per_floor":[72,72,72,72,72,72,72,72,72,72,72,72,72,72,72,72,72,72,72,72,72,72,72,72,72,72,72,72,72,72,72,72,72,72,72,72,72,72,72,72,72,72,72,72,72,72],"card_choices":[{"not_picked":["CrushJoints","EmptyMind"],"picked":"FlyingSleeves","floor":1},{"not_picked":["EmptyFist","SandsOfTime"],"picked":"BattleHymn","floor":3},{"not_picked":["MentalFortress","Pray"],"picked":"Wallop","floor":4},{"not_picked":["WaveOfTheHand","ClearTheMind"],"picked":"EmptyBody","floor":7},{"not_picked":["Fasting2","FlurryOfBlows"],"picked":"Judgement","floor":10},{"not_picked":["PathToVictory","Nirvana"],"picked":"Conclude","floor":11},{"not_picked":["Meditate","Crescendo"],"picked":"Consecrate","floor":12},{"not_picked":["EmptyFist","Vault"],"picked":"Protect","floor":13},{"not_picked":["CutThroughFate","TalkToTheHand"],"picked":"Prostrate","floor":18},{"not_picked":["Worship+1","PathToVictory","Weave"],"picked":"SKIP","floor":19},{"not_picked":["Evaluate","CrushJoints"],"picked":"EmptyFist+1","floor":21},{"not_picked":["Wallop+1","Sanctity+1","CutThroughFate"],"picked":"SKIP","floor":22},{"not_picked":["Indignation","Study"],"picked":"Swivel+1","floor":24},{"not_picked":["Fasting2","ConjureBlade"],"picked":"ReachHeaven","floor":25},{"not_picked":["Halt","CarveReality","Swivel+1"],"picked":"SKIP","floor":28},{"not_picked":["FlyingSleeves","FollowUp","EmptyMind+1"],"picked":"SKIP","floor":29},{"not_picked":["BattleHymn+1","Tantrum+1"],"picked":"SandsOfTime","floor":31},{"not_picked":["Judgement","MasterReality"],"picked":"SpiritShield","floor":33},{"not_picked":["Halt","CrushJoints","Indignation"],"picked":"SKIP","floor":35},{"not_picked":["WaveOfTheHand+1","Protect","Evaluate+1"],"picked":"SKIP","floor":37},{"not_picked":["CarveReality+1","Fasting2+1"],"picked":"DeceiveReality+1","floor":39},{"not_picked":["ThirdEye+1","Establishment"],"picked":"Prostrate+1","floor":42}],"player_experience":356333,"relics_obtained":[{"floor":9,"key":"Pen Nib"},{"floor":13,"key":"Omamori"},{"floor":24,"key":"Lizard Tail"},{"floor":26,"key":"Whetstone"},{"floor":31,"key":"Mummified Hand"},{"floor":42,"key":"Nunchaku"}],"event_choices":[{"damage_healed":0,"gold_gain":0,"player_choice":"Success","damage_taken":3,"relics_obtained":["Regal Pillow"],"max_hp_gain":0,"max_hp_loss":0,"event_name":"Scrap Ooze","floor":2,"gold_loss":0},{"damage_healed":0,"gold_gain":0,"player_choice":"Grow","damage_taken":0,"max_hp_gain":0,"max_hp_loss":0,"event_name":"Living Wall","floor":5,"gold_loss":0,"cards_upgraded":["Wallop"]},{"cards_removed":["Strike_P"],"damage_healed":0,"gold_gain":0,"player_choice":"Card Removal","damage_taken":7,"max_hp_gain":0,"max_hp_loss":0,"event_name":"Golden Wing","floor":14,"gold_loss":0},{"damage_healed":0,"gold_gain":0,"player_choice":"Copied","damage_taken":0,"max_hp_gain":0,"max_hp_loss":0,"event_name":"Duplicator","floor":20,"gold_loss":0,"cards_obtained":["Wallop"]},{"damage_healed":0,"gold_gain":0,"player_choice":"0 cards matched","damage_taken":0,"max_hp_gain":0,"max_hp_loss":0,"event_name":"Match and Keep!","floor":27,"gold_loss":0,"cards_obtained":[]},{"damage_healed":0,"gold_gain":0,"player_choice":"Ignored","damage_taken":0,"max_hp_gain":0,"max_hp_loss":0,"event_name":"Transmorgrifier","floor":41,"gold_loss":0}],"is_beta":false,"boss_relics":[{"not_picked":["Coffee Dripper","Busted Crown","Fusion Hammer"]},{"not_picked":["Runic Dome","Philosopher\u0027s Stone"],"picked":"VioletLotus"}],"items_purged_floors":[],"is_endless":false,"potions_floor_spawned":[3,4,10,11,13,18,21,24,31,39],"killed_by":"Maw","ascension_level":1}}