{"host":"w36evy4uyf1bcavi","time":1610370795,"event":{"mods":["Act Like it!","Aspiration","BaseMod","Conspire","Jedi Mod","Minty Spire (QoL Compilation)","Replay The Spire","Robot Space Explorer","Spicy Shops","StSLib","The Cursed","The Hierophant"],"gold_per_floor":[217,235,245,245,262,292,292,320,320,331,331,344,359,387,387,486,486,506,506,522,269,285,285,317,327,327,0,28,28,44,74,74,174,174,184,234,234,251,267,267,292,292,292,322,322,338,371,391,391,391,391,391,13,40,40],"floor_reached":56,"playtime":17417,"items_purged":["conspire:NecroticWound","Doubt","Parasite"],"score":1469,"play_id":"c189d5ac-e57a-4205-9931-0cb8fb82c430","local_time":"20210111211315","is_ascension_mode":false,"campfire_choices":[{"floor":7,"key":"REST"},{"data":"RobotSpaceExplorer:Multitool","floor":15,"key":"SMITH"},{"data":"RobotSpaceExplorer:Autoloader","floor":23,"key":"SMITH"},{"floor":29,"key":"REST"},{"floor":32,"key":"REST"},{"data":"RobotSpaceExplorer:DroneSwarm","floor":40,"key":"SMITH"},{"floor":42,"key":"DIG"},{"floor":45,"key":"DIG"},{"floor":49,"key":"RECALL"},{"floor":52,"key":"DIG"}],"circlet_count":0,"master_deck":["RobotSpaceExplorer:Defend","RobotSpaceExplorer:Defend","RobotSpaceExplorer:Defend","RobotSpaceExplorer:Scan","RobotSpaceExplorer:MiniLasers","RobotSpaceExplorer:Pulsar","RobotSpaceExplorer:Pulsar","RobotSpaceExplorer:Probe","RobotSpaceExplorer:Jetpack","RobotSpaceExplorer:StarDust+1","RobotSpaceExplorer:Multitool+1","RobotSpaceExplorer:GearShield","RobotSpaceExplorer:DoubleFind+1","RobotSpaceExplorer:PlasmaMissile","RobotSpaceExplorer:Autoloader+1","RobotSpaceExplorer:MiniDrones+1","RobotSpaceExplorer:MiniBoosters","RobotSpaceExplorer:StunGrenade+1","RobotSpaceExplorer:Comet","RobotSpaceExplorer:Pulsar+1","RobotSpaceExplorer:DoubleFind+1","RobotSpaceExplorer:Pulsar+1","RobotSpaceExplorer:Fix+1","RobotSpaceExplorer:DroneSwarm+1","RobotSpaceExplorer:TurboDodge+1","RobotSpaceExplorer:SlimeMissile+1","RobotSpaceExplorer:DualCore+1","RobotSpaceExplorer:Calculate+1","RobotSpaceExplorer:TurboDodge+1","RobotSpaceExplorer:Pulsar+1","RobotSpaceExplorer:GlueSpray+1","RobotSpaceExplorer:GearShield+1","RobotSpaceExplorer:GlueSpray+1","RobotSpaceExplorer:Autoloader","RobotSpaceExplorer:PowerGlove+1","RobotSpaceExplorer:MiniBoosters","RobotSpaceExplorer:Calculate+1","RobotSpaceExplorer:Counterblock+1","RobotSpaceExplorer:Multitool","RobotSpaceExplorer:Ammunition+1","RobotSpaceExplorer:FrostMissile+1"],"relics":["RobotSpaceExplorer:RoboCore","Replay:Ringing Soul","Smiling Mask","RobotSpaceExplorer:BottledGravity","aspiration:FetidBarrel","aspiration:RitualDagger","Blue Doll","Akabeko","Meat on the Bone","Matryoshka","ReplayTheSpireMod:CursedCoin","Pear","TungstenRod","Toxic Egg 2","InkBottle","ChewingGum","Replay:PocketPolymizer","RobotSpaceExplorer:FoglandsKnife","Calipers","Shovel","Bottled Flame","Anchor","The Courier","Replay:Bottled Eggs","jedi:matchstick","ReplayFunnel","jedi:bottledfury","Gambling Chip","Torii"],"acts_visited":["Exordium","TheCity","TheBeyond","TheEnding"],"potions_floor_usage":[8,14,14,16,16,28,31,31,41,47,50,50,55],"damage_taken":[{"damage":0,"enemies":"2 Louse","floor":1,"turns":2},{"damage":2,"enemies":"Cultist","floor":2,"turns":4},{"damage":0,"enemies":"Jaw Worm","floor":3,"turns":4},{"damage":1,"enemies":"Red Slaver","floor":5,"turns":5},{"damage":33,"enemies":"3 Sentries","floor":6,"turns":14},{"damage":18,"enemies":"Gremlin Nob","floor":8,"turns":4},{"damage":1,"enemies":"Exordium Thugs","floor":10,"turns":7},{"damage":7,"enemies":"Exordium Wildlife","floor":12,"turns":9},{"damage":0,"enemies":"2 Fungi Beasts","floor":13,"turns":3},{"damage":6,"enemies":"3 Sentries","floor":14,"turns":6},{"damage":18,"enemies":"The Guardian","floor":16,"turns":10},{"damage":66,"enemies":"3 Byrds","floor":18,"turns":7},{"damage":25,"enemies":"Shell Parasite","floor":20,"turns":5},{"damage":28,"enemies":"Sentry and Sphere","floor":22,"turns":5},{"damage":42,"enemies":"Slavers","floor":24,"turns":5},{"damage":36,"enemies":"Cultist and Chosen","floor":25,"turns":5},{"damage":38,"enemies":"Gremlin Leader","floor":28,"turns":6},{"damage":24,"enemies":"conspire:HollyBat","floor":30,"turns":7},{"damage":42,"enemies":"Slavers","floor":31,"turns":4},{"damage":108,"enemies":"Collector","floor":33,"turns":10},{"damage":25,"enemies":"3 Darklings","floor":35,"turns":5},{"damage":67,"enemies":"Mind Bloom Boss Battle","floor":36,"turns":8},{"damage":8,"enemies":"3 Shapes","floor":38,"turns":3},{"damage":14,"enemies":"Spire Growth","floor":39,"turns":7},{"damage":45,"enemies":"Nemesis","floor":41,"turns":7},{"damage":18,"enemies":"Giant Head","floor":44,"turns":9},{"damage":15,"enemies":"Writhing Mass","floor":46,"turns":6},{"damage":12,"enemies":"R_Hoarder","floor":47,"turns":6},{"damage":16,"enemies":"Maw","floor":48,"turns":8},{"damage":38,"enemies":"conspire:OrnateMirror","floor":50,"turns":10},{"damage":54,"enemies":"Shield and Spear","floor":54,"turns":7},{"damage":65,"enemies":"The Heart","floor":55,"turns":11}],"seed_played":"6513845190238826191","potions_obtained":[{"floor":2,"key":"Toxic Potion"},{"floor":6,"key":"DistilledChaos"},{"floor":10,"key":"Explosive Potion"},{"floor":13,"key":"FearPotion"},{"floor":25,"key":"Weak Potion"},{"floor":28,"key":"Elixir"},{"floor":30,"key":"Languid Potion"},{"floor":38,"key":"DistilledChaos"},{"floor":41,"key":"SteroidPotion"},{"floor":44,"key":"Languid Potion"},{"floor":46,"key":"Death Potion"},{"floor":54,"key":"Fire Potion"}],"is_trial":false,"path_per_floor":["M","M","M","?","M","E","R","E","T","M","T","M","M","E","R","B",null,"M","?","M","$","M","R","E","M","T","$","E","R","M","E","R","B",null,"M","?","T","M","M","R","E","R","T","E","R","M","E","M","R","B",null,"R","$","E","B",null],"character_chosen":"RobotSpaceExplorer","items_purchased":["Blue Doll","RobotSpaceExplorer:StunGrenade+1","RobotSpaceExplorer:Comet","Matryoshka","ReplayTheSpireMod:CursedCoin","Pear","TungstenRod","Gambling Chip","RobotSpaceExplorer:Multitool","RobotSpaceExplorer:Ammunition+1"],"campfire_rested":3,"item_purchase_floors":[21,21,21,27,27,27,27,53,53,53],"current_hp_per_floor":[75,73,73,73,72,42,65,50,50,52,52,48,48,45,45,30,93,30,30,8,11,95,95,65,47,47,60,48,84,81,66,104,51,130,122,86,86,90,100,103,79,82,82,125,128,141,160,166,169,169,169,172,172,143,150],"gold":40,"neow_bonus":"HUNDRED_GOLD","is_daily":false,"chose_seed":false,"campfire_upgraded":3,"win_rate":0.0,"timestamp":1610370795,"path_taken":["M","M","M","?","M","E","R","E","T","?","?","M","M","E","R","BOSS","M","?","?","$","M","R","E","M","T","?","E","R","M","E","R","BOSS","M","?","?","M","M","R","E","R","T","E","R","M","E","M","R","BOSS","R","$","E","BOSS"],"items_purchased_type":["Relic","Card","Card","Relic","Relic","Relic","Relic","Relic","Card","Card"],"build_version":"2020-12-22","purchased_purges":3,"victory":true,"max_hp_per_floor":[75,75,75,75,75,78,78,81,81,84,84,87,87,90,90,93,93,96,96,99,102,105,105,105,108,108,121,121,121,124,127,127,130,130,133,136,136,139,142,145,148,151,151,154,157,160,163,166,169,169,169,172,172,175,175],"card_choices":[{"not_picked":["RobotSpaceExplorer:ShovelStrike","RobotSpaceExplorer:TurboDodge"],"picked":"RobotSpaceExplorer:Pulsar","floor":1},{"not_picked":["RobotSpaceExplorer:SelfCleaning","RobotSpaceExplorer:SurgingShield"],"picked":"RobotSpaceExplorer:Pulsar","floor":2},{"not_picked":["RobotSpaceExplorer:Discharger","RobotSpaceExplorer:StunGrenade"],"picked":"RobotSpaceExplorer:Probe","floor":3},{"not_picked":["RobotSpaceExplorer:ImprovisedAttack","RobotSpaceExplorer:SurgingStrike"],"picked":"RobotSpaceExplorer:Jetpack","floor":5},{"not_picked":["RobotSpaceExplorer:IronShell","RobotSpaceExplorer:LuckyStrike"],"picked":"RobotSpaceExplorer:StarDust","floor":6},{"not_picked":["RobotSpaceExplorer:MiniDrones","RobotSpaceExplorer:PowerCollector"],"picked":"RobotSpaceExplorer:Multitool","floor":8},{"not_picked":["RobotSpaceExplorer:MiniDrones","RobotSpaceExplorer:RigExplosive"],"picked":"RobotSpaceExplorer:GearShield","floor":10},{"not_picked":["RobotSpaceExplorer:MetalStrike","RobotSpaceExplorer:SurgingShield"],"picked":"RobotSpaceExplorer:DoubleFind","floor":12},{"not_picked":["RobotSpaceExplorer:FranticSearch","RobotSpaceExplorer:Counterblock","RobotSpaceExplorer:Electroshield"],"picked":"SKIP","floor":13},{"not_picked":["RobotSpaceExplorer:GlueSpray","RobotSpaceExplorer:StunGrenade"],"picked":"RobotSpaceExplorer:PlasmaMissile","floor":14},{"not_picked":["RobotSpaceExplorer:ChargingLaser","RobotSpaceExplorer:Asteroid"],"picked":"RobotSpaceExplorer:Autoloader","floor":16},{"not_picked":["RobotSpaceExplorer:SurgingStrike","RobotSpaceExplorer:Probe"],"picked":"RobotSpaceExplorer:MiniDrones+1","floor":18},{"not_picked":["RobotSpaceExplorer:PowerCollector","RobotSpaceExplorer:StunGrenade"],"picked":"RobotSpaceExplorer:MiniBoosters","floor":20},{"not_picked":["RobotSpaceExplorer:Calculate","RobotSpaceExplorer:Blitz"],"picked":"RobotSpaceExplorer:Pulsar+1","floor":22},{"not_picked":["RobotSpaceExplorer:MetalStrike","RobotSpaceExplorer:IronShell","RobotSpaceExplorer:FreezingShield"],"picked":"SKIP","floor":24},{"not_picked":["RobotSpaceExplorer:StunGrenade","RobotSpaceExplorer:Counterblock"],"picked":"RobotSpaceExplorer:DoubleFind","floor":25},{"not_picked":["RobotSpaceExplorer:FranticSearch+1","RobotSpaceExplorer:Blitz+1","RobotSpaceExplorer:MiniDrones"],"picked":"SKIP","floor":28},{"not_picked":["RobotSpaceExplorer:LaserBurst","RobotSpaceExplorer:IronShell+1"],"picked":"RobotSpaceExplorer:Pulsar+1","floor":30},{"not_picked":["RobotSpaceExplorer:DroneSwarm","RobotSpaceExplorer:Probe+1"],"picked":"RobotSpaceExplorer:Fix+1","floor":31},{"not_picked":["RobotSpaceExplorer:Arsenal+1","RobotSpaceExplorer:BlastShield+1"],"picked":"RobotSpaceExplorer:DroneSwarm","floor":33},{"not_picked":["RobotSpaceExplorer:ScrapMissile","RobotSpaceExplorer:PlasmaMissile+1"],"picked":"RobotSpaceExplorer:TurboDodge+1","floor":35},{"not_picked":["RobotSpaceExplorer:ScrapToss","RobotSpaceExplorer:ShovelStrike"],"picked":"RobotSpaceExplorer:SlimeMissile+1","floor":36},{"not_picked":["RobotSpaceExplorer:ScrapShield+1","RobotSpaceExplorer:ScrapMissile"],"picked":"RobotSpaceExplorer:DualCore+1","floor":38},{"not_picked":["RobotSpaceExplorer:Probe+1","RobotSpaceExplorer:SlimeMissile"],"picked":"RobotSpaceExplorer:Calculate+1","floor":39},{"not_picked":["RobotSpaceExplorer:MetalStrike+1","RobotSpaceExplorer:ScrapMissile+1"],"picked":"RobotSpaceExplorer:Pulsar+1","floor":41},{"not_picked":["RobotSpaceExplorer:Pulsar+1","RobotSpaceExplorer:StunGrenade"],"picked":"RobotSpaceExplorer:GearShield+1","floor":44},{"not_picked":["RobotSpaceExplorer:Probe+1","RobotSpaceExplorer:SwiftStep+1"],"picked":"RobotSpaceExplorer:Autoloader","floor":46},{"not_picked":["RobotSpaceExplorer:Ammunition+1","RobotSpaceExplorer:MiniDrones"],"picked":"RobotSpaceExplorer:PowerGlove+1","floor":47},{"not_picked":["RobotSpaceExplorer:SurgingStrike","RobotSpaceExplorer:GlueShot+1"],"picked":"RobotSpaceExplorer:MiniBoosters","floor":48},{"not_picked":["RobotSpaceExplorer:Probe+1","RobotSpaceExplorer:FranticSearch+1"],"picked":"RobotSpaceExplorer:FrostMissile+1","floor":54}],"player_experience":402269,"relics_obtained":[{"floor":6,"key":"Replay:Ringing Soul"},{"floor":8,"key":"Smiling Mask"},{"floor":9,"key":"RobotSpaceExplorer:BottledGravity"},{"floor":14,"key":"aspiration:FetidBarrel"},{"floor":24,"key":"Akabeko"},{"floor":26,"key":"Meat on the Bone"},{"floor":28,"key":"Toxic Egg 2"},{"floor":31,"key":"InkBottle"},{"floor":36,"key":"Replay:PocketPolymizer"},{"floor":37,"key":"RobotSpaceExplorer:FoglandsKnife"},{"floor":37,"key":"Calipers"},{"floor":41,"key":"Shovel"},{"floor":42,"key":"Bottled Flame"},{"floor":43,"key":"Anchor"},{"floor":43,"key":"The Courier"},{"floor":44,"key":"Replay:Bottled Eggs"},{"floor":45,"key":"jedi:matchstick"},{"floor":47,"key":"ReplayFunnel"},{"floor":52,"key":"jedi:bottledfury"},{"floor":54,"key":"Torii"}],"event_choices":[{"damage_healed":0,"gold_gain":0,"player_choice":"Ignored","damage_taken":0,"max_hp_gain":0,"max_hp_loss":0,"event_name":"NoteForYourself","floor":4,"gold_loss":0},{"damage_healed":0,"gold_gain":0,"player_choice":"Upgraded","damage_taken":0,"max_hp_gain":0,"max_hp_loss":0,"event_name":"Upgrade Shrine","floor":19,"gold_loss":0,"cards_upgraded":["RobotSpaceExplorer:StarDust"]},{"damage_healed":0,"gold_gain":0,"player_choice":"Fight","damage_taken":0,"max_hp_gain":0,"max_hp_loss":0,"event_name":"MindBloom","floor":36,"gold_loss":0}],"is_beta":false,"boss_relics":[{"not_picked":["jedi:hotpepper","RobotSpaceExplorer:Reprocessor"],"picked":"aspiration:RitualDagger"},{"not_picked":["Replay:Ancient Bell","aspiration:SecretTechniqueScroll"],"picked":"ChewingGum"}],"items_purged_floors":[27,53,53],"is_endless":false,"potions_floor_spawned":[2,6,10,13,25,28,30,38,41,44,46,54],"ascension_level":0}}