{"host":"dxmdoimsvept8qwy","time":1610392602,"event":{"mods":["BaseMod","Colored Powertips","Custom Start","Minty Spire (QoL Compilation)","StSLib","The Hierophant"],"gold_per_floor":[111,34,34,49,49,82,133,133,133,148,49,79,79,112,124,233,245,271,233,263,293,305,317,233,259,329,329,329,358,368,398,398,496,496,507,88,102,102,117,142,142,174,174,174,144,160,192,242,242,242],"floor_reached":51,"playtime":4264,"items_purged":["Regret","Strike_G"],"score":1159,"play_id":"b6d9c107-ffa5-4adc-b8b7-e766f0a88753","local_time":"20210111141642","is_ascension_mode":true,"campfire_choices":[{"data":"Cloak And Dagger","floor":13,"key":"SMITH"},{"floor":15,"key":"REST"},{"data":"Footwork","floor":23,"key":"SMITH"},{"data":"Cloak And Dagger","floor":27,"key":"SMITH"},{"floor":32,"key":"REST"},{"floor":41,"key":"REST"},{"floor":44,"key":"REST"},{"floor":49,"key":"REST"}],"circlet_count":0,"master_deck":["Strike_G","Strike_G","Strike_G","Strike_G","Defend_G","Defend_G","Defend_G","Defend_G","Defend_G","Survivor","Neutralize","PiercingWail","Footwork+1","PiercingWail","Predator","Heel Hook+1","Cloak And Dagger+1","Caltrops+1","Sucker Punch+1","Die Die Die+1","Flying Knee+1","Leg Sweep+1","Accuracy+1","Cloak And Dagger+1","Cloak And Dagger","Blade Dance","Prepared+1","Caltrops+1","Blade Dance+1","Cloak And Dagger+1","Infinite Blades+1","Caltrops+1"],"relics":["Ring of the Snake","NeowsBlessing","Frozen Egg 2","Pear","HornCleat","Molten Egg 2","Kunai","Pantograph","MawBank","WristBlade","Letter Opener","MealTicket","Ornamental Fan","Vajra","TungstenRod","Shuriken","HoveringKite","Bottled Tornado","Matryoshka","Darkstone Periapt","Omamori","Toxic Egg 2","Centennial Puzzle","Incense Burner"],"acts_visited":["Exordium","TheCity","TheBeyond"],"potions_floor_usage":[16,20,21,29,29,40,50],"damage_taken":[{"damage":0,"enemies":"Small Slimes","floor":1,"turns":1},{"damage":0,"enemies":"2 Louse","floor":4,"turns":1},{"damage":0,"enemies":"3 Sentries","floor":6,"turns":1},{"damage":0,"enemies":"Cultist","floor":10,"turns":5},{"damage":23,"enemies":"Lagavulin","floor":12,"turns":12},{"damage":20,"enemies":"Gremlin Nob","floor":14,"turns":4},{"damage":16,"enemies":"Hexaghost","floor":16,"turns":12},{"damage":19,"enemies":"Spheric Guardian","floor":18,"turns":5},{"damage":0,"enemies":"Chosen","floor":20,"turns":5},{"damage":0,"enemies":"Snake Plant","floor":21,"turns":7},{"damage":1,"enemies":"Book of Stabbing","floor":25,"turns":7},{"damage":17,"enemies":"Slavers","floor":29,"turns":5},{"damage":1,"enemies":"Centurion and Healer","floor":30,"turns":6},{"damage":3,"enemies":"Book of Stabbing","floor":31,"turns":4},{"damage":7,"enemies":"Champ","floor":33,"turns":13},{"damage":1,"enemies":"Orb Walker","floor":35,"turns":3},{"damage":24,"enemies":"3 Shapes","floor":37,"turns":5},{"damage":0,"enemies":"Sphere and 2 Shapes","floor":39,"turns":2},{"damage":29,"enemies":"Giant Head","floor":40,"turns":8},{"damage":15,"enemies":"Nemesis","floor":42,"turns":7},{"damage":0,"enemies":"Jaw Worm Horde","floor":46,"turns":2},{"damage":16,"enemies":"Giant Head","floor":47,"turns":7},{"damage":0,"enemies":"Mind Bloom Boss Battle","floor":48,"turns":3},{"damage":32,"enemies":"Awakened One","floor":50,"turns":9}],"seed_played":"-7953394821517555257","potions_obtained":[{"floor":4,"key":"CultistPotion"},{"floor":6,"key":"GamblersBrew"},{"floor":14,"key":"SpeedPotion"},{"floor":16,"key":"Swift Potion"},{"floor":25,"key":"SpeedPotion"},{"floor":30,"key":"Dexterity Potion"},{"floor":37,"key":"Swift Potion"},{"floor":45,"key":"BlessingOfTheForge"},{"floor":45,"key":"LiquidBronze"}],"is_trial":false,"path_per_floor":["M","$","?","M","?","E","?","T","T","M","$","E","R","E","R","B",null,"M","?","M","M","T","R","$","E","T","R","?","E","M","E","R","B",null,"M","$","M","?","M","E","R","E","T","R","?","M","E","?","R","B",null],"character_chosen":"THE_SILENT","items_purchased":["Footwork","Cloak And Dagger","Accuracy+1","Cloak And Dagger","Bottled Tornado","Caltrops+1"],"campfire_rested":5,"item_purchase_floors":[2,11,24,24,36,36],"current_hp_per_floor":[63,63,51,51,61,61,61,61,61,61,61,38,38,18,42,51,73,54,54,54,54,54,54,54,53,53,53,53,36,35,32,56,73,78,77,80,56,56,56,27,51,36,36,60,60,60,44,69,80,48],"gold":242,"neow_bonus":"THREE_ENEMY_KILL","is_daily":false,"chose_seed":false,"campfire_upgraded":3,"win_rate":0.0,"timestamp":1610392602,"path_taken":["M","$","?","M","?","E","?","?","T","M","$","E","R","E","R","BOSS","M","?","?","?","?","R","$","E","T","R","?","E","M","E","R","BOSS","M","$","M","?","M","E","R","E","T","R","?","?","E","?","R","BOSS"],"items_purchased_type":["Card","Card","Card","Card","Relic","Card"],"build_version":"2020-12-22","purchased_purges":2,"victory":true,"max_hp_per_floor":[70,70,70,70,80,80,80,80,80,80,80,80,80,80,80,80,80,80,80,80,80,80,80,80,80,80,80,80,80,80,80,80,80,80,80,80,80,80,80,80,80,80,80,80,80,80,80,80,80,80],"card_choices":[{"not_picked":["Underhanded Strike","Flying Knee"],"picked":"PiercingWail","floor":1},{"not_picked":["Slice","Flechettes"],"picked":"PiercingWail","floor":4},{"not_picked":["Riddle With Holes","Underhanded Strike"],"picked":"Predator","floor":6},{"not_picked":["Night Terror","Finisher+1"],"picked":"Heel Hook+1","floor":10},{"not_picked":["Dagger Spray+1","Finisher+1"],"picked":"Caltrops+1","floor":12},{"not_picked":["Flying Knee+1","Prepared"],"picked":"Sucker Punch+1","floor":14},{"not_picked":["Corpse Explosion","Unload+1"],"picked":"Die Die Die+1","floor":16},{"not_picked":["Dash+1","Slice+1","Expertise+1"],"picked":"SKIP","floor":18},{"not_picked":["Bane+1","Dagger Spray+1"],"picked":"Flying Knee+1","floor":20},{"not_picked":["Eviscerate+1","Deflect"],"picked":"Leg Sweep+1","floor":21},{"not_picked":["Acrobatics+1","Tactician"],"picked":"Cloak And Dagger","floor":25},{"not_picked":["Slice+1","Dagger Spray+1","All Out Attack+1"],"picked":"SKIP","floor":29},{"not_picked":["Backflip","Deadly Poison"],"picked":"Blade Dance","floor":30},{"not_picked":["Deadly Poison","Setup","Dagger Spray+1"],"picked":"SKIP","floor":31},{"not_picked":["Poisoned Stab+1","Crippling Poison"],"picked":"Prepared+1","floor":35},{"not_picked":["Dagger Spray+1","Bouncing Flask"],"picked":"Blade Dance+1","floor":37},{"not_picked":["Noxious Fumes+1","Deflect+1","Dagger Throw+1"],"picked":"SKIP","floor":39},{"not_picked":["Noxious Fumes+1","Deflect+1","Dagger Throw+1"],"picked":"SKIP","floor":39},{"not_picked":["Quick Slash+1","Masterful Stab+1","Dagger Throw+1"],"picked":"SKIP","floor":40},{"not_picked":["Tactician+1","Dagger Throw+1"],"picked":"Cloak And Dagger+1","floor":42},{"not_picked":["Dodge and Roll+1","Outmaneuver+1"],"picked":"Infinite Blades+1","floor":46},{"not_picked":["Finisher+1","Sucker Punch+1"],"picked":"Caltrops+1","floor":47}],"player_experience":1017452,"relics_obtained":[{"floor":6,"key":"HornCleat"},{"floor":8,"key":"Molten Egg 2"},{"floor":9,"key":"Kunai"},{"floor":12,"key":"Pantograph"},{"floor":14,"key":"MawBank"},{"floor":22,"key":"Letter Opener"},{"floor":25,"key":"MealTicket"},{"floor":26,"key":"Ornamental Fan"},{"floor":29,"key":"TungstenRod"},{"floor":31,"key":"Shuriken"},{"floor":40,"key":"Matryoshka"},{"floor":42,"key":"Darkstone Periapt"},{"floor":43,"key":"Omamori"},{"floor":43,"key":"Toxic Egg 2"},{"floor":47,"key":"Centennial Puzzle"},{"floor":48,"key":"Incense Burner"}],"event_choices":[{"damage_healed":0,"gold_gain":0,"player_choice":"Success","damage_taken":12,"relics_obtained":["Frozen Egg 2"],"max_hp_gain":0,"max_hp_loss":0,"event_name":"Scrap Ooze","floor":3,"gold_loss":0},{"damage_healed":0,"gold_gain":0,"player_choice":"Box","damage_taken":0,"relics_obtained":["Pear"],"max_hp_gain":0,"max_hp_loss":0,"event_name":"Big Fish","floor":5,"gold_loss":0,"cards_obtained":["Regret"]},{"damage_healed":0,"gold_gain":51,"player_choice":"Gained Gold","damage_taken":0,"max_hp_gain":0,"max_hp_loss":0,"event_name":"Golden Wing","floor":7,"gold_loss":0},{"damage_healed":0,"gold_gain":0,"player_choice":"Bet on Murderer","damage_taken":0,"max_hp_gain":0,"max_hp_loss":0,"event_name":"The Joust","floor":19,"gold_loss":50},{"damage_healed":0,"gold_gain":0,"player_choice":"Opened","damage_taken":0,"relics_obtained":["Vajra"],"max_hp_gain":0,"max_hp_loss":0,"event_name":"The Mausoleum","floor":28,"gold_loss":0},{"damage_healed":0,"gold_gain":0,"player_choice":"Memory 1","damage_taken":0,"max_hp_gain":0,"max_hp_loss":0,"event_name":"SensoryStone","floor":38,"gold_loss":0},{"damage_healed":0,"gold_gain":0,"player_choice":"Bought 2 Potions","damage_taken":0,"max_hp_gain":0,"max_hp_loss":0,"event_name":"The Woman in Blue","floor":45,"gold_loss":0},{"damage_healed":0,"gold_gain":0,"player_choice":"Fight","damage_taken":0,"max_hp_gain":0,"max_hp_loss":0,"event_name":"MindBloom","floor":48,"gold_loss":0}],"is_beta":false,"boss_relics":[{"not_picked":["Cursed Key","Sozu"],"picked":"WristBlade"},{"not_picked":["Astrolabe","Coffee Dripper"],"picked":"HoveringKite"}],"items_purged_floors":[11,36],"is_endless":false,"potions_floor_spawned":[4,6,14,16,25,30,37,47,48],"ascension_level":9}}