{"host":"wonp23fsqqcu31ie","time":1610360617,"event":{"mods":["2.2 Compatiblity","AchievementEnabler","Aspiration","BaseMod","Bestiary","Better Altar","Better Match","Better Sensory Stone","Better Skull","Better Third Choice","BetterRewards","Block Reminder","Colored Map","Colored Powertips","Conspire","Curses Come First","DeckTracker","Displayed Cursed Tome","Downfall","Energized Spire","Evolution","Hermit","Highlight Path","Hubris","Infinite Spire","Marisa????????","Minty Spire (QoL Compilation)","Permanent Neow","Prisma Mod","Quick Restart","Rare Cards Sparkle","Relic Stats","Replay The Spire","Robot Space Explorer","Shade Mod","Shop Mod","StSLib","SuperFastMode","The Animator","The Bug Knight","The Construct","The Cursed","The Disciple","The Dragon Tamer","The Gatherer","The Hierophant","The Marked","The Mystic","The Necromancer","The Poker Player","The Runesmith","The Saiyan","The Servant 0.9.4","The Witch","TheBandit"],"gold_per_floor":[111,127,140,110,127,127,165,165,188,79,94,58,58,8,8,118,118,135,135,135,135,155,155,225,252,326,326,326,351,55,81,81,190,190,211,211,211,211,231,288,302,302,302,302,302,302,319,338,338,345,345,345,86,121,128],"floor_reached":56,"playtime":1916,"items_purged":["Writhe"],"score":1538,"play_id":"f50d9896-4479-4cc2-9654-0c1ff16ce37f","local_time":"20210111212337","is_ascension_mode":false,"campfire_choices":[{"floor":6.0,"key":"RECALL"},{"floor":8.0,"key":"REST"},{"data":"wariomod:Goblast","floor":15.0,"key":"SMITH"},{"floor":23.0,"key":"REST"},{"floor":32,"key":"DIG"},{"floor":44,"key":"REST"},{"floor":46,"key":"REST"},{"data":"infinitespire:FutureSight","floor":49,"key":"SMITH"},{"data":"wariomod:SpacialMastery","floor":52,"key":"SMITH"}],"circlet_count":0,"master_deck":["wariomod:AwfulLook","wariomod:AwfulLook","wariomod:AwfulLook","wariomod:Strike","wariomod:Defend","wariomod:Defend","wariomod:Defend","wariomod:Defend","wariomod:Step","wariomod:Leap","wariomod:RacingSpeed","wariomod:RacingSpeed","wariomod:SpaceSwap","wariomod:AwfulLook","wariomod:Leapslam","wariomod:Goblast+1","wariomod:DeadlyDash+1","wariomod:Game","wariomod:Game","wariomod:Leapslam","wariomod:EndlessBlast","wariomod:MassiveParty","wariomod:Smackflip+1","wariomod:SpacialMastery+1","wariomod:WhirlwindBurst+1","wariomod:ChargeForth+1","infinitespire:FutureSight+1","wariomod:RacingSpeed","hubris:DuctTapeCard","wariomod:TheGrandJourney","wariomod:GreaterGuard","wariomod:GreaterGuard","wariomod:NullJump+1","wariomod:SmackSlam+1","wariomod:DisarmingMoves","Master of Strategy","PanicButton","wariomod:BodyBlock+1"],"relics":["wariomod:TheHat","EVO:Axolotl","Boot","Guardian:PocketSentry","Replay:Lucky Slots","MerchantsRug","Bottled Lightning","hubris:Towel","infinitespire:Lucky Rock","infinitespire:Cupcake","Bloody Idol","aspiration:RitualStick","hubris:Reverence","Chemical X","Oddly Smooth Stone","infinitespire:Satchel","aspiration:SecretTechniqueScroll","Ring of Fangs","Ring of Searing","Ice Cream","Membership Card","hubris:KleinBottle","hubris:PeanutButter","aspiration:Lifesprig","Letter Opener","hubris:DuctTape","ReplayTheSpireMod:CursedCoin","aspiration:SeaSaltIceCream","Burning Blood"],"acts_visited":["Exordium","TheCity","TheBeyond","TheEnding"],"potions_floor_usage":[33,50,50,55,55,55],"damage_taken":[{"damage":5.0,"enemies":"2 Louse","floor":1.0,"turns":2.0},{"damage":0.0,"enemies":"conspire:RoseBush","floor":2.0,"turns":3.0},{"damage":0.0,"enemies":"Cultist","floor":3.0,"turns":3.0},{"damage":0.0,"enemies":"Large Slime","floor":5.0,"turns":4.0},{"damage":12.0,"enemies":"Gremlin Nob","floor":7.0,"turns":5.0},{"damage":0.0,"enemies":"Gremlin Gang","floor":11.0,"turns":1.0},{"damage":28.0,"enemies":"The Guardian","floor":16.0,"turns":8.0},{"damage":2.0,"enemies":"Chosen","floor":18.0,"turns":3.0},{"damage":13.0,"enemies":"2 Thieves","floor":22.0,"turns":3.0},{"damage":39.0,"enemies":"Snake Plant","floor":25.0,"turns":3.0},{"damage":4.0,"enemies":"conspire:Head Lice","floor":29.0,"turns":3.0},{"damage":0,"enemies":"Chosen and Byrds","floor":31,"turns":3},{"damage":35,"enemies":"hubris:MusketHawk","floor":33,"turns":7},{"damage":7,"enemies":"3 Darklings","floor":35,"turns":3},{"damage":21,"enemies":"3 Shapes","floor":39,"turns":2},{"damage":77,"enemies":"2 Orb Walkers","floor":40,"turns":4},{"damage":0,"enemies":"Sphere and 2 Shapes","floor":41,"turns":3},{"damage":11,"enemies":"Jaw Worm Horde","floor":47,"turns":2},{"damage":19,"enemies":"Spire Growth","floor":48,"turns":4},{"damage":37,"enemies":"hubris:GrandSnecko","floor":50,"turns":6},{"damage":31,"enemies":"Shield and Spear","floor":54,"turns":4},{"damage":52,"enemies":"The Heart","floor":55,"turns":4}],"seed_played":"-8106205966934325846","potions_obtained":[{"floor":3.0,"key":"hexamod:EctoCoolerPotion"},{"floor":4.0,"key":"DistilledChaos"},{"floor":4.0,"key":"champ:CounterPotion"},{"floor":11.0,"key":"FairyPotion"},{"floor":16.0,"key":"Strength Potion"},{"floor":18.0,"key":"infinitespire:BlackPotion"},{"floor":33,"key":"Death Potion"},{"floor":47,"key":"Explosive Potion"},{"floor":48,"key":"Energy Potion"}],"is_trial":false,"path_per_floor":["M","M","M","?","M","R","E","R","T","$","M","$","?","?","R","B",null,"M","$","?","?","M","R","T","M","T","AVR","?","E","$","M","R_BF","B",null,"M","?","?","?","M","?","M","$","T","R","?","R","M","M","R","B",null,"R","$","E","B",null],"character_chosen":"THE_BANDIT","items_purchased":["Boot","Guardian:PocketSentry","Replay:Lucky Slots","MerchantsRug","wariomod:RacingSpeed","wariomod:DeadlyDash+1","wariomod:Game","aspiration:Nostalgia","Oddly Smooth Stone","Membership Card","hubris:KleinBottle","hubris:PeanutButter","Letter Opener","hubris:DuctTape","ReplayTheSpireMod:CursedCoin","PowerPotion","Elixir","wariomod:TheGrandJourney","wariomod:GreaterGuard","wariomod:NullJump+1","wariomod:SmackSlam+1","wariomod:DisarmingMoves","Master of Strategy","PanicButton"],"campfire_rested":4,"item_purchase_floors":[0,0,0,0,0,10,12,30,30,42,42,42,53,53,53,53,53,53,53,53,53,53,53,53],"current_hp_per_floor":[50,50,50,50,50,50,38,62,62,62,62,62,62,62,62,34,80,78,78,38,22,24,63,68,39,44,44,80,80,80,80,80,55,80,78,78,78,78,67,49,54,9,9,48,48,80,74,65,65,33,80,80,80,59,18],"gold":128,"neow_bonus":"","is_daily":false,"chose_seed":false,"campfire_upgraded":3,"win_rate":0.0,"timestamp":1610360617,"path_taken":["M","M","M","?","?","R","E","R","T","?","?","$","?","?","R","BOSS","M","?","?","?","M","R","?","M","T","AVR","?","E","$","M","R_BF","BOSS","M","?","?","?","M","?","?","?","T","R","?","R","M","?","R","BOSS","R","$","E","BOSS"],"items_purchased_type":["Relic","Relic","Relic","Relic","Card","Card","Card","Relic","Relic","Relic","Relic","Relic","Relic","Relic","Relic","Potion","Potion","Card","Card","Card","Card","Card","Card","Card"],"build_version":"2020-12-22","purchased_purges":1,"victory":true,"max_hp_per_floor":[80,80,80,80,80,80,80,80,80,80,80,80,80,80,80,80,80,80,80,80,80,80,80,80,80,80,80,80,80,80,80,80,80,80,80,80,80,80,80,80,80,80,80,80,80,80,80,80,80,80,80,80,80,80,80],"relic_stats":{"counters":[71,285],"Bloody Idol":114,"Chemical X":[2],"Letter Opener":[20],"Boot":[43],"obtain_stats":[{"Ice Cream":40,"HollowMod:VesselMask":30,"EVO:Axolotl":0,"Boot":0,"aspiration:RitualStick":20,"Ring of Searing":37,"Strawberry":13,"MealTicket":12,"MerchantsRug":12,"wariomod:SmileyHat":20,"Happy Flower":12,"hubris:DuctTape":53,"aspiration:Nostalgia":0,"ReplayTheSpireMod:CursedCoin":53,"wariomod:TheHat":0,"Astrolabe":17,"Oddly Smooth Stone":41,"SaiyanHeart":0,"Guardian:PocketSentry":0,"Letter Opener":53,"aspiration:SeaSaltIceCream":54,"War Paint":39,"WarpedTongs":21,"Bronze Scales":20,"Molten Egg 2":29,"hubris:PeanutButter":42,"ReplayTheSpireMod:TigerMarble":7,"infinitespire:PuzzleCube":8,"infinitespire:Cupcake":17,"hubris:Reverence":26,"hubris:Metronome":11,"Regal Pillow":9,"aspiration:Lifesprig":43,"Singing Bowl":9,"RobotSpaceExplorer:PlasmaHourglass":34,"hubris:SlimyHat":11,"Replay:Mystery Machine":19,"Burning Blood":54,"ClockworkSouvenir":19,"Replay:Rubber Ducky":26,"SsserpentHead":3,"hubris:Backtick":34,"hubris:Icosahedron":42,"Ring of Fangs":37,"Mummified Hand":9,"Tiny Chest":20,"hubris:CuriousFeather":24,"WingedGreaves":31,"Replay:Lucky Slots":0,"Chemical X":27,"Guardian:BottledAnomaly":41,"Gremlin Food":41,"hubris:KleinBottle":42,"ReplayTheSpireMod:Ninjato":43,"Guide Book":12,"energizedSpire:EnergizedDie":17,"The Courier":6,"hubris:MedicalManual":26,"infinitespire:Lucky Rock":14,"aspiration:SecretTechniqueScroll":34,"hubris:Towel":13,"Replay:Arrowhead":37,"Mercury Hourglass":20,"CaptainsWheel":28,"Bloody Idol":20,"infinitespire:Satchel":32,"Bag of Marbles":20,"Membership Card":20,"Bottled Lightning":7,"hexamod:BolsterEngine":20,"wariomod:SunglassHat":27,"wariomod:GlassHat":28},{"Ice Cream":65,"HollowMod:VesselMask":60,"EVO:Axolotl":0,"Boot":49,"aspiration:RitualStick":22,"Ring of Searing":63,"Strawberry":8,"MealTicket":34,"MerchantsRug":34,"wariomod:SmileyHat":11,"Happy Flower":7,"hubris:DuctTape":69,"aspiration:Nostalgia":29,"ReplayTheSpireMod:CursedCoin":69,"wariomod:TheHat":0,"Astrolabe":10,"Oddly Smooth Stone":47,"SaiyanHeart":29,"Guardian:PocketSentry":49,"Letter Opener":69,"aspiration:SeaSaltIceCream":70,"War Paint":47,"WarpedTongs":22,"Bronze Scales":37,"Molten Egg 2":60,"hubris:PeanutButter":66,"ReplayTheSpireMod:TigerMarble":16,"infinitespire:PuzzleCube":34,"infinitespire:Cupcake":36,"hubris:Reverence":59,"hubris:Metronome":34,"Regal Pillow":54,"aspiration:Lifesprig":66,"Singing Bowl":34,"RobotSpaceExplorer:PlasmaHourglass":44,"hubris:SlimyHat":17,"Replay:Mystery Machine":22,"Burning Blood":70,"ClockworkSouvenir":22,"Replay:Rubber Ducky":39,"SsserpentHead":30,"hubris:Backtick":44,"hubris:Icosahedron":47,"Ring of Fangs":63,"Mummified Hand":4,"Tiny Chest":11,"hubris:CuriousFeather":24,"WingedGreaves":43,"Replay:Lucky Slots":49,"Chemical X":59,"Guardian:BottledAnomaly":47,"Gremlin Food":47,"hubris:KleinBottle":66,"ReplayTheSpireMod:Ninjato":47,"Guide Book":34,"energizedSpire:EnergizedDie":21,"The Courier":3,"hubris:MedicalManual":25,"infinitespire:Lucky Rock":55,"aspiration:SecretTechniqueScroll":62,"hubris:Towel":55,"Replay:Arrowhead":46,"Mercury Hourglass":11,"CaptainsWheel":40,"Bloody Idol":57,"infinitespire:Satchel":61,"Bag of Marbles":11,"Membership Card":11,"Bottled Lightning":54,"hexamod:BolsterEngine":37,"wariomod:SunglassHat":40,"wariomod:GlassHat":40},{"Ice Cream":262,"HollowMod:VesselMask":243,"EVO:Axolotl":0,"Boot":206,"aspiration:RitualStick":97,"Ring of Searing":256,"Strawberry":33,"MealTicket":142,"MerchantsRug":142,"wariomod:SmileyHat":49,"Happy Flower":27,"hubris:DuctTape":277,"aspiration:Nostalgia":126,"ReplayTheSpireMod:CursedCoin":277,"wariomod:TheHat":0,"Astrolabe":45,"Oddly Smooth Stone":195,"SaiyanHeart":126,"Guardian:PocketSentry":206,"Letter Opener":277,"aspiration:SeaSaltIceCream":281,"War Paint":195,"WarpedTongs":97,"Bronze Scales":152,"Molten Egg 2":243,"hubris:PeanutButter":265,"ReplayTheSpireMod:TigerMarble":72,"infinitespire:PuzzleCube":142,"infinitespire:Cupcake":149,"hubris:Reverence":240,"hubris:Metronome":142,"Regal Pillow":223,"aspiration:Lifesprig":265,"Singing Bowl":142,"RobotSpaceExplorer:PlasmaHourglass":183,"hubris:SlimyHat":74,"Replay:Mystery Machine":97,"Burning Blood":281,"ClockworkSouvenir":97,"Replay:Rubber Ducky":160,"SsserpentHead":130,"hubris:Backtick":183,"hubris:Icosahedron":195,"Ring of Fangs":256,"Mummified Hand":18,"Tiny Chest":49,"hubris:CuriousFeather":107,"WingedGreaves":176,"Replay:Lucky Slots":206,"Chemical X":240,"Guardian:BottledAnomaly":195,"Gremlin Food":195,"hubris:KleinBottle":265,"ReplayTheSpireMod:Ninjato":195,"Guide Book":142,"energizedSpire:EnergizedDie":93,"The Courier":16,"hubris:MedicalManual":109,"infinitespire:Lucky Rock":224,"aspiration:SecretTechniqueScroll":253,"hubris:Towel":224,"Replay:Arrowhead":191,"Mercury Hourglass":49,"CaptainsWheel":166,"Bloody Idol":235,"infinitespire:Satchel":246,"Bag of Marbles":49,"Membership Card":49,"Bottled Lightning":223,"hexamod:BolsterEngine":152,"wariomod:SunglassHat":166,"wariomod:GlassHat":166}],"aspiration:RitualStick":[9],"Burning Blood":6},"card_choices":[{"not_picked":["wariomod:Smackflip","wariomod:GreaterGuard"],"picked":"wariomod:SpaceSwap","floor":1.0},{"not_picked":["wariomod:DamnedStrength","wariomod:ThatsNotAll"],"picked":"wariomod:AwfulLook","floor":2.0},{"not_picked":["wariomod:Bombtime","wariomod:SmackSlam"],"picked":"wariomod:HappyHop","floor":3.0},{"not_picked":["wariomod:SmackSlam","wariomod:ThatsNotAll"],"picked":"wariomod:Leapslam","floor":5.0},{"not_picked":["wariomod:BoomBoom","wariomod:SpikeSlash"],"picked":"wariomod:Goblast","floor":7.0},{"not_picked":["wariomod:CursedSpaces","wariomod:Bombtime","wariomod:HastyRush"],"picked":"SKIP","floor":11.0},{"not_picked":["wariomod:PoisonBombs","wariomod:EnergizedBombs"],"picked":"wariomod:ShipSmash","floor":16.0},{"not_picked":["wariomod:Boomsmack+1","wariomod:WhirlwindBurst"],"picked":"wariomod:Leapslam","floor":18.0},{"not_picked":["wariomod:DiceyMove","wariomod:EmptyMind"],"picked":"wariomod:EndlessBlast","floor":22.0},{"not_picked":["wariomod:Smackflip","wariomod:Game"],"picked":"wariomod:MassiveParty","floor":25.0},{"not_picked":["wariomod:BodyBlock","wariomod:GreaterGuard"],"picked":"wariomod:Smackflip+1","floor":29.0},{"not_picked":["wariomod:WhirlwindBurst+1","wariomod:BoomBoom"],"picked":"wariomod:ChargeForth+1","floor":31},{"not_picked":["wariomod:FabulousPrizes","wariomod:VeryLongJump+1"],"picked":"wariomod:SpacialMastery","floor":33},{"not_picked":["wariomod:SpaceSwap","wariomod:ThatsNotAll+1"],"picked":"wariomod:WhirlwindBurst+1","floor":35},{"not_picked":["wariomod:DisarmingMoves+1","wariomod:Hopshield","wariomod:CursedSpaces+1"],"picked":"SKIP","floor":39},{"not_picked":["wariomod:Purify+1","wariomod:BodyBlock"],"picked":"wariomod:ChargeForth+1","floor":40},{"not_picked":["wariomod:HappyHop+1","wariomod:Hopshield","wariomod:DonateDraw"],"picked":"SKIP","floor":41},{"not_picked":["infinitespire:Execution","infinitespire:TheBestDefense"],"picked":"infinitespire:FutureSight","floor":42},{"not_picked":["wariomod:AwfulLook+1","wariomod:Leapslam+1","wariomod:ChargeForth+1"],"picked":"SKIP","floor":47},{"not_picked":["wariomod:SpikeSlash+1","wariomod:ForbiddenMagic"],"picked":"wariomod:RacingSpeed","floor":48},{"not_picked":["wariomod:SelfImprison","wariomod:NullJump"],"picked":"wariomod:BodyBlock+1","floor":54}],"player_experience":507487,"relics_obtained":[{"floor":7.0,"key":"Bottled Lightning"},{"floor":9.0,"key":"Regal Pillow"},{"floor":26.0,"key":"hubris:Reverence"},{"floor":29.0,"key":"Molten Egg 2"},{"floor":32,"key":"infinitespire:Satchel"},{"floor":37,"key":"Ring of Fangs"},{"floor":37,"key":"Ring of Searing"},{"floor":40,"key":"Ice Cream"},{"floor":43,"key":"aspiration:Lifesprig"},{"floor":54,"key":"aspiration:SeaSaltIceCream"}],"event_choices":[{"damage_healed":0.0,"max_hp_gain":0.0,"max_hp_loss":0.0,"gold_gain":0.0,"event_name":"The Woman in Blue","player_choice":"Bought 2 Potions","floor":4.0,"gold_loss":0.0,"damage_taken":0.0},{"damage_healed":0.0,"max_hp_gain":0.0,"max_hp_loss":0.0,"gold_gain":0.0,"event_name":"WeMeetAgain","player_choice":"Paid Gold","floor":14.0,"gold_loss":50.0,"damage_taken":0.0,"relics_obtained":["infinitespire:Lucky Rock"]},{"damage_healed":0.0,"max_hp_gain":78.0,"max_hp_loss":38.0,"gold_gain":0.0,"event_name":"betterAltar:BetterAltar","player_choice":" Idol ","floor":20.0,"potions_obtained":[],"relics_lost":[],"gold_loss":0.0,"damage_taken":40.0,"relics_obtained":["Bloody Idol"]},{"cards_removed":["wariomod:HappyHop"],"damage_healed":36.0,"max_hp_gain":0.0,"max_hp_loss":0.0,"gold_gain":0.0,"event_name":"Bonfire Elementals","player_choice":"Offered Uncommon","floor":28.0,"gold_loss":0.0,"damage_taken":0.0},{"damage_healed":0,"gold_gain":0,"player_choice":"Leave","damage_taken":0,"max_hp_gain":0,"max_hp_loss":0,"event_name":"conspire:Investor","floor":36,"gold_loss":0},{"damage_healed":0,"gold_gain":0,"player_choice":"Fight","damage_taken":0,"max_hp_gain":0,"max_hp_loss":0,"event_name":"Mysterious Sphere","floor":40,"gold_loss":0},{"damage_healed":0,"gold_gain":0,"player_choice":"Ignored","damage_taken":0,"max_hp_gain":0,"max_hp_loss":0,"event_name":"NoteForYourself","floor":45,"gold_loss":0}],"is_beta":false,"boss_relics":[{"not_picked":["aspiration:SilentSkillbook","Velvet Choker"],"picked":"infinitespire:Cupcake"},{"not_picked":["hubris:BlackHole","Kintsugi"],"picked":"aspiration:SecretTechniqueScroll"}],"items_purged_floors":[53],"is_endless":false,"potions_floor_spawned":[3,5,11,16,18,31,33,47,48,54],"ascension_level":0}}