{"host":"wha9hktbkslqvblg","time":1610368445,"event":{"mods":["BaseMod","Colored Map","Minty Spire (QoL Compilation)","Relic Stats","SuperFastMode","everything is the same but u backflip on backflip"],"gold_per_floor":[116,136,136,149,46,81,101,101,101],"floor_reached":8,"playtime":176,"items_purged":["Strike_B"],"score":116,"play_id":"0f1b6646-37a7-4f43-9591-41da954b669e","local_time":"20210111213405","is_ascension_mode":true,"campfire_choices":[],"circlet_count":0,"master_deck":["AscendersBane","Strike_B","Strike_B","Defend_B","Defend_B","Defend_B","Defend_B","Zap","Dualcast","Ball Lightning","Beam Cell","Sweeping Beam","Hologram"],"relics":["Cracked Core","FossilizedHelix","Orichalcum"],"acts_visited":["Exordium"],"potions_floor_usage":[6,6],"damage_taken":[{"damage":0,"enemies":"2 Louse","floor":1,"turns":2},{"damage":0,"enemies":"Cultist","floor":2,"turns":2},{"damage":0,"enemies":"Jaw Worm","floor":4,"turns":3},{"damage":3,"enemies":"Lagavulin","floor":6,"turns":6},{"damage":7,"enemies":"Blue Slaver","floor":7,"turns":3},{"damage":0,"enemies":"Gremlin Nob","floor":8,"turns":3}],"seed_played":"2853832068462998977","potions_obtained":[{"floor":2,"key":"Block Potion"},{"floor":4,"key":"BlessingOfTheForge"},{"floor":6,"key":"Weak Potion"}],"is_trial":false,"path_per_floor":["M","M","?","M","$","E","M","E"],"character_chosen":"DEFECT","items_purchased":["Sweeping Beam"],"campfire_rested":0,"item_purchase_floors":[5],"current_hp_per_floor":[46,46,46,46,46,43,36,36,36],"gold":101,"neow_bonus":"ONE_RARE_RELIC","is_daily":false,"chose_seed":false,"campfire_upgraded":0,"win_rate":0.0,"timestamp":1610368445,"path_taken":["M","M","?","?","?","E","M","E"],"items_purchased_type":["Card"],"build_version":"2020-12-22","purchased_purges":1,"victory":false,"max_hp_per_floor":[71,71,71,71,71,71,71,71,71],"relic_stats":{"counters":[6,19],"Orichalcum":[24],"obtain_stats":[{"Orichalcum":6,"Cracked Core":0,"FossilizedHelix":0},{"Orichalcum":4,"Cracked Core":0,"FossilizedHelix":0},{"Orichalcum":13,"Cracked Core":0,"FossilizedHelix":0}]},"card_choices":[{"not_picked":["Glacier","Redo"],"picked":"Ball Lightning","floor":1},{"not_picked":["Stack","Turbo","Ball Lightning"],"picked":"SKIP","floor":2},{"not_picked":["Meteor Strike","Turbo"],"picked":"Beam Cell","floor":4},{"not_picked":["Blizzard","Ball Lightning","White Noise"],"picked":"SKIP","floor":6},{"not_picked":["Ball Lightning","Steam Power"],"picked":"Hologram","floor":7}],"player_experience":954016,"relics_obtained":[{"floor":6,"key":"Orichalcum"}],"event_choices":[{"cards_removed":["Strike_B"],"damage_healed":0,"gold_gain":0,"player_choice":"Offered Basic","damage_taken":0,"max_hp_gain":0,"max_hp_loss":0,"event_name":"Bonfire Elementals","floor":3,"gold_loss":0}],"is_beta":false,"boss_relics":[],"items_purged_floors":[5],"is_endless":false,"potions_floor_spawned":[2,4,6],"killed_by":"Gremlin Nob","ascension_level":20}}