{"host":"w3q5ijqu8eoknil3","time":1610402129,"event":{"mods":["AchievementEnabler","BaseMod","Block Reminder","Colored Powertips","Curses Come First","Minty Spire (QoL Compilation)","Quick Restart","Relic Stats","StSLib","ojb\u0027s Better Paths Mod","ojb\u0027s Info Mod","slay the spire mod where everything is the same but ironclad has a cowboy hat"],"gold_per_floor":[119,139,158,158,173,173,173,225,252,252,275,298,298,298],"floor_reached":13,"playtime":703,"items_purged":[],"score":165,"play_id":"10789e2a-0a33-41d1-a789-fe071d56311c","local_time":"20210111215529","is_ascension_mode":true,"campfire_choices":[{"data":"Choke","floor":7,"key":"SMITH"}],"circlet_count":0,"master_deck":["AscendersBane","Strike_G","Strike_G","Strike_G","Strike_G","Strike_G","Defend_G","Defend_G","Defend_G","Defend_G","Defend_G","Survivor","Neutralize","Choke+1","All Out Attack","Dagger Spray","Underhanded Strike","Footwork","Backstab"],"relics":["Ring of the Snake","NeowsBlessing","CeramicFish"],"acts_visited":[],"potions_floor_usage":[6,12],"damage_taken":[{"damage":0.0,"enemies":"Jaw Worm","floor":1.0,"turns":1.0},{"damage":0.0,"enemies":"2 Louse","floor":2.0,"turns":1.0},{"damage":0,"enemies":"Cultist","floor":3,"turns":1},{"damage":12,"enemies":"3 Louse","floor":5,"turns":3},{"damage":27,"enemies":"Lagavulin","floor":6,"turns":5},{"damage":9,"enemies":"Blue Slaver","floor":11,"turns":4},{"damage":6,"enemies":"2 Fungi Beasts","floor":12,"turns":3},{"damage":13,"enemies":"3 Sentries","floor":13,"turns":2}],"seed_played":"-498302257120132446","potions_obtained":[{"floor":1.0,"key":"SmokeBomb"},{"floor":3,"key":"SpeedPotion"}],"is_trial":false,"path_per_floor":["M","M","M","?","M","E","R","?","T","?","M","M","E"],"character_chosen":"THE_SILENT","items_purchased":[],"campfire_rested":0,"item_purchase_floors":[],"current_hp_per_floor":[59,59,59,59,47,20,20,20,20,25,16,10,0,0],"gold":298,"neow_bonus":"THREE_ENEMY_KILL","is_daily":false,"chose_seed":false,"campfire_upgraded":1,"win_rate":0.0,"timestamp":1610402129,"path_taken":["M","M","M","?","M","E","R","?","T","?","M","M","E"],"items_purchased_type":[],"build_version":"2020-12-22","purchased_purges":0,"victory":false,"max_hp_per_floor":[66,66,66,66,66,66,66,66,66,71,71,71,71,71],"relic_stats":{"counters":[6,18],"CeramicFish":18,"obtain_stats":[{"NeowsBlessing":0,"CeramicFish":9,"Ring of the Snake":0},{"NeowsBlessing":0,"CeramicFish":3,"Ring of the Snake":0},{"NeowsBlessing":0,"CeramicFish":9,"Ring of the Snake":0}],"Ring of the Snake":[12]},"card_choices":[{"not_picked":["Acrobatics","Well Laid Plans"],"picked":"Choke","floor":1.0},{"not_picked":["Acrobatics","Bane"],"picked":"All Out Attack","floor":2},{"not_picked":["Deadly Poison","PiercingWail"],"picked":"Dagger Spray","floor":3},{"not_picked":["Outmaneuver","Dagger Throw"],"picked":"Underhanded Strike","floor":5},{"not_picked":["Expertise","Outmaneuver"],"picked":"Footwork","floor":11},{"not_picked":["Dodge and Roll","Tactician"],"picked":"Backstab","floor":12}],"player_experience":962191,"relics_obtained":[{"floor":9,"key":"CeramicFish"}],"event_choices":[{"damage_healed":0,"gold_gain":0,"player_choice":"Ignored","damage_taken":0,"max_hp_gain":0,"max_hp_loss":0,"event_name":"Liars Game","floor":4,"gold_loss":0},{"damage_healed":0,"gold_gain":52,"player_choice":"Gained Gold","damage_taken":0,"max_hp_gain":0,"max_hp_loss":0,"event_name":"Golden Wing","floor":8,"gold_loss":0},{"damage_healed":0,"gold_gain":0,"player_choice":"Donut","damage_taken":0,"max_hp_gain":5,"max_hp_loss":0,"event_name":"Big Fish","floor":10,"gold_loss":0}],"is_beta":false,"boss_relics":[],"items_purged_floors":[],"is_endless":false,"potions_floor_spawned":[1,3],"killed_by":"3 Sentries","ascension_level":18}}