{"host":"yxwl91n21ge0donf","time":1610345811,"event":{"mods":["ATMod(阿瑾Mod)","BaseMod","Colored Powertips","Gold Saver","HololiveMod","LagranYue(拉格朗・月)","Minty Spire (QoL Compilation)","MostiFishMod","Remilia（蕾米莉亚）","Remove Card Discount Mod","Shop Mod","Spicy Shops","StSLib","The Animator","Yakumo Yukari mod","vexMod","【功能Mod】聪明的最终Boss","【遗物卡牌】REMEMod","篝火指南"],"gold_per_floor":[133,44,64,239,239,265,58,58,58,73,84,119,119,138,138,243,243,261,261,236,236,246,7,42,40,65,78,96,108,108,122,122,217,217,237,237,237,285,301,332,345,360,360,360,375,375,389,405,405,405,405],"floor_reached":50,"playtime":4550,"items_purged":["AT_purpleEX","Defend_purpleEX","AT_purpleEX","Defend_purpleEX","Doubt","CommonSense_AntiCommonSense_purple"],"score":581,"play_id":"a49d7bf1-2258-4b19-a3ab-be72a8374eca","local_time":"20210111141651","is_ascension_mode":false,"campfire_choices":[{"data":"AT_FamilyPortrait","floor":8,"key":"SMITH"},{"floor":13,"key":"RECALL"},{"floor":15,"key":"REST"},{"floor":32,"key":"REST"},{"floor":44,"key":"REST"},{"floor":49,"key":"REST"}],"circlet_count":0,"master_deck":["AT_purpleEX+1","Defend_purpleEX","Defend_purpleEX","Observe_purple_1","Observe_purple_2","AT_FamilyPortrait+1","Seeing Red","Fantasy_PerpetualMotionMachine_purple","PurpleNeedle_purple","AdvanceAttack_purple","WangLiang_LineAndCurveDreams_purple","Bait_HighSpeedFlying_purple","Shallow_ocean_purpleEX+1","Price_of_realm_purpleEX","ContainerChange_purple","RealityDreamConfluencek_purple","Mirror_FormAndEmptin_purple","Line_surface_state_purple+1","CommonSense_AntiCommonSense_purple+1","Mirror_FormAndEmptin_purple+1","Boundary_of_Extermination_purpleEX+1","Monsters_DoubleDeathButterfly_purple+1","Decay","RuleDissolution_purple+1","Theboundaryofcreation_purpleEX","OmniscientAndOmnipotent_Monster_purple+1","Madness","Madness","WangLiang_OokamiKakushi_purple","Boundary_LightAndDark_purple+1","Mirror_FourBoundary_purple+1","LoveAcrossDimensions_purple+1"],"relics":["Boundary_crack","Memoryfragments_purpleEX","DaveBox","REME_ComplimentaryCards","AT_ATBox","LagranYue:RandomDrawCardRelic","NeowsBlessing","Medical Kit","SynthV:TestCard","Blue Candle","SynthV","Gremlin Horn","AT_Kusabimaru","RhineSuit","HornCleat","Frozen Egg 2","Shovel","Whetstone","LagranYue:ContractPerformanceRelic","LagranYue:GuideDeadRelic","Omamori","REME_LimitBreaker"],"acts_visited":["Exordium","TheCity","TheBeyond"],"potions_floor_usage":[16,27,27,27,27,31,50,50,50],"damage_taken":[{"damage":0,"enemies":"Cultist","floor":1,"turns":2},{"damage":0,"enemies":"Small Slimes","floor":3,"turns":1},{"damage":21,"enemies":"Lagavulin","floor":6,"turns":1},{"damage":5,"enemies":"Jaw Worm","floor":10,"turns":4},{"damage":0,"enemies":"3 Louse","floor":11,"turns":1},{"damage":21,"enemies":"3 Sentries","floor":12,"turns":4},{"damage":0,"enemies":"Gremlin Gang","floor":14,"turns":3},{"damage":20,"enemies":"Slime Boss","floor":16,"turns":7},{"damage":27,"enemies":"Shell Parasite","floor":18,"turns":4},{"damage":7,"enemies":"Chosen","floor":22,"turns":4},{"damage":11,"enemies":"Gremlin Leader","floor":24,"turns":3},{"damage":8,"enemies":"Snecko","floor":27,"turns":5},{"damage":5,"enemies":"Shelled Parasite and Fungi","floor":28,"turns":3},{"damage":0,"enemies":"Cultist and Chosen","floor":29,"turns":2},{"damage":21,"enemies":"Centurion and Healer","floor":31,"turns":3},{"damage":7,"enemies":"Collector","floor":33,"turns":5},{"damage":1,"enemies":"3 Shapes","floor":35,"turns":2},{"damage":14,"enemies":"2 Orb Walkers","floor":38,"turns":2},{"damage":30,"enemies":"3 Darklings","floor":39,"turns":3},{"damage":20,"enemies":"Giant Head","floor":40,"turns":7},{"damage":0,"enemies":"Sphere and 2 Shapes","floor":41,"turns":1},{"damage":17,"enemies":"Jaw Worm Horde","floor":42,"turns":4},{"damage":14,"enemies":"3 Darklings","floor":45,"turns":3},{"damage":12,"enemies":"Sphere and 2 Shapes","floor":47,"turns":2},{"damage":7,"enemies":"Maw","floor":48,"turns":7},{"damage":32,"enemies":"Awakened One","floor":50,"turns":2}],"seed_played":"-8172923181309915030","potions_obtained":[{"floor":1,"key":"Energy Potion"},{"floor":11,"key":"Energy Potion"},{"floor":12,"key":"ColorlessPotion"},{"floor":18,"key":"SpeedPotion"},{"floor":28,"key":"AttackPotion"},{"floor":29,"key":"SteroidPotion"},{"floor":31,"key":"Strength Potion"},{"floor":33,"key":"Strength Potion"},{"floor":38,"key":"DuplicationPotion"},{"floor":40,"key":"FearPotion"},{"floor":45,"key":"Explosive Potion"}],"is_trial":false,"path_per_floor":["M","$","M","?","?","E","$","R","T","M","M","E","R","M","R","B",null,"M","?","?","?","M","R","E","R","T","M","M","M","?","M","R","B",null,"M","?","?","?","M","E","M","M","T","R","M","?","M","M","R","B"],"character_chosen":"Youkari","items_purchased":["PurpleNeedle_purple","CommonSense_AntiCommonSense_purple","SynthV","Frozen Egg 2"],"campfire_rested":4,"item_purchase_floors":[2,7,7,23],"current_hp_per_floor":[70,70,70,70,70,49,49,49,49,49,49,31,31,31,52,41,70,44,44,44,44,37,37,27,27,27,26,24,24,24,6,27,21,70,69,60,60,46,24,20,21,8,8,29,20,20,8,11,32,0,0],"gold":405,"neow_bonus":"THREE_ENEMY_KILL","is_daily":false,"chose_seed":false,"campfire_upgraded":1,"win_rate":0.0,"timestamp":1610345811,"path_taken":["M","$","M","?","?","E","$","R","T","?","M","E","R","M","R","BOSS","M","?","?","?","M","R","E","R","T","M","M","M","?","?","R","BOSS","M","?","?","?","?","E","M","M","T","R","M","?","M","M","R","BOSS"],"items_purchased_type":["Card","Card","Relic","Relic"],"build_version":"2020-12-22","purchased_purges":6,"victory":false,"max_hp_per_floor":[70,70,70,70,70,70,70,70,70,70,70,70,70,70,70,70,70,70,70,70,70,70,70,70,70,70,70,70,70,70,70,70,70,70,70,70,70,70,70,70,70,70,70,70,70,70,70,70,70,70,70],"card_choices":[{"not_picked":["ExistenceContinue_purple","OmniscientAndOmnipotent_Monster_purple"],"picked":"Fantasy_PerpetualMotionMachine_purple","floor":1},{"not_picked":["Line_surface_state_purple","Shallow_ocean_purpleEX","DimensionStaggered_purple","Boundary_DreamRealityDamnation_purple"],"picked":"AdvanceAttack_purple","floor":3},{"not_picked":["AdvanceAttack_purple","StateErode_purple","Extrememeaning_purpleEX","MeetDecomposer_purple"],"picked":"WangLiang_LineAndCurveDreams_purple","floor":6},{"not_picked":["StateErode_purple","AdvanceAttack_purple","MeetDecomposer_purple","Worldmountain_purple"],"picked":"Boundary_of_Extermination_purpleEX","floor":10},{"not_picked":["EighthInstrument_OneDividesIntoTwo_purple","Boundary_DreamRealityDamnation_purple","CommonSense_AntiCommonSense_purple","RealityDreamConfluencek_purple"],"picked":"Bait_HighSpeedFlying_purple","floor":11},{"not_picked":["EighthInstrument_OneDividesIntoTwo_purple","ExternalForce_HighSpeedFlying_purple","SharpContractionReality_purple","Fantasy_PerpetualMotionMachine_purple"],"picked":"Shallow_ocean_purpleEX","floor":12},{"not_picked":["Umbrella_purple","Shallow_ocean_purpleEX","MeetDecomposer_purple","Fantasy_PerpetualMotionMachine_purple"],"picked":"Price_of_realm_purpleEX","floor":14},{"not_picked":["BarrageBoundary_PipeDream_purple","WasteWire_Metro_purple","Fancifulhole_purple","Mirror_TwoAndThreeElementRealm_purple"],"picked":"ContainerChange_purple","floor":16},{"not_picked":["Shallow_ocean_purpleEX","ExistenceContinue_purple","CommonSense_AntiCommonSense_purple+1","Mirror_FourBoundary_purple"],"picked":"RealityDreamConfluencek_purple","floor":18},{"not_picked":["StateErode_purple+1","ExternalForce_HighSpeedFlying_purple","OmniscientAndOmnipotent_Monster_purple","MeetDecomposer_purple"],"picked":"Line_surface_state_purple+1","floor":22},{"not_picked":["MeetDecomposer_purple","Fantasy_PerpetualMotionMachine_purple+1","Line_surface_state_purple","Umbrella_purple"],"picked":"CommonSense_AntiCommonSense_purple+1","floor":24},{"not_picked":["MetroBOOM_purple","MeetDecomposer_purple","PositiveMatter_Antimatter_Universe_purple","CommonSense_AntiCommonSense_purple+1"],"picked":"Mirror_FormAndEmptin_purple+1","floor":27},{"not_picked":["DimensionStaggered_purple","StateErode_purple","Erosivefilter_purple","MeetDecomposer_purple+1"],"picked":"Boundary_of_Extermination_purpleEX+1","floor":28},{"not_picked":["Extrememeaning_purpleEX","Yakumo_Ran_purple","AdvanceAttack_purple","StateDuplicate_purple+1"],"picked":"Monsters_DoubleDeathButterfly_purple+1","floor":29},{"not_picked":["DimensionStaggered_purple","WeekHit_purple","CommonSense_AntiCommonSense_purple+1","WatchEChange_purple"],"picked":"RuleDissolution_purple+1","floor":31},{"not_picked":["Boundary_LifeAndDeath_purple","Know_ledgeAbilityRealm_purple","Fancifulhole_purple","D_absorption_purple"],"picked":"Theboundaryofcreation_purpleEX","floor":33},{"not_picked":["StateErode_purple","SfantasyHide_purple+1","Realm_recovery_purpleEX","StateDuplicate_purple+1"],"picked":"OmniscientAndOmnipotent_Monster_purple+1","floor":35},{"not_picked":["Line_surface_state_purple+1","MeetDecomposer_purple","Photoelasticity_Doppler_Effect_purple+1","Worldmountain_purple"],"picked":"WangLiang_OokamiKakushi_purple","floor":38},{"not_picked":["EighthInstrument_OneDividesIntoTwo_purple","OmniscientAndOmnipotent_Monster_purple+1","Line_surface_state_purple+1","Erosivefilter_purple"],"picked":"Boundary_LightAndDark_purple+1","floor":39},{"not_picked":["StateErode_purple","Know_ledgeAbilityRealm_purple","Boundary_DreamRealityDamnation_purple","AdvanceAttack_purple"],"picked":"Mirror_FourBoundary_purple+1","floor":40},{"not_picked":["WorldDissolvedintheRealm_purple+1","Line_surface_state_purple","Bait_Toxicbait_purple","SfantasyHide_purple+1","Umbrella_purple+1"],"picked":"SKIP","floor":41},{"not_picked":["Boundary_DynamicStaticEquilibrium_purple","PositiveMatter_Antimatter_Universe_purple+1","StateDuplicate_purple","WorldDissolvedintheRealm_purple"],"picked":"LoveAcrossDimensions_purple+1","floor":42},{"not_picked":["MNeedle_purple+1","SharpContractionReality_purple+1","StateErode_purple","StateDuplicate_purple","Shallow_ocean_purpleEX"],"picked":"SKIP","floor":45},{"not_picked":["StretchesForeverDream_purple","OpenedBox_purple+1","Shallow_ocean_purpleEX+1","PositiveMatter_Antimatter_Universe_purple","RuleDissolution_purple"],"picked":"SKIP","floor":47},{"not_picked":["SfantasyHide_purple+1","StateDuplicate_purple+1","Boundary_DreamRealityDamnation_purple+1","Anti_communist_purple","Shallow_ocean_purpleEX"],"picked":"SKIP","floor":48}],"player_experience":116901,"relics_obtained":[{"floor":1,"key":"SynthV:TestCard"},{"floor":6,"key":"Blue Candle"},{"floor":9,"key":"Gremlin Horn"},{"floor":12,"key":"AT_Kusabimaru"},{"floor":24,"key":"Shovel"},{"floor":26,"key":"Whetstone"},{"floor":38,"key":"LagranYue:GuideDeadRelic"},{"floor":40,"key":"Omamori"},{"floor":43,"key":"REME_LimitBreaker"}],"event_choices":[{"damage_healed":0,"gold_gain":175,"player_choice":"AGREE","damage_taken":0,"max_hp_gain":0,"max_hp_loss":0,"event_name":"Liars Game","floor":4,"gold_loss":0,"cards_obtained":["Doubt"]},{"damage_healed":0,"gold_gain":0,"player_choice":"Bought 0 Potions","damage_taken":0,"max_hp_gain":0,"max_hp_loss":0,"event_name":"The Woman in Blue","floor":5,"gold_loss":0},{"cards_removed":["AT_purpleEX"],"damage_healed":0,"gold_gain":0,"player_choice":"Elegance","damage_taken":0,"max_hp_gain":0,"max_hp_loss":0,"event_name":"Back to Basics","floor":19,"gold_loss":0},{"damage_healed":0,"gold_gain":0,"player_choice":"Read","damage_taken":0,"max_hp_gain":0,"max_hp_loss":0,"event_name":"TheLibraryeventEX","floor":21,"gold_loss":0,"cards_obtained":["Mirror_FormAndEmptin_purple"]},{"damage_healed":0,"gold_gain":0,"player_choice":"Cursed","damage_taken":0,"max_hp_gain":0,"max_hp_loss":0,"event_name":"Wheel of Change","floor":30,"gold_loss":0,"cards_obtained":["Decay"]},{"damage_healed":0,"gold_gain":0,"player_choice":"Embrace Madness","damage_taken":9,"max_hp_gain":0,"max_hp_loss":0,"event_name":"Winding Halls","floor":36,"gold_loss":0,"cards_obtained":["Madness","Madness"]},{"cards_removed":["Boundary_of_Extermination_purpleEX"],"damage_healed":0,"gold_gain":0,"player_choice":"Removed Power","damage_taken":0,"max_hp_gain":0,"max_hp_loss":0,"event_name":"Falling","floor":37,"gold_loss":0},{"damage_healed":0,"gold_gain":0,"player_choice":"Fight","damage_taken":0,"max_hp_gain":0,"max_hp_loss":0,"event_name":"Mysterious Sphere","floor":38,"gold_loss":0},{"damage_healed":0,"gold_gain":0,"player_choice":"Ignored","damage_taken":0,"max_hp_gain":0,"max_hp_loss":0,"event_name":"Tomb of Lord Red Mask","floor":46,"gold_loss":0}],"is_beta":false,"boss_relics":[{"not_picked":["Hololive_Finger","vexMod:MysteryBossChallenge"],"picked":"RhineSuit"},{"not_picked":["LagranYue:SoulBurningRelic","AT_MortalBlade"],"picked":"LagranYue:ContractPerformanceRelic"}],"items_purged_floors":[2,2,2,2,7,25],"is_endless":false,"potions_floor_spawned":[1,11,12,18,28,29,31,33,38,40,45],"killed_by":"Awakened One","ascension_level":0}}