{"host":"jpcy2bclvs7juczu","time":1610406084,"event":{"mods":["AchievementEnabler","BaseMod","Block Reminder","Colored Powertips","Curses Come First","Minty Spire (QoL Compilation)","Quick Restart","Relic Stats","StSLib","ojb\u0027s Better Paths Mod","ojb\u0027s Info Mod","slay the spire mod where everything is the same but ironclad has a cowboy hat"],"gold_per_floor":[360,373,390,465,128,128,159,73,125,182,182,213,55,66,66,144,144,154,166,181,197,197,197,211,211,238,251,7,7,7],"floor_reached":29,"playtime":1107,"items_purged":["Strike_G"],"score":470,"play_id":"0b29f0ab-ba05-444f-8f5f-0e715709b1db","local_time":"20210111230124","is_ascension_mode":true,"campfire_choices":[{"data":"A Thousand Cuts","floor":6,"key":"SMITH"},{"floor":11,"key":"REST"},{"floor":15,"key":"REST"},{"floor":23,"key":"REST"}],"circlet_count":0,"master_deck":["AscendersBane","Strike_G","Strike_G","Strike_G","Strike_G","Defend_G","Defend_G","Defend_G","Defend_G","Defend_G","Survivor","Neutralize","Blade Dance","Bouncing Flask","Flying Knee","Corpse Explosion","Tools of the Trade","Dash","A Thousand Cuts+1","Underhanded Strike","Backflip","Footwork","Outmaneuver","All Out Attack","Blur","Glass Knife","Choke","Die Die Die","Acrobatics","Noxious Fumes","Dagger Spray+1","PiercingWail","Caltrops+1"],"relics":["Ring of the Snake","Orichalcum","Orrery","Toy Ornithopter","Happy Flower","Mercury Hourglass","Kunai","Runic Pyramid","Bag of Marbles","OrangePellets"],"acts_visited":["Exordium","TheCity"],"potions_floor_usage":[2,10,12,16,19,27],"damage_taken":[{"damage":4,"enemies":"Small Slimes","floor":1,"turns":5},{"damage":2,"enemies":"Jaw Worm","floor":2,"turns":2},{"damage":1,"enemies":"Cultist","floor":3,"turns":3},{"damage":24,"enemies":"Lagavulin","floor":7,"turns":6},{"damage":8,"enemies":"3 Sentries","floor":10,"turns":4},{"damage":24,"enemies":"Gremlin Nob","floor":12,"turns":4},{"damage":2,"enemies":"3 Louse","floor":14,"turns":2},{"damage":1,"enemies":"Hexaghost","floor":16,"turns":7},{"damage":10,"enemies":"Shell Parasite","floor":18,"turns":5},{"damage":17,"enemies":"Spheric Guardian","floor":19,"turns":6},{"damage":24,"enemies":"Centurion and Healer","floor":20,"turns":4},{"damage":0,"enemies":"Chosen and Byrds","floor":21,"turns":4},{"damage":23,"enemies":"Cultist and Chosen","floor":24,"turns":4},{"damage":0,"enemies":"3 Cultists","floor":27,"turns":2},{"damage":14,"enemies":"Snake Plant","floor":29,"turns":2}],"seed_played":"-8123348056762702316","potions_obtained":[{"floor":1,"key":"Fire Potion"},{"floor":7,"key":"Block Potion"},{"floor":10,"key":"ColorlessPotion"},{"floor":14,"key":"DistilledChaos"},{"floor":16,"key":"Fire Potion"},{"floor":24,"key":"AttackPotion"}],"is_trial":false,"path_per_floor":["M","M","M","?","$","R","E","$","T","?","R","E","$","M","R","B",null,"M","M","M","M","?","R","M","?","T","M","$","M"],"character_chosen":"THE_SILENT","items_purchased":["Orichalcum","Orrery","Footwork","Blur","Glass Knife","OrangePellets"],"campfire_rested":3,"item_purchase_floors":[5,5,8,13,13,28],"current_hp_per_floor":[55,53,52,41,41,41,17,17,17,14,32,13,13,11,29,33,53,43,31,7,7,7,25,2,2,2,7,7,0,0],"gold":7,"neow_bonus":"TWO_FIFTY_GOLD","is_daily":false,"chose_seed":false,"campfire_upgraded":1,"win_rate":0.0,"timestamp":1610406084,"path_taken":["M","M","M","?","$","R","E","$","T","?","R","E","?","?","R","BOSS","M","M","M","M","?","R","M","?","T","M","$","M"],"items_purchased_type":["Relic","Relic","Card","Card","Card","Relic"],"build_version":"2020-12-22","purchased_purges":1,"victory":false,"max_hp_per_floor":[60,60,60,60,60,60,60,60,60,60,60,60,60,60,60,60,60,60,60,60,60,60,60,60,60,60,60,60,60,60],"relic_stats":{"OrangePellets":[0],"Happy Flower":[14],"counters":[15,59],"Kunai":[7],"Orichalcum":[138],"obtain_stats":[{"OrangePellets":28,"Happy Flower":9,"Orrery":5,"Bag of Marbles":26,"Kunai":12,"Orichalcum":5,"Toy Ornithopter":7,"Ring of the Snake":0,"Mercury Hourglass":10,"Runic Pyramid":17},{"OrangePellets":14,"Happy Flower":4,"Orrery":3,"Bag of Marbles":13,"Kunai":6,"Orichalcum":3,"Toy Ornithopter":4,"Ring of the Snake":0,"Mercury Hourglass":5,"Runic Pyramid":8},{"OrangePellets":57,"Happy Flower":16,"Orrery":10,"Bag of Marbles":55,"Kunai":24,"Orichalcum":10,"Toy Ornithopter":16,"Ring of the Snake":0,"Mercury Hourglass":20,"Runic Pyramid":33}],"Toy Ornithopter":25,"Ring of the Snake":[30],"Mercury Hourglass":[130]},"card_choices":[{"not_picked":["Tactician","Accuracy"],"picked":"Blade Dance","floor":1},{"not_picked":["Bane","Backstab"],"picked":"Bouncing Flask","floor":2},{"not_picked":["Prepared","Backflip"],"picked":"Flying Knee","floor":3},{"not_picked":["Quick Slash","Catalyst"],"picked":"Corpse Explosion","floor":5},{"not_picked":["Caltrops","Acrobatics"],"picked":"Tools of the Trade","floor":5},{"not_picked":["Slice","Tactician"],"picked":"Dash","floor":5},{"not_picked":["Concentrate","Prepared"],"picked":"A Thousand Cuts","floor":5},{"not_picked":["Quick Slash","Flying Knee"],"picked":"Underhanded Strike","floor":5},{"not_picked":["Quick Slash","Endless Agony"],"picked":"Backflip","floor":7},{"not_picked":["Infinite Blades","Dodge and Roll"],"picked":"Outmaneuver","floor":10},{"not_picked":["Bane","Backflip"],"picked":"All Out Attack","floor":12},{"not_picked":["Deadly Poison","Backstab"],"picked":"Choke","floor":14},{"not_picked":["Burst","Grand Finale"],"picked":"Die Die Die","floor":16},{"not_picked":["Cloak And Dagger","Poisoned Stab"],"picked":"Acrobatics","floor":18},{"not_picked":["Dagger Throw","Unload"],"picked":"Noxious Fumes","floor":19},{"not_picked":["Deflect","Expertise"],"picked":"Dagger Spray+1","floor":20},{"not_picked":["Deflect","Dodge and Roll","Sucker Punch"],"picked":"SKIP","floor":21},{"not_picked":["Bouncing Flask","Dagger Spray"],"picked":"PiercingWail","floor":24},{"not_picked":["Dash","Riddle With Holes+1"],"picked":"Caltrops+1","floor":27}],"player_experience":383458,"relics_obtained":[{"floor":7,"key":"Toy Ornithopter"},{"floor":9,"key":"Happy Flower"},{"floor":10,"key":"Mercury Hourglass"},{"floor":12,"key":"Kunai"},{"floor":26,"key":"Bag of Marbles"}],"event_choices":[{"damage_healed":0,"gold_gain":75,"player_choice":"Gather Gold","damage_taken":11,"max_hp_gain":0,"max_hp_loss":0,"event_name":"World of Goop","floor":4,"gold_loss":0},{"damage_healed":0,"gold_gain":30,"player_choice":"Searched \u00273\u0027 times","damage_taken":0,"max_hp_gain":0,"max_hp_loss":0,"event_name":"Dead Adventurer","floor":10,"gold_loss":0},{"damage_healed":0,"gold_gain":0,"player_choice":"Ignored","damage_taken":0,"max_hp_gain":0,"max_hp_loss":0,"event_name":"The Mausoleum","floor":22,"gold_loss":0},{"damage_healed":0,"gold_gain":0,"player_choice":"Ignored","damage_taken":0,"max_hp_gain":0,"max_hp_loss":0,"event_name":"Ghosts","floor":25,"gold_loss":0}],"is_beta":false,"boss_relics":[{"not_picked":["Philosopher\u0027s Stone","Snecko Eye"],"picked":"Runic Pyramid"}],"items_purged_floors":[28],"is_endless":false,"potions_floor_spawned":[1,7,10,14,16,24],"killed_by":"Snake Plant","ascension_level":20}}