{"host":"15dd7v8o90xso62x","time":1610324345,"event":{"mods":["BaseMod","Minty Spire (QoL Compilation)","Quick Restart","StSLib","SuperFastMode"],"gold_per_floor":[19,19,19,36,46,74,90,106,131,131,144,173,173,185,185,259,259,272,289,300,258,277,277,309,309,334,359,359,379,391,423,423,494,494,509,523,539,553,553,553],"floor_reached":39,"playtime":1499,"items_purged":[],"score":1018,"play_id":"9f8fcb16-8cd0-4a4f-9f09-6128663b6cdc","local_time":"20210111091905","is_ascension_mode":true,"campfire_choices":[{"data":"Perfected Strike","floor":10.0,"key":"SMITH"},{"data":"Feed","floor":13.0,"key":"SMITH"},{"data":"Perfected Strike","floor":15.0,"key":"SMITH"},{"data":"Demon Form","floor":23.0,"key":"SMITH"},{"floor":25.0,"key":"REST"},{"floor":28.0,"key":"REST"},{"floor":32.0,"key":"REST"}],"circlet_count":0,"master_deck":["AscendersBane","Strike_R","Strike_R","Strike_R","Strike_R","Strike_R","Defend_R","Bash","Pommel Strike+1","Feed+1","Anger","Carnage","Perfected Strike+1","Perfected Strike+1","Power Through","Demon Form+1","Shrug It Off+1","Juggernaut+1","Havoc+1","Ghostly Armor","Perfected Strike+1","Evolve","Perfected Strike+1","Pommel Strike","Twin Strike","Reaper","Bloodletting","Perfected Strike+1","Twin Strike"],"relics":["Burning Blood","FossilizedHelix","Pantograph","Lantern","Tiny Chest","Astrolabe","Strawberry","Ancient Tea Set","Bottled Tornado","Whetstone","SlaversCollar"],"acts_visited":["Exordium","TheCity","TheBeyond"],"potions_floor_usage":[],"damage_taken":[{"damage":0.0,"enemies":"Small Slimes","floor":1.0,"turns":4.0},{"damage":0.0,"enemies":"Cultist","floor":4.0,"turns":3.0},{"damage":12.0,"enemies":"Jaw Worm","floor":5.0,"turns":5.0},{"damage":0.0,"enemies":"Gremlin Nob","floor":6.0,"turns":4.0},{"damage":0.0,"enemies":"Exordium Thugs","floor":7.0,"turns":4.0},{"damage":0.0,"enemies":"Large Slime","floor":8.0,"turns":5.0},{"damage":0.0,"enemies":"2 Fungi Beasts","floor":11.0,"turns":2.0},{"damage":10.0,"enemies":"3 Sentries","floor":12.0,"turns":8.0},{"damage":21.0,"enemies":"Blue Slaver","floor":14.0,"turns":4.0},{"damage":64.0,"enemies":"Hexaghost","floor":16.0,"turns":9.0},{"damage":0.0,"enemies":"Spheric Guardian","floor":18.0,"turns":4.0},{"damage":3.0,"enemies":"Chosen","floor":19.0,"turns":4.0},{"damage":0.0,"enemies":"Centurion and Healer","floor":20.0,"turns":8.0},{"damage":44.0,"enemies":"Shelled Parasite and Fungi","floor":22.0,"turns":5.0},{"damage":42.0,"enemies":"Gremlin Leader","floor":24.0,"turns":9.0},{"damage":62.0,"enemies":"Book of Stabbing","floor":27.0,"turns":5.0},{"damage":0.0,"enemies":"Snecko","floor":29.0,"turns":3.0},{"damage":11.0,"enemies":"Sentry and Sphere","floor":30.0,"turns":4.0},{"damage":18.0,"enemies":"Gremlin Leader","floor":31.0,"turns":5.0},{"damage":77.0,"enemies":"Champ","floor":33.0,"turns":8.0},{"damage":46.0,"enemies":"3 Shapes","floor":35.0,"turns":6.0},{"damage":5.0,"enemies":"Orb Walker","floor":36.0,"turns":3.0},{"damage":36,"enemies":"3 Darklings","floor":37,"turns":8},{"damage":41,"enemies":"Transient","floor":38,"turns":6},{"damage":25,"enemies":"4 Shapes","floor":39,"turns":7}],"seed_played":"-8566011522681119091","potions_obtained":[{"floor":4.0,"key":"Block Potion"},{"floor":5.0,"key":"Ancient Potion"},{"floor":8.0,"key":"FearPotion"},{"floor":14.0,"key":"Dexterity Potion"},{"floor":22.0,"key":"AttackPotion"},{"floor":24.0,"key":"Explosive Potion"},{"floor":30.0,"key":"EssenceOfSteel"},{"floor":31.0,"key":"BloodPotion"},{"floor":36,"key":"SteroidPotion"}],"is_trial":false,"path_per_floor":["M","?","$","M","M","E","M","M","T","R","M","E","R","M","R","B",null,"M","M","M","$","M","R","E","R","T","E","R","M","M","E","R","B",null,"M","M","M","M","M"],"character_chosen":"IRONCLAD","items_purchased":["Evolve"],"campfire_rested":3,"item_purchase_floors":[21],"current_hp_per_floor":[74,74,74,78,75,81,81,84,84,84,87,86,86,75,75,36,80,86,89,98,98,64,64,35,67,67,11,43,49,44,32,64,39,92,52,53,49,14,0,0],"gold":553,"neow_bonus":"ONE_RARE_RELIC","is_daily":false,"chose_seed":false,"campfire_upgraded":4,"win_rate":0.0,"timestamp":1610324345,"path_taken":["M","?","?","M","M","E","M","M","T","R","M","E","R","M","R","BOSS","M","M","M","$","M","R","E","R","T","E","R","M","M","E","R","BOSS","M","M","M","M","M"],"items_purchased_type":["Card"],"build_version":"2020-12-22","purchased_purges":0,"victory":false,"max_hp_per_floor":[75,75,75,78,81,81,81,84,84,84,87,90,90,94,94,94,94,94,94,98,98,102,102,109,109,109,109,109,109,109,109,109,109,109,109,109,109,109,109,109],"card_choices":[{"not_picked":["True Grit","Havoc","Rupture"],"picked":"SKIP","floor":1.0},{"not_picked":["Iron Wave","Rupture"],"picked":"Anger","floor":4.0},{"not_picked":["Body Slam","Perfected Strike"],"picked":"Carnage","floor":5.0},{"not_picked":["Twin Strike","True Grit","Clothesline"],"picked":"SKIP","floor":6.0},{"not_picked":["Double Tap","Twin Strike"],"picked":"Perfected Strike","floor":7.0},{"not_picked":["Havoc","Bloodletting"],"picked":"Perfected Strike","floor":8.0},{"not_picked":["Hemokinesis","Havoc"],"picked":"Power Through","floor":11.0},{"not_picked":["Headbutt","Clothesline","Sword Boomerang"],"picked":"SKIP","floor":12.0},{"not_picked":["Pummel","Body Slam","Thunderclap"],"picked":"SKIP","floor":14.0},{"not_picked":["Brutality","Offering"],"picked":"Demon Form","floor":16.0},{"not_picked":["Anger","Sever Soul"],"picked":"Ghostly Armor","floor":18.0},{"not_picked":["Clothesline","Warcry"],"picked":"Perfected Strike+1","floor":19.0},{"not_picked":["Power Through","Sentinel","Shrug It Off"],"picked":"SKIP","floor":20.0},{"not_picked":["Anger+1","Flex","Warcry"],"picked":"SKIP","floor":22.0},{"not_picked":["Exhume","Heavy Blade+1"],"picked":"Perfected Strike","floor":24.0},{"not_picked":["Clash","Bludgeon","True Grit"],"picked":"SKIP","floor":27.0},{"not_picked":["Cleave","Flame Barrier"],"picked":"Pommel Strike","floor":29.0},{"not_picked":["Hemokinesis","Clash","Cleave"],"picked":"SKIP","floor":30.0},{"not_picked":["Iron Wave","Burning Pact"],"picked":"Twin Strike","floor":31.0},{"not_picked":["Impervious","Bludgeon"],"picked":"Reaper","floor":33.0},{"not_picked":["Warcry","Body Slam+1","Iron Wave"],"picked":"SKIP","floor":35.0},{"not_picked":["Shrug It Off+1","Flex"],"picked":"Bloodletting","floor":36},{"not_picked":["Brutality","Sword Boomerang+1"],"picked":"Perfected Strike+1","floor":37},{"not_picked":["Bloodletting","Burning Pact"],"picked":"Twin Strike","floor":38}],"player_experience":1022892,"relics_obtained":[{"floor":6.0,"key":"Pantograph"},{"floor":9.0,"key":"Lantern"},{"floor":12.0,"key":"Tiny Chest"},{"floor":24.0,"key":"Strawberry"},{"floor":26.0,"key":"Ancient Tea Set"},{"floor":27.0,"key":"Bottled Tornado"},{"floor":31.0,"key":"Whetstone"}],"event_choices":[{"damage_healed":0.0,"max_hp_gain":0.0,"max_hp_loss":0.0,"gold_gain":0.0,"event_name":"Match and Keep!","player_choice":"2 cards matched","floor":2.0,"gold_loss":0.0,"damage_taken":0.0,"cards_obtained":["Pommel Strike","Feed"]}],"is_beta":false,"boss_relics":[{"not_picked":["Velvet Choker","Runic Pyramid"],"picked":"Astrolabe"},{"not_picked":["Runic Dome","Coffee Dripper"],"picked":"SlaversCollar"}],"items_purged_floors":[],"is_endless":false,"potions_floor_spawned":[4,5,8,14,22,24,30,31,36],"killed_by":"4 Shapes","ascension_level":20}}