{"host":"zjc1tzo4ovig5lll","time":1610381411,"event":{"mods":["AchievementEnabler","Aspiration","BaseMod","Beaked The Cultist","Better Altar","Better Match","Better Note","Better Sensory Stone","Colored Map","Colored Powertips","Conspire","Energized Spire","Friendly Minions","GifTheSpireLib","Halation","Hermit","Hubris","Minty Spire (QoL Compilation)","Rare Cards Sparkle","Replay The Spire","StSLib","The Blue Laboratory","The Bug Knight","The Construct","The Jungle","everything is the same but u backflip on backflip","vexMod"],"gold_per_floor":[113,113,36,52,69,69,98,98,98,98,25,25,25,51,51,152,152,162,134,233,100,116,116,116,116,116,116,143,153,10,110,110,41,41,146,146,156,173,133,152,170,170,188,188,188,201,201,220,64,89,89,89,89],"floor_reached":52,"playtime":2238,"items_purged":["Strike_B"],"score":550,"play_id":"85d5aaf0-17e3-4d0d-9a1c-21551571450e","local_time":"20210111181011","is_ascension_mode":true,"campfire_choices":[{"data":"Conserve Battery","floor":6.0,"key":"SMITH"},{"floor":8.0,"key":"REST"},{"data":"Defragment","floor":10.0,"key":"SMITH"},{"data":"Finesse","floor":15.0,"key":"SMITH"},{"data":"conspire:SharedLibrary","floor":23.0,"key":"SMITH"},{"floor":32.0,"key":"REST"},{"floor":34.0,"key":"RECALL"},{"data":"construct:MetalShell","floor":42.0,"key":"SMITH"},{"data":"Storm","floor":44.0,"key":"SMITH"},{"data":"HollowMod:HuntersJournal","floor":47.0,"key":"SMITH"},{"data":"Heatsinks","floor":51.0,"key":"SMITH"}],"circlet_count":0,"master_deck":["Strike_B","Strike_B","Strike_B","Defend_B","Defend_B","Defend_B","Defend_B","Zap+1","Dualcast","Storm+1","Conserve Battery+1","Time Bomb","Defragment+1","Storm+1","Finesse+1","Auto Shields","Machine Learning","Self Repair+1","conspire:SharedLibrary+1","construct:MetalShell+1","Heatsinks+1","ReplayTheSpireMod:Stacked","HollowMod:HuntersJournal+1","Intimidate+1"],"relics":["Cracked Core","aspiration:Nostalgia","Ring of the Snake","White Beast Statue","aspiration:HatOfInfinitePower","hubris:Towel","Durian","Painkiller Herb","PrismaticShard","Strawberry","Replay:Rubber Ducky","Mirror","vexMod:RetaliationKit","Ring of Chaos","TheAbacus","Pet Ghost"],"acts_visited":["Exordium","TheCity","TheBeyond"],"potions_floor_usage":[52,52],"damage_taken":[{"damage":4.0,"enemies":"Jaw Worm","floor":1.0,"turns":4.0},{"damage":0.0,"enemies":"2 Louse","floor":4.0,"turns":2.0},{"damage":9.0,"enemies":"Small Slimes","floor":5.0,"turns":3.0},{"damage":30.0,"enemies":"3 Sentries","floor":7.0,"turns":9.0},{"damage":13.0,"enemies":"Lagavulin","floor":14.0,"turns":6.0},{"damage":57.0,"enemies":"Fading Forest","floor":16.0,"turns":11.0},{"damage":21.0,"enemies":"3 Byrds","floor":18.0,"turns":4.0},{"damage":17.0,"enemies":"2 Thieves","floor":19.0,"turns":5.0},{"damage":13.0,"enemies":"conspire:HollyBat","floor":22.0,"turns":7.0},{"damage":3.0,"enemies":"Snake Plant","floor":29.0,"turns":3.0},{"damage":20.0,"enemies":"Colosseum Slavers","floor":31.0,"turns":5.0},{"damage":9.0,"enemies":"Colosseum Nobs","floor":31.0,"turns":4.0},{"damage":33.0,"enemies":"Automaton","floor":35.0,"turns":12.0},{"damage":0.0,"enemies":"Orb Walker","floor":37.0,"turns":3.0},{"damage":14.0,"enemies":"3 Darklings","floor":38.0,"turns":6.0},{"damage":21.0,"enemies":"4 Shapes","floor":40.0,"turns":5.0},{"damage":1.0,"enemies":"Sphere and 2 Shapes","floor":41.0,"turns":5.0},{"damage":3.0,"enemies":"Spire Growth","floor":43.0,"turns":4.0},{"damage":0.0,"enemies":"Maw","floor":46.0,"turns":8.0},{"damage":0.0,"enemies":"Sphere and 2 Shapes","floor":48.0,"turns":5.0},{"damage":0.0,"enemies":"conspire:MimicChest","floor":50.0,"turns":4.0},{"damage":87,"enemies":"Awakened One","floor":52,"turns":10}],"seed_played":"-5843934108854907995","potions_obtained":[{"floor":19.0,"key":"blueLaboratory:BottledHope"},{"floor":22.0,"key":"Doom Potion"},{"floor":41.0,"key":"blueLaboratory:PyrophylliteBrew"},{"floor":43.0,"key":"Flashbang"},{"floor":46.0,"key":"blueLaboratory:PlasmaFuel"}],"is_trial":false,"path_per_floor":["M","?","$","M","M","R","E","R","T","R","$","?","?","E","R","B",null,"?","?","?","T","?","T","?","PTL","PTL","?","T","?","T","?","T","T","T","B",null,"?","?","?","?","?","T","?","T","T","?","T","?","T","?","T","B"],"character_chosen":"DEFECT","items_purchased":["Storm","Storm","Self Repair+1","Replay:Rubber Ducky","Heatsinks","TheAbacus"],"campfire_rested":2,"item_purchase_floors":[3,11,21,30,33,49],"current_hp_per_floor":[71,71,71,71,62,62,32,54,54,54,54,54,54,46,46,11,80,59,42,42,42,39,39,31,31,31,31,38,45,45,36,62,62,62,39,87,87,83,83,62,71,71,78,78,78,87,87,87,87,87,87,0,0],"gold":89,"neow_bonus":"NOSTALGIA","is_daily":false,"chose_seed":false,"campfire_upgraded":8,"win_rate":0.0,"timestamp":1610381411,"path_taken":["M","?","$","M","M","R","E","R","T","R","$","?","?","E","R","BOSS","?","?","?","T","?","T","?","PTL","PTL","?","T","?","T","?","T","?","T","BOSS","?","?","?","?","?","T","?","T","T","?","T","?","T","?","T","BOSS"],"items_purchased_type":["Card","Card","Card","Relic","Card","Relic"],"build_version":"2020-12-22","purchased_purges":1,"victory":false,"max_hp_per_floor":[75,75,75,75,75,75,75,75,75,75,75,75,75,80,80,80,80,80,80,80,80,80,80,80,80,80,80,87,87,87,87,87,87,87,87,87,87,87,87,87,87,87,87,87,87,87,87,87,87,87,87,87,87],"card_choices":[{"not_picked":["Cold Snap","Redo","Stack"],"picked":"SKIP","floor":1.0},{"not_picked":["Coolheaded","Rip and Tear"],"picked":"Conserve Battery","floor":4.0},{"not_picked":["Gash","Sweeping Beam"],"picked":"Time Bomb","floor":5.0},{"not_picked":["Coolheaded","Cold Snap"],"picked":"Defragment","floor":7.0},{"not_picked":["ReplayTheSpireMod:Trickstab","ReplayTheSpireMod:Uncanny Aura"],"picked":"Finesse","floor":12.0},{"not_picked":["conspire:Rain","FTL"],"picked":"Auto Shields","floor":14.0},{"not_picked":["Seek","ReplayTheSpireMod:Fabricate Wheel"],"picked":"Machine Learning","floor":16.0},{"not_picked":["conspire:SharedLibrary","Go for the Eyes","ReplayTheSpireMod:GoodbyeWorld"],"picked":"SKIP","floor":18.0},{"not_picked":["Panic Button","Stack","Ball Lightning"],"picked":"SKIP","floor":19.0},{"not_picked":["Conserve Battery","ReplaySort"],"picked":"conspire:SharedLibrary","floor":22.0},{"not_picked":["beaked:Overexert","Burning Pact"],"picked":"construct:MetalShell","floor":29.0},{"not_picked":["beaked:MimicHuntress","construct:Antimatter+1"],"picked":"ReplayTheSpireMod:Stacked","floor":37.0},{"not_picked":["Rupture+1","PathToVictory+1","Body Slam"],"picked":"SKIP","floor":38.0},{"not_picked":["construct:VentSteam+1","HollowMod:WraithStrike","Dramatic Entrance"],"picked":"SKIP","floor":40.0},{"not_picked":["Gash","EmptyFist+1","beaked:CursingBlood+1"],"picked":"SKIP","floor":41.0},{"not_picked":["beaked:WarriorSpirit+1","Flex","beaked:Resilience+1"],"picked":"SKIP","floor":43.0},{"not_picked":["beaked:FullHouse","Turbo"],"picked":"HollowMod:HuntersJournal","floor":46.0},{"not_picked":["Swivel","beaked:Cower"],"picked":"Intimidate+1","floor":48.0}],"player_experience":654223,"relics_obtained":[{"floor":7.0,"key":"White Beast Statue"},{"floor":9.0,"key":"aspiration:HatOfInfinitePower"},{"floor":14.0,"key":"Durian"},{"floor":24.0,"key":"PrismaticShard"},{"floor":28.0,"key":"Strawberry"},{"floor":31.0,"key":"Mirror"},{"floor":31.0,"key":"vexMod:RetaliationKit"},{"floor":50.0,"key":"Pet Ghost"}],"event_choices":[{"damage_healed":0.0,"max_hp_gain":0.0,"max_hp_loss":0.0,"gold_gain":0.0,"event_name":"Living Wall","player_choice":"Grow","floor":2.0,"gold_loss":0.0,"damage_taken":0.0,"cards_upgraded":["Zap"]},{"damage_healed":0.0,"max_hp_gain":0.0,"max_hp_loss":0.0,"gold_gain":1.0,"event_name":"betterStone:BetterStone","player_choice":"1","floor":12.0,"gold_loss":0.0,"damage_taken":0.0},{"damage_healed":0.0,"max_hp_gain":0.0,"max_hp_loss":0.0,"gold_gain":99.0,"event_name":"Nest","player_choice":"Stole From Cult","floor":20.0,"gold_loss":0.0,"damage_taken":0.0},{"damage_healed":0.0,"max_hp_gain":0.0,"max_hp_loss":0.0,"gold_gain":0.0,"event_name":"conspire:Investor","player_choice":"Leave","floor":27.0,"gold_loss":0.0,"damage_taken":0.0},{"damage_healed":0.0,"max_hp_gain":0.0,"max_hp_loss":0.0,"gold_gain":0.0,"event_name":"Colosseum","player_choice":"Fight","floor":31.0,"gold_loss":0.0,"damage_taken":0.0},{"damage_healed":0.0,"max_hp_gain":0.0,"max_hp_loss":0.0,"gold_gain":0.0,"event_name":"Colosseum","player_choice":"Fought Nobs","floor":31.0,"gold_loss":0.0,"damage_taken":0.0},{"damage_healed":0.0,"max_hp_gain":0.0,"max_hp_loss":0.0,"gold_gain":0.0,"event_name":"Designer","player_choice":"Upgrade","floor":39.0,"gold_loss":40.0,"damage_taken":0.0,"cards_upgraded":["Storm"]}],"is_beta":false,"boss_relics":[{"not_picked":["energizedSpire:DeadBattery","conspire:SeveredTorchhead"],"picked":"Painkiller Herb"},{"not_picked":["vexMod:ImprovementManual","aspiration:SecretTechniqueScroll"],"picked":"Ring of Chaos"}],"items_purged_floors":[21],"is_endless":false,"potions_floor_spawned":[5,14,16,18,19,22,29,31,31,35,37,38,40,41,43,46,48,50],"killed_by":"Awakened One","ascension_level":4}}