{"host":"juzjn19svz7o4sdd","time":1610346506,"event":{"mods":["AchievementEnabler","BaseMod","Better Third Choice","BetterRewards","Challenge The Spire","Colored Powertips","Curses Come First","Custom Start","Minty Spire (QoL Compilation)","StSLib","Transform Curses"],"gold_per_floor":[853,753,795,832,863,875,626,626,665,693,728,737,282,88,130,167,201,232],"floor_reached":19,"playtime":2156,"items_purged":["Strike_G","Strike_G","Strike_G","Strike_G","Strike_G"],"score":530,"play_id":"9026c9ab-091b-4208-b6e0-cadbbe1906dc","local_time":"20210111142826","daily_mods":["challengethespire:Silver Difficulty","challengethespire:Elite Rush","Uncertain Future"],"is_ascension_mode":true,"campfire_choices":[{"floor":8.0,"key":"REST"}],"circlet_count":0,"master_deck":["AscendersBane","Defend_G","Defend_G+1","Defend_G+1","Defend_G","Defend_G","Survivor","Neutralize","Accuracy","Footwork","Cloak And Dagger","Infinite Blades","Blade Dance","Strike_G","Venomology","Accuracy","CurseOfTheBell","Concentrate+1","Cloak And Dagger+1"],"relics":["Ring of the Snake","Black Star","Sling","PreservedInsect","Anchor","CeramicFish","Akabeko","War Paint","MawBank","Smiling Mask","Philosopher\u0027s Stone","Regal Pillow","Happy Flower","Du-Vu Doll","Darkstone Periapt","Ninja Scroll","Bottled Lightning","Calipers","Calling Bell","Lantern","Mummified Hand","Peace Pipe","Toxic Egg 2","Oddly Smooth Stone","OrangePellets","MealTicket","Tough Bandages","Toy Ornithopter","Pear","Blood Vial","Eternal Feather","Pen Nib","Omamori"],"acts_visited":["Exordium"],"potions_floor_usage":[15,15,16,16,16,17,17,18,18],"damage_taken":[{"damage":22.0,"enemies":"3 Sentries","floor":3.0,"turns":12.0},{"damage":13.0,"enemies":"Lagavulin","floor":4.0,"turns":9.0},{"damage":0.0,"enemies":"Gremlin Nob","floor":5.0,"turns":4.0},{"damage":18.0,"enemies":"Slavers","floor":9.0,"turns":5.0},{"damage":4.0,"enemies":"Book of Stabbing","floor":10.0,"turns":4.0},{"damage":8.0,"enemies":"Gremlin Leader","floor":11.0,"turns":4.0},{"damage":18,"enemies":"Giant Head","floor":15,"turns":7},{"damage":0,"enemies":"Reptomancer","floor":16,"turns":2},{"damage":0,"enemies":"Nemesis","floor":17,"turns":3},{"damage":61,"enemies":"Shield and Spear","floor":18,"turns":8}],"seed_played":"-1511564729577255551","potions_obtained":[{"floor":3.0,"key":"SpeedPotion"},{"floor":11,"key":"DuplicationPotion"},{"floor":15,"key":"EssenceOfSteel"},{"floor":16,"key":"Poison Potion"},{"floor":17,"key":"Block Potion"},{"floor":18,"key":"Poison Potion"}],"is_trial":true,"path_per_floor":["$","$","E","E","E","T","$","R","E","E","E","T","$","$","E","E","E","E",null],"character_chosen":"THE_SILENT","items_purchased":["Accuracy","Regal Pillow","Infinite Blades","Blade Dance","Toxic Egg 2","Oddly Smooth Stone","OrangePellets"],"campfire_rested":1,"item_purchase_floors":[1,7,7,7,13,13,14],"current_hp_per_floor":[63,63,41,28,28,28,28,64,46,42,34,40,40,40,37,47,57,8],"gold":232,"neow_bonus":"","is_daily":false,"chose_seed":false,"campfire_upgraded":0,"win_rate":0.0,"timestamp":1610346506,"path_taken":["$","$","E","E","E","T","$","R","E","E","E","T","$","$","E","E","E","E"],"items_purchased_type":["Card","Relic","Card","Card","Relic","Relic","Relic"],"build_version":"2020-12-22","purchased_purges":5,"victory":true,"max_hp_per_floor":[70,70,70,70,70,70,70,70,70,70,70,76,76,76,76,86,86,86],"card_choices":[],"player_experience":70682,"relics_obtained":[{"floor":3.0,"key":"Anchor"},{"floor":3.0,"key":"CeramicFish"},{"floor":4.0,"key":"Akabeko"},{"floor":4.0,"key":"War Paint"},{"floor":5.0,"key":"MawBank"},{"floor":5.0,"key":"Smiling Mask"},{"floor":9.0,"key":"Happy Flower"},{"floor":9.0,"key":"Du-Vu Doll"},{"floor":10.0,"key":"Darkstone Periapt"},{"floor":10.0,"key":"Ninja Scroll"},{"floor":11,"key":"Bottled Lightning"},{"floor":11,"key":"Calipers"},{"floor":12,"key":"Lantern"},{"floor":12,"key":"Mummified Hand"},{"floor":12,"key":"Peace Pipe"},{"floor":15,"key":"MealTicket"},{"floor":15,"key":"Tough Bandages"},{"floor":16,"key":"Toy Ornithopter"},{"floor":16,"key":"Pear"},{"floor":17,"key":"Blood Vial"},{"floor":17,"key":"Eternal Feather"},{"floor":18,"key":"Pen Nib"},{"floor":18,"key":"Omamori"}],"event_choices":[],"is_beta":false,"boss_relics":[{"not_picked":["Ectoplasm","Cursed Key"],"picked":"Philosopher\u0027s Stone"},{"not_picked":["HoveringKite","Fusion Hammer"],"picked":"Calling Bell"}],"items_purged_floors":[1,2,7,13,14],"is_endless":false,"potions_floor_spawned":[3,11,15,16,17,18],"ascension_level":10}}