{"host":"w36evy4uyf1bcavi","time":1610352187,"event":{"mods":["Act Like it!","Aspiration","BaseMod","Conspire","Jedi Mod","Minty Spire (QoL Compilation)","Replay The Spire","Robot Space Explorer","Spicy Shops","StSLib","The Cursed","The Hierophant"],"gold_per_floor":[116,116,141,161,161,205,205,226,275,275,306,306,404,417,417,546,546,565,334,262,262,262,262,262,262,262,262,262],"floor_reached":27,"playtime":1990,"items_purged":["Languid"],"score":253,"play_id":"8efaf881-5c87-4190-af66-2220b7c37a91","local_time":"20210111160307","is_ascension_mode":false,"campfire_choices":[{"floor":7,"key":"REST"}],"circlet_count":0,"master_deck":["RobotSpaceExplorer:Strike","RobotSpaceExplorer:Strike","RobotSpaceExplorer:Strike+1","RobotSpaceExplorer:Strike","RobotSpaceExplorer:Defend","RobotSpaceExplorer:Defend","RobotSpaceExplorer:Defend","RobotSpaceExplorer:Defend","RobotSpaceExplorer:Scan","RobotSpaceExplorer:MiniLasers","RobotSpaceExplorer:ChargingLaser","RobotSpaceExplorer:MiniDrones","RobotSpaceExplorer:SurgingShield","RobotSpaceExplorer:Asteroid","Armaments","FollowUp+1","TheCursedMod:CircleOfCorruption","Flash of Steel+1","Barricade","RobotSpaceExplorer:SelfCleaning","aspiration:Polymerization","Dual Wield+1","Infernal Blade","RobotSpaceExplorer:ShovelStrike+1"],"relics":["RobotSpaceExplorer:RoboCore","Golden Idol","PrismaticShard","Strawberry","Odd Mushroom","Molten Egg 2","Pen Nib","aspiration:DefectSkillbook","aspiration:Nostalgia","Ring of the Snake","Iron Hammer","jedi:ominousloannote","RobotSpaceExplorer:PlasmaHourglass","Replay:Rubber Ducky","Whetstone","Meat on the Bone"],"acts_visited":["Exordium","TheCity"],"potions_floor_usage":[6,6,16,23,23,25],"damage_taken":[{"damage":0,"enemies":"conspire:RoseBush","floor":1,"turns":3},{"damage":0,"enemies":"Jaw Worm","floor":3,"turns":3},{"damage":0,"enemies":"Small Slimes","floor":4,"turns":4},{"damage":12,"enemies":"Lagavulin","floor":6,"turns":9},{"damage":1,"enemies":"2 Fungi Beasts","floor":8,"turns":4},{"damage":10,"enemies":"The Mushroom Lair","floor":11,"turns":5},{"damage":3,"enemies":"conspire:2 RoseBushes","floor":14,"turns":5},{"damage":20,"enemies":"Hexaghost","floor":16,"turns":8},{"damage":7,"enemies":"3 Byrds","floor":18,"turns":5},{"damage":0,"enemies":"Shell Parasite","floor":21,"turns":3},{"damage":22,"enemies":"Centurion and Healer","floor":22,"turns":5},{"damage":23,"enemies":"Slavers","floor":23,"turns":5},{"damage":6,"enemies":"Chosen and Byrds","floor":24,"turns":5},{"damage":14,"enemies":"Book of Stabbing","floor":25,"turns":5},{"damage":21,"enemies":"conspire:HollyBat","floor":27,"turns":5}],"seed_played":"-4158398438417680270","potions_obtained":[{"floor":1,"key":"EssenceOfSteel"},{"floor":4,"key":"Venom Potion"},{"floor":8,"key":"Strength Potion"},{"floor":16,"key":"LiquidBronze"},{"floor":21,"key":"LifebloodPotion"},{"floor":23,"key":"Weak Potion"}],"is_trial":false,"path_per_floor":["M","?","M","M","?","E","R","M","T","?","?","T","?","M","R","B",null,"M","$","$","M","M","E","M","E","T","M"],"character_chosen":"RobotSpaceExplorer","items_purchased":["aspiration:Nostalgia","Iron Hammer","jedi:ominousloannote","RobotSpaceExplorer:PlasmaHourglass"],"campfire_rested":1,"item_purchase_floors":[19,20,20,20],"current_hp_per_floor":[75,57,57,57,57,52,76,75,75,75,65,65,45,42,42,22,82,75,75,75,75,53,30,24,10,10,0,0],"gold":262,"neow_bonus":"ONE_RANDOM_RARE_CARD","is_daily":false,"chose_seed":false,"campfire_upgraded":0,"win_rate":0.0,"timestamp":1610352187,"path_taken":["M","?","M","M","?","E","R","?","T","?","?","?","?","M","R","BOSS","M","?","$","M","?","E","M","E","T","?"],"items_purchased_type":["Relic","Relic","Relic","Relic"],"build_version":"2020-12-22","purchased_purges":1,"victory":false,"max_hp_per_floor":[75,75,75,75,75,82,82,82,82,82,82,82,82,82,82,82,82,82,82,82,82,82,82,82,82,82,82,82],"card_choices":[{"not_picked":["RobotSpaceExplorer:FrostMissile","RobotSpaceExplorer:ImprovisedAttack"],"picked":"RobotSpaceExplorer:MiniDrones","floor":1},{"not_picked":["RobotSpaceExplorer:Calculate","RobotSpaceExplorer:FranticSearch"],"picked":"RobotSpaceExplorer:SurgingShield","floor":3},{"not_picked":["RobotSpaceExplorer:FreezingShield","RobotSpaceExplorer:GlueShot"],"picked":"RobotSpaceExplorer:Asteroid","floor":4},{"not_picked":["jedi:BurstFrost","TheCursedMod:FleshFromBone","Predator"],"picked":"SKIP","floor":6},{"not_picked":["RobotSpaceExplorer:ShovelStrike","hierophant:PassingBell"],"picked":"Armaments","floor":8},{"not_picked":["RobotSpaceExplorer:FrostMissile","hierophant:Doomsaying"],"picked":"FollowUp","floor":11},{"not_picked":["TheCursedMod:VitalStrike+1","Gash+1"],"picked":"TheCursedMod:CircleOfCorruption","floor":13},{"not_picked":["ClearTheMind","Pummel+1"],"picked":"Flash of Steel+1","floor":13},{"not_picked":["Anger+1","Replay:BluntJabs+1","hierophant:RustyCrate"],"picked":"SKIP","floor":14},{"not_picked":["jedi:LeechingStrike","Replay:Bag of Tricks"],"picked":"Barricade","floor":16},{"not_picked":["Poisoned Stab+1","Genetic Algorithm","Halt"],"picked":"RobotSpaceExplorer:SelfCleaning","floor":18},{"not_picked":["ReplayTheSpireMod:Repulse","TheCursedMod:LuckyCharm+1","RobotSpaceExplorer:ExhaustFan"],"picked":"aspiration:Polymerization","floor":21},{"not_picked":["hierophant:Smite+1","Steam","RobotSpaceExplorer:ScrapShield+1"],"picked":"Dual Wield+1","floor":22},{"not_picked":["RobotSpaceExplorer:Explosion+1","ReplayTheSpireMod:Stacked","TheCursedMod:WearCloak"],"picked":"Infernal Blade","floor":23},{"not_picked":["Gash+1","RobotSpaceExplorer:FreezingShield","TheCursedMod:AshesToAshes","Wild Strike+1"],"picked":"SKIP","floor":24},{"not_picked":["Steam","hierophant:TollTheBells","hierophant:Alms"],"picked":"RobotSpaceExplorer:ShovelStrike+1","floor":25}],"player_experience":399435,"relics_obtained":[{"floor":6,"key":"Strawberry"},{"floor":11,"key":"Odd Mushroom"},{"floor":12,"key":"Molten Egg 2"},{"floor":13,"key":"Pen Nib"},{"floor":23,"key":"Replay:Rubber Ducky"},{"floor":25,"key":"Whetstone"},{"floor":26,"key":"Meat on the Bone"}],"event_choices":[{"damage_healed":0,"gold_gain":0,"player_choice":"Take Damage","damage_taken":18,"relics_obtained":["Golden Idol"],"max_hp_gain":0,"max_hp_loss":0,"event_name":"Golden Idol","floor":2,"gold_loss":0},{"damage_healed":0,"gold_gain":0,"player_choice":"Leave","damage_taken":0,"max_hp_gain":0,"max_hp_loss":0,"event_name":"conspire:Investor","floor":10,"gold_loss":0},{"damage_healed":0,"gold_gain":0,"player_choice":"Fought Mushrooms","damage_taken":0,"max_hp_gain":0,"max_hp_loss":0,"event_name":"Mushrooms","floor":11,"gold_loss":0},{"damage_healed":0,"gold_gain":0,"player_choice":"Ignored","damage_taken":0,"max_hp_gain":0,"max_hp_loss":0,"event_name":"NoteForYourself","floor":15,"gold_loss":0}],"is_beta":false,"boss_relics":[{"not_picked":["conspire:RoyalGoblet","jedi:hotpepper"],"picked":"aspiration:DefectSkillbook"}],"items_purged_floors":[19],"is_endless":false,"potions_floor_spawned":[1,4,8,16,21,23],"killed_by":"conspire:HollyBat","ascension_level":0}}