{"host":"0ttaavwaei2fh9kw","time":1610371030,"event":{"mods":["Act Like it!","BaseMod","Chen","Colored Map","Downfall","Gensokyo","KinomotoSakuraMod(ƒæ÷Æ±æ”£)","Lobotomy","LobotomyExtend","Marisa£®ÏF”Í°°ƒß¿Ì…≥£©","Minty Spire (QoL Compilation)","Prisma Mod","Reimu£®≤©¿ˆ¡È√Œ£©","Remilia£®¿Ÿ√◊¿Ú—«£©","Replay The Spire","Spicy Shops","StSLib","The Servant 0.9.4","WarShipGirlsR/’ΩΩ¢…Ÿ≈ÆR mod","Youmu£®ªÍ∆«—˝√Œ£©"],"gold_per_floor":[109,121,13,13,25,60,71,303,303,313,313,55,55,72,72,168,168,179,179,199,199,199],"floor_reached":21,"playtime":1916,"items_purged":["Injury"],"score":241,"play_id":"e1f3a4a0-2d9b-4dd3-a302-c32ac8758cf3","local_time":"20210111211710","is_ascension_mode":false,"campfire_choices":[{"data":"Apotheosis","floor":13,"key":"SMITH"},{"data":"UniversalSpiritual:ReiMu","floor":13,"key":"SMITH"},{"data":"KyokaiOfKami:ReiMu","floor":15,"key":"SMITH"},{"data":"HakureiPhantom:ReiMu","floor":15,"key":"SMITH"}],"circlet_count":0,"master_deck":["Strike_Lin:ReiMu","Strike_Lin:ReiMu","Strike_Lin:ReiMu","Strike_Lin:ReiMu","Defend_Lin:ReiMu","Defend_Lin:ReiMu","Defend_Lin:ReiMu","Defend_Lin:ReiMu","NB:ReiMu","Stagnation:ReiMu","MeatLantern","UniversalSpiritual:ReiMu+1","KyokaiOfKami:ReiMu+1","HakureiPhantom:ReiMu+1","CleanRite:ReiMu","SubAcupoint:ReiMu","LovePray:ReiMu","LovePray:ReiMu","Apotheosis+1","Secret Technique","Replay:SS_fish_2","CleanRite:ReiMu","Gensokyo:FourOfAKind","Gensokyo:FourOfAKind","Gensokyo:FourOfAKind","Gensokyo:FourOfAKind"],"relics":["FlyPower:ReiMu","CogitoBucket","LetterFromLob","Lantern","Bird Faced Urn","Pet Ghost","Chameleon Ring","Replay:Arrowhead","ReplayTheSpireMod:ShopPack","RedLine:ReiMu","LaetitiaHeart"],"acts_visited":["Gensokyo:Gensokyo","Gensokyo:Gensokyoer"],"potions_floor_usage":[6],"damage_taken":[{"damage":1.0,"enemies":"Gensokyo:2_Kodama","floor":1.0,"turns":7.0},{"damage":2.0,"enemies":"Gensokyo:Python","floor":2.0,"turns":5.0},{"damage":5,"enemies":"Gensokyo:3_Fairies","floor":5,"turns":6},{"damage":17,"enemies":"Gensokyo:Aya","floor":6,"turns":9},{"damage":4,"enemies":"Gensokyo:VengefulSpirit","floor":7,"turns":8},{"damage":3,"enemies":"Gensokyo:Mamizou","floor":8,"turns":13},{"damage":15,"enemies":"Gensokyo:Gryphon_and_Rabbit","floor":10,"turns":8},{"damage":4,"enemies":"Gensokyo:Python_and_Kodama","floor":14,"turns":5},{"damage":7,"enemies":"Gensokyo:Kokoro","floor":16,"turns":12},{"damage":57,"enemies":"Gensokyo:3_Dogs","floor":18,"turns":8},{"damage":15,"enemies":"Gensokyo:AngelMirror","floor":20,"turns":8},{"damage":2,"enemies":"Gensokyo:AngelMirror","floor":21,"turns":3}],"seed_played":"7612475744270294882","potions_obtained":[{"floor":1.0,"key":"Death Potion"},{"floor":2,"key":"champ:CounterPotion"},{"floor":6,"key":"FearPotion"},{"floor":14,"key":"Flashbang"}],"is_trial":false,"path_per_floor":["M","M","COS","?","M","E","M","E","T","M","?","$","R","M","R","B",null,"M","?","M","?"],"character_chosen":"REIMU","items_purchased":["LovePray:ReiMu","ReplayTheSpireMod:ShopPack"],"campfire_rested":0,"item_purchase_floors":[12,12],"current_hp_per_floor":[64,62,62,62,57,40,36,33,33,22,22,22,22,34,34,39,65,24,24,27,0,0],"gold":199,"neow_bonus":"","is_daily":false,"chose_seed":false,"campfire_upgraded":4,"win_rate":0.0,"timestamp":1610371030,"path_taken":["M","M","COS","?","M","E","M","E","T","M","?","$","R","M","R","BOSS","M","?","M","?"],"items_purchased_type":["Card","Relic"],"build_version":"2020-12-22","purchased_purges":1,"victory":false,"max_hp_per_floor":[65,65,65,65,65,65,65,65,65,65,65,65,65,65,65,65,65,65,46,46,46,46],"card_choices":[{"not_picked":["ShyLook","Wellcheers"],"picked":"MeatLantern","floor":1.0},{"not_picked":["Meditation:ReiMu","PrepareRite:ReiMu"],"picked":"UniversalSpiritual:ReiMu","floor":1.0},{"not_picked":["InherentArray:ReiMu","SpringWay:ReiMu"],"picked":"KyokaiOfKami:ReiMu","floor":2},{"not_picked":[],"picked":"HakureiPhantom:ReiMu","floor":4},{"not_picked":["SnowQueen","VoidDream","BlackSwan"],"picked":"Singing Bowl","floor":5},{"not_picked":["Enchanting:ReiMu","MountainWay:ReiMu","Amulet:ReiMu"],"picked":"SKIP","floor":5},{"not_picked":["OrbThrow:ReiMu","Revelation:ReiMu"],"picked":"CleanRite:ReiMu","floor":6},{"not_picked":["ManaGlint:ReiMu","BarrageOfMoneybags:ReiMu"],"picked":"SubAcupoint:ReiMu","floor":7},{"not_picked":["SubAcupoint:ReiMu","NineCharacters:ReiMu","SpringWay:ReiMu"],"picked":"SKIP","floor":8},{"not_picked":["Revelation:ReiMu","Amulet:ReiMu","SpringWay:ReiMu"],"picked":"SKIP","floor":10},{"not_picked":["Master of Strategy","Violence"],"picked":"Apotheosis","floor":12},{"not_picked":["Forethought","Impatience"],"picked":"Secret Technique","floor":12},{"not_picked":["expansioncontent:DecasProtection","The Bomb"],"picked":"Replay:SS_fish_2","floor":12},{"not_picked":["SafetyPray:ReiMu","SealNeedle:ReiMu","Meditation:ReiMu"],"picked":"SKIP","floor":14},{"not_picked":["OctopathSalyBorderN:ReiMu","RunawayExorcism:ReiMu"],"picked":"CleanRite:ReiMu","floor":16},{"not_picked":["Intuition:ReiMu+1","Conquer:ReiMu","SpringWay:ReiMu"],"picked":"SKIP","floor":18},{"not_picked":["Crusade:ReiMu","SubAcupoint:ReiMu","Amulet:ReiMu"],"picked":"SKIP","floor":20}],"player_experience":137843,"relics_obtained":[{"floor":1.0,"key":"LetterFromLob"},{"floor":6,"key":"Lantern"},{"floor":8,"key":"Pet Ghost"},{"floor":9,"key":"Chameleon Ring"}],"event_choices":[],"is_beta":false,"boss_relics":[{"not_picked":["Runic Dome","Velvet Choker"],"picked":"RedLine:ReiMu"}],"items_purged_floors":[12],"is_endless":false,"potions_floor_spawned":[1,2,6,14,20],"killed_by":"Gensokyo:AngelMirror","ascension_level":0}}