{"host":"sav7uxregyirlf69","time":1610365947,"event":{"mods":["AchievementEnabler","BaseMod","Colored Map","DeckTracker","Keyboard Shortcuts","Minty Spire (QoL Compilation)","READ ME - Guardian Mod","StSLib","SuperFastMode"],"gold_per_floor":[112,37,54,66,85,85,9,9,36,36,47,47,59,2,2,76,76,87,120,20,20,20,20,33,33,58,58,73,93,93,104,104,175,175,195,470,230,242,261,261,280,130,155,155,165,165,200,224,224,224,224,224],"floor_reached":51,"playtime":900,"items_purged":["Regret","Flechettes","Regret","Bane"],"score":1259,"play_id":"f275a4f6-e891-4537-8837-b3558be2a8f5","local_time":"20210111205227","is_ascension_mode":true,"campfire_choices":[{"floor":6,"key":"REST"},{"floor":8,"key":"REST"},{"data":"Blade Dance","floor":10,"key":"SMITH"},{"data":"Accuracy","floor":15,"key":"SMITH"},{"data":"Accuracy","floor":23,"key":"SMITH"},{"data":"After Image","floor":25,"key":"SMITH"},{"data":"Well Laid Plans","floor":32,"key":"SMITH"},{"data":"Phantasmal Killer","floor":40,"key":"SMITH"},{"data":"Tactician","floor":44,"key":"SMITH"},{"data":"Accuracy","floor":46,"key":"SMITH"},{"floor":49,"key":"RECALL"}],"circlet_count":0,"master_deck":["AscendersBane","Survivor","Neutralize","Infinite Blades","After Image+1","Blade Dance+1","Accuracy+1","Blade Dance","Backflip","Poisoned Stab","Blade Dance","Calculated Gamble","Accuracy+1","Backflip","Riddle With Holes","Blade Dance","Backflip","All Out Attack","Dodge and Roll+1","Well Laid Plans+1","Phantasmal Killer+1","Accuracy+1","PiercingWail","Tactician+1"],"relics":["Ring of the Snake","StoneCalendar","Tiny Chest","Lantern","Vajra","Pandora\u0027s Box","Red Mask","Toy Ornithopter","Matryoshka","Coffee Dripper","Blood Vial","Regal Pillow","Bird Faced Urn","Darkstone Periapt","Anchor"],"acts_visited":["Exordium","TheCity","TheBeyond"],"potions_floor_usage":[5,16,19,50],"damage_taken":[{"damage":5,"enemies":"Cultist","floor":1,"turns":4},{"damage":0,"enemies":"2 Louse","floor":3,"turns":3},{"damage":4,"enemies":"Small Slimes","floor":4,"turns":3},{"damage":47,"enemies":"Exordium Thugs","floor":5,"turns":7},{"damage":12,"enemies":"3 Louse","floor":11,"turns":4},{"damage":0,"enemies":"Large Slime","floor":13,"turns":4},{"damage":7,"enemies":"Hexaghost","floor":16,"turns":6},{"damage":0,"enemies":"Chosen","floor":18,"turns":3},{"damage":0,"enemies":"Masked Bandits","floor":19,"turns":2},{"damage":2,"enemies":"Shell Parasite","floor":24,"turns":2},{"damage":1,"enemies":"Centurion and Healer","floor":28,"turns":3},{"damage":5,"enemies":"Snake Plant","floor":29,"turns":3},{"damage":17,"enemies":"Cultist and Chosen","floor":31,"turns":4},{"damage":9,"enemies":"Automaton","floor":33,"turns":6},{"damage":0,"enemies":"3 Shapes","floor":35,"turns":2},{"damage":3,"enemies":"3 Darklings","floor":38,"turns":4},{"damage":0,"enemies":"Jaw Worm Horde","floor":39,"turns":3},{"damage":0,"enemies":"4 Shapes","floor":41,"turns":3},{"damage":13,"enemies":"Spire Growth","floor":45,"turns":3},{"damage":8,"enemies":"Giant Head","floor":47,"turns":5},{"damage":25,"enemies":"Donu and Deca","floor":50,"turns":5},{"damage":81,"enemies":"Awakened One","floor":51,"turns":7}],"seed_played":"7566248595573145592","potions_obtained":[{"floor":3,"key":"AttackPotion"},{"floor":5,"key":"CunningPotion"},{"floor":11,"key":"AttackPotion"},{"floor":16,"key":"DistilledChaos"},{"floor":24,"key":"FairyPotion"}],"is_trial":false,"path_per_floor":["M","$","M","M","M","R","$","R","T","R","M","?","M","?","R","B",null,"M","?","$","T","?","R","M","R","T","?","M","M","T","M","R","B",null,"M","?","$","M","M","R","M","$","T","R","M","R","E","T","R","B","B"],"character_chosen":"THE_SILENT","items_purchased":["Accuracy","Accuracy","PiercingWail"],"campfire_rested":2,"item_purchase_floors":[7,37,37],"current_hp_per_floor":[54,54,54,50,3,22,22,41,41,41,29,24,24,24,24,17,54,54,54,54,54,54,54,52,52,52,52,51,46,46,29,29,20,55,55,55,55,52,52,52,52,52,52,52,41,41,35,35,35,27,0,0],"gold":224,"neow_bonus":"ONE_RARE_RELIC","is_daily":false,"chose_seed":false,"campfire_upgraded":8,"win_rate":0.0,"timestamp":1610365947,"path_taken":["M","$","?","M","M","R","$","R","T","R","M","?","M","?","R","BOSS","M","?","$","?","?","R","M","R","T","?","?","M","?","M","R","BOSS","M","?","$","M","M","R","?","?","T","R","M","R","E","?","R","BOSS","BOSS"],"items_purchased_type":["Card","Card","Card"],"build_version":"2020-12-22","purchased_purges":4,"victory":false,"max_hp_per_floor":[66,66,66,66,66,66,66,66,66,66,66,66,66,66,66,66,66,66,66,66,66,66,66,66,66,66,66,66,66,66,66,66,66,66,66,66,66,66,66,66,66,66,66,66,66,66,66,66,66,66,66,66],"card_choices":[{"not_picked":["PiercingWail","Underhanded Strike"],"picked":"Infinite Blades","floor":1},{"not_picked":["Reflex","Poisoned Stab"],"picked":"Dagger Throw","floor":3},{"not_picked":["Bane","Cloak And Dagger"],"picked":"After Image","floor":4},{"not_picked":["Dodge and Roll","Deflect"],"picked":"Blade Dance","floor":5},{"not_picked":["Concentrate","Bane"],"picked":"Blade Dance","floor":11},{"not_picked":["Wraith Form v2","Prepared"],"picked":"Backflip","floor":13},{"not_picked":["Poisoned Stab","Outmaneuver+1"],"picked":"Dodge and Roll+1","floor":18},{"not_picked":["Die Die Die","Masterful Stab","Backstab"],"picked":"SKIP","floor":24},{"not_picked":["Sucker Punch","Acrobatics","Prepared"],"picked":"SKIP","floor":28},{"not_picked":["Deadly Poison","Crippling Poison","Backflip"],"picked":"SKIP","floor":29},{"not_picked":["Prepared","Deadly Poison"],"picked":"Well Laid Plans","floor":31},{"not_picked":["Doppelganger","Storm of Steel"],"picked":"Phantasmal Killer","floor":33},{"not_picked":["Backstab+1","Bane","Finisher+1"],"picked":"SKIP","floor":35},{"not_picked":["Sucker Punch+1","Setup+1"],"picked":"Tactician","floor":38},{"not_picked":["Underhanded Strike","Finisher","Dodge and Roll"],"picked":"SKIP","floor":39},{"not_picked":["Dagger Throw","Dagger Spray","Poisoned Stab"],"picked":"SKIP","floor":41},{"not_picked":["Sucker Punch+1","Deadly Poison","Deflect"],"picked":"SKIP","floor":45},{"not_picked":["Setup","Dagger Spray","PiercingWail"],"picked":"SKIP","floor":47}],"player_experience":1248300,"relics_obtained":[{"floor":9,"key":"Tiny Chest"},{"floor":19,"key":"Red Mask"},{"floor":26,"key":"Toy Ornithopter"},{"floor":30,"key":"Matryoshka"},{"floor":43,"key":"Blood Vial"},{"floor":43,"key":"Regal Pillow"},{"floor":47,"key":"Bird Faced Urn"},{"floor":48,"key":"Darkstone Periapt"},{"floor":48,"key":"Anchor"}],"event_choices":[{"damage_healed":0,"gold_gain":0,"player_choice":"Success","damage_taken":5,"relics_obtained":["Lantern"],"max_hp_gain":0,"max_hp_loss":0,"event_name":"Scrap Ooze","floor":12,"gold_loss":0},{"damage_healed":0,"gold_gain":0,"player_choice":"Paid Gold","damage_taken":0,"relics_obtained":["Vajra"],"max_hp_gain":0,"max_hp_loss":0,"event_name":"WeMeetAgain","floor":14,"gold_loss":57},{"damage_healed":0,"gold_gain":0,"player_choice":"Fought Bandits","damage_taken":0,"max_hp_gain":0,"max_hp_loss":0,"event_name":"Masked Bandits","floor":19,"gold_loss":0},{"damage_healed":0,"gold_gain":0,"player_choice":"Ignored","damage_taken":0,"max_hp_gain":0,"max_hp_loss":0,"event_name":"The Mausoleum","floor":22,"gold_loss":0},{"damage_healed":0,"gold_gain":0,"cards_transformed":["Dagger Throw"],"player_choice":"Transformed","damage_taken":0,"max_hp_gain":0,"max_hp_loss":0,"event_name":"Transmorgrifier","floor":27,"gold_loss":0,"cards_obtained":["Bane"]},{"damage_healed":0,"gold_gain":275,"player_choice":"Desecrate","damage_taken":0,"max_hp_gain":0,"max_hp_loss":0,"event_name":"Golden Shrine","floor":36,"gold_loss":0,"cards_obtained":["Regret"]}],"is_beta":false,"boss_relics":[{"not_picked":["Busted Crown","Runic Pyramid"],"picked":"Pandora\u0027s Box"},{"not_picked":["Snecko Eye","Velvet Choker"],"picked":"Coffee Dripper"}],"items_purged_floors":[2,20,37,42],"is_endless":false,"potions_floor_spawned":[3,5,11,16,24,29,38,41,47],"killed_by":"Awakened One","ascension_level":20}}