{"host":"spsrt7uenoh0uedx","time":1610339006,"event":{"mods":["Act Like it!","Arknights The Spire","BaseMod","Downfall","Friendly Minions","Gensokyo","Hallownest","Kiyohime（清姬）","Marisa（F雨　魔理沙）","Minty Spire (QoL Compilation)","SOS（斯巴达之子）","StSLib","The Bug Knight","The Cursed","The Gatherer","The Hierophant","The Runesmith","The Servant 0.9.4","WarShipGirlsR/战舰少女R mod","Youmu（魂魄妖梦）","Yuri Mod"],"gold_per_floor":[110,35,50,69,96,96,108,108,108,36,107,127,138,167,167,167,167],"floor_reached":16,"playtime":668,"items_purged":["Regret"],"score":112,"play_id":"9c35b126-cfa5-47c7-964d-46e589e273d6","local_time":"20210111122326","is_ascension_mode":false,"campfire_choices":[{"floor":6,"key":"REST"},{"floor":15,"key":"REST"}],"circlet_count":0,"master_deck":["ats:Strike C","ats:Strike G","ats:Strike S","ats:Strike V","ats:Armor Crushing Shot","ats:Defend","ats:Defend","ats:Defend","ats:Defend","ats:Emotion Absorption","ats:True Silver Slash","ats:Hook Shot","ats:Consecutive Shot Auto","ats:Support Order","ats:Shell Defense","ats:Revitalization","ats:Sword Rain","ats:Hammer On","ats:Collapsing Strike","ats:Shadow Assault"],"relics":["ats:Sanity","ats:Originium","TungstenRod","Hallownest:SheosBrushRelic","Calipers","ats:Military Tradition"],"acts_visited":["Hallownest:Greenpath"],"potions_floor_usage":[5,5,13,14],"damage_taken":[{"damage":8,"enemies":"2_ Uuma","floor":1,"turns":4},{"damage":2,"enemies":"Hallownest:monsterHuskWarrior","floor":3,"turns":5},{"damage":8,"enemies":"Hallownest:2_Tiktiks_and_1_Crawlid","floor":4,"turns":2},{"damage":46,"enemies":"Hallownest:eliteMossKnight","floor":5,"turns":8},{"damage":0,"enemies":"Hallownest:monsterFoolEater","floor":7,"turns":4},{"damage":7,"enemies":"Hallownest:Guard_and_Warrior","floor":12,"turns":6},{"damage":10,"enemies":"Hallownest:1_Ooma_and_2_Uuma","floor":13,"turns":3},{"damage":20,"enemies":"Hallownest:eliteMossKnight","floor":14,"turns":6},{"damage":31,"enemies":"Hallownest:BossHornet","floor":16,"turns":3}],"seed_played":"-2244949548162008234","potions_obtained":[{"floor":3,"key":"hexamod:EctoCoolerPotion"},{"floor":4,"key":"ColorlessPotion"},{"floor":12,"key":"EssenceOfSteel"},{"floor":13,"key":"FearPotion"}],"is_trial":false,"path_per_floor":["M","$","M","M","?","R","M","?","T","$","?","M","M","E","R","B"],"character_chosen":"DOCTOR_CLASS","items_purchased":["ats:Sword Rain"],"campfire_rested":2,"item_purchase_floors":[10],"current_hp_per_floor":[64,64,62,54,8,29,29,29,29,29,29,27,19,2,23,0,0],"gold":167,"neow_bonus":"THREE_RARE_CARDS","is_daily":false,"chose_seed":false,"campfire_upgraded":0,"win_rate":0.0,"timestamp":1610339006,"path_taken":["M","$","M","M","?","R","M","?","T","$","?","M","M","E","R","BOSS"],"items_purchased_type":["Card"],"build_version":"2020-12-22","purchased_purges":1,"victory":false,"max_hp_per_floor":[72,72,72,72,72,72,72,72,72,72,72,72,72,72,72,72,72],"card_choices":[{"not_picked":["ats:Wolf Pack","ats:Fractured Body"],"picked":"ats:True Silver Slash","floor":0},{"not_picked":["ats:Soul Absorption","ats:Curse Doll"],"picked":"ats:Hook Shot","floor":1},{"not_picked":["ats:Steam Pump","ats:Thorns"],"picked":"ats:Consecutive Shot Auto","floor":3},{"not_picked":["ats:Cat Scratch","ats:Childhood Dance"],"picked":"ats:Support Order","floor":4},{"not_picked":["ats:Childhood Dance","ats:LN2 Cannon"],"picked":"ats:Shell Defense","floor":5},{"not_picked":["ats:Hook Shot","ats:Guardian Obelisk"],"picked":"ats:Revitalization","floor":7},{"not_picked":["ats:Flexible Camouflage","ats:Ignite"],"picked":"ats:Hammer On","floor":12},{"not_picked":["ats:Revitalization","ats:Cat Scratch"],"picked":"ats:Collapsing Strike","floor":13},{"not_picked":["ats:Steam Pump","ats:Song Of Battle"],"picked":"ats:Shadow Assault","floor":14}],"player_experience":250607,"relics_obtained":[{"floor":5,"key":"ats:Originium"},{"floor":5,"key":"TungstenRod"},{"floor":9,"key":"Calipers"},{"floor":14,"key":"ats:Originium"},{"floor":14,"key":"ats:Military Tradition"}],"event_choices":[],"is_beta":false,"boss_relics":[],"items_purged_floors":[2],"is_endless":false,"potions_floor_spawned":[3,4,12,13],"killed_by":"Hallownest:BossHornet","ascension_level":0}}