{"host":"la7tuvtiv6v38fe3","time":1610334431,"event":{"mods":["AchievementEnabler","BaseMod","Bestiary","Colored Map","Colored Powertips","Dark Map","Highlight Path","Minty Spire (QoL Compilation)","Relic Stats","StSLib","ojb\u0027s Better Paths Mod","ojb\u0027s Info Mod"],"gold_per_floor":[99,99,99,99,99,99,99,99,99,99,99,99,99,99,99,99,99,99,65,20,20,20,20,20,20,20,20,20,20,20,20,20,20,20,20,0,0,0,0,0,0,0,0,0,0,0,0,0,0,0,0,0,0,0,0],"floor_reached":56,"playtime":7239,"items_purged":[],"score":1709,"play_id":"3e8e1080-dc24-41c3-baee-dc273632f6c7","local_time":"20210110190711","is_ascension_mode":true,"campfire_choices":[{"data":"Vault","floor":6.0,"key":"SMITH"},{"data":"SashWhip","floor":8.0,"key":"SMITH"},{"data":"Fasting2","floor":11.0,"key":"SMITH"},{"data":"Eruption","floor":15.0,"key":"SMITH"},{"data":"TalkToTheHand","floor":23.0,"key":"SMITH"},{"data":"Scrawl","floor":32.0,"key":"SMITH"},{"data":"Devotion","floor":40.0,"key":"SMITH"},{"data":"Ragnarok","floor":44.0,"key":"SMITH"},{"floor":49,"key":"RECALL"},{"data":"Blasphemy","floor":52,"key":"SMITH"}],"circlet_count":0,"master_deck":["Eruption+1","Vigilance","FlurryOfBlows","CarveReality","Vault+1","SandsOfTime","Indignation","SashWhip+1","Fasting2+1","Prostrate","Protect+1","JustLucky","Scrawl+1","Wallop","TalkToTheHand+1","FlurryOfBlows","FollowUp+1","ThirdEye+1","CrushJoints","Halt+1","Ragnarok+1","ForeignInfluence","Adaptation","LikeWater","Devotion+1","WindmillStrike","Blasphemy+1","Protect","ThirdEye","Meditate+1"],"relics":["Ectoplasm","Lantern","Bag of Marbles","Vajra","SlaversCollar","Eternal Feather","InkBottle","War Paint","Ancient Tea Set","MutagenicStrength","Happy Flower","Pandora\u0027s Box","Red Mask","Juzu Bracelet","Toy Ornithopter","HornCleat"],"acts_visited":["Exordium","TheCity","TheBeyond","TheEnding"],"potions_floor_usage":[48,50,55,55,55],"damage_taken":[{"damage":0.0,"enemies":"Cultist","floor":1.0,"turns":3.0},{"damage":0.0,"enemies":"Small Slimes","floor":2.0,"turns":2.0},{"damage":4.0,"enemies":"2 Louse","floor":3.0,"turns":2.0},{"damage":3.0,"enemies":"Exordium Wildlife","floor":4.0,"turns":3.0},{"damage":0.0,"enemies":"2 Fungi Beasts","floor":7.0,"turns":2.0},{"damage":17.0,"enemies":"3 Sentries","floor":10.0,"turns":9.0},{"damage":0.0,"enemies":"Looter","floor":12.0,"turns":2.0},{"damage":0.0,"enemies":"Exordium Thugs","floor":13.0,"turns":2.0},{"damage":5.0,"enemies":"Gremlin Nob","floor":14.0,"turns":4.0},{"damage":18.0,"enemies":"Slime Boss","floor":16.0,"turns":5.0},{"damage":0.0,"enemies":"3 Byrds","floor":18.0,"turns":5.0},{"damage":6.0,"enemies":"2 Thieves","floor":20.0,"turns":5.0},{"damage":17.0,"enemies":"Book of Stabbing","floor":24.0,"turns":5.0},{"damage":6.0,"enemies":"Centurion and Healer","floor":25.0,"turns":4.0},{"damage":0.0,"enemies":"Slavers","floor":27.0,"turns":6.0},{"damage":0.0,"enemies":"Shelled Parasite and Fungi","floor":29.0,"turns":2.0},{"damage":0.0,"enemies":"Gremlin Leader","floor":30.0,"turns":4.0},{"damage":0.0,"enemies":"3 Cultists","floor":31.0,"turns":4.0},{"damage":25.0,"enemies":"Automaton","floor":33.0,"turns":9.0},{"damage":11.0,"enemies":"3 Darklings","floor":35.0,"turns":3.0},{"damage":0.0,"enemies":"3 Shapes","floor":38.0,"turns":5.0},{"damage":0.0,"enemies":"Jaw Worm Horde","floor":39.0,"turns":5.0},{"damage":0.0,"enemies":"Giant Head","floor":42.0,"turns":5.0},{"damage":0.0,"enemies":"Writhing Mass","floor":45.0,"turns":1.0},{"damage":36,"enemies":"Nemesis","floor":46,"turns":7},{"damage":0,"enemies":"3 Darklings","floor":47,"turns":4},{"damage":0,"enemies":"Maw","floor":48,"turns":4},{"damage":0,"enemies":"Time Eater","floor":50,"turns":4},{"damage":47,"enemies":"Shield and Spear","floor":54,"turns":8},{"damage":65,"enemies":"The Heart","floor":55,"turns":8}],"seed_played":"-2552140455728439338","potions_obtained":[{"floor":3.0,"key":"BottledMiracle"},{"floor":7.0,"key":"AttackPotion"},{"floor":10.0,"key":"FairyPotion"},{"floor":14.0,"key":"Swift Potion"},{"floor":16.0,"key":"EntropicBrew"},{"floor":29.0,"key":"SpeedPotion"},{"floor":33.0,"key":"Strength Potion"},{"floor":35.0,"key":"PowerPotion"},{"floor":39.0,"key":"SneckoOil"},{"floor":46,"key":"AttackPotion"},{"floor":48,"key":"LiquidMemories"}],"is_trial":false,"path_per_floor":["M","M","M","M","?","R","M","R","T","E","R","M","M","E","R","B",null,"M","$","M","?","T","R","E","M","T","E","?","M","E","M","R","B",null,"M","?","?","M","M","R","?","E","T","R","M","E","M","M","R","B",null,"R","$","E","B",null],"character_chosen":"WATCHER","items_purchased":["TalkToTheHand"],"campfire_rested":0,"item_purchase_floors":[19],"current_hp_per_floor":[65,65,61,58,58,58,58,58,58,41,41,41,41,36,36,18,59,59,59,53,53,53,65,48,42,42,42,42,42,42,42,57,32,62,51,51,51,51,51,66,66,66,66,68,68,32,32,37,55,60,66,68,68,21,31],"gold":0,"neow_bonus":"BOSS_RELIC","is_daily":false,"chose_seed":false,"campfire_upgraded":9,"win_rate":0.0,"timestamp":1610334431,"path_taken":["M","M","M","?","?","R","M","R","T","E","R","M","M","E","R","BOSS","M","?","?","?","?","R","E","M","T","E","?","M","E","M","R","BOSS","M","?","?","M","?","R","?","E","T","R","M","E","M","M","R","BOSS","R","$","E","BOSS"],"items_purchased_type":["Card"],"build_version":"2020-12-22","purchased_purges":0,"victory":true,"max_hp_per_floor":[72,72,72,72,72,72,72,72,72,72,72,72,72,72,72,72,72,72,72,72,72,72,72,72,72,72,72,72,72,72,72,72,72,72,72,72,72,72,72,72,68,68,68,68,68,68,68,68,68,68,68,68,68,68,68],"relic_stats":{"Happy Flower":[22],"counters":[30,132],"Eternal Feather":64,"Pandora\u0027s Box":["ForeignInfluence","Fasting2","Adaptation","LikeWater","Devotion","WindmillStrike","Blasphemy"],"Ectoplasm":889,"Juzu Bracelet":0,"War Paint":["Protect","Defend_P"],"obtain_stats":[{"Lantern":9,"Happy Flower":30,"Vajra":14,"Eternal Feather":22,"Juzu Bracelet":42,"War Paint":26,"Ancient Tea Set":27,"SlaversCollar":17,"HornCleat":54,"MutagenicStrength":28,"Pandora\u0027s Box":34,"Ectoplasm":0,"Bag of Marbles":10,"Red Mask":36,"PureWater":0,"InkBottle":24,"Toy Ornithopter":46},{"Lantern":5,"Happy Flower":17,"Vajra":9,"Eternal Feather":12,"Juzu Bracelet":23,"War Paint":14,"Ancient Tea Set":15,"SlaversCollar":10,"HornCleat":29,"MutagenicStrength":15,"Pandora\u0027s Box":19,"Ectoplasm":0,"Bag of Marbles":6,"Red Mask":20,"PureWater":0,"InkBottle":13,"Toy Ornithopter":25},{"Lantern":12,"Happy Flower":65,"Vajra":29,"Eternal Feather":44,"Juzu Bracelet":96,"War Paint":53,"Ancient Tea Set":59,"SlaversCollar":34,"HornCleat":124,"MutagenicStrength":59,"Pandora\u0027s Box":78,"Ectoplasm":0,"Bag of Marbles":21,"Red Mask":81,"PureWater":0,"InkBottle":49,"Toy Ornithopter":104}],"InkBottle":[36],"Toy Ornithopter":25},"card_choices":[{"not_picked":["ReachHeaven","BowlingBash"],"picked":"FlurryOfBlows","floor":1.0},{"not_picked":["Pray","Conclude"],"picked":"CarveReality","floor":2.0},{"not_picked":["ThirdEye","Indignation"],"picked":"Vault","floor":3.0},{"not_picked":["EmptyBody","CarveReality"],"picked":"SandsOfTime","floor":4.0},{"not_picked":["Evaluate","FlurryOfBlows"],"picked":"SashWhip","floor":7.0},{"not_picked":["Worship","Blasphemy"],"picked":"Fasting2","floor":10.0},{"not_picked":["SashWhip","Indignation"],"picked":"Prostrate","floor":12.0},{"not_picked":["MentalFortress","PathToVictory"],"picked":"Protect","floor":13.0},{"not_picked":["Swivel","Wireheading"],"picked":"JustLucky","floor":14.0},{"not_picked":["Vault","Establishment"],"picked":"Scrawl","floor":16.0},{"not_picked":["Meditate+1","Crescendo"],"picked":"Wallop","floor":18.0},{"not_picked":["PathToVictory","Crescendo"],"picked":"FlurryOfBlows","floor":20.0},{"not_picked":["FlyingSleeves+1","Evaluate"],"picked":"FollowUp+1","floor":24.0},{"not_picked":["Adaptation","Pray"],"picked":"ThirdEye+1","floor":25.0},{"not_picked":["Fasting2","InnerPeace"],"picked":"CrushJoints","floor":27.0},{"not_picked":["ConjureBlade","EmptyFist","CutThroughFate"],"picked":"SKIP","floor":29.0},{"not_picked":["PathToVictory","EmptyMind+1","JustLucky"],"picked":"SKIP","floor":30.0},{"not_picked":["Blasphemy","CutThroughFate"],"picked":"Halt+1","floor":31.0},{"not_picked":["DevaForm","MasterReality"],"picked":"Ragnarok","floor":33.0},{"not_picked":["MentalFortress+1","FollowUp","Consecrate+1"],"picked":"SKIP","floor":35.0},{"not_picked":["CutThroughFate","BowlingBash+1"],"picked":"Protect","floor":38.0},{"not_picked":["CrushJoints+1","Consecrate+1","LessonLearned"],"picked":"SKIP","floor":39.0},{"not_picked":["Evaluate","InnerPeace","WheelKick+1"],"picked":"SKIP","floor":42.0},{"not_picked":["Evaluate","ForeignInfluence+1","PathToVictory+1"],"picked":"SKIP","floor":45.0},{"not_picked":["MentalFortress+1","CutThroughFate"],"picked":"ThirdEye","floor":46},{"not_picked":["Pray+1","BowlingBash"],"picked":"Meditate+1","floor":47},{"not_picked":["Meditate+1","Evaluate","ClearTheMind"],"picked":"SKIP","floor":48},{"not_picked":["EmptyFist","CrushJoints+1","ClearTheMind+1"],"picked":"SKIP","floor":54}],"player_experience":352437,"relics_obtained":[{"floor":9.0,"key":"Lantern"},{"floor":10.0,"key":"Bag of Marbles"},{"floor":14.0,"key":"Vajra"},{"floor":22.0,"key":"Eternal Feather"},{"floor":24.0,"key":"InkBottle"},{"floor":26.0,"key":"War Paint"},{"floor":27.0,"key":"Ancient Tea Set"},{"floor":30.0,"key":"Happy Flower"},{"floor":42.0,"key":"Juzu Bracelet"},{"floor":46,"key":"Toy Ornithopter"},{"floor":54,"key":"HornCleat"}],"event_choices":[{"damage_healed":0.0,"max_hp_gain":0.0,"max_hp_loss":0.0,"gold_gain":0.0,"cards_transformed":["Defend_P"],"event_name":"Transmorgrifier","player_choice":"Transformed","floor":5.0,"gold_loss":0.0,"damage_taken":0.0,"cards_obtained":["Indignation"]},{"damage_healed":0.0,"max_hp_gain":0.0,"max_hp_loss":0.0,"gold_gain":0.0,"event_name":"Drug Dealer","player_choice":"Inject Mutagens","floor":28.0,"gold_loss":0.0,"damage_taken":0.0,"relics_obtained":["MutagenicStrength"]},{"damage_healed":0.0,"max_hp_gain":0.0,"max_hp_loss":0.0,"gold_gain":0.0,"event_name":"Tomb of Lord Red Mask","player_choice":"Paid","floor":36.0,"gold_loss":20.0,"damage_taken":0.0,"relics_obtained":["Red Mask"]},{"cards_removed":["Fasting2"],"damage_healed":0.0,"max_hp_gain":0.0,"max_hp_loss":0.0,"gold_gain":0.0,"event_name":"Purifier","player_choice":"Purged","floor":37.0,"gold_loss":0.0,"damage_taken":0.0},{"damage_healed":0.0,"max_hp_gain":0.0,"max_hp_loss":4.0,"gold_gain":0.0,"event_name":"Winding Halls","player_choice":"Max HP","floor":41.0,"gold_loss":0.0,"damage_taken":0.0}],"is_beta":false,"boss_relics":[{"not_picked":["Runic Pyramid","Calling Bell"],"picked":"SlaversCollar"},{"not_picked":["Velvet Choker","Tiny House"],"picked":"Pandora\u0027s Box"}],"items_purged_floors":[],"is_endless":false,"potions_floor_spawned":[3,7,10,14,16,18,24,29,33,35,39,46,48],"ascension_level":7}}