{"host":"vddkjx04kiwje1tk","time":1610377245,"event":{"mods":["AchievementEnabler","BaseMod","Colored Map","Minty Spire (QoL Compilation)","Quick Restart","SuperFastMode"],"gold_per_floor":[118,17,17,87,87,32,65,115,185,12,43,106,118,198,198,295,295,315,396,545,595,612,612,623,623,623,656,51,26,76,139,139,242,242,256,306,366,54,74,74,92,92,92],"floor_reached":42,"playtime":929,"items_purged":["Strike_R","Strike_R","Defend_R","Blood for Blood+1"],"score":679,"play_id":"c81cdf6c-9d9d-49ca-ac54-247c947005b8","local_time":"20210112000045","is_ascension_mode":true,"campfire_choices":[{"floor":15,"key":"REST"},{"floor":23,"key":"REST"},{"floor":25,"key":"REST"},{"data":"Inflame","floor":32,"key":"SMITH"},{"floor":40,"key":"REST"}],"circlet_count":0,"master_deck":["Bash","Inflame","Sword Boomerang","Heavy Blade+1","Whirlwind","Fire Breathing","Flex","Inflame+1","Offering","Headbutt+1","Inflame","Brutality","Offering+1","Feed+1","Seeing Red+1"],"relics":["Velvet Choker","SsserpentHead","The Courier","Pantograph","Omamori","Empty Cage","Red Mask","MutagenicStrength","Bottled Lightning","Tiny Chest","FossilizedHelix","Letter Opener","Astrolabe","Prayer Wheel","Eternal Feather"],"acts_visited":["Exordium","TheCity","TheBeyond"],"potions_floor_usage":[19,19,39],"damage_taken":[{"damage":2,"enemies":"2 Louse","floor":1,"turns":3},{"damage":6,"enemies":"Cultist","floor":4,"turns":3},{"damage":20,"enemies":"Lagavulin","floor":7,"turns":5},{"damage":20,"enemies":"3 Sentries","floor":11,"turns":4},{"damage":9,"enemies":"Jaw Worm","floor":12,"turns":3},{"damage":6,"enemies":"Exordium Thugs","floor":13,"turns":3},{"damage":52,"enemies":"The Guardian","floor":16,"turns":6},{"damage":0,"enemies":"3 Byrds","floor":18,"turns":3},{"damage":16,"enemies":"Masked Bandits","floor":19,"turns":3},{"damage":22,"enemies":"Shell Parasite","floor":22,"turns":3},{"damage":8,"enemies":"Chosen and Byrds","floor":24,"turns":3},{"damage":6,"enemies":"Gremlin Leader","floor":27,"turns":2},{"damage":0,"enemies":"Snecko","floor":31,"turns":2},{"damage":44,"enemies":"Collector","floor":33,"turns":4},{"damage":16,"enemies":"3 Shapes","floor":35,"turns":1},{"damage":18,"enemies":"3 Darklings","floor":37,"turns":2},{"damage":34,"enemies":"Writhing Mass","floor":39,"turns":3},{"damage":0,"enemies":"Jaw Worm Horde","floor":41,"turns":1},{"damage":41,"enemies":"Spire Growth","floor":42,"turns":2}],"seed_played":"9069255390295079295","potions_obtained":[{"floor":11,"key":"HeartOfIron"},{"floor":13,"key":"CultistPotion"},{"floor":16,"key":"Fire Potion"},{"floor":19,"key":"GamblersBrew"},{"floor":22,"key":"AttackPotion"}],"is_trial":false,"path_per_floor":["M","$","?","M","?","$","E","?","T","$","E","M","M","?","R","B",null,"M","?","?","?","M","R","M","R","T","E","$","?","$","M","R","B",null,"M","T","M","$","M","R","M","M"],"character_chosen":"IRONCLAD","items_purchased":["Sword Boomerang","Heavy Blade","Flex","Fire Breathing","Flex","Inflame","FossilizedHelix","Letter Opener","Eternal Feather"],"campfire_rested":4,"item_purchase_floors":[2,6,6,10,10,28,28,28,38],"current_hp_per_floor":[70,70,70,64,64,64,44,44,44,44,24,15,9,9,33,6,62,62,46,46,46,24,48,40,64,64,58,58,58,58,58,58,36,69,53,53,35,35,1,34,34,0,0],"gold":92,"neow_bonus":"BOSS_RELIC","is_daily":false,"chose_seed":false,"campfire_upgraded":1,"win_rate":0.0,"timestamp":1610377245,"path_taken":["M","$","?","?","?","?","E","?","T","$","E","?","M","?","R","BOSS","M","?","?","?","M","R","M","R","T","E","$","?","?","?","R","BOSS","M","?","?","$","M","R","M","M"],"items_purchased_type":["Card","Card","Card","Card","Card","Card","Relic","Relic","Relic"],"build_version":"2020-12-22","purchased_purges":4,"victory":false,"max_hp_per_floor":[80,80,80,80,80,80,80,80,80,80,80,80,80,80,80,80,80,80,80,80,80,80,80,80,80,80,80,80,80,80,80,80,80,80,80,80,80,80,80,80,80,80,80],"card_choices":[{"not_picked":["Clash","Wild Strike"],"picked":"Inflame","floor":1},{"not_picked":["Perfected Strike","True Grit","Anger"],"picked":"SKIP","floor":4},{"not_picked":["Havoc","Clothesline"],"picked":"Whirlwind","floor":7},{"not_picked":["Clothesline","Flex","Dark Embrace"],"picked":"SKIP","floor":11},{"not_picked":["Corruption","Armaments","Twin Strike"],"picked":"SKIP","floor":12},{"not_picked":["Clash","Perfected Strike"],"picked":"Inflame","floor":13},{"not_picked":["Impervious","Immolate"],"picked":"Offering","floor":16},{"not_picked":["Twin Strike","Heavy Blade","Thunderclap+1"],"picked":"SKIP","floor":18},{"not_picked":["Wild Strike+1","Clash"],"picked":"Headbutt+1","floor":19},{"not_picked":["Sword Boomerang+1","Headbutt","Iron Wave"],"picked":"SKIP","floor":22},{"not_picked":["Flex","Uppercut","Shrug It Off+1"],"picked":"SKIP","floor":24},{"not_picked":["Dual Wield","Anger","Uppercut"],"picked":"SKIP","floor":27},{"not_picked":["Ghostly Armor","Wild Strike"],"picked":"Brutality","floor":31},{"not_picked":["Warcry+1","Cleave+1","Fire Breathing"],"picked":"SKIP","floor":35},{"not_picked":["Wild Strike","Flex+1"],"picked":"Seeing Red+1","floor":37},{"not_picked":["Rupture","Flex","Perfected Strike+1"],"picked":"SKIP","floor":37},{"not_picked":["Sword Boomerang+1","Wild Strike","Anger+1"],"picked":"SKIP","floor":39},{"not_picked":["Barricade","Uppercut","Headbutt+1"],"picked":"SKIP","floor":39},{"not_picked":["Pommel Strike","Havoc+1","Clothesline+1"],"picked":"SKIP","floor":41},{"not_picked":["Cleave+1","Sentinel+1","Dropkick"],"picked":"SKIP","floor":41}],"player_experience":256495,"relics_obtained":[{"floor":7,"key":"The Courier"},{"floor":9,"key":"Pantograph"},{"floor":11,"key":"Omamori"},{"floor":19,"key":"Red Mask"},{"floor":26,"key":"Bottled Lightning"},{"floor":27,"key":"Tiny Chest"},{"floor":36,"key":"Prayer Wheel"}],"event_choices":[{"damage_healed":0,"gold_gain":0,"player_choice":"Trade","damage_taken":0,"relics_obtained":["SsserpentHead"],"max_hp_gain":0,"max_hp_loss":0,"event_name":"FaceTrader","floor":3,"gold_loss":0},{"cards_removed":["Defend_R"],"damage_healed":0,"gold_gain":0,"player_choice":"Card Removal","damage_taken":0,"max_hp_gain":0,"max_hp_loss":0,"event_name":"The Cleric","floor":5,"gold_loss":50},{"damage_healed":0,"gold_gain":0,"player_choice":"Forge","damage_taken":0,"max_hp_gain":0,"max_hp_loss":0,"event_name":"Accursed Blacksmith","floor":8,"gold_loss":0,"cards_upgraded":["Heavy Blade"]},{"damage_healed":0,"gold_gain":30,"player_choice":"Searched \u00271\u0027 times","damage_taken":0,"max_hp_gain":0,"max_hp_loss":0,"event_name":"Dead Adventurer","floor":14,"gold_loss":0},{"damage_healed":0,"gold_gain":0,"player_choice":"Fought Bandits","damage_taken":0,"max_hp_gain":0,"max_hp_loss":0,"event_name":"Masked Bandits","floor":19,"gold_loss":0},{"damage_healed":0,"gold_gain":99,"player_choice":"Stole From Cult","damage_taken":0,"max_hp_gain":0,"max_hp_loss":0,"event_name":"Nest","floor":20,"gold_loss":0},{"damage_healed":0,"gold_gain":0,"player_choice":"Inject Mutagens","damage_taken":0,"relics_obtained":["MutagenicStrength"],"max_hp_gain":0,"max_hp_loss":0,"event_name":"Drug Dealer","floor":21,"gold_loss":0},{"cards_removed":["Strike_R"],"damage_healed":0,"gold_gain":0,"player_choice":"Gave Gold","damage_taken":0,"max_hp_gain":0,"max_hp_loss":0,"event_name":"Beggar","floor":29,"gold_loss":75}],"is_beta":false,"boss_relics":[{"not_picked":["Black Star","SlaversCollar"],"picked":"Empty Cage"},{"not_picked":["Coffee Dripper","Tiny House"],"picked":"Astrolabe"}],"items_purged_floors":[2,10,28,38],"is_endless":false,"potions_floor_spawned":[11,13,16,19,22],"killed_by":"Spire Growth","ascension_level":8}}