{"host":"7xbu8gt067z192g2","time":1610348347,"event":{"mods":["BaseMod","Better Note","Colored Map","Colored Powertips","Googly Eyes","Highlight Path","Minty Spire (QoL Compilation)","Rare Cards Sparkle","Replay The Spire","StSLib","The Bladedancer","The Cursed","The Hierophant","The Valiant","The Wild Card"],"gold_per_floor":[112,112,37,54,54,79,79,112,112,139,139,139,162,188,188,298,298,325,122,85,109,139,139,181,195,195],"floor_reached":25,"playtime":1202,"items_purged":["Strike_R","Warcry"],"score":320,"play_id":"3cf5be93-afa8-420a-85ed-7d6c29a4652d","local_time":"20210111015907","is_ascension_mode":true,"campfire_choices":[{"floor":7,"key":"REST"},{"data":"Carnage","floor":11,"key":"SMITH"},{"data":"Strike_R","floor":15,"key":"PURGE"},{"data":"Eclipse","floor":23,"key":"SMITH"}],"circlet_count":0,"master_deck":["Strike_R+1","Strike_R","Strike_R","Defend_R","Defend_R+1","Defend_R","Bash","Battle Trance","Armaments","Carnage+1","Combust","Carnage","Eclipse+1","Flame Barrier+1","Impervious","Evolve","Hemokinesis","Shrug It Off+1","Berserk"],"relics":["Mark of Pain","Torii","Replay:Bandana","Mercury Hourglass","NlothsMask","Velvet Choker","BargainBundle","Replay:Wax Seal"],"acts_visited":["Exordium","TheCity"],"potions_floor_usage":[16,22,25,25],"damage_taken":[{"damage":6,"enemies":"Small Slimes","floor":1,"turns":5},{"damage":1,"enemies":"Cultist","floor":4,"turns":3},{"damage":46,"enemies":"Gremlin Nob","floor":6,"turns":5},{"damage":42,"enemies":"3 Sentries","floor":8,"turns":10},{"damage":1,"enemies":"Jaw Worm","floor":10,"turns":3},{"damage":0,"enemies":"Blue Slaver","floor":13,"turns":2},{"damage":2,"enemies":"Red Slaver","floor":14,"turns":2},{"damage":26,"enemies":"Fading Forest","floor":16,"turns":11},{"damage":9,"enemies":"Shell Parasite","floor":18,"turns":2},{"damage":20,"enemies":"2 Thieves","floor":21,"turns":4},{"damage":13,"enemies":"Sentry and Sphere","floor":22,"turns":3},{"damage":7,"enemies":"Gremlin Leader","floor":24,"turns":5},{"damage":38,"enemies":"Snake Plant","floor":25,"turns":3}],"seed_played":"7133300747407569388","potions_obtained":[{"floor":1,"key":"FairyPotion"},{"floor":8,"key":"BloodPotion"},{"floor":10,"key":"Ancient Potion"},{"floor":14,"key":"Explosive Potion"},{"floor":22,"key":"AttackPotion"}],"is_trial":false,"path_per_floor":["M","?","$","M","?","E","R","E","T","M","R","?","M","M","R_BF","B",null,"M","$","$","M","M","R","E","M"],"character_chosen":"IRONCLAD","items_purchased":["BargainBundle","Impervious","LiquidBronze","Evolve"],"campfire_rested":1,"item_purchase_floors":[19,19,19,20],"current_hp_per_floor":[74,74,74,73,57,11,35,23,23,22,22,22,22,20,20,2,61,52,52,52,32,19,19,12,0,0],"gold":195,"neow_bonus":"BOSS_RELIC","is_daily":false,"chose_seed":false,"campfire_upgraded":2,"win_rate":0.0,"timestamp":1610348347,"path_taken":["M","?","?","M","?","E","R","E","T","?","R","?","M","M","R_BF","BOSS","M","?","$","M","M","R","E","?"],"items_purchased_type":["Relic","Card","Potion","Card"],"build_version":"2020-12-22","purchased_purges":2,"victory":false,"max_hp_per_floor":[80,80,80,80,80,80,80,80,80,80,80,80,80,80,80,80,80,80,80,80,80,80,80,80,80,80],"card_choices":[{"not_picked":["Massacre","Iron Wave"],"picked":"Battle Trance","floor":1},{"not_picked":["Iron Wave","Perfected Strike"],"picked":"Armaments","floor":4},{"not_picked":["Armaments","ReplayTheSpireMod:LeadingStrike","Body Slam"],"picked":"SKIP","floor":6},{"not_picked":["Bloodletting","Perfected Strike","Headbutt"],"picked":"SKIP","floor":8},{"not_picked":["Evolve","Rage"],"picked":"Carnage","floor":10},{"not_picked":["Abandon","Armaments"],"picked":"Combust","floor":13},{"not_picked":["Searing Blow","Burning Pact"],"picked":"Carnage","floor":14},{"not_picked":["Replay:Many Hands","Juggernaut"],"picked":"Eclipse","floor":16},{"not_picked":["Twin Strike","Dark Embrace"],"picked":"Flame Barrier+1","floor":18},{"not_picked":["Entrench+1","Cleave"],"picked":"Hemokinesis","floor":21},{"not_picked":["Pommel Strike","Body Slam+1"],"picked":"Shrug It Off+1","floor":22},{"not_picked":["Sword Boomerang","Wild Strike"],"picked":"Berserk","floor":24}],"player_experience":186440,"relics_obtained":[{"floor":6,"key":"Torii"},{"floor":8,"key":"Replay:Bandana"},{"floor":9,"key":"Mercury Hourglass"},{"floor":24,"key":"Replay:Wax Seal"}],"event_choices":[{"damage_healed":0,"gold_gain":0,"cards_transformed":["Defend_R"],"player_choice":"Transformed","damage_taken":0,"max_hp_gain":0,"max_hp_loss":0,"event_name":"Transmorgrifier","floor":2,"gold_loss":0,"cards_obtained":["Warcry"]},{"damage_healed":0,"gold_gain":0,"player_choice":"Entered Light","damage_taken":16,"max_hp_gain":0,"max_hp_loss":0,"event_name":"Shining Light","floor":5,"gold_loss":0,"cards_upgraded":["Defend_R","Strike_R"]},{"damage_healed":0,"gold_gain":0,"player_choice":"Trade","damage_taken":0,"relics_obtained":["NlothsMask"],"max_hp_gain":0,"max_hp_loss":0,"event_name":"FaceTrader","floor":12,"gold_loss":0}],"is_beta":false,"boss_relics":[{"not_picked":["Ectoplasm","Replay:Drink Me"],"picked":"Velvet Choker"}],"items_purged_floors":[3,19],"is_endless":false,"potions_floor_spawned":[1,8,10,14,21,22],"killed_by":"Snake Plant","ascension_level":5}}