{"host":"0vlubjftylzdr3ny","time":1610375599,"event":{"mods":["Always Whale","BaseMod","GifTheSpireLib","Minty Spire (QoL Compilation)","Relic Filter","StSLib","Stuff the Spire"],"gold_per_floor":[113,127,52,52,52,52,87,87,135,168,243,243,258,296,296,419,419,438,438,457,290,304,335,335,354,401,432,451,489,489,510,510,633,633,647,647,710,731,750,750,789,789,789,789,810,175,193,193,193,193],"floor_reached":51,"playtime":2236,"items_purged":["Strike_G","Strike_G","Defend_G"],"score":841,"play_id":"784206c2-f79d-42d8-a32a-83ce5bdc9cdf","local_time":"20210111153319","is_ascension_mode":true,"campfire_choices":[{"data":"Dagger Spray","floor":6,"key":"SMITH"},{"data":"Survivor","floor":8,"key":"SMITH"},{"floor":12,"key":"REST"},{"data":"Prepared","floor":15,"key":"SMITH"},{"floor":24,"key":"REST"},{"data":"Envenom","floor":30,"key":"SMITH"},{"floor":32,"key":"REST"},{"data":"Noxious Fumes","floor":40,"key":"SMITH"},{"data":"StuffTheSpire:Incantation","floor":42,"key":"SMITH"},{"data":"Deflect","floor":44,"key":"SMITH"},{"data":"Mayhem","floor":49,"key":"SMITH"}],"circlet_count":0,"master_deck":["Strike_G","Strike_G","Defend_G","Defend_G","Defend_G","Defend_G","Survivor+1","Neutralize+1","Dagger Spray+1","StuffTheSpire:Incantation+1","Riddle With Holes","Prepared+1","Envenom+1","Dagger Throw","Noxious Fumes+1","Deflect+1","Mayhem+1","Noxious Fumes","Neutralize+1"],"relics":["Ring of the Snake","Golden Idol","StuffTheSpire:WitherSkull","Bag of Marbles","Du-Vu Doll","Omamori","Busted Crown","Snake Skull","Blue Candle","StuffTheSpire:Gunfinga","Strawberry","Pen Nib","Sozu","Unceasing Top","Eternal Feather","StuffTheSpire:Tea"],"acts_visited":["Exordium","TheCity","TheBeyond"],"potions_floor_usage":[16,22,27,29,33],"damage_taken":[{"damage":0,"enemies":"Small Slimes","floor":1,"turns":3},{"damage":0,"enemies":"Jaw Worm","floor":2,"turns":4},{"damage":18,"enemies":"Gremlin Nob","floor":7,"turns":5},{"damage":8,"enemies":"Lagavulin","floor":10,"turns":6},{"damage":0,"enemies":"2 Louse","floor":13,"turns":1},{"damage":0,"enemies":"Gremlin Nob","floor":14,"turns":3},{"damage":10,"enemies":"The Guardian","floor":16,"turns":12},{"damage":0,"enemies":"Chosen","floor":18,"turns":4},{"damage":22,"enemies":"Spheric Guardian","floor":20,"turns":4},{"damage":9,"enemies":"Centurion and Healer","floor":22,"turns":6},{"damage":28,"enemies":"Slavers","floor":23,"turns":5},{"damage":14,"enemies":"Snecko","floor":25,"turns":4},{"damage":0,"enemies":"Book of Stabbing","floor":27,"turns":5},{"damage":7,"enemies":"Shelled Parasite and Fungi","floor":28,"turns":4},{"damage":13,"enemies":"Gremlin Leader","floor":29,"turns":4},{"damage":10,"enemies":"3 Cultists","floor":31,"turns":3},{"damage":21,"enemies":"Collector","floor":33,"turns":6},{"damage":8,"enemies":"Orb Walker","floor":35,"turns":3},{"damage":0,"enemies":"Mind Bloom Boss Battle","floor":37,"turns":7},{"damage":7,"enemies":"3 Shapes","floor":38,"turns":4},{"damage":0,"enemies":"Sphere and 2 Shapes","floor":39,"turns":6},{"damage":11,"enemies":"Giant Head","floor":41,"turns":6},{"damage":0,"enemies":"Transient","floor":45,"turns":5},{"damage":5,"enemies":"Jaw Worm Horde","floor":47,"turns":3},{"damage":36,"enemies":"Awakened One","floor":50,"turns":9}],"seed_played":"8628384554497992729","potions_obtained":[{"floor":2,"key":"GhostInAJar"},{"floor":7,"key":"Fire Potion"},{"floor":10,"key":"SmokeBomb"},{"floor":18,"key":"Ancient Potion"},{"floor":23,"key":"ColorlessPotion"},{"floor":27,"key":"GhostInAJar"},{"floor":28,"key":"Regen Potion"}],"is_trial":false,"path_per_floor":["M","M","$","?","?","R","E","R","T","E","?","R","M","E","R","B",null,"M","?","M","$","M","E","R","M","T","E","M","E","R","M","R","B",null,"M","?","?","M","M","R","E","R","T","R","M","$","M","?","R","B",null],"character_chosen":"THE_SILENT","items_purchased":["Noxious Fumes","StuffTheSpire:Tea","Mayhem","Noxious Fumes"],"campfire_rested":3,"item_purchase_floors":[21,46,46,46],"current_hp_per_floor":[70,70,70,63,46,46,28,28,28,20,9,30,30,30,30,20,70,70,70,48,48,39,11,32,18,18,25,18,19,19,9,32,11,77,69,69,69,62,62,62,51,60,60,69,69,69,64,64,73,37],"gold":193,"neow_bonus":"UPGRADE_CARD","is_daily":false,"chose_seed":false,"campfire_upgraded":8,"win_rate":0.0,"timestamp":1610375599,"path_taken":["M","M","$","?","?","R","E","R","T","E","?","R","M","E","R","BOSS","M","?","?","$","M","E","R","M","T","E","M","E","R","M","R","BOSS","M","?","?","M","M","R","E","R","T","R","M","$","M","?","R","BOSS"],"items_purchased_type":["Card","Relic","Card","Card"],"build_version":"2020-12-22","purchased_purges":3,"victory":true,"max_hp_per_floor":[70,70,70,70,70,70,70,70,70,70,70,70,70,70,70,70,70,70,70,70,70,70,70,70,70,70,77,77,77,77,77,77,77,77,77,77,77,77,77,77,77,77,77,77,77,77,77,77,77,77],"card_choices":[{"not_picked":["Backflip","Predator"],"picked":"Dagger Spray","floor":1},{"not_picked":["Outmaneuver","Poisoned Stab","Deflect"],"picked":"SKIP","floor":2},{"not_picked":["StuffTheSpire:Injection","Bane","Burst"],"picked":"SKIP","floor":7},{"not_picked":["Bouncing Flask","Bane"],"picked":"StuffTheSpire:Incantation","floor":10},{"not_picked":["Flying Knee","Underhanded Strike"],"picked":"Riddle With Holes","floor":13},{"not_picked":["Flying Knee","StuffTheSpire:Python"],"picked":"Prepared","floor":14},{"not_picked":["Adrenaline","Phantasmal Killer"],"picked":"Envenom","floor":16},{"not_picked":["Deadly Poison"],"picked":"SKIP","floor":18},{"not_picked":[],"picked":"Dagger Throw","floor":20},{"not_picked":["Poisoned Stab"],"picked":"SKIP","floor":22},{"not_picked":["Catalyst"],"picked":"SKIP","floor":23},{"not_picked":["Dash+1"],"picked":"SKIP","floor":25},{"not_picked":["Flechettes+1"],"picked":"SKIP","floor":27},{"not_picked":["Dagger Throw"],"picked":"SKIP","floor":28},{"not_picked":["Tactician"],"picked":"SKIP","floor":29},{"not_picked":["Quick Slash"],"picked":"SKIP","floor":31},{"not_picked":["Escape Plan"],"picked":"SKIP","floor":35},{"not_picked":[],"picked":"Deflect","floor":37},{"not_picked":["StuffTheSpire:Injection+1"],"picked":"SKIP","floor":38},{"not_picked":["Quick Slash"],"picked":"SKIP","floor":39},{"not_picked":["Outmaneuver+1"],"picked":"SKIP","floor":41},{"not_picked":["StuffTheSpire:BumpUp+1"],"picked":"SKIP","floor":45},{"not_picked":["Tactician+1"],"picked":"SKIP","floor":47}],"player_experience":818553,"relics_obtained":[{"floor":7,"key":"StuffTheSpire:WitherSkull"},{"floor":9,"key":"Bag of Marbles"},{"floor":10,"key":"Du-Vu Doll"},{"floor":14,"key":"Omamori"},{"floor":23,"key":"Blue Candle"},{"floor":26,"key":"StuffTheSpire:Gunfinga"},{"floor":27,"key":"Strawberry"},{"floor":29,"key":"Pen Nib"},{"floor":37,"key":"Unceasing Top"},{"floor":41,"key":"Eternal Feather"}],"event_choices":[{"cards_removed":["Strike_G"],"damage_healed":0,"gold_gain":0,"player_choice":"Card Removal","damage_taken":7,"max_hp_gain":0,"max_hp_loss":0,"event_name":"Golden Wing","floor":4,"gold_loss":0},{"damage_healed":0,"gold_gain":0,"player_choice":"Take Damage","damage_taken":17,"relics_obtained":["Golden Idol"],"max_hp_gain":0,"max_hp_loss":0,"event_name":"Golden Idol","floor":5,"gold_loss":0},{"damage_healed":0,"gold_gain":75,"player_choice":"Gather Gold","damage_taken":11,"max_hp_gain":0,"max_hp_loss":0,"event_name":"World of Goop","floor":11,"gold_loss":0},{"damage_healed":0,"gold_gain":0,"player_choice":"Gave Potion","damage_taken":0,"relics_obtained":["Snake Skull"],"max_hp_gain":0,"max_hp_loss":0,"event_name":"WeMeetAgain","floor":19,"gold_loss":0},{"damage_healed":0,"gold_gain":0,"player_choice":"Ignored","damage_taken":0,"max_hp_gain":0,"max_hp_loss":0,"event_name":"Tomb of Lord Red Mask","floor":36,"gold_loss":0},{"damage_healed":0,"gold_gain":0,"player_choice":"Fight","damage_taken":0,"max_hp_gain":0,"max_hp_loss":0,"event_name":"MindBloom","floor":37,"gold_loss":0},{"damage_healed":0,"gold_gain":0,"player_choice":"Copied","damage_taken":0,"max_hp_gain":0,"max_hp_loss":0,"event_name":"Duplicator","floor":48,"gold_loss":0,"cards_obtained":["Neutralize"]}],"is_beta":false,"boss_relics":[{"not_picked":["Runic Pyramid","WristBlade"],"picked":"Busted Crown"},{"not_picked":["Philosopher\u0027s Stone","Black Star"],"picked":"Sozu"}],"items_purged_floors":[3,21,46],"is_endless":false,"potions_floor_spawned":[2,7,10,18,23,27,28,35,39,45],"ascension_level":1}}