{"host":"25fn74ijs2305xd4","time":1610399037,"event":{"mods":["AchievementEnabler","BaseMod","Colored Map","Colored Powertips","Dark Map","Minty Spire (QoL Compilation)","Relic Stats","StSLib"],"gold_per_floor":[117,141,170,182,194,235,266,278,313,343,355,387,399,399],"floor_reached":13,"playtime":458,"items_purged":[],"score":102,"play_id":"e7b80cd4-464c-4eb1-9c23-2b8e5528f809","local_time":"20210111220357","is_ascension_mode":true,"campfire_choices":[{"data":"White Noise","floor":8,"key":"SMITH"}],"circlet_count":0,"master_deck":["Strike_B","Strike_B","Defend_B","Defend_B","Defend_B","Zap","Dualcast","White Noise+1","Melter","Leap","Cold Snap","Turbo","Conserve Battery","Chaos"],"relics":["Empty Cage","MawBank","Happy Flower","Bag of Preparation","The Courier"],"acts_visited":["Exordium"],"potions_floor_usage":[13,13],"damage_taken":[{"damage":1,"enemies":"Cultist","floor":1,"turns":4},{"damage":12,"enemies":"Small Slimes","floor":3,"turns":3},{"damage":26,"enemies":"Lagavulin","floor":6,"turns":6},{"damage":0,"enemies":"2 Louse","floor":7,"turns":3},{"damage":6,"enemies":"Exordium Thugs","floor":10,"turns":7},{"damage":23,"enemies":"Exordium Wildlife","floor":12,"turns":7},{"damage":11,"enemies":"3 Sentries","floor":13,"turns":2}],"seed_played":"4328448823045486540","potions_obtained":[{"floor":1,"key":"FocusPotion"},{"floor":6,"key":"Strength Potion"},{"floor":7,"key":"GamblersBrew"},{"floor":12,"key":"PotionOfCapacity"}],"is_trial":false,"path_per_floor":["M","T","M","?","?","E","M","R","T","M","T","M","E"],"character_chosen":"DEFECT","items_purchased":[],"campfire_rested":0,"item_purchase_floors":[],"current_hp_per_floor":[74,74,62,62,62,36,36,36,36,30,30,7,0,0],"gold":399,"neow_bonus":"BOSS_RELIC","is_daily":false,"chose_seed":false,"campfire_upgraded":1,"win_rate":0.0,"timestamp":1610399037,"path_taken":["M","?","M","?","?","E","M","R","T","?","?","M","E"],"items_purchased_type":[],"build_version":"2020-12-22","purchased_purges":0,"victory":false,"max_hp_per_floor":[75,75,75,75,75,75,75,75,75,75,75,75,75,75],"relic_stats":{"Happy Flower":[6],"counters":[7,32],"Bag of Preparation":[6],"MawBank":132,"obtain_stats":[{"Happy Flower":6,"The Courier":11,"Bag of Preparation":9,"Cracked Core":0,"Empty Cage":0,"MawBank":2},{"Happy Flower":3,"The Courier":5,"Bag of Preparation":4,"Cracked Core":0,"Empty Cage":0,"MawBank":1},{"Happy Flower":13,"The Courier":23,"Bag of Preparation":16,"Cracked Core":0,"Empty Cage":0,"MawBank":4}]},"card_choices":[{"not_picked":["Stack","Streamline"],"picked":"White Noise","floor":1},{"not_picked":["Auto Shields","Chill"],"picked":"Melter","floor":3},{"not_picked":["Capacitor","Stack"],"picked":"Cold Snap","floor":6},{"not_picked":["Blizzard","Heatsinks"],"picked":"Turbo","floor":7},{"not_picked":["Turbo","Steam"],"picked":"Conserve Battery","floor":10},{"not_picked":["Beam Cell","Darkness"],"picked":"Chaos","floor":12}],"player_experience":51856,"relics_obtained":[{"floor":2,"key":"MawBank"},{"floor":6,"key":"Happy Flower"},{"floor":9,"key":"Bag of Preparation"},{"floor":11,"key":"The Courier"}],"event_choices":[{"damage_healed":0,"gold_gain":0,"cards_transformed":["Strike_B"],"player_choice":"Change","damage_taken":0,"max_hp_gain":0,"max_hp_loss":0,"event_name":"Living Wall","floor":4,"gold_loss":0,"cards_obtained":["Leap"]},{"damage_healed":0,"gold_gain":0,"player_choice":"Ignored","damage_taken":0,"max_hp_gain":0,"max_hp_loss":0,"event_name":"Liars Game","floor":5,"gold_loss":0}],"is_beta":false,"boss_relics":[],"items_purged_floors":[],"is_endless":false,"potions_floor_spawned":[1,6,7,12],"killed_by":"3 Sentries","ascension_level":4}}