{"host":"acw864156wjp8gcv","time":1610383300,"event":{"mods":["2.2 Compatiblity","AchievementEnabler","Ascension Reborn","Aspiration","BaseMod","Beaked The Cultist","Better Altar","Better Match","Better Note","Better Sensory Stone","Better Silent Start","Better Skull","Better Third Choice","Better Vampires","BetterRewards","Challenge The Spire","Colored Map","Colored Powertips","Conspire","Curses Come First","Downfall","Energized Spire","GifTheSpireLib","Halation","Hubris","Infinite Spire","Ironclad Rager","Jedi Mod","Mimic Mod","Minty Spire (QoL Compilation)","Permanent Neow","Relic Sorter","Replay The Spire","Shop Mod","Spicy Shops","Spikes Relics","StSLib","Stuff the Spire","The Blue Laboratory","The Construct","The Jungle","Wandering Minibosses","everything is the same but u backflip on backflip","vexMod"],"gold_per_floor":[23,23,23,42,62,62,82,82,111,129,147,147,161,86,86,204,204,222,235,235,251,265,265,283,297,339,359,359,359,359,376,376,491,491,504,33,33,50,50,170,170,170,70,86,0,0,30,52,89,89,89,89,129,146,146,146,146,146,30,68,68],"floor_reached":62,"playtime":1684,"items_purged":["construct:DefenseMode+1","construct:Defend_Gold+1"],"score":450,"play_id":"fc05c9ef-b832-4f0e-bcdf-cfd31c72070e","local_time":"20210111104140","is_ascension_mode":true,"campfire_choices":[{"data":"construct:ShiftStrike+1","floor":6.0,"key":"SMITH"},{"data":"construct:Strike_Gold+1","floor":8.0,"key":"SMITH"},{"data":"construct:Strike_Gold+1","floor":12.0,"key":"SMITH"},{"data":"construct:Defend_Gold+1","floor":15.0,"key":"SMITH"},{"data":"construct:VentSteam+1","floor":23.0,"key":"SMITH"},{"data":"construct:SweepLaser+1","floor":28.0,"key":"SMITH"},{"data":"construct:LaserCore","floor":30.0,"key":"SMITH"},{"data":"construct:ForceCore","floor":32.0,"key":"SMITH"},{"data":"construct:LaserCore+1","floor":46,"key":"SMITH"},{"data":"construct:LaserCore+1","floor":50,"key":"SMITH"},{"floor":52,"key":"DIG"},{"floor":55,"key":"DIG"},{"floor":58,"key":"DIG"}],"circlet_count":0,"master_deck":["construct:Strike_Gold+2","construct:Strike_Gold+2","construct:Strike_Gold+1","construct:Strike_Gold+1","construct:Defend_Gold+2","construct:Defend_Gold+1","construct:AttackMode+2","construct:ShiftStrike+2","construct:VentSteam+2","construct:SweepLaser+2","construct:LaserCore+2","construct:LaserCore+2","construct:ForceCore+2","BlessedFruit","BlessedFruit"],"relics":["construct:ClockworkPhoenix","hubris:OldNail","BicycleWheel","halation:Trompette","Mirror","Bronze Scales","StuffTheSpire:HeavyRock","Shovel","ReplayTheSpireMod:DimensionalGlitch","wanderingMiniBosses:CarrionFlame","Rawhide","aspiration:Nostalgia","Sizzling Blood","jedi:purplefairy","SlaversCollar","halation:LettersToHer","infinitespire:ShieldingShard","Incense Burner","Juzu Bracelet","Red Mask","jedi:crownofsimplicity","conspire:BottledYoYo","HeavenlyBonsai","halation:AfternoonTea","Replay:Rubber Ducky","jedi:archwizardhat","TheAbacus","Snack Pack"],"acts_visited":["Exordium","TheCity","TheBeyond","Exordium","TheBeyond","TheBeyond","TheEnding"],"potions_floor_usage":[],"damage_taken":[{"damage":0.0,"enemies":"Cultist","floor":1.0,"turns":2.0},{"damage":0.0,"enemies":"2 Louse","floor":4.0,"turns":2.0},{"damage":0.0,"enemies":"Small Slimes","floor":5.0,"turns":1.0},{"damage":0.0,"enemies":"Looter","floor":7.0,"turns":2.0},{"damage":0.0,"enemies":"Exordium Wildlife","floor":10.0,"turns":2.0},{"damage":0.0,"enemies":"Blue Slaver","floor":11.0,"turns":2.0},{"damage":0.0,"enemies":"Lots of Slimes","floor":13.0,"turns":2.0},{"damage":20.0,"enemies":"Hexaghost","floor":16.0,"turns":4.0},{"damage":21.0,"enemies":"Chosen","floor":18.0,"turns":4.0},{"damage":0.0,"enemies":"3 Byrds","floor":19.0,"turns":3.0},{"damage":0.0,"enemies":"Snecko","floor":21.0,"turns":2.0},{"damage":0.0,"enemies":"Centurion and Healer","floor":22.0,"turns":2.0},{"damage":0.0,"enemies":"Cultist and Chosen","floor":24.0,"turns":2.0},{"damage":1.0,"enemies":"Snake Plant","floor":25.0,"turns":2.0},{"damage":0.0,"enemies":"Centurion and Healer","floor":26.0,"turns":2.0},{"damage":0.0,"enemies":"Centurion and Healer","floor":27.0,"turns":2.0},{"damage":0.0,"enemies":"Shelled Parasite and Fungi","floor":31.0,"turns":2.0},{"damage":6.0,"enemies":"Automaton","floor":33.0,"turns":4.0},{"damage":6.0,"enemies":"3 Shapes","floor":35.0,"turns":3.0},{"damage":17,"enemies":"3 Shapes","floor":38,"turns":1},{"damage":0,"enemies":"Orb Walker","floor":41,"turns":2},{"damage":0,"enemies":"3 Shapes","floor":44,"turns":1},{"damage":2,"enemies":"Nemesis","floor":47,"turns":3},{"damage":0,"enemies":"Sphere and 2 Shapes","floor":48,"turns":1},{"damage":0,"enemies":"Spire Growth","floor":49,"turns":2},{"damage":0,"enemies":"Reptomancer","floor":53,"turns":1},{"damage":0,"enemies":"Spire Growth","floor":54,"turns":1},{"damage":0,"enemies":"Awakened One","floor":56,"turns":2},{"damage":0,"enemies":"Shield and Spear","floor":60,"turns":2},{"damage":55,"enemies":"The Heart","floor":61,"turns":4}],"seed_played":"-8308003747600490136","potions_obtained":[{"floor":5.0,"key":"SteroidPotion"},{"floor":11.0,"key":"Dexterity Potion"},{"floor":11.0,"key":"BlessingOfTheForge"},{"floor":13.0,"key":"Adrenaline Potion"},{"floor":13.0,"key":"Explosive Potion"},{"floor":16.0,"key":"infinitespire:BlackPotion"}],"is_trial":false,"path_per_floor":["M","?","?","M","M","R","M","R","T","M","M","R","M","?","R","B",null,"M","M","?","M","M","R","M","M","MIM","M","R","?","R","M","R","B",null,"M","$","NS","M","$","NS","M","$","NS","M","?","R","E","M","MIM","R","?","R","E","M","R","B",null,"R","$","E","B",null],"character_chosen":"THE_CONSTRUCT_MOD","items_purchased":["halation:LettersToHer","infinitespire:ShieldingShard","TheAbacus"],"campfire_rested":0,"item_purchase_floors":[36,36,59],"current_hp_per_floor":[90,90,90,90,90,90,90,90,90,90,90,90,90,90,90,77,95,74,74,74,74,74,74,74,73,79,82,82,82,82,85,85,89,104,101,101,104,90,90,104,104,104,104,104,104,104,104,104,104,104,104,104,105,107,107,114,114,114,114,116,77],"gold":68,"neow_bonus":"ONE_RARE_RELIC","is_daily":false,"chose_seed":false,"campfire_upgraded":10,"win_rate":0.0,"timestamp":1610383300,"path_taken":["M","?","?","M","M","R","M","R","T","?","M","R","M","?","R","BOSS","M","M","?","M","M","R","M","M","MIM","M","R","?","R","?","R","BOSS","M","$","NS","M","$","NS","M","$","NS","M","?","R","E","M","MIM","R","?","R","E","M","R","BOSS","R","$","E","BOSS"],"items_purchased_type":["Relic","Relic","Relic"],"build_version":"2020-12-22","purchased_purges":2,"victory":true,"max_hp_per_floor":[90,90,90,90,90,90,90,90,90,90,90,90,90,90,90,95,95,95,95,95,95,95,95,95,95,99,99,99,99,99,99,99,104,104,104,104,104,104,104,104,104,104,104,104,104,104,104,104,104,104,104,104,105,107,107,114,114,114,114,116,123],"card_choices":[{"not_picked":["construct:VentSteam","construct:Enhance","construct:Forcefield"],"picked":"SKIP","floor":1.0},{"not_picked":["construct:Versatility+1","construct:ModeShift+1"],"picked":"construct:ShiftStrike+1","floor":4.0},{"not_picked":["construct:FocusedBeam+1","construct:Electrocute","construct:Tumble"],"picked":"SKIP","floor":5.0},{"not_picked":["construct:Backfire+1","construct:ScrapCannon+1","construct:SuppressiveFire"],"picked":"SKIP","floor":7.0},{"not_picked":["construct:ShiftStrike","construct:SuppressiveFire+1","construct:Synchronize+1"],"picked":"SKIP","floor":10.0},{"not_picked":["construct:Isolate","construct:Anticipate","construct:Electrocute"],"picked":"SKIP","floor":11.0},{"not_picked":["construct:Isolate","construct:Anticipate","construct:Electrocute"],"picked":"SKIP","floor":11.0},{"not_picked":["construct:SuppressiveFire","construct:Versatility","construct:HeavyBolt+1"],"picked":"SKIP","floor":13.0},{"not_picked":["construct:Reinforce+1","construct:ShiftStrike"],"picked":"construct:VentSteam+1","floor":18.0},{"not_picked":["construct:ModeShift","construct:Tumble","construct:Forcefield"],"picked":"SKIP","floor":19.0},{"not_picked":["construct:ClusterMines","construct:Forcefield+1","construct:HeavyBolt+1"],"picked":"SKIP","floor":21.0},{"not_picked":["construct:MetalShell","construct:ShiftStrike+1"],"picked":"construct:SweepLaser+1","floor":22.0},{"not_picked":["construct:SpinDrive","construct:ClusterMines+1"],"picked":"construct:LaserCore","floor":24.0},{"not_picked":["construct:ScrapCannon","construct:Backfire","construct:ModeShift+1"],"picked":"SKIP","floor":25.0},{"not_picked":["construct:Impenetrable+1","construct:SweepLaser"],"picked":"construct:LaserCore+1","floor":26.0},{"not_picked":["construct:SaveState+1","construct:Impenetrable+1"],"picked":"construct:ForceCore","floor":27.0},{"not_picked":["construct:UnbalancingBlast","construct:Missile","construct:ShiftStrike+1"],"picked":"SKIP","floor":31.0},{"not_picked":["construct:ScrapCannon","construct:Synchronize+1","construct:Anticipate"],"picked":"SKIP","floor":35.0},{"not_picked":["construct:Backfire+1","construct:VentSteam+1","construct:ModeShift+1"],"picked":"SKIP","floor":38},{"not_picked":["construct:HeavyBolt+1","construct:Analyze","construct:Reinforce+1"],"picked":"SKIP","floor":41},{"not_picked":["construct:Backfire+1","construct:ClusterMines+1","construct:Isolate+1"],"picked":"SKIP","floor":44},{"not_picked":["construct:FocusedBeam+1","construct:Reinforce+1","construct:Chainstrike"],"picked":"SKIP","floor":47},{"not_picked":["construct:ClusterMines+1","construct:Boost+1","construct:HeavyBolt+1"],"picked":"SKIP","floor":48},{"not_picked":["construct:Versatility+1","construct:Boost","construct:VentSteam"],"picked":"SKIP","floor":53},{"not_picked":["construct:Tumble+1","construct:Backfire+1","construct:Overcharge"],"picked":"SKIP","floor":54},{"not_picked":["construct:ClusterMines","construct:Versatility","construct:SyphonStrike+1"],"picked":"SKIP","floor":60}],"player_experience":148786,"relics_obtained":[{"floor":1.0,"key":"halation:Trompette"},{"floor":4.0,"key":"Mirror"},{"floor":9.0,"key":"Bronze Scales"},{"floor":9.0,"key":"hubris:OldNail"},{"floor":10.0,"key":"StuffTheSpire:HeavyRock"},{"floor":16.0,"key":"Shovel"},{"floor":18.0,"key":"wanderingMiniBosses:CarrionFlame"},{"floor":25.0,"key":"Rawhide"},{"floor":26.0,"key":"aspiration:Nostalgia"},{"floor":33.0,"key":"jedi:purplefairy"},{"floor":41,"key":"Incense Burner"},{"floor":44,"key":"Juzu Bracelet"},{"floor":47,"key":"jedi:crownofsimplicity"},{"floor":49,"key":"conspire:BottledYoYo"},{"floor":49,"key":"halation:LettersToHer"},{"floor":52,"key":"HeavenlyBonsai"},{"floor":53,"key":"halation:AfternoonTea"},{"floor":55,"key":"Replay:Rubber Ducky"},{"floor":58,"key":"jedi:archwizardhat"},{"floor":60,"key":"Snack Pack"}],"event_choices":[{"cards_removed":["construct:Defend_Gold"],"damage_healed":0.0,"max_hp_gain":0.0,"max_hp_loss":0.0,"gold_gain":0.0,"event_name":"Purifier","player_choice":"Purged","floor":3.0,"gold_loss":0.0,"damage_taken":0.0},{"damage_healed":0.0,"max_hp_gain":0.0,"max_hp_loss":0.0,"gold_gain":0.0,"event_name":"betterMatch:BetterMatch","player_choice":"3","floor":14.0,"gold_loss":0.0,"damage_taken":0.0,"cards_obtained":[]},{"damage_healed":0.0,"max_hp_gain":0.0,"max_hp_loss":0.0,"gold_gain":0.0,"event_name":"betterNote:BetterNote","player_choice":"Ignored","floor":20.0,"gold_loss":0.0,"damage_taken":0.0,"cards_obtained":["hubris:InfiniteBlow"]},{"damage_healed":0,"gold_gain":0,"player_choice":"Paid","damage_taken":0,"relics_obtained":["Red Mask"],"max_hp_gain":0,"max_hp_loss":0,"event_name":"Tomb of Lord Red Mask","floor":45,"gold_loss":86},{"damage_healed":0,"gold_gain":0,"player_choice":"Random: Yellow","damage_taken":0,"max_hp_gain":0,"max_hp_loss":0,"event_name":"betterThird:BetterPortal","floor":51,"gold_loss":0},{"damage_healed":0,"gold_gain":0,"player_choice":"Ignored","damage_taken":0,"max_hp_gain":0,"max_hp_loss":0,"event_name":"betterNote:BetterNote","floor":51,"gold_loss":0,"cards_obtained":["hubris:InfiniteBlow"]}],"is_beta":false,"boss_relics":[{"not_picked":["hubris:BlackHole","hubris:CrackedHourglass"],"picked":"ReplayTheSpireMod:DimensionalGlitch"},{"not_picked":["Astrolabe","energizedSpire:SpiderWeb"],"picked":"SlaversCollar"}],"items_purged_floors":[36,36],"is_endless":false,"potions_floor_spawned":[1,10,11,13,21,22,24,27,31,33,35,38,47,53,60],"ascension_level":-20}}