{"host":"mtg945c5jssv10ty","time":1610386396,"event":{"mods":["Ascension Unlocker","BaseMod","Downfall","Minty Spire (QoL Compilation)","StSLib"],"gold_per_floor":[99,112,112,127,137,287,311,45,45,45,45,45,80,99,112,216,216,216,233,253,271,290,290,290,290,307,318,11,41,41,54,70,173,173,73,84,84,84,95,112,135,153,153,200,213,13,42,42,62,62,62,62,62],"floor_reached":52,"playtime":3193,"items_purged":["downfall:Icky","bronze:Defend"],"score":817,"play_id":"45271297-65e9-4325-b489-cc38ecf1f01f","local_time":"20210111123316","is_ascension_mode":true,"campfire_choices":[{"data":"bronze:Branch","floor":1.0,"key":"SMITH"},{"data":"expansioncontent:QuickStudy","floor":10.0,"key":"SMITH"},{"data":"bronze:Safeguard","floor":12.0,"key":"SMITH"},{"data":"bronze:Assembly","floor":18.0,"key":"SMITH"},{"floor":35,"key":"RECALL"},{"data":"bronze:Mutator","floor":46,"key":"SMITH"}],"circlet_count":0,"master_deck":["bronze:Strike+1","bronze:Strike","bronze:Defend","bronze:Defend","bronze:Defend","bronze:Replicate+1","bronze:Goto","bronze:Branch+1","bronze:Shield","bronze:WhirlingStrike","bronze:Safeguard+1","bronze:Overheat+1","expansioncontent:QuickStudy+1","bronze:DazingPulse+1","bronze:Safeguard+1","bronze:Fortify","bronze:ClassDefault","bronze:Assembly+1","bronze:Branch+1","bronze:Philosophize+1","bronze:DigitalCarnage","bronze:Terminator+1","bronze:Overload","bronze:ChildClass","bronze:Verify","expansioncontent:StudyTheSpire","bronze:Allocate","bronze:BuggyMess","bronze:CleanCode","bronze:BuggyMess","bronze:Library","bronze:GetLatest+1","bronze:SpaghettiCode","bronze:WildBeam+1","bronze:Invalidate+1","bronze:CloningBeam","bronze:Mutator+1","bronze:Repulsor","bronze:Mutator","bronze:DigitalCarnage+1"],"relics":["bronze:BronzeCore","Whetstone","bronze:CableSpool","bronze:MakeshiftBattery","Thread and Needle","Eternal Feather","Mummified Hand","expansioncontent:StudyCardRelic","downfall:HeartBlessingGreen","Ancient Tea Set","Bird Faced Urn","downfall:HeartBlessingRed","downfall:HeartBlessingBlue","MealTicket"],"acts_visited":["Exordium","TheCity","TheBeyond","TheEnding"],"potions_floor_usage":[33,33,42,52,52],"damage_taken":[{"damage":0.0,"enemies":"Jaw Worm","floor":2.0,"turns":3.0},{"damage":0.0,"enemies":"Small Slimes","floor":4.0,"turns":4.0},{"damage":0.0,"enemies":"2 Louse","floor":5.0,"turns":2.0},{"damage":0.0,"enemies":"downfall:FleeingMerchant","floor":8.0,"turns":4.0},{"damage":0.0,"enemies":"downfall:FleeingMerchant","floor":9.0,"turns":2.0},{"damage":1.0,"enemies":"Lagavulin","floor":13.0,"turns":5.0},{"damage":0.0,"enemies":"2 Fungi Beasts","floor":14.0,"turns":1.0},{"damage":11.0,"enemies":"Exordium Thugs","floor":15.0,"turns":4.0},{"damage":44.0,"enemies":"downfall:Defect","floor":16.0,"turns":11.0},{"damage":0.0,"enemies":"3 Byrds","floor":19.0,"turns":3.0},{"damage":0.0,"enemies":"Chosen","floor":20.0,"turns":4.0},{"damage":24.0,"enemies":"Shelled Parasite and Fungi","floor":21.0,"turns":4.0},{"damage":7.0,"enemies":"Cultist and Chosen","floor":22.0,"turns":4.0},{"damage":6.0,"enemies":"Sentry and Sphere","floor":26.0,"turns":4.0},{"damage":0.0,"enemies":"Snecko","floor":27.0,"turns":3.0},{"damage":0.0,"enemies":"downfall:FleeingMerchant","floor":28.0,"turns":4.0},{"damage":9.0,"enemies":"Book of Stabbing","floor":29.0,"turns":3.0},{"damage":11.0,"enemies":"downfall:FleeingMerchant","floor":30.0,"turns":4.0},{"damage":0,"enemies":"Snake Plant","floor":31,"turns":1},{"damage":1,"enemies":"Chosen and Byrds","floor":32,"turns":3},{"damage":59,"enemies":"downfall:Silent","floor":33,"turns":7},{"damage":6,"enemies":"3 Darklings","floor":36,"turns":3},{"damage":10,"enemies":"Orb Walker","floor":39,"turns":4},{"damage":0,"enemies":"Jaw Worm Horde","floor":40,"turns":4},{"damage":10,"enemies":"Transient","floor":42,"turns":5},{"damage":9,"enemies":"2 Orb Walkers","floor":44,"turns":3},{"damage":4,"enemies":"Maw","floor":45,"turns":5},{"damage":0,"enemies":"Giant Head","floor":47,"turns":5},{"damage":0,"enemies":"3 Darklings","floor":49,"turns":3},{"damage":56,"enemies":"downfall:Watcher","floor":50,"turns":10},{"damage":143,"enemies":"downfall:CharBossMerchant","floor":52,"turns":8}],"seed_played":"9072832396501342761","potions_obtained":[{"floor":2.0,"key":"SkillPotion"},{"floor":9.0,"key":"bronze:BurnAndBuffPotion"},{"floor":13.0,"key":"DistilledChaos"},{"floor":19.0,"key":"FearPotion"},{"floor":20.0,"key":"SkillPotion"},{"floor":29.0,"key":"Ancient Potion"},{"floor":31,"key":"Guardian:BlockOnCardUsePotion"},{"floor":32,"key":"SkillPotion"},{"floor":39,"key":"DuplicationPotion"},{"floor":45,"key":"PowerPotion"},{"floor":49,"key":"Block Potion"}],"is_trial":false,"path_per_floor":["R","M","?","M","M","?","T","$","?","R","?","R","E","M","M","B",null,"R","M","M","M","M","?","T","?","M","M","$","E","$","M","M","B",null,"R","M","?","?","M","M","T","M","$","?","M","R","E","$","M","B",null,"E"],"character_chosen":"THE_AUTOMATON","items_purchased":["expansioncontent:QuickStudy","expansioncontent:StudyTheSpire","Mummified Hand","bronze:CleanCode"],"campfire_rested":0,"item_purchase_floors":[8,28,30,30],"current_hp_per_floor":[70,70,75,75,75,75,75,75,75,75,75,75,74,74,63,19,75,75,75,75,51,44,85,85,85,79,79,79,70,59,59,58,7,85,85,79,79,79,69,69,69,59,59,50,60,91,95,95,95,57,95,0,0],"gold":62,"neow_bonus":"TRANSFORM_CARD","is_daily":false,"chose_seed":false,"campfire_upgraded":5,"win_rate":0.0,"timestamp":1610386396,"path_taken":["R","M","?","M","M","?","T","?","?","R","?","R","E","M","M","BOSS","R","M","M","M","M","?","T","?","M","?","$","E","?","M","M","BOSS","R","M","?","?","?","M","T","?","$","?","M","R","E","?","M","BOSS","E"],"items_purchased_type":["Card","Card","Relic","Card"],"build_version":"2020-12-22","purchased_purges":2,"victory":false,"max_hp_per_floor":[70,70,75,75,75,75,75,75,75,75,75,75,75,75,75,75,75,75,75,75,75,75,85,85,85,85,85,85,85,85,85,85,85,85,85,85,85,85,85,85,85,85,85,85,85,95,95,95,95,95,95,95,95],"card_choices":[{"not_picked":["bronze:InfiniteBeams","bronze:BuggyMess"],"picked":"bronze:Shield","floor":2.0},{"not_picked":["bronze:Invalidate","bronze:Overheat"],"picked":"bronze:WhirlingStrike","floor":4.0},{"not_picked":["bronze:DelayedGuard","bronze:Invalidate"],"picked":"bronze:Safeguard","floor":5.0},{"not_picked":["bronze:DigitalCarnage","bronze:OilSpill"],"picked":"bronze:Overheat","floor":8.0},{"not_picked":[],"picked":"bronze:DazingPulse","floor":9.0},{"not_picked":["bronze:OilSpill","bronze:DelayedGuard"],"picked":"bronze:Safeguard","floor":9.0},{"not_picked":["bronze:ChosenStrike","bronze:Terminator"],"picked":"bronze:BurnOut","floor":13.0},{"not_picked":["bronze:Shield","bronze:Separator"],"picked":"bronze:Fortify","floor":14.0},{"not_picked":["bronze:NullPointer","bronze:BitShift"],"picked":"bronze:ClassDefault","floor":15.0},{"not_picked":["bronze:Library","bronze:Virus"],"picked":"bronze:Assembly","floor":16.0},{"not_picked":["bronze:Turbo+1","bronze:CutThrough"],"picked":"bronze:Branch+1","floor":19.0},{"not_picked":["bronze:Terminator+1","bronze:Invalidate+1"],"picked":"bronze:Philosophize+1","floor":20.0},{"not_picked":["bronze:Refactor+1","bronze:Invalidate"],"picked":"bronze:DigitalCarnage","floor":21.0},{"not_picked":["bronze:OilSpill","bronze:WhirlingStrike"],"picked":"bronze:Terminator","floor":22.0},{"not_picked":["bronze:OilSpill+1","bronze:Turbo"],"picked":"bronze:Overload","floor":26.0},{"not_picked":["bronze:WildBeam","bronze:BuggyMess"],"picked":"bronze:ChildClass","floor":27.0},{"not_picked":["bronze:WildBeam","bronze:DelayedGuard"],"picked":"bronze:Verify","floor":28.0},{"not_picked":["bronze:CutThrough","bronze:ChosenStrike"],"picked":"bronze:Allocate","floor":29.0},{"not_picked":["bronze:ClassDefault+1","bronze:CutThrough"],"picked":"bronze:BuggyMess","floor":30.0},{"not_picked":["bronze:BitShift","bronze:Boost","bronze:FineTuning"],"picked":"SKIP","floor":31},{"not_picked":["bronze:Backtrace","bronze:FineTuning"],"picked":"bronze:BuggyMess","floor":32},{"not_picked":["bronze:HardenedForm","bronze:RecursiveStrike"],"picked":"bronze:Library","floor":33},{"not_picked":["bronze:Backtrace+1","bronze:ClassDefault"],"picked":"bronze:GetLatest+1","floor":36},{"not_picked":["bronze:CutThrough+1","bronze:Allocate+1"],"picked":"bronze:WildBeam+1","floor":39},{"not_picked":["bronze:WildBeam","bronze:BitShift"],"picked":"bronze:Invalidate+1","floor":40},{"not_picked":["bronze:Allocate+1","bronze:Branch"],"picked":"bronze:CloningBeam","floor":42},{"not_picked":["bronze:BuggyMess+1","bronze:Philosophize"],"picked":"bronze:Mutator","floor":44},{"not_picked":["bronze:Constructor","bronze:MaxOutput+1"],"picked":"bronze:Repulsor","floor":45},{"not_picked":["bronze:WhirlingStrike+1","bronze:Branch+1"],"picked":"bronze:Mutator","floor":47},{"not_picked":["bronze:Refactor","bronze:Separator+1"],"picked":"bronze:DigitalCarnage+1","floor":49}],"player_experience":214036,"relics_obtained":[{"floor":7.0,"key":"Whetstone"},{"floor":13.0,"key":"bronze:CableSpool"},{"floor":24.0,"key":"Thread and Needle"},{"floor":29.0,"key":"Eternal Feather"},{"floor":41,"key":"Ancient Tea Set"},{"floor":44,"key":"Bird Faced Urn"},{"floor":47,"key":"MealTicket"}],"event_choices":[{"damage_healed":0.0,"max_hp_gain":5.0,"max_hp_loss":0.0,"gold_gain":0.0,"event_name":"Big Fish","player_choice":"Donut","floor":3.0,"gold_loss":0.0,"damage_taken":0.0},{"damage_healed":0,"gold_gain":0,"player_choice":"Fight","damage_taken":0,"max_hp_gain":0,"max_hp_loss":0,"event_name":"Mysterious Sphere","floor":44,"gold_loss":0}],"is_beta":false,"boss_relics":[{"not_picked":["Busted Crown","SacredBark"],"picked":"bronze:MakeshiftBattery"},{"not_picked":["Snecko Eye","Coffee Dripper"],"picked":"expansioncontent:StudyCardRelic"}],"items_purged_floors":[8,28],"is_endless":false,"potions_floor_spawned":[2,9,13,19,20,29,31,32,39,45,49],"killed_by":"downfall:CharBossMerchant","ascension_level":1}}