{"host":"5apxsqgkueisybsc","time":1610330219,"event":{"mods":["A Magickal Journey","BaseMod","Better Third Choice","DeckTracker","Hermit","Hubris","Hunter ??","Mimic Mod","Minty Spire (QoL Compilation)","Random Character Button","Rare Cards Sparkle","Replay The Spire","Robot Space Explorer","SOS???????","Shade Mod","StSLib","The Blackbeard","The Bladedancer","The Bug Knight","The Clintock","The Cursed","The Disciple","The Druid","The Exalted","The Forsaken","The Servant 0.9.4","The Valiant","The Witch"],"gold_per_floor":[110,185,195,210,220,220,220,220,255,255,255,255],"floor_reached":11,"playtime":553,"items_purged":[],"score":63,"play_id":"cf16f87f-964d-4c76-a8e7-ee41de9def2a","local_time":"20210110205659","is_ascension_mode":false,"campfire_choices":[{"data":"RobotSpaceExplorer:MiniLasers","floor":6,"key":"SMITH"},{"data":"RobotSpaceExplorer:IronShell","floor":8,"key":"SMITH"}],"circlet_count":0,"master_deck":["RobotSpaceExplorer:Strike","RobotSpaceExplorer:Strike","RobotSpaceExplorer:Strike","RobotSpaceExplorer:Strike","RobotSpaceExplorer:Defend","RobotSpaceExplorer:Defend","RobotSpaceExplorer:Defend","RobotSpaceExplorer:Defend","RobotSpaceExplorer:Scan","RobotSpaceExplorer:MiniLasers+1","RobotSpaceExplorer:IronShell+1","RobotSpaceExplorer:ScrapMissile","RobotSpaceExplorer:ImprovisedAttack+1","RobotSpaceExplorer:FrostMissile","RobotSpaceExplorer:LaserBurst"],"relics":["RobotSpaceExplorer:RoboCore","Blood Vial","hubris:Towel"],"acts_visited":["Exordium"],"potions_floor_usage":[4],"damage_taken":[{"damage":7,"enemies":"Jaw Worm","floor":1,"turns":6},{"damage":4,"enemies":"2 Louse","floor":3,"turns":3},{"damage":0,"enemies":"Cultist","floor":4,"turns":3},{"damage":14,"enemies":"2 Fungi Beasts","floor":5,"turns":4},{"damage":4,"enemies":"Exordium Thugs","floor":9,"turns":10},{"damage":51,"enemies":"Lagavulin","floor":11,"turns":11}],"seed_played":"-8406840880854056012","potions_obtained":[{"floor":1,"key":"SteroidPotion"},{"floor":4,"key":"Elixir"}],"is_trial":false,"path_per_floor":["M","?","M","M","M","R","?","R","MIM","?","E"],"character_chosen":"RobotSpaceExplorer","items_purchased":[],"campfire_rested":0,"item_purchase_floors":[],"current_hp_per_floor":[75,64,60,60,46,46,46,46,42,42,0,0],"gold":255,"neow_bonus":"TEN_PERCENT_HP_BONUS","is_daily":false,"chose_seed":false,"campfire_upgraded":2,"win_rate":0.0,"timestamp":1610330219,"path_taken":["M","?","M","M","M","R","?","R","MIM","?","E"],"items_purchased_type":[],"build_version":"2020-12-22","purchased_purges":0,"victory":false,"max_hp_per_floor":[82,82,82,82,82,82,82,82,82,82,82,82],"card_choices":[{"not_picked":["RobotSpaceExplorer:ShockKick","RobotSpaceExplorer:Blitz"],"picked":"RobotSpaceExplorer:IronShell","floor":1},{"not_picked":["RobotSpaceExplorer:Ammunition","RobotSpaceExplorer:SwiftStep"],"picked":"RobotSpaceExplorer:ScrapMissile","floor":3},{"not_picked":["RobotSpaceExplorer:Ammunition","RobotSpaceExplorer:MakeshiftVolley"],"picked":"RobotSpaceExplorer:ImprovisedAttack","floor":4},{"not_picked":["RobotSpaceExplorer:Probe","RobotSpaceExplorer:Ammunition"],"picked":"RobotSpaceExplorer:FrostMissile","floor":5},{"not_picked":["RobotSpaceExplorer:PowerCollector","RobotSpaceExplorer:TurboDodge"],"picked":"RobotSpaceExplorer:LaserBurst","floor":9}],"player_experience":117047,"relics_obtained":[{"floor":9,"key":"Blood Vial"}],"event_choices":[{"damage_healed":0,"gold_gain":75,"player_choice":"Gold","damage_taken":11,"max_hp_gain":0,"max_hp_loss":0,"event_name":"betterThird:BetterGoop","floor":2,"gold_loss":0}],"is_beta":false,"boss_relics":[],"items_purged_floors":[],"is_endless":false,"potions_floor_spawned":[1,4],"killed_by":"Lagavulin","ascension_level":0}}