{"host":"8lgo2trwv2o0qyml","time":1610379224,"event":{"mods":["BaseMod","Colored Map","Colored Powertips","DeckTracker","Highlight Path","Hubris","Infinite Spire","Minty Spire (QoL Compilation)","Quick Restart","Random Character Button","Relic Sorter","Replay The Spire","StSLib","SuperFastMode","Synergy Search"],"gold_per_floor":[111,71,71,88,108,138,138,150,150,176,176,21,39,39,39,143,143,159,159,173,173,173],"floor_reached":21,"playtime":1044,"items_purged":[],"score":189,"play_id":"777a30fc-30f9-463a-a812-7ad07357ce02","local_time":"20210111103344","is_ascension_mode":false,"campfire_choices":[{"floor":11,"key":"REST"},{"floor":15,"key":"REST"}],"circlet_count":0,"master_deck":["Strike_B","Strike_B","Strike_B","Strike_B","Defend_B","Defend_B","Defend_B","Defend_B","Zap","Dualcast","Compile Driver","Time Bomb+1","Loop+1","Redo","Go for the Eyes","Gash","Go for the Eyes","Pot Of Greed","Pot Of Greed","Defragment","Mirror Shield+1","Rainbow+1","Sunder","Reboot+1","ReplayTheSpireMod:Splinters","Dramatic Entrance","Pot Of Greed","Zap","Conserve Battery"],"relics":["Cracked Core","Golden Egg","Grinning Jar","infinitespire:Lucky Rock","Sling","SacredBark"],"acts_visited":["Exordium","TheCity"],"potions_floor_usage":[6,10,16,21,21],"damage_taken":[{"damage":0,"enemies":"Cultist","floor":1,"turns":3},{"damage":10,"enemies":"Jaw Worm","floor":4,"turns":4},{"damage":3,"enemies":"2 Louse","floor":5,"turns":3},{"damage":21,"enemies":"Lagavulin","floor":6,"turns":7},{"damage":5,"enemies":"2 Fungi Beasts","floor":8,"turns":3},{"damage":19,"enemies":"Gremlin Nob","floor":10,"turns":4},{"damage":10,"enemies":"Large Slime","floor":13,"turns":5},{"damage":14,"enemies":"Slime Boss","floor":16,"turns":8},{"damage":32,"enemies":"2 Thieves","floor":18,"turns":4},{"damage":23,"enemies":"3 Byrds","floor":20,"turns":5},{"damage":23,"enemies":"Centurion and Healer","floor":21,"turns":6}],"seed_played":"-3042611869752234726","potions_obtained":[{"floor":1,"key":"PowerPotion"},{"floor":8,"key":"LiquidMemories"},{"floor":10,"key":"Strength Potion"},{"floor":13,"key":"Adrenaline Potion"},{"floor":16,"key":"Venom Potion"}],"is_trial":false,"path_per_floor":["M","$","?","M","M","E","?","M","T","E","R","$","M","?","R_BF","B",null,"M","?","M","M"],"character_chosen":"DEFECT","items_purchased":["Loop","Sling"],"campfire_rested":2,"item_purchase_floors":[2,12],"current_hp_per_floor":[75,75,75,65,62,41,41,36,36,17,39,39,29,29,51,37,75,43,43,20,0,0],"gold":173,"neow_bonus":"THREE_CARDS","is_daily":false,"chose_seed":false,"campfire_upgraded":0,"win_rate":0.0,"timestamp":1610379224,"path_taken":["M","?","?","?","?","E","?","M","T","E","R","$","M","?","R_BF","BOSS","M","?","?","M"],"items_purchased_type":["Card","Relic"],"build_version":"2020-12-22","purchased_purges":0,"victory":false,"max_hp_per_floor":[75,75,75,75,75,75,75,75,75,75,75,75,75,75,75,75,75,75,75,75,75,75],"card_choices":[{"not_picked":["Coolheaded","Beam Cell"],"picked":"Compile Driver","floor":0},{"not_picked":["Conserve Battery","Undo"],"picked":"Time Bomb","floor":1},{"not_picked":["Rebound","Reinforced Body"],"picked":"Redo","floor":4},{"not_picked":["Barrage","ReplayRNGCard"],"picked":"Go for the Eyes","floor":5},{"not_picked":["Leap","Beam Cell"],"picked":"Gash","floor":6},{"not_picked":["Stack","Turbo"],"picked":"Go for the Eyes","floor":8},{"not_picked":["Stack","ReplaySolidLightProjector"],"picked":"Defragment","floor":10},{"not_picked":["Aggregate","Go for the Eyes"],"picked":"Mirror Shield","floor":13},{"not_picked":["Echo Form","Thunder Strike"],"picked":"Rainbow","floor":16},{"not_picked":["Conserve Battery","Streamline"],"picked":"Sunder","floor":18},{"not_picked":["Ball Lightning+1","Streamline"],"picked":"Conserve Battery","floor":20}],"player_experience":49065,"relics_obtained":[{"floor":6,"key":"Golden Egg"},{"floor":9,"key":"Grinning Jar"},{"floor":10,"key":"infinitespire:Lucky Rock"}],"event_choices":[{"damage_healed":0,"gold_gain":0,"player_choice":"Forge","damage_taken":0,"max_hp_gain":0,"max_hp_loss":0,"event_name":"Accursed Blacksmith","floor":3,"gold_loss":0,"cards_upgraded":["Time Bomb"]},{"damage_healed":0,"gold_gain":0,"player_choice":"Ignored","damage_taken":0,"max_hp_gain":0,"max_hp_loss":0,"event_name":"Golden Wing","floor":7,"gold_loss":0},{"damage_healed":0,"gold_gain":0,"player_choice":"4 cards matched","damage_taken":0,"max_hp_gain":0,"max_hp_loss":0,"event_name":"Match and Keep!","floor":19,"gold_loss":0,"cards_obtained":["Reboot","ReplayTheSpireMod:Splinters","Dramatic Entrance","Zap"]}],"is_beta":false,"boss_relics":[{"not_picked":["Inserter","hubris:VirtuousBlindfold"],"picked":"SacredBark"}],"items_purged_floors":[],"is_endless":false,"potions_floor_spawned":[1,8,10,13,16],"killed_by":"Centurion and Healer","ascension_level":0}}