{"host":"c3lc60y5x60jlt1y","time":1610379440,"event":{"mods":["AchievementEnabler","BaseMod","Bestiary","Colored Map","Minty Spire (QoL Compilation)","Quick Restart","StSLib","ojb\u0027s Info Mod"],"gold_per_floor":[112,43,43,43,43,84,4,37,62,62,100,119,119,134,134,258,258,279,279,297,320,320,320,320],"floor_reached":23,"playtime":1349,"items_purged":[],"score":321,"play_id":"ac20cae6-5ef0-4a9a-8249-2140865c48f9","local_time":"20210111173720","is_ascension_mode":true,"campfire_choices":[{"data":"Capacitor","floor":13,"key":"SMITH"},{"data":"Static Discharge","floor":15,"key":"SMITH"}],"circlet_count":0,"master_deck":["Defend_B","Defend_B","Defend_B","Defend_B","Zap","Dualcast","Undo","Static Discharge+1","White Noise","Defragment","Beam Cell","FTL","Chill","Capacitor+1","Loop","Buffer","Cold Snap+1","Bite","Bite","Bite","Bite","Bite","Doom and Gloom","Barrage+1"],"relics":["Cracked Core","NeowsBlessing","Bloody Idol","Pen Nib","Vajra","MealTicket","Bottled Lightning","Turnip","Cursed Key"],"acts_visited":["Exordium","TheCity"],"potions_floor_usage":[],"damage_taken":[{"damage":0,"enemies":"Jaw Worm","floor":1,"turns":1},{"damage":0,"enemies":"Lagavulin","floor":6,"turns":1},{"damage":0,"enemies":"Gremlin Nob","floor":8,"turns":1},{"damage":25,"enemies":"3 Sentries","floor":11,"turns":6},{"damage":0,"enemies":"Cultist","floor":12,"turns":2},{"damage":0,"enemies":"2 Louse","floor":14,"turns":2},{"damage":23,"enemies":"The Guardian","floor":16,"turns":11},{"damage":5,"enemies":"2 Thieves","floor":18,"turns":4},{"damage":0,"enemies":"Chosen","floor":20,"turns":4},{"damage":9,"enemies":"Centurion and Healer","floor":21,"turns":5},{"damage":42,"enemies":"Slavers","floor":23,"turns":3}],"seed_played":"764248407443649903","potions_obtained":[{"floor":1,"key":"SteroidPotion"},{"floor":8,"key":"Fire Potion"},{"floor":14,"key":"LiquidMemories"},{"floor":20,"key":"EssenceOfDarkness"},{"floor":21,"key":"LiquidMemories"}],"is_trial":false,"path_per_floor":["M","$","?","?","$","E","$","E","T","T","E","M","R","M","R","B",null,"M","?","M","M","?","E"],"character_chosen":"DEFECT","items_purchased":["Static Discharge","Defragment","Beam Cell"],"campfire_rested":0,"item_purchase_floors":[2,7,7],"current_hp_per_floor":[75,75,75,69,69,69,69,69,69,69,44,44,44,44,44,21,69,64,48,48,40,40,0,0],"gold":320,"neow_bonus":"THREE_ENEMY_KILL","is_daily":false,"chose_seed":false,"campfire_upgraded":2,"win_rate":0.0,"timestamp":1610379440,"path_taken":["M","$","?","?","?","E","$","E","T","?","E","?","R","M","R","BOSS","M","?","M","M","?","E"],"items_purchased_type":["Card","Card","Card"],"build_version":"2020-12-22","purchased_purges":0,"victory":false,"max_hp_per_floor":[75,75,75,69,69,69,69,69,69,69,69,69,69,69,69,69,69,69,48,48,48,48,48,48],"card_choices":[{"not_picked":["Steam Power","Barrage"],"picked":"Undo","floor":1},{"not_picked":["Coolheaded","Reprogram"],"picked":"White Noise","floor":6},{"not_picked":["Barrage","Rip and Tear"],"picked":"FTL","floor":8},{"not_picked":["Steam","Scrape"],"picked":"Chill","floor":11},{"not_picked":["Beam Cell","Compile Driver"],"picked":"Capacitor","floor":12},{"not_picked":["Gash","Scrape"],"picked":"Loop","floor":14},{"not_picked":["Biased Cognition","Amplify"],"picked":"Buffer","floor":16},{"not_picked":["Scrape+1","Barrage"],"picked":"Cold Snap+1","floor":18},{"not_picked":["Tempest","Stack"],"picked":"Doom and Gloom","floor":20},{"not_picked":["Go for the Eyes","Compile Driver+1"],"picked":"Barrage+1","floor":21}],"player_experience":7869543,"relics_obtained":[{"floor":6,"key":"Pen Nib"},{"floor":8,"key":"Vajra"},{"floor":9,"key":"MealTicket"},{"floor":10,"key":"Bottled Lightning"},{"floor":11,"key":"Turnip"}],"event_choices":[{"damage_healed":0,"gold_gain":0,"player_choice":"Leave","damage_taken":0,"max_hp_gain":0,"max_hp_loss":0,"event_name":"The Cleric","floor":3,"gold_loss":0},{"damage_healed":0,"gold_gain":0,"player_choice":"Lose Max HP","damage_taken":0,"relics_obtained":["Golden Idol"],"max_hp_gain":0,"max_hp_loss":6,"event_name":"Golden Idol","floor":4,"gold_loss":0},{"damage_healed":0,"gold_gain":0,"player_choice":"Became a vampire","damage_taken":0,"max_hp_gain":0,"max_hp_loss":21,"event_name":"Vampires","floor":19,"gold_loss":0,"cards_obtained":["Bite","Bite","Bite","Bite","Bite"]},{"damage_healed":0,"gold_gain":0,"player_choice":"Gave Idol","damage_taken":0,"relics_obtained":["Bloody Idol"],"max_hp_gain":0,"max_hp_loss":0,"event_name":"Forgotten Altar","floor":22,"relics_lost":["Golden Idol"],"gold_loss":0}],"is_beta":false,"boss_relics":[{"not_picked":["Astrolabe","Tiny House"],"picked":"Cursed Key"}],"items_purged_floors":[],"is_endless":false,"potions_floor_spawned":[1,8,14,16,20,21],"killed_by":"Slavers","ascension_level":3}}