{"host":"0v07cr0k93jhgkpm","time":1610333241,"event":{"mods":["BaseMod","Colored Map","DeckTracker","Minty Spire (QoL Compilation)","Quick Restart","SuperFastMode"],"gold_per_floor":[114,39,57,73,73,73,102,102,102,131,131,146,160,177,177,250,250,266,316,316,326,63,94,109,9,9,9,9,9,9],"floor_reached":29,"playtime":1224,"items_purged":["Defend_P","Strike_P"],"score":656,"play_id":"b88d8dfa-1afb-48cf-a925-92e63db54750","local_time":"20210111114721","is_ascension_mode":true,"campfire_choices":[{"data":"Eruption","floor":6.0,"key":"SMITH"},{"data":"SashWhip","floor":8.0,"key":"SMITH"},{"data":"WindmillStrike","floor":15.0,"key":"SMITH"},{"floor":27,"key":"REST"}],"circlet_count":0,"master_deck":["AscendersBane","Strike_P","Strike_P","Defend_P","Defend_P","Eruption+1","Vigilance+1","FlurryOfBlows","WindmillStrike+1","InnerPeace+1","Prostrate","FearNoEvil","SashWhip+1","Protect","EmptyFist","ClearTheMind","Halt","DeusExMachina","EmptyMind"],"relics":["PureWater","Torii","CloakClasp","Potion Belt","SlaversCollar","Gremlin Horn","CeramicFish"],"acts_visited":["Exordium","TheCity"],"potions_floor_usage":[],"damage_taken":[{"damage":7.0,"enemies":"Cultist","floor":1.0,"turns":3.0},{"damage":3.0,"enemies":"2 Louse","floor":3.0,"turns":3.0},{"damage":0.0,"enemies":"Small Slimes","floor":4.0,"turns":2.0},{"damage":6.0,"enemies":"3 Sentries","floor":7.0,"turns":5.0},{"damage":0.0,"enemies":"Lagavulin","floor":10.0,"turns":5.0},{"damage":0.0,"enemies":"Blue Slaver","floor":12.0,"turns":2.0},{"damage":1.0,"enemies":"Exordium Wildlife","floor":13.0,"turns":4.0},{"damage":13.0,"enemies":"2 Fungi Beasts","floor":14.0,"turns":2.0},{"damage":0.0,"enemies":"Hexaghost","floor":16.0,"turns":9.0},{"damage":1,"enemies":"Shell Parasite","floor":18,"turns":4},{"damage":11,"enemies":"3 Byrds","floor":21,"turns":7},{"damage":9,"enemies":"Slavers","floor":23,"turns":8},{"damage":1,"enemies":"Centurion and Healer","floor":24,"turns":6},{"damage":33,"enemies":"Gremlin Leader","floor":29,"turns":5}],"seed_played":"2422704633010759915","potions_obtained":[{"floor":1.0,"key":"Fruit Juice"},{"floor":12.0,"key":"Explosive Potion"},{"floor":13.0,"key":"SmokeBomb"},{"floor":18,"key":"Energy Potion"}],"is_trial":false,"path_per_floor":["M","$","M","M","?","R","E","R","T","E","?","M","M","M","R","B",null,"M","?","?","M","$","E","M","$","T","R","$","E"],"character_chosen":"WATCHER","items_purchased":["Gremlin Horn"],"campfire_rested":1,"item_purchase_floors":[22],"current_hp_per_floor":[59,59,56,56,36,36,30,30,30,30,20,20,19,6,6,6,52,51,51,33,22,22,13,12,12,12,33,33,0,0],"gold":9,"neow_bonus":"TRANSFORM_TWO_CARDS","is_daily":false,"chose_seed":false,"campfire_upgraded":3,"win_rate":0.0,"timestamp":1610333241,"path_taken":["M","?","M","M","?","R","E","R","T","E","?","M","?","M","R","BOSS","M","?","?","M","$","E","M","$","T","R","?","E"],"items_purchased_type":["Relic"],"build_version":"2020-12-22","purchased_purges":2,"victory":false,"max_hp_per_floor":[67,67,67,67,67,67,67,67,67,67,67,67,67,67,67,67,67,67,67,72,72,72,72,72,72,72,72,72,72,72],"card_choices":[{"not_picked":["Consecrate","Evaluate"],"picked":"InnerPeace","floor":1.0},{"not_picked":["Consecrate","SignatureMove"],"picked":"Prostrate","floor":3.0},{"not_picked":["Sanctity","FlurryOfBlows"],"picked":"FearNoEvil","floor":4.0},{"not_picked":["PathToVictory","Vengeance"],"picked":"SashWhip","floor":7.0},{"not_picked":["FlyingSleeves","LikeWater"],"picked":"Protect","floor":10.0},{"not_picked":["Vengeance","ThirdEye"],"picked":"EmptyFist","floor":12.0},{"not_picked":["FollowUp","Weave"],"picked":"ClearTheMind","floor":13.0},{"not_picked":["Protect","Nirvana"],"picked":"Halt","floor":14.0},{"not_picked":["LessonLearned","Blasphemy"],"picked":"DeusExMachina","floor":16.0},{"not_picked":["Wallop","WreathOfFlame"],"picked":"EmptyMind","floor":18},{"not_picked":["Worship","WindmillStrike","ReachHeaven+1"],"picked":"SKIP","floor":21},{"not_picked":["SandsOfTime","FlyingSleeves","ReachHeaven"],"picked":"SKIP","floor":23},{"not_picked":["ThirdEye","Crescendo","JustLucky"],"picked":"SKIP","floor":24}],"player_experience":2485962,"relics_obtained":[{"floor":7.0,"key":"Torii"},{"floor":9.0,"key":"CloakClasp"},{"floor":10.0,"key":"Potion Belt"},{"floor":23,"key":"CeramicFish"}],"event_choices":[{"damage_healed":0.0,"max_hp_gain":0.0,"max_hp_loss":0.0,"gold_gain":0.0,"event_name":"Shining Light","player_choice":"Entered Light","floor":5.0,"gold_loss":0.0,"damage_taken":20.0,"cards_upgraded":["InnerPeace","Vigilance"]},{"damage_healed":0.0,"max_hp_gain":0.0,"max_hp_loss":0.0,"gold_gain":0.0,"event_name":"Wheel of Change","player_choice":"Damaged","floor":11.0,"gold_loss":0.0,"damage_taken":10.0},{"damage_healed":0,"gold_gain":50,"player_choice":"Stole From Cult","damage_taken":0,"max_hp_gain":0,"max_hp_loss":0,"event_name":"Nest","floor":19,"gold_loss":0},{"damage_healed":0,"gold_gain":0,"player_choice":"Shed Blood","damage_taken":23,"max_hp_gain":5,"max_hp_loss":0,"event_name":"Forgotten Altar","floor":20,"gold_loss":0}],"is_beta":false,"boss_relics":[{"not_picked":["Calling Bell","Coffee Dripper"],"picked":"SlaversCollar"}],"items_purged_floors":[2,25],"is_endless":false,"potions_floor_spawned":[1,12,13,18],"killed_by":"Gremlin Leader","ascension_level":20}}