{"host":"bpkhhmvsfrvlto2l","time":1610380447,"event":{"mods":["2.2 Compatiblity","AchievementEnabler","Act Like it!","AlwaysNeverKeys","Aspiration","BaseMod","Better Silent Start","Challenge The Spire","Colored Map","Colored Powertips","Custom Start","Downfall","Energized Spire","Friendly Minions","GifTheSpireLib","Halation","Hubris","Infinite Spire","Ironclad Rager","Mimic Mod","Minty Spire (QoL Compilation)","Permanent Neow","Quick Restart","Random Character Button","Relic Sorter","Replay The Spire","Spikes Relics","StSLib","Stuff the Spire","Swap Starting Deck Mod","Trackpad"],"gold_per_floor":[116,127,140,154,173,206,206,249,283,283,283,316,316,316,316,316,316],"floor_reached":16,"playtime":465,"items_purged":[],"score":138,"play_id":"3cf91df1-181c-4c08-b64c-1c96d2ceab8c","local_time":"20210111105407","is_ascension_mode":true,"campfire_choices":[{"floor":11,"key":"REST"},{"floor":13,"key":"REST"},{"floor":15,"key":"REST"}],"circlet_count":0,"master_deck":["Strike_B","Strike_B","Strike_B","Strike_B","Defend_B","Defend_B","Defend_B","Defend_B","Zap+1","Dualcast","Cold Snap","Ball Lightning","ReplayTheSpireMod:Splinters","Genetic Algorithm"],"relics":["Cracked Core","halation:Gekota","hubris:PeanutButter","StuffTheSpire:Tea"],"acts_visited":["Exordium"],"potions_floor_usage":[4,12,16],"damage_taken":[{"damage":2,"enemies":"Jaw Worm","floor":1,"turns":3},{"damage":2,"enemies":"2 Louse","floor":2,"turns":2},{"damage":6,"enemies":"Cultist","floor":3,"turns":3},{"damage":25,"enemies":"Lots of Slimes","floor":4,"turns":4},{"damage":9,"enemies":"Large Slime","floor":5,"turns":6},{"damage":18,"enemies":"Replay:BlueRogue","floor":6,"turns":6},{"damage":0,"enemies":"Looter","floor":9,"turns":6},{"damage":33,"enemies":"Gremlin Nob","floor":12,"turns":4},{"damage":65,"enemies":"Hexaghost","floor":16,"turns":12}],"seed_played":"-2229452977994494122","potions_obtained":[{"floor":1,"key":"Guardian:BlockOnCardUsePotion"},{"floor":6,"key":"Adrenaline Potion"},{"floor":12,"key":"LifebloodPotion"}],"is_trial":false,"path_per_floor":["M","M","M","M","M","E","?","?","MIM","?","R","E","R","?","R","B"],"character_chosen":"DEFECT","items_purchased":[],"campfire_rested":3,"item_purchase_floors":[],"current_hp_per_floor":[78,76,70,45,36,18,18,18,18,18,42,9,33,41,65,0,0],"gold":316,"neow_bonus":"RANDOM_EVENT","is_daily":false,"chose_seed":false,"campfire_upgraded":0,"win_rate":0.0,"timestamp":1610380447,"path_taken":["M","M","M","M","M","E","?","?","MIM","?","R","E","R","?","R","BOSS"],"items_purchased_type":[],"build_version":"2020-12-22","purchased_purges":0,"victory":false,"max_hp_per_floor":[80,80,80,80,80,80,80,80,80,80,80,80,80,80,80,80,80],"card_choices":[{"not_picked":["Beam Cell","Steam","Rip and Tear"],"picked":"SKIP","floor":1},{"not_picked":["Steam","Go for the Eyes"],"picked":"Cold Snap","floor":3},{"not_picked":["Stack","Panic Button","StuffTheSpire:Purify"],"picked":"SKIP","floor":4},{"not_picked":["Lockon","StuffTheSpire:Synthwave"],"picked":"Ball Lightning","floor":5},{"not_picked":["Redo","Streamline"],"picked":"Genetic Algorithm","floor":12}],"player_experience":63435,"relics_obtained":[{"floor":6,"key":"hubris:PeanutButter"},{"floor":8,"key":"halation:Gekota"},{"floor":12,"key":"StuffTheSpire:Tea"}],"event_choices":[{"damage_healed":0,"gold_gain":0,"player_choice":"Donut","damage_taken":0,"max_hp_gain":5,"max_hp_loss":0,"event_name":"Big Fish","floor":0,"gold_loss":0},{"damage_healed":0,"gold_gain":0,"player_choice":"Grow","damage_taken":0,"max_hp_gain":0,"max_hp_loss":0,"event_name":"Living Wall","floor":10,"gold_loss":0,"cards_upgraded":["Zap"]}],"is_beta":false,"boss_relics":[],"items_purged_floors":[],"is_endless":false,"potions_floor_spawned":[1,6,12],"killed_by":"Hexaghost","ascension_level":5}}