{"host":"nptej036rrbiurf5","time":1610347196,"event":{"mods":["BaseMod","Colored Map","Colored Powertips","DeckTracker","Minty Spire (QoL Compilation)","StSLib","SuperFastMode"],"gold_per_floor":[109,121,135,150,150,150,162,176,176,231,231,231],"floor_reached":11,"playtime":198,"items_purged":[],"score":127,"play_id":"ce369a1d-98de-4da4-876a-567e7a88fe01","local_time":"20210111153956","is_ascension_mode":true,"campfire_choices":[{"data":"Skim","floor":6.0,"key":"SMITH"}],"circlet_count":0,"master_deck":["AscendersBane","Strike_B","Strike_B","Strike_B","Strike_B","Defend_B","Defend_B","Defend_B","Defend_B","Zap","Dualcast+1","Tempest","Undo","Skim+1","Chaos","Reinforced Body"],"relics":["Nuclear Battery","InkBottle"],"acts_visited":["Exordium"],"potions_floor_usage":[11],"damage_taken":[{"damage":4.0,"enemies":"2 Louse","floor":1.0,"turns":3.0},{"damage":0.0,"enemies":"Cultist","floor":2.0,"turns":2.0},{"damage":2.0,"enemies":"Jaw Worm","floor":3.0,"turns":2.0},{"damage":0.0,"enemies":"Blue Slaver","floor":4.0,"turns":3.0},{"damage":6.0,"enemies":"3 Louse","floor":7.0,"turns":3.0},{"damage":10.0,"enemies":"Lots of Slimes","floor":8.0,"turns":3.0},{"damage":0.0,"enemies":"Gremlin Nob","floor":10.0,"turns":3.0},{"damage":42,"enemies":"Gremlin Nob","floor":11,"turns":3}],"seed_played":"7803991732113580584","potions_obtained":[{"floor":1.0,"key":"Dexterity Potion"},{"floor":3.0,"key":"FearPotion"},{"floor":7.0,"key":"PotionOfCapacity"}],"is_trial":false,"path_per_floor":["M","M","M","M","?","R","M","M","T","?","E"],"character_chosen":"DEFECT","items_purchased":[],"campfire_rested":0,"item_purchase_floors":[],"current_hp_per_floor":[60,60,58,58,58,58,52,42,42,42,0,0],"gold":231,"neow_bonus":"BOSS_RELIC","is_daily":false,"chose_seed":false,"campfire_upgraded":1,"win_rate":0.0,"timestamp":1610347196,"path_taken":["M","M","M","M","?","R","M","?","T","?","E"],"items_purchased_type":[],"build_version":"2020-12-22","purchased_purges":0,"victory":false,"max_hp_per_floor":[71,71,71,71,71,71,71,71,71,71,71,71],"card_choices":[{"not_picked":["Cold Snap","Undo"],"picked":"Tempest","floor":1.0},{"not_picked":["Heatsinks","Gash"],"picked":"Undo","floor":2.0},{"not_picked":["Gash","Ball Lightning","Stack"],"picked":"SKIP","floor":3.0},{"not_picked":["Streamline","Go for the Eyes"],"picked":"Skim","floor":4.0},{"not_picked":["Stack","Sunder"],"picked":"Chaos","floor":7.0},{"not_picked":["Ball Lightning","Sunder","Undo"],"picked":"SKIP","floor":8.0},{"not_picked":["Conserve Battery","Redo"],"picked":"Reinforced Body","floor":10.0}],"player_experience":891443,"relics_obtained":[{"floor":10.0,"key":"InkBottle"}],"event_choices":[{"damage_healed":0.0,"max_hp_gain":0.0,"max_hp_loss":0.0,"gold_gain":0.0,"event_name":"Upgrade Shrine","player_choice":"Upgraded","floor":5.0,"gold_loss":0.0,"damage_taken":0.0,"cards_upgraded":["Dualcast"]},{"damage_healed":0.0,"max_hp_gain":0.0,"max_hp_loss":0.0,"gold_gain":0.0,"event_name":"Dead Adventurer","player_choice":"Searched \u00271\u0027 times","floor":10.0,"gold_loss":0.0,"damage_taken":0.0}],"is_beta":false,"boss_relics":[],"items_purged_floors":[],"is_endless":false,"potions_floor_spawned":[1,3,7],"killed_by":"Gremlin Nob","ascension_level":18}}