{"host":"sdjng9zhqonqi3uc","time":1610363919,"event":{"mods":["2.2 Compatiblity","AchievementEnabler","BaseMod","BetterRewards","Colored Powertips","Hero for Fun","Minty Spire (QoL Compilation)","Shop Mod","StSLib","Td1madao Mod","The Animator","The Cursed","The Servant 0.9.4"],"gold_per_floor":[118,137,154,154,254,254,282,298,298,315,315,330,330,359,359,458,458,468,468,483,74,90,90,117,117,144,155,165,165,177,207,207,207,207],"floor_reached":33,"playtime":1432,"items_purged":["Defend_R"],"score":424,"play_id":"f17946bb-b46e-48b2-a6d2-5e588a82d0e3","local_time":"20210111121839","is_ascension_mode":false,"campfire_choices":[{"floor":6,"key":"RECALL"},{"data":"Juggernaut","floor":11,"key":"SMITH"},{"data":"Inflame","floor":13,"key":"SMITH"},{"data":"Metallicize","floor":15,"key":"SMITH"},{"data":"Feed","floor":23,"key":"SMITH"},{"data":"Fire Breathing","floor":32,"key":"SMITH"}],"circlet_count":0,"master_deck":["Strike_R","Strike_R","Strike_R","Strike_R","Strike_R","Defend_R+1","Bash","Injury","Perfected Strike","Feel No Pain","Juggernaut+1","Twin Strike","Rage","Inflame+1","Metallicize+1","Feed+1","Dual Wield","Fire Breathing","Fire Breathing+1","Wild Strike","Entrench+1","Burning Pact+1","Wild Strike","Wild Strike"],"relics":["Burning Blood","Thread and Needle","Orichalcum","The Courier","Self Forming Clay","Mark of Pain","HornCleat","Toxic Egg 2","Smiling Mask","War Paint","Bronze Scales"],"acts_visited":["Exordium","TheCity"],"potions_floor_usage":[14,24,25,25,31,33,33],"damage_taken":[{"damage":1,"enemies":"Jaw Worm","floor":1,"turns":2},{"damage":0,"enemies":"Cultist","floor":2,"turns":3},{"damage":0,"enemies":"2 Louse","floor":3,"turns":3},{"damage":11,"enemies":"Gremlin Nob","floor":7,"turns":4},{"damage":0,"enemies":"Looter","floor":8,"turns":2},{"damage":8,"enemies":"Gremlin Gang","floor":10,"turns":4},{"damage":2,"enemies":"2 Fungi Beasts","floor":12,"turns":3},{"damage":17,"enemies":"Lagavulin","floor":14,"turns":4},{"damage":22,"enemies":"Hexaghost","floor":16,"turns":7},{"damage":0,"enemies":"Spheric Guardian","floor":18,"turns":3},{"damage":29,"enemies":"2 Thieves","floor":20,"turns":4},{"damage":10,"enemies":"Centurion and Healer","floor":22,"turns":6},{"damage":27,"enemies":"Gremlin Leader","floor":24,"turns":6},{"damage":12,"enemies":"Shelled Parasite and Fungi","floor":27,"turns":5},{"damage":11,"enemies":"Snake Plant","floor":28,"turns":3},{"damage":5,"enemies":"Snecko","floor":30,"turns":5},{"damage":21,"enemies":"Book of Stabbing","floor":31,"turns":5},{"damage":46,"enemies":"Automaton","floor":33,"turns":6}],"seed_played":"-7800334723034735460","potions_obtained":[{"floor":3,"key":"SpeedPotion"},{"floor":8,"key":"DuplicationPotion"},{"floor":10,"key":"AttackPotion"},{"floor":14,"key":"SmokeBomb"},{"floor":16,"key":"EssenceOfSteel"},{"floor":18,"key":"BlessingOfTheForge"},{"floor":20,"key":"ColorlessPotion"},{"floor":25,"key":"Fruit Juice"},{"floor":25,"key":"BloodPotion"},{"floor":25,"key":"ElixirPotion"},{"floor":30,"key":"Weak Potion"}],"is_trial":false,"path_per_floor":["M","M","M","?","?","R","E","M","T","M","R","M","R","E","R","B",null,"M","?","M","$","M","R","E","?","T","M","M","?","M","E","R","B"],"character_chosen":"IRONCLAD","items_purchased":["Orichalcum","HornCleat","Toxic Egg 2"],"campfire_rested":0,"item_purchase_floors":[0,21,21],"current_hp_per_floor":[57,63,69,69,69,69,64,70,70,68,68,72,72,61,61,45,80,80,80,60,60,59,59,38,61,61,55,50,50,55,40,40,0,0],"gold":207,"neow_bonus":"","is_daily":false,"chose_seed":false,"campfire_upgraded":5,"win_rate":0.0,"timestamp":1610363919,"path_taken":["M","M","M","?","?","R","E","?","T","M","R","M","R","E","R","BOSS","M","?","M","$","M","R","E","?","T","M","?","?","?","E","R","BOSS"],"items_purchased_type":["Relic","Relic","Relic"],"build_version":"2020-12-22","purchased_purges":1,"victory":false,"max_hp_per_floor":[80,80,80,80,80,80,80,80,80,80,80,80,80,80,80,80,80,80,80,83,83,86,86,86,91,91,91,91,91,95,95,95,95,95],"card_choices":[{"not_picked":["Headbutt","Pommel Strike","Havoc"],"picked":"SKIP","floor":1},{"not_picked":["Dark Embrace","Anger"],"picked":"Perfected Strike","floor":2},{"not_picked":["Sentinel","Seeing Red"],"picked":"Feel No Pain","floor":3},{"not_picked":["Exhume","Pommel Strike"],"picked":"Twin Strike","floor":7},{"not_picked":["Clash","Uppercut"],"picked":"Rage","floor":8},{"not_picked":["Headbutt","Reckless Charge","Second Wind"],"picked":"SKIP","floor":10},{"not_picked":["Dark Embrace","Heavy Blade"],"picked":"Inflame","floor":12},{"not_picked":["Anger","Thunderclap"],"picked":"Metallicize","floor":14},{"not_picked":["Juggernaut","Berserk"],"picked":"Feed","floor":16},{"not_picked":["Perfected Strike","Iron Wave"],"picked":"Dual Wield","floor":18},{"not_picked":["Armaments","Flex"],"picked":"Fire Breathing","floor":20},{"not_picked":["Iron Wave","Second Wind+1"],"picked":"Wild Strike","floor":22},{"not_picked":["Body Slam","Flame Barrier+1"],"picked":"Entrench+1","floor":24},{"not_picked":["Twin Strike","Whirlwind+1"],"picked":"Burning Pact+1","floor":27},{"not_picked":["Rampage","Searing Blow","Burning Pact+1"],"picked":"SKIP","floor":28},{"not_picked":["Seeing Red+1","Blood for Blood"],"picked":"Wild Strike","floor":30},{"not_picked":["Headbutt","Flex+1"],"picked":"Wild Strike","floor":31}],"player_experience":303721,"relics_obtained":[{"floor":7,"key":"The Courier"},{"floor":14,"key":"Self Forming Clay"},{"floor":24,"key":"Smiling Mask"},{"floor":26,"key":"War Paint"},{"floor":31,"key":"Bronze Scales"}],"event_choices":[{"damage_healed":0,"gold_gain":0,"cards_transformed":["Defend_R"],"player_choice":"Change","damage_taken":0,"max_hp_gain":0,"max_hp_loss":0,"event_name":"Living Wall","floor":4,"gold_loss":0,"cards_obtained":["Juggernaut"]},{"damage_healed":0,"gold_gain":100,"player_choice":"Gold","damage_taken":0,"max_hp_gain":0,"max_hp_loss":0,"event_name":"Wheel of Change","floor":5,"gold_loss":0},{"damage_healed":0,"gold_gain":0,"player_choice":"Read","damage_taken":0,"max_hp_gain":0,"max_hp_loss":0,"event_name":"The Library","floor":19,"gold_loss":0,"cards_obtained":["Fire Breathing"]},{"damage_healed":0,"gold_gain":0,"player_choice":"Got Potions","damage_taken":0,"max_hp_gain":0,"max_hp_loss":0,"event_name":"Lab","floor":25,"gold_loss":0},{"cards_removed":["Defend_R"],"damage_healed":0,"gold_gain":0,"player_choice":"Purged","damage_taken":0,"max_hp_gain":0,"max_hp_loss":0,"event_name":"Purifier","floor":29,"gold_loss":0}],"is_beta":false,"boss_relics":[{"not_picked":["SacredBark","Empty Cage"],"picked":"Mark of Pain"}],"items_purged_floors":[0],"is_endless":false,"potions_floor_spawned":[3,8,10,14,16,18,20,28,30],"killed_by":"Automaton","ascension_level":0}}