{"host":"8c7ixdz8x9d2d2wv","time":1610409295,"event":{"mods":["BaseMod","BetterRewards","Colored Map","Curses Come First","Highlight Path","Minty Spire (QoL Compilation)","Quick Restart","Rare Cards Sparkle","StSLib"],"gold_per_floor":[112,123,198,198,217,217,230,248,296,296,296,327,327,46,46,145,145,161,161,73,73,73,73,90,90,90,124,124,124,88,108,108,208,208,226,32,0,53,103,129,148,148,171,171,204,204,1,1,1,1],"floor_reached":51,"playtime":3101,"items_purged":["Reflex","Shame","Defend_G"],"score":765,"play_id":"2af2b5ce-9f49-40dc-9971-58dad7a6b1f1","local_time":"20210112005455","is_ascension_mode":false,"campfire_choices":[{"data":"Cloak And Dagger","floor":6,"key":"SMITH"},{"data":"Cloak And Dagger","floor":11,"key":"SMITH"},{"floor":15,"key":"REST"},{"data":"Noxious Fumes","floor":23,"key":"SMITH"},{"data":"Neutralize","floor":32,"key":"SMITH"},{"data":"Burst","floor":42,"key":"SMITH"},{"floor":49,"key":"REST"}],"circlet_count":0,"master_deck":["Strike_G","Strike_G","Strike_G","Strike_G","Defend_G","Defend_G","Defend_G","Defend_G","Survivor","Neutralize+1","Blur","Noxious Fumes+1","Cloak And Dagger+1","Cloak And Dagger+1","Dodge and Roll","Dodge and Roll","Crippling Poison","Burst+1","Footwork+1","Footwork","Catalyst+1","Finesse","Blade Dance","Madness","Madness"],"relics":["Ring of the Snake","NeowsBlessing","Bronze Scales","Singing Bowl","Juzu Bracelet","Toolbox","Sozu","MawBank","MutagenicStrength","Pear","Anchor","Philosopher\u0027s Stone","Red Mask","Dead Branch","Tingsha","Orichalcum","Happy Flower","Potion Belt","Vajra"],"acts_visited":["Exordium","TheCity","TheBeyond"],"potions_floor_usage":[8,24,27,50],"damage_taken":[{"damage":0,"enemies":"Small Slimes","floor":1,"turns":1},{"damage":0,"enemies":"2 Louse","floor":2,"turns":1},{"damage":0,"enemies":"Cultist","floor":5,"turns":1},{"damage":0,"enemies":"2 Fungi Beasts","floor":7,"turns":4},{"damage":10,"enemies":"Lots of Slimes","floor":8,"turns":4},{"damage":4,"enemies":"3 Sentries","floor":12,"turns":7},{"damage":25,"enemies":"Slime Boss","floor":16,"turns":14},{"damage":11,"enemies":"Chosen","floor":18,"turns":6},{"damage":8,"enemies":"2 Thieves","floor":24,"turns":4},{"damage":46,"enemies":"Slavers","floor":27,"turns":8},{"damage":2,"enemies":"Centurion and Healer","floor":31,"turns":7},{"damage":33,"enemies":"Automaton","floor":33,"turns":12},{"damage":0,"enemies":"Orb Walker","floor":35,"turns":3},{"damage":35,"enemies":"2 Orb Walkers","floor":38,"turns":8},{"damage":0,"enemies":"Mind Bloom Boss Battle","floor":39,"turns":7},{"damage":0,"enemies":"Reptomancer","floor":40,"turns":7},{"damage":0,"enemies":"3 Shapes","floor":41,"turns":1},{"damage":26,"enemies":"Nemesis","floor":45,"turns":7},{"damage":23,"enemies":"Awakened One","floor":50,"turns":16}],"seed_played":"6088883152950296637","potions_obtained":[{"floor":1,"key":"DistilledChaos"},{"floor":2,"key":"PowerPotion"},{"floor":8,"key":"Energy Potion"},{"floor":16,"key":"FearPotion"}],"is_trial":false,"path_per_floor":["M","M","?","?","M","R","M","M","T","?","R","E","?","$","R","B",null,"M","?","$","?","$","R","M","?","T","E","?","T","$","M","R","B",null,"M","$","?","?","?","E","M","R","T","?","E","?","$","?","R","B",null],"character_chosen":"THE_SILENT","items_purchased":["Toolbox","Energy Potion","Crippling Poison","Footwork","Vajra","Blade Dance"],"campfire_rested":2,"item_purchase_floors":[14,14,30,36,47,47],"current_hp_per_floor":[70,70,59,59,59,59,59,49,49,16,16,14,14,14,35,12,74,63,63,63,63,63,63,57,57,57,23,52,52,52,52,52,19,90,90,90,90,57,57,57,59,59,59,59,35,35,35,23,51,28],"gold":1,"neow_bonus":"THREE_ENEMY_KILL","is_daily":false,"chose_seed":false,"campfire_upgraded":5,"win_rate":0.0,"timestamp":1610409295,"path_taken":["M","M","?","?","M","R","M","?","T","?","R","E","?","$","R","BOSS","M","?","$","?","?","R","M","?","T","E","?","?","$","M","R","BOSS","M","$","?","?","?","E","M","R","T","?","E","?","?","?","R","BOSS"],"items_purchased_type":["Relic","Potion","Card","Card","Relic","Card"],"build_version":"2020-12-22","purchased_purges":3,"victory":true,"max_hp_per_floor":[70,70,70,70,70,70,70,70,70,70,70,72,72,72,72,74,74,74,74,74,74,74,74,76,76,76,88,88,88,88,90,90,90,90,90,90,90,92,92,92,94,94,94,94,96,96,96,96,96,96],"card_choices":[{"not_picked":["Backstab","Dagger Throw"],"picked":"Blur","floor":1},{"not_picked":["Choke","Underhanded Strike"],"picked":"Noxious Fumes","floor":2},{"not_picked":["All Out Attack","Choke"],"picked":"Cloak And Dagger","floor":5},{"not_picked":["Footwork","Deadly Poison"],"picked":"Cloak And Dagger","floor":7},{"not_picked":["Prepared","Bane"],"picked":"Dodge and Roll","floor":8},{"not_picked":["Storm of Steel","Deadly Poison","Leg Sweep"],"picked":"Singing Bowl","floor":12},{"not_picked":["Bullet Time","Unload","Night Terror"],"picked":"Singing Bowl","floor":16},{"not_picked":["Skewer","Backstab"],"picked":"Dodge and Roll","floor":18},{"not_picked":["Terror","Calculated Gamble","Flying Knee"],"picked":"Singing Bowl","floor":24},{"not_picked":["Glass Knife","Prepared+1","All Out Attack"],"picked":"Singing Bowl","floor":27},{"not_picked":["Flying Knee+1","Blade Dance","All Out Attack"],"picked":"Singing Bowl","floor":31},{"not_picked":["A Thousand Cuts","Die Die Die"],"picked":"Burst","floor":33},{"not_picked":["Slice+1","Acrobatics+1"],"picked":"Footwork+1","floor":35},{"not_picked":["Prepared","Poisoned Stab","Acrobatics"],"picked":"Singing Bowl","floor":38},{"not_picked":["Dagger Throw","Underhanded Strike"],"picked":"Catalyst+1","floor":39},{"not_picked":["Skewer","Deflect"],"picked":"Noxious Fumes","floor":40},{"not_picked":["Quick Slash+1","Prepared+1","Poisoned Stab+1"],"picked":"Singing Bowl","floor":41},{"not_picked":["Panacea","Secret Technique"],"picked":"Finesse","floor":44},{"not_picked":["Slice","Footwork","Quick Slash+1"],"picked":"Singing Bowl","floor":45}],"player_experience":639800,"relics_obtained":[{"floor":9,"key":"Bronze Scales"},{"floor":12,"key":"Juzu Bracelet"},{"floor":27,"key":"Pear"},{"floor":29,"key":"Anchor"},{"floor":38,"key":"Dead Branch"},{"floor":39,"key":"Tingsha"},{"floor":40,"key":"Orichalcum"},{"floor":43,"key":"Happy Flower"},{"floor":45,"key":"Potion Belt"}],"event_choices":[{"damage_healed":0,"gold_gain":75,"player_choice":"Gather Gold","damage_taken":11,"max_hp_gain":0,"max_hp_loss":0,"event_name":"World of Goop","floor":3,"gold_loss":0},{"damage_healed":0,"gold_gain":0,"player_choice":"Ignored","damage_taken":0,"max_hp_gain":0,"max_hp_loss":0,"event_name":"NoteForYourself","floor":4,"gold_loss":0},{"damage_healed":0,"gold_gain":0,"player_choice":"Success","damage_taken":33,"relics_obtained":["Singing Bowl"],"max_hp_gain":0,"max_hp_loss":0,"event_name":"Scrap Ooze","floor":10,"gold_loss":0},{"damage_healed":0,"gold_gain":0,"cards_transformed":["Strike_G"],"player_choice":"Transformed","damage_taken":0,"max_hp_gain":0,"max_hp_loss":0,"event_name":"Transmorgrifier","floor":13,"gold_loss":0,"cards_obtained":["Reflex"]},{"damage_healed":0,"gold_gain":0,"player_choice":"Stole Relic","damage_taken":0,"relics_obtained":["MawBank"],"max_hp_gain":0,"max_hp_loss":0,"event_name":"Addict","floor":19,"gold_loss":0,"cards_obtained":["Shame"]},{"damage_healed":0,"gold_gain":0,"player_choice":"Inject Mutagens","damage_taken":0,"relics_obtained":["MutagenicStrength"],"max_hp_gain":0,"max_hp_loss":0,"event_name":"Drug Dealer","floor":21,"gold_loss":0},{"damage_healed":0,"gold_gain":0,"player_choice":"Ignored","damage_taken":0,"max_hp_gain":0,"max_hp_loss":0,"event_name":"Ghosts","floor":25,"gold_loss":0},{"damage_healed":29,"gold_gain":0,"player_choice":"Heal","damage_taken":0,"max_hp_gain":0,"max_hp_loss":0,"event_name":"The Library","floor":28,"gold_loss":0},{"damage_healed":0,"gold_gain":0,"player_choice":"Paid","damage_taken":0,"relics_obtained":["Red Mask"],"max_hp_gain":0,"max_hp_loss":0,"event_name":"Tomb of Lord Red Mask","floor":37,"gold_loss":32},{"damage_healed":0,"gold_gain":0,"player_choice":"Fight","damage_taken":0,"max_hp_gain":0,"max_hp_loss":0,"event_name":"Mysterious Sphere","floor":38,"gold_loss":0},{"damage_healed":0,"gold_gain":0,"player_choice":"Fight","damage_taken":0,"max_hp_gain":0,"max_hp_loss":0,"event_name":"MindBloom","floor":39,"gold_loss":0},{"damage_healed":0,"gold_gain":0,"player_choice":"Memory 1","damage_taken":0,"max_hp_gain":0,"max_hp_loss":0,"event_name":"SensoryStone","floor":44,"gold_loss":0},{"cards_removed":["Noxious Fumes"],"damage_healed":0,"gold_gain":0,"player_choice":"Removed Power","damage_taken":0,"max_hp_gain":0,"max_hp_loss":0,"event_name":"Falling","floor":46,"gold_loss":0},{"damage_healed":0,"gold_gain":0,"player_choice":"Embrace Madness","damage_taken":12,"max_hp_gain":0,"max_hp_loss":0,"event_name":"Winding Halls","floor":48,"gold_loss":0,"cards_obtained":["Madness","Madness"]}],"is_beta":false,"boss_relics":[{"not_picked":["Ectoplasm","SacredBark"],"picked":"Sozu"},{"not_picked":["Runic Dome","Pandora\u0027s Box"],"picked":"Philosopher\u0027s Stone"}],"items_purged_floors":[14,20,36],"is_endless":false,"potions_floor_spawned":[1,2,8,16,27,33,39,41,45],"ascension_level":0}}