{"host":"yptvp0rjza9g9li7","time":1610377581,"event":{"mods":["AchievementEnabler","BaseMod","Colored Map","Colored Powertips","DeckTracker","Minty Spire (QoL Compilation)","SuperFastMode"],"gold_per_floor":[19,19,37,49,68,79,104,104,129,161,179,179,129,139,139,239,239,259,269,269,289,289,318,334,334,334,350,378,396,376,64,64,161,161,178,231,241,241,252,280,294,294,362,375,391,411,411,421,421,421,421,421,46,74,74,74],"floor_reached":55,"playtime":2405,"items_purged":[],"score":732,"play_id":"4fead73b-f386-4c3b-84a4-a505d52b2ebd","local_time":"20210112000621","is_ascension_mode":false,"campfire_choices":[{"data":"Spot Weakness","floor":8.0,"key":"SMITH"},{"floor":12.0,"key":"REST"},{"data":"Demon Form","floor":15.0,"key":"SMITH"},{"data":"Sword Boomerang","floor":25.0,"key":"SMITH"},{"floor":32.0,"key":"REST"},{"floor":42.0,"key":"RECALL"},{"data":"Rupture","floor":49,"key":"SMITH"},{"data":"Whirlwind","floor":52,"key":"SMITH"}],"circlet_count":0,"master_deck":["Strike_R","Strike_R","Strike_R+1","Defend_R","Defend_R+1","Defend_R+1","Defend_R","Bash","Brutality","Twin Strike","Spot Weakness+1","Pommel Strike","Headbutt","Carnage+1","Shrug It Off","Sword Boomerang+1","Whirlwind+1","Demon Form+1","Offering","Clothesline+1","Necronomicurse","Sever Soul","Disarm+1","Warcry+1","Battle Trance","Exhume","Rage+1","Hemokinesis+1","Second Wind+1","Parasite","Perfected Strike+1","Dual Wield","Pummel","Infernal Blade","Feel No Pain+1","Heavy Blade","Rupture+1","Uppercut","Offering"],"relics":["Burning Blood","Du-Vu Doll","Strawberry","Juzu Bracelet","Snecko Eye","Necronomicon","Whetstone","Mango","War Paint","Torii","SlaversCollar","Magic Flower","Blue Candle","Lizard Tail","Bird Faced Urn"],"acts_visited":["Exordium","TheCity","TheBeyond","TheBeyond","TheEnding"],"potions_floor_usage":[50,50,50],"damage_taken":[{"damage":15.0,"enemies":"Jaw Worm","floor":1.0,"turns":4.0},{"damage":1.0,"enemies":"2 Louse","floor":3.0,"turns":2.0},{"damage":0.0,"enemies":"Small Slimes","floor":4.0,"turns":3.0},{"damage":12.0,"enemies":"3 Louse","floor":5.0,"turns":2.0},{"damage":20.0,"enemies":"Lots of Slimes","floor":6.0,"turns":4.0},{"damage":20.0,"enemies":"Lagavulin","floor":7.0,"turns":3.0},{"damage":31.0,"enemies":"3 Sentries","floor":10.0,"turns":6.0},{"damage":15.0,"enemies":"Looter","floor":11.0,"turns":3.0},{"damage":7.0,"enemies":"Blue Slaver","floor":14.0,"turns":2.0},{"damage":43.0,"enemies":"Hexaghost","floor":16.0,"turns":7.0},{"damage":6.0,"enemies":"3 Byrds","floor":18.0,"turns":4.0},{"damage":0.0,"enemies":"Spheric Guardian","floor":19.0,"turns":2.0},{"damage":6.0,"enemies":"Snake Plant","floor":21.0,"turns":2.0},{"damage":33.0,"enemies":"Slavers","floor":23.0,"turns":4.0},{"damage":18.0,"enemies":"Shelled Parasite and Fungi","floor":24.0,"turns":2.0},{"damage":2.0,"enemies":"Snecko","floor":27.0,"turns":3.0},{"damage":19.0,"enemies":"Book of Stabbing","floor":28.0,"turns":3.0},{"damage":12.0,"enemies":"3 Cultists","floor":29.0,"turns":3.0},{"damage":19.0,"enemies":"Collector","floor":33.0,"turns":5.0},{"damage":17.0,"enemies":"3 Shapes","floor":35.0,"turns":4.0},{"damage":17.0,"enemies":"2 Orb Walkers","floor":36.0,"turns":3.0},{"damage":31.0,"enemies":"3 Darklings","floor":37.0,"turns":4.0},{"damage":13.0,"enemies":"Writhing Mass","floor":39.0,"turns":4.0},{"damage":17.0,"enemies":"Giant Head","floor":40.0,"turns":6.0},{"damage":10.0,"enemies":"Jaw Worm Horde","floor":41.0,"turns":2.0},{"damage":27.0,"enemies":"Maw","floor":44.0,"turns":6.0},{"damage":0.0,"enemies":"Sphere and 2 Shapes","floor":45.0,"turns":2.0},{"damage":17.0,"enemies":"3 Darklings","floor":46.0,"turns":4.0},{"damage":13,"enemies":"Spire Growth","floor":48,"turns":3},{"damage":91,"enemies":"Donu and Deca","floor":50,"turns":8},{"damage":50,"enemies":"Shield and Spear","floor":54,"turns":3},{"damage":168,"enemies":"The Heart","floor":55,"turns":8}],"seed_played":"3263421172883905493","potions_obtained":[{"floor":1.0,"key":"EntropicBrew"},{"floor":5.0,"key":"GamblersBrew"},{"floor":6.0,"key":"LiquidBronze"},{"floor":10.0,"key":"Regen Potion"},{"floor":11.0,"key":"Fruit Juice"},{"floor":19.0,"key":"LiquidMemories"},{"floor":23.0,"key":"Dexterity Potion"},{"floor":28.0,"key":"Dexterity Potion"},{"floor":29.0,"key":"BlessingOfTheForge"},{"floor":30.0,"key":"EssenceOfSteel"},{"floor":33.0,"key":"ElixirPotion"},{"floor":35.0,"key":"FearPotion"},{"floor":39.0,"key":"PowerPotion"},{"floor":45.0,"key":"Ancient Potion"},{"floor":46.0,"key":"BloodPotion"}],"is_trial":false,"path_per_floor":["M","?","M","M","M","M","E","R","T","E","M","R","?","M","R","B",null,"M","M","?","M","?","E","M","R","T","M","E","M","?","$","R","B",null,"M","?","M","?","M","E","M","R","T","M","M","M","?","M","R","B",null,"R","$","E","B"],"character_chosen":"IRONCLAD","items_purchased":["Torii","Lizard Tail","Uppercut"],"campfire_rested":2,"item_purchase_floors":[31,53,53],"current_hp_per_floor":[71,71,76,80,74,60,46,46,53,28,19,50,50,49,49,27,92,92,92,76,76,76,49,37,37,51,55,42,36,36,36,67,54,106,95,84,62,62,58,50,49,49,49,31,40,32,93,89,89,34,93,93,93,52,0,0],"gold":74,"neow_bonus":"THREE_RARE_CARDS","is_daily":false,"chose_seed":false,"campfire_upgraded":5,"win_rate":0.0,"timestamp":1610377581,"path_taken":["M","?","M","M","M","M","E","R","T","E","M","R","?","M","R","BOSS","M","M","?","M","?","E","M","R","T","M","E","M","?","$","R","BOSS","M","?","M","?","M","E","M","R","T","M","M","M","?","M","R","BOSS","R","$","E","BOSS"],"items_purchased_type":["Relic","Relic","Card"],"build_version":"2020-12-22","purchased_purges":0,"victory":false,"max_hp_per_floor":[80,80,80,80,80,80,80,80,87,87,87,92,92,92,92,92,92,92,92,92,92,92,92,92,92,106,106,106,106,106,106,106,106,106,106,106,106,106,106,106,106,106,106,106,106,106,93,93,93,93,93,93,93,93,93,93],"card_choices":[{"not_picked":["Bludgeon","Exhume"],"picked":"Brutality","floor":0.0},{"not_picked":["Spot Weakness","Sword Boomerang"],"picked":"Twin Strike","floor":1.0},{"not_picked":["Clothesline","Entrench"],"picked":"Pommel Strike","floor":3.0},{"not_picked":["Flex","Clothesline"],"picked":"Headbutt","floor":4.0},{"not_picked":["Clash","Second Wind"],"picked":"Carnage","floor":5.0},{"not_picked":["Perfected Strike","True Grit"],"picked":"Shrug It Off","floor":6.0},{"not_picked":["Fiend Fire","Carnage","Entrench"],"picked":"SKIP","floor":7.0},{"not_picked":["Armaments","Havoc"],"picked":"Sword Boomerang","floor":10.0},{"not_picked":["Blood for Blood","Reckless Charge"],"picked":"Whirlwind","floor":11.0},{"not_picked":["Bloodletting","Cleave"],"picked":"Demon Form","floor":14.0},{"not_picked":["Brutality","Corruption"],"picked":"Offering","floor":16.0},{"not_picked":["Perfected Strike","Shrug It Off"],"picked":"Clothesline+1","floor":18.0},{"not_picked":["Power Through","Cleave","Entrench"],"picked":"SKIP","floor":19.0},{"not_picked":["Ghostly Armor","Body Slam"],"picked":"Sever Soul","floor":21.0},{"not_picked":["Intimidate","Feed"],"picked":"Disarm+1","floor":23.0},{"not_picked":["Wild Strike","Perfected Strike+1"],"picked":"Warcry+1","floor":24.0},{"not_picked":["Perfected Strike","Flex"],"picked":"Battle Trance","floor":27.0},{"not_picked":["Spot Weakness","Body Slam","Clothesline"],"picked":"SKIP","floor":28.0},{"not_picked":["Warcry","Whirlwind"],"picked":"Exhume","floor":29.0},{"not_picked":["Body Slam","Reckless Charge+1"],"picked":"Rage+1","floor":35.0},{"not_picked":["Spot Weakness+1","Clothesline"],"picked":"Hemokinesis+1","floor":36.0},{"not_picked":["Body Slam+1","Havoc"],"picked":"Second Wind+1","floor":37.0},{"not_picked":["Entrench+1","True Grit"],"picked":"Perfected Strike+1","floor":39.0},{"not_picked":["Cleave","Brutality"],"picked":"Dual Wield","floor":40.0},{"not_picked":["Heavy Blade+1","Flame Barrier+1"],"picked":"Pummel","floor":41.0},{"not_picked":["Hemokinesis","Clothesline"],"picked":"Infernal Blade","floor":44.0},{"not_picked":["Burning Pact+1","Shockwave"],"picked":"Feel No Pain+1","floor":45.0},{"not_picked":["Clothesline+1","Body Slam"],"picked":"Heavy Blade","floor":46.0},{"not_picked":["Anger+1","Sword Boomerang+1"],"picked":"Rupture","floor":48},{"not_picked":["Ghostly Armor","Whirlwind+1"],"picked":"Offering","floor":54}],"player_experience":197317,"relics_obtained":[{"floor":7.0,"key":"Du-Vu Doll"},{"floor":9.0,"key":"Strawberry"},{"floor":10.0,"key":"Juzu Bracelet"},{"floor":20.0,"key":"Necronomicon"},{"floor":23.0,"key":"Whetstone"},{"floor":26.0,"key":"Mango"},{"floor":28.0,"key":"War Paint"},{"floor":36.0,"key":"Magic Flower"},{"floor":40.0,"key":"Blue Candle"},{"floor":54,"key":"Bird Faced Urn"}],"event_choices":[{"damage_healed":0.0,"max_hp_gain":0.0,"max_hp_loss":0.0,"gold_gain":0.0,"cards_transformed":["Strike_R"],"event_name":"Living Wall","player_choice":"Change","floor":2.0,"gold_loss":0.0,"damage_taken":0.0,"cards_obtained":["Spot Weakness"]},{"cards_removed":["Strike_R"],"damage_healed":0.0,"max_hp_gain":0.0,"max_hp_loss":0.0,"gold_gain":0.0,"event_name":"The Cleric","player_choice":"Card Removal","floor":13.0,"gold_loss":50.0,"damage_taken":0.0},{"damage_healed":0.0,"max_hp_gain":0.0,"max_hp_loss":0.0,"gold_gain":0.0,"event_name":"Cursed Tome","player_choice":"Obtained Book","floor":20.0,"gold_loss":0.0,"damage_taken":16.0},{"damage_healed":0.0,"max_hp_gain":0.0,"max_hp_loss":0.0,"gold_gain":0.0,"event_name":"The Woman in Blue","player_choice":"Bought 1 Potion","floor":30.0,"gold_loss":0.0,"damage_taken":0.0},{"damage_healed":0.0,"max_hp_gain":0.0,"max_hp_loss":0.0,"gold_gain":0.0,"event_name":"Mysterious Sphere","player_choice":"Fight","floor":36.0,"gold_loss":0.0,"damage_taken":0.0},{"damage_healed":0.0,"max_hp_gain":0.0,"max_hp_loss":0.0,"gold_gain":0.0,"event_name":"Tomb of Lord Red Mask","player_choice":"Ignored","floor":38.0,"gold_loss":0.0,"damage_taken":0.0},{"damage_healed":93.0,"max_hp_gain":0.0,"max_hp_loss":13.0,"gold_gain":0.0,"event_name":"The Moai Head","player_choice":"Heal","floor":47.0,"gold_loss":0.0,"damage_taken":0.0}],"is_beta":false,"boss_relics":[{"not_picked":["Empty Cage","Velvet Choker"],"picked":"Snecko Eye"},{"not_picked":["Black Blood","Tiny House"],"picked":"SlaversCollar"}],"items_purged_floors":[],"is_endless":false,"potions_floor_spawned":[1,5,6,10,11,19,23,28,29,33,35,39,45,46,48],"killed_by":"The Heart","ascension_level":0}}