{"host":"344lv32hnei0mdhu","time":1610354309,"event":{"mods":["Act Like it!","BaseMod","Better Match","Better Sensory Stone","Better Skull","Better Third Choice","Better Vampires","Colored Powertips","Highlight Path","Minty Spire (QoL Compilation)","Quick Restart","Random Character Button","Rare Cards Sparkle","StSLib"],"gold_per_floor":[113,113,113,32,32,70,70,83,108,85,126,145,189,212,212,350,350,350,374,374,299,317,317,317,317],"floor_reached":24,"playtime":735,"items_purged":["Injury"],"score":434,"play_id":"0b44881c-ee7a-4c44-a60f-fea3dbccdc80","local_time":"20210111023829","is_ascension_mode":true,"campfire_choices":[{"data":"WaveOfTheHand","floor":7.0,"key":"SMITH"},{"floor":15.0,"key":"REST"},{"floor":23,"key":"REST"}],"circlet_count":0,"master_deck":["AscendersBane","Strike_P","Strike_P","Strike_P","Strike_P","Defend_P","Defend_P","Defend_P","Defend_P","Eruption","Vigilance","Wallop","ReachHeaven","WaveOfTheHand+1","ClearTheMind","PathToVictory","LikeWater","BattleHymn","Alpha","Devotion","FollowUp"],"relics":["PureWater","NeowsBlessing","Golden Idol","Orichalcum","Shuriken","Ancient Tea Set","Juzu Bracelet","CeramicFish","Sozu"],"acts_visited":["Exordium","TheCity"],"potions_floor_usage":[18],"damage_taken":[{"damage":0.0,"enemies":"Small Slimes","floor":1.0,"turns":1.0},{"damage":0.0,"enemies":"Gremlin Nob","floor":6.0,"turns":1.0},{"damage":0.0,"enemies":"2 Louse","floor":8.0,"turns":2.0},{"damage":13.0,"enemies":"3 Sentries","floor":11.0,"turns":10.0},{"damage":7.0,"enemies":"Jaw Worm","floor":12.0,"turns":4.0},{"damage":16.0,"enemies":"Lagavulin","floor":13.0,"turns":6.0},{"damage":5.0,"enemies":"2 Fungi Beasts","floor":14.0,"turns":4.0},{"damage":0.0,"enemies":"Slime Boss","floor":16.0,"turns":3.0},{"damage":0,"enemies":"2 Thieves","floor":18,"turns":1},{"damage":29,"enemies":"Spheric Guardian","floor":19,"turns":6},{"damage":21,"enemies":"Snecko","floor":22,"turns":5},{"damage":41,"enemies":"Gremlin Leader","floor":24,"turns":5}],"seed_played":"8971231655426860713","potions_obtained":[{"floor":1.0,"key":"FearPotion"},{"floor":11.0,"key":"AttackPotion"},{"floor":13.0,"key":"SmokeBomb"}],"is_trial":false,"path_per_floor":["M","?","?","$","?","E","R","M","T","$","E","M","E","M","R","B",null,"M","M","?","$","M","R","E"],"character_chosen":"WATCHER","items_purchased":["ReachHeaven","PathToVictory"],"campfire_rested":2,"item_purchase_floors":[4,10],"current_hp_per_floor":[65,65,53,53,53,53,53,53,53,53,40,33,17,12,33,33,62,62,33,33,33,12,33,0,0],"gold":317,"neow_bonus":"THREE_ENEMY_KILL","is_daily":false,"chose_seed":false,"campfire_upgraded":1,"win_rate":0.0,"timestamp":1610354309,"path_taken":["M","?","?","$","?","E","R","M","T","?","E","M","E","M","R","BOSS","M","M","?","$","M","R","E"],"items_purchased_type":["Card","Card"],"build_version":"2020-12-22","purchased_purges":1,"victory":false,"max_hp_per_floor":[72,72,72,72,72,72,72,72,72,72,72,72,72,72,72,72,72,72,72,72,72,72,72,72,72],"card_choices":[{"not_picked":["Tantrum","WaveOfTheHand"],"picked":"Wallop","floor":1.0},{"not_picked":["Protect","CarveReality"],"picked":"WaveOfTheHand","floor":6.0},{"not_picked":["FlyingSleeves","SashWhip"],"picked":"ClearTheMind","floor":8.0},{"not_picked":["Consecrate","Adaptation"],"picked":"LikeWater","floor":11.0},{"not_picked":["Halt","FollowUp"],"picked":"BattleHymn","floor":12.0},{"not_picked":["Consecrate","Meditate"],"picked":"Alpha","floor":13.0},{"not_picked":["FlyingSleeves","Wireheading","EmptyFist"],"picked":"SKIP","floor":14.0},{"not_picked":["SpiritShield","Wish"],"picked":"Devotion","floor":16.0},{"not_picked":["Indignation","SashWhip"],"picked":"FollowUp","floor":19},{"not_picked":["FlyingSleeves","BowlingBash","JustLucky"],"picked":"SKIP","floor":22}],"player_experience":326641,"relics_obtained":[{"floor":6.0,"key":"Shuriken"},{"floor":9.0,"key":"Ancient Tea Set"},{"floor":11.0,"key":"Juzu Bracelet"},{"floor":13.0,"key":"CeramicFish"}],"event_choices":[{"damage_healed":0.0,"max_hp_gain":0.0,"max_hp_loss":0.0,"gold_gain":0.0,"event_name":"Golden Idol","player_choice":"Take Wound","floor":2.0,"gold_loss":0.0,"damage_taken":0.0,"relics_obtained":["Golden Idol"],"cards_obtained":["Injury"]},{"damage_healed":0.0,"max_hp_gain":0.0,"max_hp_loss":0.0,"gold_gain":0.0,"event_name":"betterThird:BetterScrap","player_choice":"Relic ","floor":3.0,"gold_loss":0.0,"damage_taken":12.0,"cards_obtained":["Power Through"]},{"damage_healed":53.0,"max_hp_gain":0.0,"max_hp_loss":72.0,"gold_gain":0.0,"event_name":"betterThird:BetterShining","player_choice":"Leave","floor":5.0,"gold_loss":0.0,"damage_taken":0.0},{"damage_healed":0,"gold_gain":0,"player_choice":"Ignored","damage_taken":0,"max_hp_gain":0,"max_hp_loss":0,"event_name":"Vampires","floor":20,"gold_loss":0}],"is_beta":false,"boss_relics":[{"not_picked":["VioletLotus","Fusion Hammer"],"picked":"Sozu"}],"items_purged_floors":[21],"is_endless":false,"potions_floor_spawned":[1,11,13,14,19],"killed_by":"Gremlin Leader","ascension_level":10}}