{"host":"7gewg82ormp6yt4e","time":1610353522,"event":{"mods":["BaseMod","Block Reminder","Colored Map","Colored Powertips","DeckTracker","Highlight Path","Minty Spire (QoL Compilation)","Relic Stats","StSLib","ojb\u0027s Info Mod"],"gold_per_floor":[111,111,129,139,158,158,173,203,203,203,223,223,223,258,258,354,354,372,396,396,445,445,445,445,445],"floor_reached":24,"playtime":1230,"items_purged":[],"score":412,"play_id":"34e1d618-9e3d-45fc-bd6a-4c6f234a6f8a","local_time":"20210111172522","is_ascension_mode":true,"campfire_choices":[{"data":"Rip and Tear","floor":6,"key":"SMITH"},{"floor":10,"key":"REST"},{"floor":13,"key":"REST"},{"floor":15,"key":"REST"},{"floor":23,"key":"REST"}],"circlet_count":0,"master_deck":["AscendersBane","Strike_B","Strike_B","Strike_B","Defend_B","Defend_B","Defend_B","Defend_B","Zap","Dualcast","Injury","Cold Snap","Barrage","Leap+1","Rip and Tear+1","Ball Lightning","Meteor Strike","Coolheaded","Electrodynamics","Cold Snap+1","Turbo+1","Doubt","Necronomicurse"],"relics":["Cracked Core","Gambling Chip","Bronze Scales","Bag of Marbles","Golden Idol","Cursed Key","War Paint","Necronomicon"],"acts_visited":["Exordium","TheCity"],"potions_floor_usage":[8,16,16,24,24],"damage_taken":[{"damage":12,"enemies":"Jaw Worm","floor":1,"turns":6},{"damage":3,"enemies":"Small Slimes","floor":3,"turns":4},{"damage":0,"enemies":"2 Louse","floor":4,"turns":2},{"damage":17,"enemies":"Exordium Thugs","floor":5,"turns":4},{"damage":15,"enemies":"Large Slime","floor":7,"turns":9},{"damage":8,"enemies":"Gremlin Nob","floor":8,"turns":3},{"damage":15,"enemies":"Lots of Slimes","floor":11,"turns":3},{"damage":26,"enemies":"3 Sentries","floor":14,"turns":6},{"damage":22,"enemies":"Hexaghost","floor":16,"turns":10},{"damage":0,"enemies":"3 Byrds","floor":18,"turns":3},{"damage":14,"enemies":"Shell Parasite","floor":19,"turns":4},{"damage":37,"enemies":"Book of Stabbing","floor":24,"turns":4}],"seed_played":"-7939975170051250226","potions_obtained":[{"floor":4,"key":"SteroidPotion"},{"floor":5,"key":"SpeedPotion"},{"floor":7,"key":"Dexterity Potion"},{"floor":14,"key":"DistilledChaos"},{"floor":16,"key":"Fire Potion"},{"floor":19,"key":"DuplicationPotion"}],"is_trial":false,"path_per_floor":["M","?","M","M","M","R","M","E","T","R","M","?","R","E","R","B",null,"M","M","?","T","?","R","E"],"character_chosen":"DEFECT","items_purchased":[],"campfire_rested":4,"item_purchase_floors":[],"current_hp_per_floor":[52,52,49,49,32,32,17,9,9,30,15,15,34,8,27,5,49,49,35,35,35,14,33,0,0],"gold":445,"neow_bonus":"ONE_RARE_RELIC","is_daily":false,"chose_seed":false,"campfire_upgraded":1,"win_rate":0.0,"timestamp":1610353522,"path_taken":["M","?","M","M","M","R","M","E","T","R","M","?","R","E","R","BOSS","M","M","?","?","?","R","E"],"items_purchased_type":[],"build_version":"2020-12-22","purchased_purges":0,"victory":false,"max_hp_per_floor":[71,71,71,71,71,71,71,71,71,71,71,64,64,64,64,64,64,64,64,64,64,64,64,64,64],"relic_stats":{"counters":[12,58],"Golden Idol":35,"Gambling Chip":[24],"Bronze Scales":[186],"Necronomicon":[0],"War Paint":["Leap","Turbo"],"Cursed Key":1,"obtain_stats":[{"Golden Idol":12,"Gambling Chip":0,"Bronze Scales":8,"Bag of Marbles":9,"Necronomicon":22,"War Paint":21,"Cracked Core":0,"Cursed Key":17},{"Golden Idol":7,"Gambling Chip":0,"Bronze Scales":6,"Bag of Marbles":6,"Necronomicon":11,"War Paint":11,"Cracked Core":0,"Cursed Key":9},{"Golden Idol":31,"Gambling Chip":0,"Bronze Scales":28,"Bag of Marbles":28,"Necronomicon":54,"War Paint":54,"Cracked Core":0,"Cursed Key":47}]},"card_choices":[{"not_picked":["Stack","Conserve Battery"],"picked":"Cold Snap","floor":1},{"not_picked":["Hologram","Rebound"],"picked":"Leap","floor":3},{"not_picked":["Turbo","Skim","Gash"],"picked":"SKIP","floor":4},{"not_picked":["Steam","Conserve Battery"],"picked":"Rip and Tear","floor":5},{"not_picked":["Sweeping Beam","Steam"],"picked":"Ball Lightning","floor":7},{"not_picked":["Stack","Sweeping Beam","Loop"],"picked":"SKIP","floor":8},{"not_picked":["Reprogram","Beam Cell"],"picked":"Meteor Strike","floor":11},{"not_picked":["Buffer","Go for the Eyes"],"picked":"Coolheaded","floor":14},{"not_picked":["Machine Learning","Hyperbeam"],"picked":"Electrodynamics","floor":16},{"not_picked":["Beam Cell","Heatsinks"],"picked":"Cold Snap+1","floor":18},{"not_picked":["Rebound","Conserve Battery"],"picked":"Turbo","floor":19}],"player_experience":2535012,"relics_obtained":[{"floor":8,"key":"Bronze Scales"},{"floor":9,"key":"Bag of Marbles"},{"floor":21,"key":"War Paint"},{"floor":22,"key":"Necronomicon"}],"event_choices":[{"damage_healed":0,"gold_gain":0,"cards_transformed":["Strike_B"],"player_choice":"Change","damage_taken":0,"max_hp_gain":0,"max_hp_loss":0,"event_name":"Living Wall","floor":2,"gold_loss":0,"cards_obtained":["Barrage"]},{"damage_healed":0,"gold_gain":0,"player_choice":"Lose Max HP","damage_taken":0,"relics_obtained":["Golden Idol"],"max_hp_gain":0,"max_hp_loss":7,"event_name":"Golden Idol","floor":12,"gold_loss":0},{"damage_healed":0,"gold_gain":0,"player_choice":"Ignored","damage_taken":0,"max_hp_gain":0,"max_hp_loss":0,"event_name":"The Mausoleum","floor":20,"gold_loss":0},{"damage_healed":0,"gold_gain":0,"player_choice":"Obtained Book","damage_taken":21,"max_hp_gain":0,"max_hp_loss":0,"event_name":"Cursed Tome","floor":22,"gold_loss":0}],"is_beta":false,"boss_relics":[{"not_picked":["Tiny House","Velvet Choker"],"picked":"Cursed Key"}],"items_purged_floors":[],"is_endless":false,"potions_floor_spawned":[4,5,7,14,16,19],"killed_by":"Book of Stabbing","ascension_level":20}}