{"host":"eu5wvbbtjeiar27l","time":1610407451,"event":{"mods":["BaseMod","Colored Powertips","Conspire","Hubris","Infinite Spire","Minty Spire (QoL Compilation)","Rare Cards Sparkle","StSLib","vexMod"],"gold_per_floor":[112,125,139,157,157,183,201,214,239,249,277,287,299,318,318,418,1084,1103,1114,1124,525,537,537,537],"floor_reached":23,"playtime":1668,"items_purged":["Strike_G"],"score":263,"play_id":"122c67cb-73a5-46d6-b146-ca7ab75de0ee","local_time":"20210111232411","is_ascension_mode":false,"campfire_choices":[{"data":"Bouncing Flask","floor":15,"key":"SMITH"}],"circlet_count":0,"master_deck":["Strike_G","Strike_G","Strike_G","Strike_G","Defend_G","Defend_G","Defend_G","Defend_G","Defend_G","Survivor","Neutralize","Endless Agony","Backstab","Bouncing Flask+1","Blade Dance","Bouncing Flask","Blade Dance","Bouncing Flask","Poisoned Stab","conspire:PoisonWeapons","Well Laid Plans","Deadly Poison","Malaise","Backstab","conspire:PoisonWeapons","Flying Knee","Noxious Fumes","Catalyst","Backstab","Bouncing Flask"],"relics":["Cracked Core","NeowsBlessing","infinitespire:Cubic Diamond","Lantern","infinitespire:Satchel","vexMod:RockOfEvil","hubris:TenFootPole","TwistedFunnel"],"acts_visited":["Exordium","TheCity"],"potions_floor_usage":[4,6,11,11,20],"damage_taken":[{"damage":0,"enemies":"Small Slimes","floor":1,"turns":1},{"damage":0,"enemies":"Cultist","floor":2,"turns":1},{"damage":0,"enemies":"2 Louse","floor":3,"turns":1},{"damage":5,"enemies":"Large Slime","floor":4,"turns":4},{"damage":19,"enemies":"Gremlin Nob","floor":6,"turns":4},{"damage":4,"enemies":"2 Fungi Beasts","floor":7,"turns":3},{"damage":1,"enemies":"3 Louse","floor":8,"turns":2},{"damage":5,"enemies":"Looter","floor":10,"turns":2},{"damage":10,"enemies":"3 Sentries","floor":11,"turns":5},{"damage":1,"enemies":"Large Slime","floor":12,"turns":4},{"damage":2,"enemies":"Blue Slaver","floor":13,"turns":2},{"damage":1,"enemies":"2 Fungi Beasts","floor":14,"turns":2},{"damage":7,"enemies":"Hexaghost","floor":16,"turns":7},{"damage":5,"enemies":"Chosen","floor":18,"turns":3},{"damage":0,"enemies":"Spheric Guardian","floor":19,"turns":3},{"damage":32,"enemies":"Snake Plant","floor":20,"turns":3},{"damage":30,"enemies":"Centurion and Healer","floor":22,"turns":5},{"damage":34,"enemies":"Slavers","floor":23,"turns":3}],"seed_played":"6314883348615053510","potions_obtained":[{"floor":1,"key":"Weak Potion"},{"floor":2,"key":"Explosive Potion"},{"floor":7,"key":"SteroidPotion"},{"floor":10,"key":"EntropicBrew"},{"floor":11,"key":"FairyPotion"},{"floor":22,"key":"DuplicationPotion"}],"is_trial":false,"path_per_floor":["M","M","M","M","?","E","M","M","T","M","E","M","M","M","R","B",null,"M","M","M","$","M","E"],"character_chosen":"THE_SILENT","items_purchased":["hubris:TenFootPole","TwistedFunnel","Noxious Fumes","Catalyst","Backstab"],"campfire_rested":0,"item_purchase_floors":[21,21,21,21,21],"current_hp_per_floor":[70,70,70,65,65,46,42,41,41,36,26,25,23,22,22,15,70,65,65,33,33,3,0,0],"gold":537,"neow_bonus":"THREE_ENEMY_KILL","is_daily":false,"chose_seed":false,"campfire_upgraded":1,"win_rate":0.0,"timestamp":1610407451,"path_taken":["M","M","M","M","?","E","M","M","T","M","E","M","M","M","R","BOSS","M","M","M","$","M","E"],"items_purchased_type":["Relic","Relic","Card","Card","Card"],"build_version":"2020-12-22","purchased_purges":1,"victory":false,"max_hp_per_floor":[70,70,70,70,70,70,70,70,70,70,70,70,70,70,70,70,70,70,70,70,70,70,70,70],"card_choices":[{"not_picked":["Underhanded Strike","Bane"],"picked":"Endless Agony","floor":1},{"not_picked":["Heel Hook","Calculated Gamble"],"picked":"Backstab","floor":2},{"not_picked":["Flechettes","Dagger Spray"],"picked":"Bouncing Flask","floor":3},{"not_picked":["Bane","Backflip"],"picked":"Blade Dance","floor":4},{"not_picked":["Calculated Gamble","Cloak And Dagger"],"picked":"Bouncing Flask","floor":6},{"not_picked":["Escape Plan","Unload"],"picked":"Blade Dance","floor":7},{"not_picked":["Outmaneuver","Dagger Spray"],"picked":"Bouncing Flask","floor":8},{"not_picked":["Blade Dance","Dagger Spray"],"picked":"Poisoned Stab","floor":10},{"not_picked":["conspire:DoublingDagger","Venomology"],"picked":"conspire:PoisonWeapons","floor":11},{"not_picked":["Dash","PiercingWail"],"picked":"Well Laid Plans","floor":12},{"not_picked":["Reflex","Dodge and Roll"],"picked":"Deadly Poison","floor":13},{"not_picked":["Calculated Gamble","Outmaneuver","Deflect"],"picked":"SKIP","floor":14},{"not_picked":["Unload","Doppelganger"],"picked":"Malaise","floor":16},{"not_picked":["Deflect","Escape Plan"],"picked":"Backstab","floor":18},{"not_picked":["Prepared","Blade Dance"],"picked":"conspire:PoisonWeapons","floor":19},{"not_picked":["Riddle With Holes","Choke+1"],"picked":"Flying Knee","floor":20},{"not_picked":["Dodge and Roll","Sucker Punch"],"picked":"Bouncing Flask","floor":22}],"player_experience":83484,"relics_obtained":[{"floor":6,"key":"Lantern"},{"floor":11,"key":"infinitespire:Satchel"}],"event_choices":[],"is_beta":false,"boss_relics":[{"not_picked":["vexMod:BigBerry","vexMod:FluxCapacitor"],"picked":"vexMod:RockOfEvil"}],"items_purged_floors":[21],"is_endless":false,"potions_floor_spawned":[1,2,7,10,11,12,18,22],"killed_by":"Slavers","ascension_level":0}}