{"host":"fx1msjnmzlhlr397","time":1610379080,"event":{"mods":["AchievementEnabler","Act Like it!","Astrologer","BaseMod","Better Third Choice","Colored Map","Colored Powertips","Downfall","Duelist Mod","Friendly Minions","Gensokyo","GifTheSpireLib","Googly Eyes","Hermit","Highlight Path","LagranYue(???·?)","Marisa????????","Minty Spire (QoL Compilation)","Permanent Neow","Prisma Mod","Quick Restart","Rare Cards Sparkle","Replay The Spire","SOS???????","Shop Mod","StSLib","SuperFastMode","Td1madao Mod","The Alterego","The Animator","The Hierophant","The Jungle","The Wild Card"],"gold_per_floor":[112,43,67,29,179,201,201],"floor_reached":6,"playtime":327,"items_purged":[],"score":34,"play_id":"4159febd-f8ef-41d8-b4d8-77750532b4d3","local_time":"20210111103120","is_ascension_mode":false,"campfire_choices":[],"circlet_count":0,"master_deck":["animator:Strike_Konosuba","animator:Defend_Konosuba","animator:Strike","animator:Strike","animator:Strike","animator:Defend","animator:Defend","animator:Defend","animator:Kazuma","animator:Aqua","animator:Gilgamesh+4","animator:Rider","animator:Megumin","animator:Chris","animator:Archer","Spreading Infection","Replay:UnknownCurse"],"relics":["animator:LivingPicture","animator:TheMissingPiece","LagranYue:RandomDrawCardRelic","Ring of Greed","Replay:Bandana","MealTicket","Ring of Searing"],"acts_visited":["Exordium"],"potions_floor_usage":[],"damage_taken":[{"damage":11,"enemies":"Gensokyo:2_Kodama","floor":1,"turns":5},{"damage":7,"enemies":"Gensokyo:Gryphon","floor":3,"turns":6},{"damage":62,"enemies":"Gensokyo:Aya","floor":6,"turns":6}],"seed_played":"2604336973522569645","potions_obtained":[{"floor":3,"key":"Elixir"}],"is_trial":false,"path_per_floor":["M","$","M","$","?","E"],"character_chosen":"THE_ANIMATOR","items_purchased":["animator:Megumin","animator:Archer"],"campfire_rested":0,"item_purchase_floors":[2,4],"current_hp_per_floor":[57,57,52,52,52,0,0],"gold":201,"neow_bonus":"ONE_RANDOM_RARE_CARD","is_daily":false,"chose_seed":false,"campfire_upgraded":0,"win_rate":0.0,"timestamp":1610379080,"path_taken":["M","?","?","$","?","E"],"items_purchased_type":["Card","Card"],"build_version":"2020-12-22","purchased_purges":0,"victory":false,"max_hp_per_floor":[66,66,66,66,66,66,66],"card_choices":[{"not_picked":["animator:Genos","animator:DolaCouronne"],"picked":"animator:Rider","floor":1},{"not_picked":["animator:FielNirvalen","animator:Jibril"],"picked":"animator:Chris","floor":3}],"player_experience":6924,"relics_obtained":[{"floor":5,"key":"Ring of Greed"},{"floor":5,"key":"Replay:Bandana"},{"floor":5,"key":"MealTicket"},{"floor":5,"key":"Ring of Searing"}],"event_choices":[],"is_beta":false,"boss_relics":[],"items_purged_floors":[],"is_endless":false,"potions_floor_spawned":[3],"killed_by":"Gensokyo:Aya","ascension_level":0}}