{"host":"n605f8gctjc87d7h","time":1610338705,"event":{"mods":["Aspiration","Bard","BaseMod","Better Match","Better Note","Better Skull","Better Third Choice","Conspire","Downfall","Halation","Infinite Spire","Minty Spire (QoL Compilation)","Replay The Spire","Retaliation","Shade Mod","Spicy Shops","StSLib","The IronCluck"],"gold_per_floor":[359,284,299,104,123,123,139,139,139,139,172,188,188,199,199,298,298,314,314,327,327,327,327,360,373,373,473,473,473],"floor_reached":28,"playtime":1672,"items_purged":["ReplayTheSpireMod:Doomed","Strike_B"],"score":357,"play_id":"04ef8f2a-3204-42e6-a8e9-69c9268a8e82","local_time":"20210110201825","is_ascension_mode":true,"campfire_choices":[{"floor":6,"key":"REST"},{"floor":8,"key":"REST"},{"data":"Loop","floor":10,"key":"SMITH"},{"floor":15,"key":"REST"},{"floor":23,"key":"REST"}],"circlet_count":0,"master_deck":["AscendersBane","Strike_B","Strike_B","Strike_B","Defend_B","Defend_B","Defend_B","Defend_B","Zap","Dualcast","Melter","BootSequence","Loop+1","Leap","Reboot","Ball Lightning","Creative AI","Conserve Battery","Streamline","infinitespire:Fortify","Shame","Tempest","Heatsinks+1"],"relics":["Cracked Core","halation:PromiseList","ReplayTheSpireMod:Shallot","DataDisk","conspire:SpecialSausage","Nuclear Battery","HandDrill","infinitespire:Broken Mirror","StrikeDummy"],"acts_visited":["Exordium","TheCity"],"potions_floor_usage":[11,16,18],"damage_taken":[{"damage":28,"enemies":"infinitespire:Voidling","floor":1,"turns":3},{"damage":12,"enemies":"Jaw Worm","floor":3,"turns":2},{"damage":0,"enemies":"Small Slimes","floor":5,"turns":3},{"damage":6,"enemies":"Looter","floor":7,"turns":4},{"damage":38,"enemies":"Gremlin Nob","floor":11,"turns":5},{"damage":0,"enemies":"2 Fungi Beasts","floor":12,"turns":3},{"damage":4,"enemies":"Lots of Slimes","floor":14,"turns":4},{"damage":38,"enemies":"Hexaghost","floor":16,"turns":10},{"damage":0,"enemies":"2 Thieves","floor":18,"turns":3},{"damage":38,"enemies":"conspire:FuzzyDice","floor":20,"turns":7},{"damage":55,"enemies":"conspire:SneckoGhost","floor":24,"turns":7},{"damage":0,"enemies":"Snake Plant","floor":25,"turns":3},{"damage":25,"enemies":"Shelled Parasite and Fungi","floor":28,"turns":4}],"seed_played":"542345028092426120","potions_obtained":[{"floor":5,"key":"LifebloodPotion"},{"floor":11,"key":"PowerPotion"},{"floor":12,"key":"sneckomod:MuddlingPotion"},{"floor":13,"key":"FairyPotion"},{"floor":13,"key":"Block Potion"},{"floor":16,"key":"Reflective Coating"},{"floor":24,"key":"sneckomod:MuddlingPotion"}],"is_trial":false,"path_per_floor":["M","$","M","$","M","R","M","R","T","R","E","M","?","M","R","B",null,"M","?","M","AVR","?","R","E","M","T","?","M"],"character_chosen":"DEFECT","items_purchased":["halation:PromiseList","Loop"],"campfire_rested":4,"item_purchase_floors":[4,4],"current_hp_per_floor":[40,40,28,28,28,50,44,66,66,66,28,28,28,24,46,8,58,58,58,20,20,20,42,22,22,22,22,0,0],"gold":473,"neow_bonus":"TWO_FIFTY_GOLD","is_daily":false,"chose_seed":false,"campfire_upgraded":1,"win_rate":0.0,"timestamp":1610338705,"path_taken":["M","$","M","$","M","R","?","R","T","R","E","M","?","?","R","BOSS","M","?","M","AVR","?","R","E","M","T","?","?"],"items_purchased_type":["Relic","Card"],"build_version":"2020-12-22","purchased_purges":2,"victory":false,"max_hp_per_floor":[75,75,75,75,75,75,75,75,75,75,75,75,75,75,75,75,75,75,75,75,75,75,75,75,75,75,75,75,75],"card_choices":[{"not_picked":["Stack","Panic Button"],"picked":"Melter","floor":1},{"not_picked":["Tempest","Beam Cell"],"picked":"BootSequence","floor":3},{"not_picked":["Coolheaded","Recycle","conspire:Rain"],"picked":"SKIP","floor":5},{"not_picked":["Redo","Beam Cell"],"picked":"Leap","floor":7},{"not_picked":["Redo","Streamline"],"picked":"Reboot","floor":11},{"not_picked":["FTL","Panic Button"],"picked":"Ball Lightning","floor":12},{"not_picked":["Coolheaded","Redo","ReplayTheSpireMod:Calculation Training"],"picked":"SKIP","floor":14},{"not_picked":["ReplayRNGCard","ReplayTheSpireMod:Omega Cannon"],"picked":"Creative AI","floor":16},{"not_picked":["Stack","Streamline"],"picked":"Conserve Battery","floor":18},{"not_picked":["Go for the Eyes+1","Panic Button"],"picked":"Streamline","floor":20},{"not_picked":["All For One","Melter"],"picked":"Tempest","floor":24},{"not_picked":["Stack","Go for the Eyes"],"picked":"Heatsinks+1","floor":25}],"player_experience":647409,"relics_obtained":[{"floor":9,"key":"ReplayTheSpireMod:Shallot"},{"floor":11,"key":"DataDisk"},{"floor":24,"key":"infinitespire:Broken Mirror"},{"floor":26,"key":"StrikeDummy"}],"event_choices":[{"damage_healed":0,"gold_gain":0,"player_choice":"Got Potions","damage_taken":0,"max_hp_gain":0,"max_hp_loss":0,"event_name":"Lab","floor":13,"gold_loss":0},{"damage_healed":0,"gold_gain":0,"player_choice":"Ignored","damage_taken":0,"max_hp_gain":0,"max_hp_loss":0,"event_name":"Cursed Tome","floor":19,"gold_loss":0},{"damage_healed":0,"gold_gain":100,"player_choice":"Pray","damage_taken":0,"max_hp_gain":0,"max_hp_loss":0,"event_name":"Golden Shrine","floor":27,"gold_loss":0}],"is_beta":false,"boss_relics":[{"not_picked":["halation:PlatinumPhoenix","halation:CatFaceCupcake"],"picked":"conspire:SpecialSausage"}],"items_purged_floors":[2,21],"is_endless":false,"potions_floor_spawned":[5,11,12,16,24],"killed_by":"Shelled Parasite and Fungi","ascension_level":10}}