{"host":"8pjvbxl6xo882v42","time":1610386379,"event":{"mods":["AchievementEnabler","BaseMod","Minty Spire (QoL Compilation)","Replay The Spire","StSLib","The Cursed"],"gold_per_floor":[115,125,51,51,69,69,102,102,102,132,132,157,35,48,98,175,175,195,122,122,136,146,146,146,146,179,179,257,257,38,55,80,111,123,213,225,248,307,319,348,460,472,514,526,538,578,601,632,604,633,645,657],"floor_reached":53,"playtime":3965,"items_purged":["Decay"],"score":1814,"play_id":"45ca12ab-9359-47b3-b329-8d02b6985560","local_time":"20210111183259","is_ascension_mode":true,"campfire_choices":[{"data":"Uppercut","floor":6.0,"key":"SMITH"},{"data":"Eclipse","floor":8.0,"key":"SMITH"},{"floor":11.0,"key":"REST"},{"floor":25.0,"key":"REST"},{"floor":27.0,"key":"REST"},{"floor":42.0,"key":"REST"},{"floor":44.0,"key":"REST"},{"floor":51.0,"key":"REST"}],"circlet_count":0,"master_deck":["AscendersBane","Strike_R","Strike_R","Strike_R","Strike_R","Strike_R","Defend_R","Defend_R","Defend_R","Defend_R","Bash+1","Uppercut+1","Seeing Red","ReplayTheSpireMod:Stacked","Hemokinesis","Eclipse+1","Flame Barrier","Midas Touch+1","Survey Options","Sentinel","Feed","Battle Trance","ReplayTheSpireMod:Limb From Limb+1","Dropkick","Limit Break","Apotheosis","True Grit","Defy Death","True Grit+1","Flame Barrier","Whirlwind+1","Metallicize+1","Clothesline+1","Hemogenesis","Offering","Double Tap","Seeing Red+1"],"relics":["Mark of Pain","Replay:Bottled Steam","ReplayTheSpireMod:Shallot","Mercury Hourglass","Garlic","ReplayTheSpireMod:ShopPack","Fusion Hammer","ReplayTheSpireMod:CursedCoin","Oddly Smooth Stone","Champion Belt","Shuriken","MawBank","Snecko Eye","Bird Faced Urn","Ring of Hypnosis","Ring of Misfortune","Question Card","Whetstone","MealTicket"],"acts_visited":["Exordium","TheCity","TheBeyond"],"potions_floor_usage":[52,52],"damage_taken":[{"damage":12.0,"enemies":"Small Slimes","floor":1.0,"turns":3.0},{"damage":0.0,"enemies":"Cultist","floor":2.0,"turns":2.0},{"damage":7.0,"enemies":"Jaw Worm","floor":5.0,"turns":2.0},{"damage":4.0,"enemies":"Gremlin Nob","floor":7.0,"turns":4.0},{"damage":16.0,"enemies":"Lagavulin","floor":10.0,"turns":4.0},{"damage":2.0,"enemies":"Gremlin Nob","floor":12.0,"turns":3.0},{"damage":9.0,"enemies":"Exordium Thugs","floor":14.0,"turns":5.0},{"damage":10.0,"enemies":"Slime Boss","floor":16.0,"turns":8.0},{"damage":17.0,"enemies":"Spheric Guardian","floor":18.0,"turns":4.0},{"damage":0.0,"enemies":"2 Thieves","floor":21.0,"turns":2.0},{"damage":12.0,"enemies":"Shelled Parasite and Fungi","floor":22.0,"turns":5.0},{"damage":4.0,"enemies":"Gremlin Leader","floor":26.0,"turns":5.0},{"damage":15.0,"enemies":"Sentry and Sphere","floor":31.0,"turns":5.0},{"damage":22.0,"enemies":"Book of Stabbing","floor":32.0,"turns":7.0},{"damage":2.0,"enemies":"Centurion and Healer","floor":33.0,"turns":6.0},{"damage":23.0,"enemies":"Pondfish","floor":35.0,"turns":6.0},{"damage":12.0,"enemies":"3 Shapes","floor":37.0,"turns":7.0},{"damage":2.0,"enemies":"2 Orb Walkers","floor":38.0,"turns":3.0},{"damage":1.0,"enemies":"Orb Walker","floor":40.0,"turns":2.0},{"damage":0.0,"enemies":"R_Hoarder","floor":43.0,"turns":6.0},{"damage":5.0,"enemies":"Giant Head","floor":46.0,"turns":5.0},{"damage":21.0,"enemies":"Writhing Mass","floor":47.0,"turns":8.0},{"damage":4.0,"enemies":"3 Darklings","floor":48.0,"turns":3.0},{"damage":0.0,"enemies":"Sphere and 2 Shapes","floor":50.0,"turns":6.0},{"damage":31,"enemies":"Donu and Deca","floor":52,"turns":9}],"seed_played":"9195982902141053204","potions_obtained":[{"floor":1.0,"key":"ColorlessPotion"},{"floor":4.0,"key":"Flashbang"},{"floor":4.0,"key":"Energy Potion"},{"floor":7.0,"key":"BloodPotion"},{"floor":10.0,"key":"Elixir"},{"floor":12.0,"key":"HeartOfIron"},{"floor":18.0,"key":"Cursed Concoction"},{"floor":26.0,"key":"Dexterity Potion"},{"floor":37.0,"key":"LiquidBronze"},{"floor":43.0,"key":"Strength Potion"}],"is_trial":false,"path_per_floor":["M","M","$","?","M","R","E","R","T","E","R","E","$","M","R","B",null,"M","$","?","M","M","PTL","PTL","R","E","R","T","?","$","M","E","M","R","B",null,"M","?","?","M","?","R","E","R","T","E","M","M","?","M","R","B",null],"character_chosen":"IRONCLAD","items_purchased":["ReplayTheSpireMod:Stacked","ReplayTheSpireMod:ShopPack","ReplayTheSpireMod:CursedCoin","Oddly Smooth Stone","Apotheosis","True Grit"],"campfire_rested":6,"item_purchase_floors":[3,13,19,19,30,30],"current_hp_per_floor":[56,56,56,56,49,49,45,45,45,44,66,64,64,55,55,45,68,51,51,51,51,42,42,42,65,61,78,78,78,78,66,44,46,71,48,76,64,62,62,65,65,89,93,93,93,90,82,80,80,93,93,75],"gold":669,"neow_bonus":"BOSS_RELIC","is_daily":false,"chose_seed":false,"campfire_upgraded":2,"win_rate":0.0,"timestamp":1610386379,"path_taken":["M","M","$","?","?","R","E","R","T","E","R","E","$","M","R","BOSS","M","$","?","M","M","PTL","PTL","R","E","R","T","?","$","?","E","M","R","BOSS","M","?","?","M","?","R","E","R","T","E","?","M","?","M","R","BOSS"],"items_purchased_type":["Card","Relic","Relic","Relic","Card","Card"],"build_version":"2020-12-22","purchased_purges":1,"victory":true,"max_hp_per_floor":[75,75,75,75,75,75,75,75,75,75,75,75,75,75,75,75,75,75,75,75,75,78,78,78,78,78,78,78,78,78,81,81,85,85,85,85,85,85,85,89,89,89,93,93,93,93,93,93,93,93,93,97],"card_choices":[{"not_picked":["Shockwave","Warcry"],"picked":"Uppercut","floor":1.0},{"not_picked":["Rampage","Headbutt"],"picked":"Seeing Red","floor":2.0},{"not_picked":["Iron Wave","Armaments"],"picked":"Hemokinesis","floor":5.0},{"not_picked":["Sever Soul","ReplayTheSpireMod:Muscle Training"],"picked":"Eclipse","floor":7.0},{"not_picked":["Perfected Strike","Thunderclap","Clash"],"picked":"SKIP","floor":10.0},{"not_picked":["Hemogenesis","Clash"],"picked":"Flame Barrier","floor":12.0},{"not_picked":["Blind","Chrysalis"],"picked":"Midas Touch","floor":13.0},{"not_picked":["Jack Of All Trades","Poisoned Strike"],"picked":"Survey Options","floor":13.0},{"not_picked":["Infernal Blade","Hemokinesis"],"picked":"Sentinel","floor":14.0},{"not_picked":["Brutality","Exhume"],"picked":"Feed","floor":16.0},{"not_picked":["Body Slam","Shrug It Off"],"picked":"Battle Trance","floor":18.0},{"not_picked":["Sword Boomerang","ReplayTheSpireMod:Muscle Training","Body Slam"],"picked":"SKIP","floor":21.0},{"not_picked":["Dual Wield","ReplayTheSpireMod:Muscle Training"],"picked":"ReplayTheSpireMod:Limb From Limb","floor":22.0},{"not_picked":["ReplayTheSpireMod:Strike From Hell","Sword Boomerang"],"picked":"Dropkick","floor":26.0},{"not_picked":["Warcry","Rage"],"picked":"Defy Death","floor":31.0},{"not_picked":["Anger","Dark Embrace"],"picked":"True Grit+1","floor":32.0},{"not_picked":["Armaments","Twin Strike"],"picked":"Flame Barrier","floor":33.0},{"not_picked":["Perfected Strike","Sword Boomerang"],"picked":"Whirlwind+1","floor":37.0},{"not_picked":["Sever Soul","Sword Boomerang+1"],"picked":"Metallicize+1","floor":38.0},{"not_picked":["Whirlwind","Pommel Strike"],"picked":"Clothesline+1","floor":40.0},{"not_picked":["Armaments","Second Wind+1"],"picked":"Hemogenesis","floor":43.0},{"not_picked":["Warcry","Havoc","True Grit"],"picked":"Offering","floor":46.0},{"not_picked":["Clash","Warcry","Sword Boomerang","Heavy Blade"],"picked":"SKIP","floor":47.0},{"not_picked":["Rupture","Warcry","Heavy Blade"],"picked":"Double Tap","floor":48.0},{"not_picked":["Wild Strike+1","Dual Wield","Replay:Undeath\u0027s Touch"],"picked":"Seeing Red+1","floor":50.0}],"player_experience":304559,"relics_obtained":[{"floor":7.0,"key":"Replay:Bottled Steam"},{"floor":9.0,"key":"ReplayTheSpireMod:Shallot"},{"floor":10.0,"key":"Mercury Hourglass"},{"floor":12.0,"key":"Garlic"},{"floor":26.0,"key":"Champion Belt"},{"floor":28.0,"key":"Shuriken"},{"floor":32.0,"key":"MawBank"},{"floor":38.0,"key":"Bird Faced Urn"},{"floor":39.0,"key":"Ring of Hypnosis"},{"floor":39.0,"key":"Ring of Misfortune"},{"floor":43.0,"key":"Question Card"},{"floor":45.0,"key":"Whetstone"},{"floor":46.0,"key":"MealTicket"}],"event_choices":[{"damage_healed":0.0,"max_hp_gain":0.0,"max_hp_loss":0.0,"gold_gain":0.0,"event_name":"Lab","player_choice":"Got Potions","floor":4.0,"gold_loss":0.0,"damage_taken":0.0},{"damage_healed":0.0,"max_hp_gain":0.0,"max_hp_loss":0.0,"gold_gain":0.0,"event_name":"Ghosts","player_choice":"Ignored","floor":20.0,"gold_loss":0.0,"damage_taken":0.0},{"damage_healed":0.0,"max_hp_gain":0.0,"max_hp_loss":0.0,"gold_gain":0.0,"event_name":"Match and Keep!","player_choice":"1 cards matched","floor":29.0,"gold_loss":0.0,"damage_taken":0.0,"cards_obtained":["Limit Break"]},{"damage_healed":0.0,"max_hp_gain":0.0,"max_hp_loss":0.0,"gold_gain":0.0,"event_name":"Match and Keep!","player_choice":"1 cards matched","floor":29.0,"gold_loss":0.0,"damage_taken":0.0,"cards_obtained":["Limit Break"]},{"damage_healed":0.0,"max_hp_gain":0.0,"max_hp_loss":0.0,"gold_gain":0.0,"event_name":"Mysterious Sphere","player_choice":"Fight","floor":38.0,"gold_loss":0.0,"damage_taken":0.0},{"damage_healed":0.0,"max_hp_gain":0.0,"max_hp_loss":0.0,"gold_gain":100.0,"event_name":"Golden Shrine","player_choice":"Pray","floor":41.0,"gold_loss":0.0,"damage_taken":0.0},{"damage_healed":0.0,"max_hp_gain":0.0,"max_hp_loss":0.0,"gold_gain":0.0,"event_name":"The Woman in Blue","player_choice":"Bought 3 Potions","floor":49.0,"gold_loss":0.0,"damage_taken":0.0}],"is_beta":false,"boss_relics":[{"not_picked":["Calling Bell","Painkiller Herb"],"picked":"Fusion Hammer"},{"not_picked":["Replay:Ancient Bell","ReplayTheSpireMod:DimensionalGlitch"],"picked":"Snecko Eye"}],"items_purged_floors":[19],"is_endless":false,"potions_floor_spawned":[1,7,10,12,14,18,26,31,33,37,43,46,47,48],"ascension_level":14}}