{"host":"l12hrjjiowxu1z6t","time":1610339298,"event":{"mods":["100% Spire Juice","2.2 Compatiblity","AlwaysNeverKeys","Arknights The Spire","Aspiration","BaseMod","Better Third Choice","BetterRewards","CapriCore","Challenge The Spire","ChefMod","Conspire","Dark Map","Ekko","Evolution","Googly Eyes","Halation","Hubris","Jedi Mod","Minty Spire (QoL Compilation)","Permanent Neow","Quick Restart","Remove Card Discount Mod","Replay The Spire","Robot Space Explorer","Shop Mod","StSLib","The Alterego","The Hierophant","TheWitcher","Yakumo Yukari mod","[IsaacMod]????","vexMod"],"gold_per_floor":[116,116,116,30,44,70,70,70,70,99,111,111,130,140,140,244,244,259,273,284,294,305,305,318,347,347,25,25,37,69,85,85,181,181,194,213,227,246,296,328,345,347,347,367,383,416,466,478,478,478,478],"floor_reached":50,"playtime":4673,"items_purged":["CommonCold","Regret","ekkoTheBoyWhoShatteredTime:URF"],"score":787,"play_id":"91067e26-808a-4f5b-a312-c725bb19d9ff","local_time":"20210111042818","is_ascension_mode":false,"campfire_choices":[{"floor":7.0,"key":"REST"},{"data":"ekkoTheBoyWhoShatteredTime:PlayTheBeat","floor":12.0,"key":"SMITH"},{"data":"ekkoTheBoyWhoShatteredTime:NeedlesslyLargeRod","floor":15.0,"key":"SMITH"},{"data":"ekkoTheBoyWhoShatteredTime:OverloadingWeapon","floor":23.0,"key":"SMITH"},{"floor":32.0,"key":"REST"},{"floor":49,"key":"REST"}],"circlet_count":0,"master_deck":["ekkoTheBoyWhoShatteredTime:Strike","ekkoTheBoyWhoShatteredTime:Strike","ekkoTheBoyWhoShatteredTime:Strike","ekkoTheBoyWhoShatteredTime:Strike","ekkoTheBoyWhoShatteredTime:Strike","ekkoTheBoyWhoShatteredTime:Defend","ekkoTheBoyWhoShatteredTime:Defend","ekkoTheBoyWhoShatteredTime:Defend","ekkoTheBoyWhoShatteredTime:Defend","ekkoTheBoyWhoShatteredTime:TimeMaster","ekkoTheBoyWhoShatteredTime:Powered","ekkoTheBoyWhoShatteredTime:Unleashed","ekkoTheBoyWhoShatteredTime:Greed","ekkoTheBoyWhoShatteredTime:PlayTheBeat+1","ekkoTheBoyWhoShatteredTime:WideSlice","ekkoTheBoyWhoShatteredTime:Resocharge","ekkoTheBoyWhoShatteredTime:NaggingBlow","ekkoTheBoyWhoShatteredTime:QuickBreak","ekkoTheBoyWhoShatteredTime:DodgeTraining","ekkoTheBoyWhoShatteredTime:PlayTheBeat","ekkoTheBoyWhoShatteredTime:NeedlesslyLargeRod+1","ekkoTheBoyWhoShatteredTime:CommittedStrike+1","ekkoTheBoyWhoShatteredTime:Backtrack","ekkoTheBoyWhoShatteredTime:OverloadingWeapon+1","ekkoTheBoyWhoShatteredTime:Leap","ekkoTheBoyWhoShatteredTime:NashorsTooth","ekkoTheBoyWhoShatteredTime:FeelIt+1","ekkoTheBoyWhoShatteredTime:Unchained","ekkoTheBoyWhoShatteredTime:MicCheck","ekkoTheBoyWhoShatteredTime:GuinsoosRageblade","ekkoTheBoyWhoShatteredTime:Confident","ekkoTheBoyWhoShatteredTime:MicCheck+1","ekkoTheBoyWhoShatteredTime:Unchained+1","ekkoTheBoyWhoShatteredTime:NashorsTooth","ekkoTheBoyWhoShatteredTime:NeedlesslyLargeRod","ekkoTheBoyWhoShatteredTime:NeedlesslyLargeRod","hubris:NaturalOne","ekkoTheBoyWhoShatteredTime:IcebornGauntlet+1"],"relics":["ekkoTheBoyWhoShatteredTime:zDriveResonance","EVO:Axolotl","HushsDoor","DeadEye","conspire:Flyswatter","AnarchistCookbook","jedi:crownofsimplicity","Iron Hammer","Singing Bowl","jedi:battlestandard","jedi:matchstick","TheBean","jedi:HeartOfTheCards","SsserpentHead","Blood Vial","SlaversCollar","hubris:Towel","jedi:kaleidoscope","ekkoTheBoyWhoShatteredTime:ResonanceReceiver","Bronze Scales","hubris:Icosahedron"],"acts_visited":["Exordium","TheCity","TheBeyond"],"potions_floor_usage":[40,40,50],"damage_taken":[{"damage":8.0,"enemies":"2 Louse","floor":1.0,"turns":4.0},{"damage":8.0,"enemies":"Jaw Worm","floor":5.0,"turns":5.0},{"damage":7.0,"enemies":"3 Sentries","floor":6.0,"turns":6.0},{"damage":0.0,"enemies":"Replay:BlueRogue","floor":10.0,"turns":3.0},{"damage":1.0,"enemies":"Small Slimes","floor":11.0,"turns":2.0},{"damage":0.0,"enemies":"Looter","floor":13.0,"turns":1.0},{"damage":13.0,"enemies":"3 Louse","floor":14.0,"turns":2.0},{"damage":49.0,"enemies":"Fading Forest","floor":16.0,"turns":11.0},{"damage":8.0,"enemies":"Chosen","floor":18.0,"turns":3.0},{"damage":2.0,"enemies":"2 Thieves","floor":19.0,"turns":2.0},{"damage":0.0,"enemies":"Centurion and Healer","floor":20.0,"turns":4.0},{"damage":2.0,"enemies":"Shelled Parasite and Fungi","floor":21.0,"turns":4.0},{"damage":9.0,"enemies":"Snake Plant","floor":22.0,"turns":2.0},{"damage":3.0,"enemies":"Centurion and Healer","floor":24.0,"turns":3.0},{"damage":9.0,"enemies":"Slavers","floor":25.0,"turns":3.0},{"damage":13.0,"enemies":"Snecko","floor":29.0,"turns":4.0},{"damage":0.0,"enemies":"conspire:SneckoGhost","floor":30.0,"turns":4.0},{"damage":0.0,"enemies":"Snake Plant","floor":31.0,"turns":2.0},{"damage":25.0,"enemies":"Pondfish","floor":33.0,"turns":9.0},{"damage":0.0,"enemies":"Orb Walker","floor":35.0,"turns":2.0},{"damage":5.0,"enemies":"3 Darklings","floor":36.0,"turns":4.0},{"damage":12.0,"enemies":"Maw","floor":37.0,"turns":5.0},{"damage":16.0,"enemies":"Jaw Worm Horde","floor":38.0,"turns":4.0},{"damage":24,"enemies":"Nemesis","floor":40,"turns":3},{"damage":16,"enemies":"Spire Growth","floor":41,"turns":3},{"damage":0,"enemies":"Transient","floor":44,"turns":5},{"damage":0,"enemies":"4 Shapes","floor":45,"turns":4},{"damage":29,"enemies":"R_Hoarder","floor":46,"turns":5},{"damage":0,"enemies":"3 Darklings","floor":48,"turns":3},{"damage":36,"enemies":"Time Eater","floor":50,"turns":3}],"seed_played":"8712269790569852989","potions_obtained":[{"floor":1.0,"key":"Strength Potion"},{"floor":2.0,"key":"Strength Potion"},{"floor":2.0,"key":"GamblersBrew"},{"floor":6.0,"key":"ColorlessPotion"},{"floor":16.0,"key":"Elixir"},{"floor":22.0,"key":"Adrenaline Potion"},{"floor":25.0,"key":"Energy Potion"},{"floor":30.0,"key":"Block Potion"},{"floor":36.0,"key":"jedi:StrikingPotion"},{"floor":46,"key":"DistilledChaos"},{"floor":48,"key":"jedi:StrikingPotion"}],"is_trial":false,"path_per_floor":["M","?","?","$","M","E","R","?","T","E","M","R","M","M","R","B",null,"M","M","M","M","M","R","M","E","T","$","?","M","E","M","R","B",null,"M","M","M","M","?","E","M","$","T","M","M","E","?","M","R","B"],"character_chosen":"EKKO_THE_BOY_WHO_SHATTERED_TIME","items_purchased":["ekkoTheBoyWhoShatteredTime:PlayTheBeat","ekkoTheBoyWhoShatteredTime:WideSlice","ekkoTheBoyWhoShatteredTime:Unchained","jedi:HeartOfTheCards","ekkoTheBoyWhoShatteredTime:NeedlesslyLargeRod"],"campfire_rested":3,"item_purchase_floors":[4,4,27,27,42],"current_hp_per_floor":[70,70,58,58,50,43,66,66,66,66,65,65,65,52,52,13,78,70,68,70,68,59,59,56,47,47,47,47,36,36,40,65,42,84,86,81,73,59,59,37,23,23,23,27,29,4,4,6,33,0,0],"gold":478,"neow_bonus":"THREE_RARE_CARDS","is_daily":false,"chose_seed":false,"campfire_upgraded":3,"win_rate":0.0,"timestamp":1610339298,"path_taken":["M","?","?","$","M","E","R","?","T","E","M","R","M","?","R","BOSS","M","M","M","M","M","R","M","E","T","$","?","M","E","M","R","BOSS","M","M","M","M","?","E","M","?","T","M","M","E","?","M","R","BOSS"],"items_purchased_type":["Card","Card","Card","Relic","Card"],"build_version":"2020-12-22","purchased_purges":3,"victory":false,"max_hp_per_floor":[78,78,78,78,78,78,78,78,78,78,78,78,78,78,78,78,78,78,78,80,80,80,80,80,80,80,80,80,82,82,84,84,84,84,86,86,88,88,88,88,88,88,88,90,90,92,92,92,92,92,92],"card_choices":[{"not_picked":["ekkoTheBoyWhoShatteredTime:URF","ekkoTheBoyWhoShatteredTime:DuplicateTimelines"],"picked":"ekkoTheBoyWhoShatteredTime:Unleashed","floor":0.0},{"not_picked":["ekkoTheBoyWhoShatteredTime:RecallingPunch","ekkoTheBoyWhoShatteredTime:Backtrack"],"picked":"ekkoTheBoyWhoShatteredTime:Greed","floor":1.0},{"not_picked":["ekkoTheBoyWhoShatteredTime:HauntedAfterimage","ekkoTheBoyWhoShatteredTime:MicCheck"],"picked":"ekkoTheBoyWhoShatteredTime:Resocharge","floor":5.0},{"not_picked":["ekkoTheBoyWhoShatteredTime:WideSlice","ekkoTheBoyWhoShatteredTime:Greed"],"picked":"ekkoTheBoyWhoShatteredTime:NaggingBlow","floor":6.0},{"not_picked":["ekkoTheBoyWhoShatteredTime:CatchUpTime","ekkoTheBoyWhoShatteredTime:KeepingMomentum"],"picked":"ekkoTheBoyWhoShatteredTime:QuickBreak","floor":10.0},{"not_picked":["ekkoTheBoyWhoShatteredTime:LoadUp","ekkoTheBoyWhoShatteredTime:ItemsAfterimage"],"picked":"ekkoTheBoyWhoShatteredTime:DodgeTraining","floor":11.0},{"not_picked":["ekkoTheBoyWhoShatteredTime:PhaseDive","Bomb"],"picked":"ekkoTheBoyWhoShatteredTime:PlayTheBeat","floor":13.0},{"not_picked":["ekkoTheBoyWhoShatteredTime:SpHit","ekkoTheBoyWhoShatteredTime:AfterimageBait"],"picked":"ekkoTheBoyWhoShatteredTime:NeedlesslyLargeRod","floor":14.0},{"not_picked":["ekkoTheBoyWhoShatteredTime:Unleashed","ekkoTheBoyWhoShatteredTime:DuplicateTimelines"],"picked":"ekkoTheBoyWhoShatteredTime:URF","floor":16.0},{"not_picked":["ekkoTheBoyWhoShatteredTime:WideSlice","ekkoTheBoyWhoShatteredTime:WaitForKeyTiming"],"picked":"ekkoTheBoyWhoShatteredTime:CommittedStrike+1","floor":18.0},{"not_picked":["ekkoTheBoyWhoShatteredTime:LoadUp","ekkoTheBoyWhoShatteredTime:CommittedStrike+1"],"picked":"ekkoTheBoyWhoShatteredTime:Backtrack","floor":19.0},{"not_picked":["ekkoTheBoyWhoShatteredTime:PlayTheBeat","ekkoTheBoyWhoShatteredTime:PhaseDive","ekkoTheBoyWhoShatteredTime:FluidEnergy"],"picked":"Singing Bowl","floor":20.0},{"not_picked":["ekkoTheBoyWhoShatteredTime:AfterimageDualStroke","ekkoTheBoyWhoShatteredTime:PhaseDive"],"picked":"ekkoTheBoyWhoShatteredTime:OverloadingWeapon","floor":21.0},{"not_picked":["ekkoTheBoyWhoShatteredTime:HauntedAfterimage","ekkoTheBoyWhoShatteredTime:FeelIt"],"picked":"ekkoTheBoyWhoShatteredTime:Leap","floor":22.0},{"not_picked":["ekkoTheBoyWhoShatteredTime:PlayTheBeat","ekkoTheBoyWhoShatteredTime:AfterimageSetup"],"picked":"ekkoTheBoyWhoShatteredTime:NashorsTooth","floor":24.0},{"not_picked":["ekkoTheBoyWhoShatteredTime:Resocharge","ekkoTheBoyWhoShatteredTime:CommittedStrike+1"],"picked":"ekkoTheBoyWhoShatteredTime:FeelIt+1","floor":25.0},{"not_picked":["ekkoTheBoyWhoShatteredTime:IceBreak+1","ekkoTheBoyWhoShatteredTime:AfterimageTease","ekkoTheBoyWhoShatteredTime:Greed+1"],"picked":"Singing Bowl","floor":29.0},{"not_picked":["ekkoTheBoyWhoShatteredTime:DuplicateTimelines","ekkoTheBoyWhoShatteredTime:AfterimageBait"],"picked":"ekkoTheBoyWhoShatteredTime:MicCheck","floor":30.0},{"not_picked":["ekkoTheBoyWhoShatteredTime:WideSlice","ekkoTheBoyWhoShatteredTime:Overflow","ekkoTheBoyWhoShatteredTime:LoadUp"],"picked":"Singing Bowl","floor":31.0},{"not_picked":["ekkoTheBoyWhoShatteredTime:TrickOrTreatTrend","ekkoTheBoyWhoShatteredTime:Unleashed"],"picked":"ekkoTheBoyWhoShatteredTime:GuinsoosRageblade","floor":33.0},{"not_picked":["ekkoTheBoyWhoShatteredTime:AfterimageHit+1","ekkoTheBoyWhoShatteredTime:Overflow+1","ekkoTheBoyWhoShatteredTime:Greed+1"],"picked":"Singing Bowl","floor":35.0},{"not_picked":["ekkoTheBoyWhoShatteredTime:Backtrack","ekkoTheBoyWhoShatteredTime:TimeRecall+1"],"picked":"ekkoTheBoyWhoShatteredTime:Confident","floor":36.0},{"not_picked":["ekkoTheBoyWhoShatteredTime:SpHit","ekkoTheBoyWhoShatteredTime:AfterimageBait+1","ekkoTheBoyWhoShatteredTime:Leap"],"picked":"Singing Bowl","floor":37.0},{"not_picked":["ekkoTheBoyWhoShatteredTime:Knowledge+1","ekkoTheBoyWhoShatteredTime:CalmingWaves"],"picked":"ekkoTheBoyWhoShatteredTime:MicCheck+1","floor":38.0},{"not_picked":["ekkoTheBoyWhoShatteredTime:QuickBreak+1","ekkoTheBoyWhoShatteredTime:OverloadingWeapon"],"picked":"ekkoTheBoyWhoShatteredTime:Unchained+1","floor":40},{"not_picked":["ekkoTheBoyWhoShatteredTime:Leap+1","ekkoTheBoyWhoShatteredTime:Unchained"],"picked":"ekkoTheBoyWhoShatteredTime:NashorsTooth","floor":41},{"not_picked":["ekkoTheBoyWhoShatteredTime:AfterimageTimeWrap+1","ekkoTheBoyWhoShatteredTime:FeelIt","ekkoTheBoyWhoShatteredTime:Dash+1"],"picked":"Singing Bowl","floor":44},{"not_picked":["ekkoTheBoyWhoShatteredTime:Leap","ekkoTheBoyWhoShatteredTime:QuickBreak+1"],"picked":"ekkoTheBoyWhoShatteredTime:NeedlesslyLargeRod","floor":45},{"not_picked":["ekkoTheBoyWhoShatteredTime:AfterimageTease+1","ekkoTheBoyWhoShatteredTime:FluidEnergy","ekkoTheBoyWhoShatteredTime:HauntedAfterimage+1"],"picked":"Singing Bowl","floor":46},{"not_picked":["ekkoTheBoyWhoShatteredTime:Chronobreak","ekkoTheBoyWhoShatteredTime:NeedlesslyLargeRod+1"],"picked":"ekkoTheBoyWhoShatteredTime:IcebornGauntlet+1","floor":48}],"player_experience":89814,"relics_obtained":[{"floor":6.0,"key":"AnarchistCookbook"},{"floor":9.0,"key":"Iron Hammer"},{"floor":10.0,"key":"Singing Bowl"},{"floor":25.0,"key":"jedi:matchstick"},{"floor":26.0,"key":"TheBean"},{"floor":30.0,"key":"Blood Vial"},{"floor":40,"key":"jedi:kaleidoscope"},{"floor":43,"key":"ekkoTheBoyWhoShatteredTime:ResonanceReceiver"},{"floor":46,"key":"Bronze Scales"}],"event_choices":[{"damage_healed":0.0,"max_hp_gain":0.0,"max_hp_loss":0.0,"gold_gain":0.0,"event_name":"Lab","player_choice":"Got Potions","floor":2.0,"gold_loss":0.0,"damage_taken":0.0},{"damage_healed":0.0,"max_hp_gain":0.0,"max_hp_loss":0.0,"gold_gain":0.0,"event_name":"betterThird:BetterScrap","player_choice":"Relic ","floor":3.0,"gold_loss":0.0,"damage_taken":12.0,"cards_obtained":["After Image"]},{"damage_healed":0.0,"max_hp_gain":0.0,"max_hp_loss":0.0,"gold_gain":0.0,"event_name":"Big Fish","player_choice":"Box","floor":8.0,"gold_loss":0.0,"damage_taken":0.0,"relics_obtained":["jedi:crownofsimplicity"],"cards_obtained":["Regret"]},{"damage_healed":0.0,"max_hp_gain":0.0,"max_hp_loss":0.0,"gold_gain":0.0,"event_name":"FaceTrader","player_choice":"Trade","floor":28.0,"gold_loss":0.0,"damage_taken":0.0,"relics_obtained":["SsserpentHead"]}],"is_beta":false,"boss_relics":[{"not_picked":["Ectoplasm","vexMod:MysteryBossChallenge"],"picked":"jedi:battlestandard"},{"not_picked":[]},{"not_picked":["hubris:VirtuousBlindfold","Cursed Key"],"picked":"SlaversCollar"},{"not_picked":[]}],"items_purged_floors":[4,27,42],"is_endless":false,"potions_floor_spawned":[1,6,16,22,25,30,31,33,35,36,46,48],"killed_by":"Time Eater","ascension_level":0}}