{"host":"k67zwea37tbl4jhz","time":1610336493,"event":{"mods":["AchievementEnabler","Aspiration","BaseMod","Better Altar","Better Match","Better Sensory Stone","Better Skull","Better Third Choice","BetterRewards","CCEM","Clawfect","Colored Map","Conspire","Downfall","GifTheSpireLib","Googly Eyes","Halation","Highlight Path","Hubris","Mimic Mod","Minty Spire (QoL Compilation)","Permanent Neow","Replay The Spire","Shop Mod","Spicy Shops","StSLib","Stuff the Spire","Unceasing Turn Reminder","everything is the same but u backflip on backflip"],"gold_per_floor":[99,110,110,130,145,159,159,159,84,69,83,110,110,110,124,124,124,124],"floor_reached":16,"playtime":960,"items_purged":[],"score":102,"play_id":"037aad28-196b-43f4-81d5-aab90364a4b0","local_time":"20210110224133","is_ascension_mode":false,"campfire_choices":[{"floor":1,"key":"RECALL"},{"data":"hexamod:VolcanoVisage","floor":9,"key":"SMITH"}],"circlet_count":0,"master_deck":["hexamod:Strike","hexamod:Strike","hexamod:Strike","hexamod:Strike","hexamod:Defend","hexamod:Defend","hexamod:Defend","hexamod:Defend","hexamod:Sear","hexamod:Float+1","hexamod:PhantomFireball","hexamod:VolcanoVisage+1","hexamod:SoulSteal","StuffTheSpire:Innocence","hexamod:BurningTouch","hexamod:HexaLevel"],"relics":["hubris:BottledRain","downfall:HeartBlessingRed","Chameleon Ring","m_DevilBlood"],"acts_visited":["Exordium"],"potions_floor_usage":[12],"damage_taken":[{"damage":1,"enemies":"Jaw Worm","floor":2,"turns":3},{"damage":0,"enemies":"2 Louse","floor":4,"turns":2},{"damage":0,"enemies":"Small Slimes","floor":5,"turns":2},{"damage":7,"enemies":"3 Louse","floor":6,"turns":3},{"damage":0,"enemies":"downfall:FleeingMerchant","floor":10,"turns":4},{"damage":14,"enemies":"Exordium Thugs","floor":11,"turns":3},{"damage":2,"enemies":"3 Sentries","floor":12,"turns":3},{"damage":6,"enemies":"2 Fungi Beasts","floor":15,"turns":3},{"damage":48,"enemies":"downfall:Watcher","floor":16,"turns":8}],"seed_played":"-7643070517138529850","potions_obtained":[{"floor":6,"key":"AttackPotion"},{"floor":12,"key":"SteroidPotion"}],"is_trial":false,"path_per_floor":["R","M","?","M","M","M","T","?","R","$","M","E","?","?","M","B"],"character_chosen":"THE_SPIRIT","items_purchased":[],"campfire_rested":0,"item_purchase_floors":[],"current_hp_per_floor":[70,69,69,69,69,62,62,55,55,55,41,39,39,39,39,0,0,0],"gold":124,"neow_bonus":"UPGRADE_CARD","is_daily":false,"chose_seed":false,"campfire_upgraded":1,"win_rate":0.0,"timestamp":1610336493,"path_taken":["R","M","?","M","M","M","T","?","R","?","M","E","?","?","M","BOSS"],"items_purchased_type":[],"build_version":"2020-12-22","purchased_purges":0,"victory":false,"max_hp_per_floor":[70,70,70,70,70,70,70,70,70,70,70,70,70,70,70,70,70,70],"card_choices":[{"not_picked":["hexamod:SpectersWail","hexamod:AdvancingGuard"],"picked":"hexamod:PhantomFireball","floor":2},{"not_picked":["hexamod:RainOfEmbers","hexamod:BurningTouch"],"picked":"hexamod:VolcanoVisage","floor":4},{"not_picked":["hexamod:FastForward","hexamod:ChargedBarrage"],"picked":"hexamod:SoulSteal","floor":5},{"not_picked":["hexamod:Haunt","hexamod:ThermalTransfer","hexamod:GhostOfSpireFuture"],"picked":"SKIP","floor":6},{"not_picked":["hexamod:SpectersWail","hexamod:SkipABeat"],"picked":"hexamod:BurningTouch","floor":10},{"not_picked":["hexamod:InspiringFlames","hexamod:SecondSeal","hexamod:ShieldOfDarkness"],"picked":"SKIP","floor":11},{"not_picked":["hexamod:NightmareStrike","hexamod:FlamesFromBeyond"],"picked":"hexamod:HexaLevel","floor":12},{"not_picked":["True Grit","hexamod:RainOfEmbers","hexamod:SoulSteal"],"picked":"SKIP","floor":15}],"player_experience":191443,"relics_obtained":[{"floor":7,"key":"hubris:BottledRain"},{"floor":12,"key":"Chameleon Ring"}],"event_choices":[],"is_beta":false,"boss_relics":[],"items_purged_floors":[],"is_endless":false,"potions_floor_spawned":[6,12],"killed_by":"downfall:Watcher","ascension_level":0}}