{"host":"pl1fbpkom0aq337f","time":1610366575,"event":{"mods":["AchievementEnabler","BaseMod","Colored Map","Minty Spire (QoL Compilation)"],"gold_per_floor":[113,127,52,69,169,181,81,81,81,106,118,130,142,168,55,70,145,163,163,188,188,309,309,333,183,183,198,198,212,212,246,246,246,246,266,91,91,91,110,145,164,164,164,283,283,301,101,101,121,141,161,175,175,196,227,227,243,261,277,277,302,302,302],"floor_reached":64,"playtime":1452,"items_purged":["Strike_R","Defend_R","Strike_R","Strike_R","Defend_R","Strike_R+1"],"score":971,"play_id":"88a875e6-cc8d-45f0-8eff-cebbb6d52635","local_time":"20210111130255","is_ascension_mode":false,"campfire_choices":[{"data":"Bash","floor":9,"key":"SMITH"},{"data":"Limit Break","floor":11,"key":"SMITH"},{"data":"Flex","floor":19,"key":"SMITH"},{"data":"Strike_R","floor":21,"key":"SMITH"},{"data":"Strike_R","floor":30,"key":"SMITH"},{"data":"Pummel","floor":37,"key":"SMITH"},{"floor":42,"key":"REST"},{"floor":43,"key":"REST"},{"floor":53,"key":"REST"},{"floor":60,"key":"REST"},{"floor":62,"key":"REST"}],"circlet_count":0,"master_deck":["Bash+1","Limit Break+1","Flex+1","Pummel+1","Cleave+1"],"relics":["Burning Blood","MawBank","Golden Idol","Happy Flower","Odd Mushroom","Philosopher\u0027s Stone","Gremlin Horn","Question Card","Frozen Egg 2","Lantern","Busted Crown","Ornamental Fan","Pear"],"acts_visited":["Exordium","TheCity","TheBeyond"],"potions_floor_usage":[10,20,22,27,29,31,44,44,55,63,63],"damage_taken":[{"damage":6,"enemies":"Cultist","floor":1,"turns":3},{"damage":8,"enemies":"2 Louse","floor":2,"turns":2},{"damage":10,"enemies":"Small Slimes","floor":4,"turns":3},{"damage":16,"enemies":"Blue Slaver","floor":6,"turns":4},{"damage":20,"enemies":"Gremlin Nob","floor":10,"turns":4},{"damage":6,"enemies":"Exordium Wildlife","floor":14,"turns":3},{"damage":0,"enemies":"Large Slime","floor":16,"turns":4},{"damage":10,"enemies":"Looter","floor":18,"turns":3},{"damage":4,"enemies":"The Mushroom Lair","floor":20,"turns":2},{"damage":22,"enemies":"Hexaghost","floor":22,"turns":6},{"damage":6,"enemies":"Spheric Guardian","floor":24,"turns":3},{"damage":6,"enemies":"2 Thieves","floor":27,"turns":4},{"damage":14,"enemies":"3 Cultists","floor":29,"turns":3},{"damage":21,"enemies":"Gremlin Leader","floor":31,"turns":2},{"damage":0,"enemies":"Snake Plant","floor":35,"turns":2},{"damage":0,"enemies":"Centurion and Healer","floor":39,"turns":2},{"damage":22,"enemies":"Book of Stabbing","floor":40,"turns":2},{"damage":0,"enemies":"3 Cultists","floor":41,"turns":2},{"damage":50,"enemies":"Automaton","floor":44,"turns":5},{"damage":13,"enemies":"3 Shapes","floor":46,"turns":3},{"damage":41,"enemies":"3 Darklings","floor":49,"turns":5},{"damage":0,"enemies":"Transient","floor":50,"turns":5},{"damage":0,"enemies":"Spire Growth","floor":51,"turns":2},{"damage":0,"enemies":"Jaw Worm Horde","floor":52,"turns":2},{"damage":0,"enemies":"3 Darklings","floor":54,"turns":2},{"damage":21,"enemies":"Nemesis","floor":55,"turns":3},{"damage":0,"enemies":"Transient","floor":57,"turns":5},{"damage":7,"enemies":"Jaw Worm Horde","floor":58,"turns":2},{"damage":15,"enemies":"Sphere and 2 Shapes","floor":59,"turns":2},{"damage":17,"enemies":"Spire Growth","floor":61,"turns":2},{"damage":112,"enemies":"Donu and Deca","floor":63,"turns":5}],"seed_played":"-995101015376471754","potions_obtained":[{"floor":2,"key":"FearPotion"},{"floor":4,"key":"DistilledChaos"},{"floor":20,"key":"BlessingOfTheForge"},{"floor":22,"key":"Strength Potion"},{"floor":24,"key":"Block Potion"},{"floor":27,"key":"Fire Potion"},{"floor":40,"key":"ColorlessPotion"},{"floor":41,"key":"EntropicBrew"},{"floor":46,"key":"BloodPotion"},{"floor":51,"key":"LiquidMemories"},{"floor":52,"key":"Regen Potion"},{"floor":55,"key":"FairyPotion"}],"is_trial":false,"path_per_floor":["M","M","$","M","?","M","$","?","R","E","R","?","T","M","$","M","?","M","R","?","R","B",null,"M","$","?","M","?","M","R","E","?","T","T","M","$","R","?","M","E","M","R","R","B",null,"M","$","?","M","M","M","M","R","M","E","T","M","M","M","R","M","R","B",null],"character_chosen":"IRONCLAD","items_purchased":[],"campfire_rested":5,"item_purchase_floors":[],"current_hp_per_floor":[80,78,78,74,74,64,64,69,69,55,55,55,55,55,55,61,50,46,46,48,48,32,79,79,79,79,79,79,71,71,56,56,56,56,62,62,62,47,53,37,43,68,84,40,84,77,77,77,42,48,54,60,84,84,84,94,94,93,84,94,83,94,34],"gold":302,"neow_bonus":"REMOVE_CARD","is_daily":false,"chose_seed":false,"campfire_upgraded":6,"win_rate":0.0,"timestamp":1610366575,"path_taken":["M","?","$","M","?","?","$","?","R","E","R","?","T","M","?","?","?","M","R","?","R","BOSS","M","$","?","M","?","M","R","E","?","T","T","M","?","R","?","M","E","M","R","R","BOSS","M","$","?","M","?","?","M","R","M","E","T","M","M","M","R","M","R","BOSS"],"items_purchased_type":[],"build_version":"2020-12-22","purchased_purges":6,"victory":true,"max_hp_per_floor":[80,80,80,80,80,80,80,85,85,85,85,79,79,79,79,79,79,79,79,79,79,79,79,79,79,79,79,79,79,79,79,79,79,79,79,79,79,84,84,84,84,84,84,84,84,84,84,84,84,84,84,84,84,84,84,94,94,94,94,94,94,94,94],"card_choices":[{"not_picked":["Wild Strike","Headbutt","Uppercut"],"picked":"SKIP","floor":1},{"not_picked":["Inflame","Clash","Dark Embrace"],"picked":"SKIP","floor":2},{"not_picked":["Armaments","Pummel","Reckless Charge"],"picked":"SKIP","floor":4},{"not_picked":["Shrug It Off","Anger","Shockwave"],"picked":"SKIP","floor":6},{"not_picked":["Evolve","Anger"],"picked":"Limit Break","floor":10},{"not_picked":["Flame Barrier","Body Slam"],"picked":"Flex","floor":14},{"not_picked":["Searing Blow","Bloodletting","Headbutt"],"picked":"SKIP","floor":16},{"not_picked":["Cleave","Reckless Charge","Havoc"],"picked":"SKIP","floor":18},{"not_picked":["Dual Wield","Clothesline","Thunderclap+1"],"picked":"SKIP","floor":24},{"not_picked":["Pommel Strike+1","Anger","Shockwave"],"picked":"SKIP","floor":27},{"not_picked":["Evolve+1","Flex","Dropkick"],"picked":"SKIP","floor":29},{"not_picked":["Flex","Clothesline"],"picked":"Pummel","floor":31},{"not_picked":["Clothesline+1","Headbutt","Power Through","Twin Strike"],"picked":"SKIP","floor":35},{"not_picked":["Reaper","Armaments","Shrug It Off","Rage+1"],"picked":"SKIP","floor":39},{"not_picked":["Headbutt","Cleave+1","True Grit","Anger"],"picked":"SKIP","floor":40},{"not_picked":["Havoc","Bludgeon","Shrug It Off","Cleave"],"picked":"SKIP","floor":41},{"not_picked":["Ghostly Armor+1","Anger+1"],"picked":"SKIP","floor":46},{"not_picked":["Thunderclap+1"],"picked":"Cleave+1","floor":49},{"not_picked":["True Grit+1","Shockwave+1"],"picked":"SKIP","floor":50},{"not_picked":["Iron Wave+1","Body Slam+1"],"picked":"SKIP","floor":51},{"not_picked":["Twin Strike+1","Clash+1"],"picked":"SKIP","floor":52},{"not_picked":["Armaments+1","Rampage+1"],"picked":"SKIP","floor":54},{"not_picked":["Pommel Strike","Perfected Strike+1"],"picked":"SKIP","floor":55},{"not_picked":["Heavy Blade","True Grit"],"picked":"SKIP","floor":57},{"not_picked":["Flex","Dark Embrace+1"],"picked":"SKIP","floor":58},{"not_picked":["Second Wind","Flex+1"],"picked":"SKIP","floor":59},{"not_picked":["Rupture+1","Shrug It Off"],"picked":"SKIP","floor":61}],"player_experience":451295,"relics_obtained":[{"floor":10,"key":"MawBank"},{"floor":13,"key":"Happy Flower"},{"floor":20,"key":"Odd Mushroom"},{"floor":31,"key":"Gremlin Horn"},{"floor":33,"key":"Question Card"},{"floor":34,"key":"Frozen Egg 2"},{"floor":40,"key":"Lantern"},{"floor":55,"key":"Ornamental Fan"},{"floor":56,"key":"Pear"}],"event_choices":[{"damage_healed":0,"gold_gain":100,"player_choice":"Pray","damage_taken":0,"max_hp_gain":0,"max_hp_loss":0,"event_name":"Golden Shrine","floor":5,"gold_loss":0},{"damage_healed":0,"gold_gain":0,"player_choice":"Donut","damage_taken":0,"max_hp_gain":5,"max_hp_loss":0,"event_name":"Big Fish","floor":8,"gold_loss":0},{"damage_healed":0,"gold_gain":0,"player_choice":"Lose Max HP","damage_taken":0,"relics_obtained":["Golden Idol"],"max_hp_gain":0,"max_hp_loss":6,"event_name":"Golden Idol","floor":12,"gold_loss":0},{"damage_healed":0,"gold_gain":75,"player_choice":"Gather Gold","damage_taken":11,"max_hp_gain":0,"max_hp_loss":0,"event_name":"World of Goop","floor":17,"gold_loss":0},{"damage_healed":0,"gold_gain":0,"player_choice":"Fought Mushrooms","damage_taken":0,"max_hp_gain":0,"max_hp_loss":0,"event_name":"Mushrooms","floor":20,"gold_loss":0},{"damage_healed":0,"gold_gain":0,"player_choice":"Ignored","damage_taken":0,"max_hp_gain":0,"max_hp_loss":0,"event_name":"Vampires","floor":26,"gold_loss":0},{"cards_removed":["Defend_R"],"damage_healed":0,"gold_gain":0,"player_choice":"Elegance","damage_taken":0,"max_hp_gain":0,"max_hp_loss":0,"event_name":"Back to Basics","floor":28,"gold_loss":0},{"damage_healed":0,"gold_gain":0,"player_choice":"Ignored","damage_taken":0,"max_hp_gain":0,"max_hp_loss":0,"event_name":"Ghosts","floor":32,"gold_loss":0},{"damage_healed":0,"gold_gain":0,"player_choice":"Shed Blood","damage_taken":20,"max_hp_gain":5,"max_hp_loss":0,"event_name":"Forgotten Altar","floor":38,"gold_loss":0},{"cards_removed":["Strike_R"],"damage_healed":0,"gold_gain":0,"player_choice":"Card Removal","damage_taken":0,"max_hp_gain":0,"max_hp_loss":0,"event_name":"Wheel of Change","floor":48,"gold_loss":0}],"is_beta":false,"boss_relics":[{"not_picked":["Cursed Key","Mark of Pain"],"picked":"Philosopher\u0027s Stone"},{"not_picked":["Coffee Dripper","Snecko Eye"],"picked":"Busted Crown"}],"items_purged_floors":[3,7,15,25,36,47],"is_endless":false,"potions_floor_spawned":[2,4,20,22,24,27,40,41,44,46,50,51,52,55,57],"ascension_level":0}}