{"host":"tmzq6unyecs2p367","time":1610355495,"event":{"mods":["BaseMod","Koishi","Minty Spire (QoL Compilation)","StSLib","The Bug Knight","The Dragon Tamer","The Juggle","The Senshi"],"gold_per_floor":[116,129,129,141,158,190,190,3,3,34,34,46,75,85,85,188,188,199,199,114,14,33,33,58,58,58,58,58,75,102,119,119,214,214,308,308,396,396,48,153,68,68,150,244,244,349,434,0,0,0],"floor_reached":51,"playtime":3149,"items_purged":["Regret","Writhe"],"score":1060,"play_id":"024bcc6c-b88c-41bb-b3d0-ff490d12ed3c","local_time":"20210111095815","is_ascension_mode":true,"metric_token":531,"campfire_choices":[{"data":"DTMod:DragonDance","floor":7,"key":"SMITH"},{"data":"DTMod:Training","floor":15,"key":"SMITH"},{"data":"DTMod:WarmUp","floor":23,"key":"SMITH"},{"data":"DTMod:EchoTactic","floor":25,"key":"SMITH"},{"data":"DTMod:DarkBreath","floor":32,"key":"SMITH"},{"data":"DTMod:SwitchingTactic","floor":42,"key":"SMITH"},{"data":"DTMod:ComboAttack","floor":45,"key":"SMITH"},{"floor":49,"key":"REST"}],"dtmod_dragon_data":[15,55,1,4,12,3],"circlet_count":0,"master_deck":["DTMod:Strike","DTMod:Strike","DTMod:Strike","DTMod:Strike","DTMod:DoubleHit","DTMod:TargetDefense","DTMod:TargetDefense","DTMod:TargetDefense","DTMod:TargetDefense","DTMod:SwitchingTactic+1","DTMod:Threaten","DTMod:MaximumCharge","DTMod:Cover","DTMod:FlameSlash","DTMod:DragonDance+1","DTMod:WarmUp+1","DTMod:Astonish","DTMod:DarkBreath+1","DTMod:EchoTactic+1","DTMod:Training+1","DTMod:WarmUp+1","DTMod:ShadowImage+1","CurseOfTheBell","DTMod:PurifyingFlame","DTMod:Safeguard+1","DTMod:WarmUp+1","Injury","DTMod:ComboAttack+1","DTMod:ComboAttack+1","DTMod:ExcessFootwork+1","Pain","DTMod:Adaptation+1","DTMod:Haste+1","DTMod:DragonDance+1","DTMod:CleansingStrike+1","Pain","DTMod:ForkedFire+1","DTMod:Dissolve+1","DTMod:InvisibleFlame+1"],"relics":["Cursed Key","DTMod:AncientBone","HornCleat","Question Card","Frozen Egg 2","Centennial Puzzle","Calling Bell","Orichalcum","Eternal Feather","Ice Cream","HollowMod:StagPassRelic","Gremlin Horn","theSenshi:SpiralHeartMoonRodRelic","StrikeDummy","Bag of Preparation","DTMod:TheChair","WarpedTongs","FossilizedHelix","Vajra","White Beast Statue","Singing Bowl","Red Mask"],"acts_visited":["Exordium","TheCity","TheBeyond"],"potions_floor_usage":[6,12,13,24,24,31,33,37,40,44,46,47,50],"damage_taken":[{"damage":0,"enemies":"Jaw Worm","floor":1,"turns":4},{"damage":0,"enemies":"Small Slimes","floor":2,"turns":3},{"damage":4,"enemies":"Cultist","floor":4,"turns":2},{"damage":7,"enemies":"3 Louse","floor":5,"turns":3},{"damage":3,"enemies":"Gremlin Nob","floor":6,"turns":4},{"damage":0,"enemies":"HollowMod:MossKnight","floor":10,"turns":4},{"damage":0,"enemies":"Looter","floor":12,"turns":2},{"damage":0,"enemies":"3 Sentries","floor":13,"turns":5},{"damage":0,"enemies":"Blue Slaver","floor":14,"turns":3},{"damage":27,"enemies":"The Guardian","floor":16,"turns":8},{"damage":0,"enemies":"3 Byrds","floor":18,"turns":4},{"damage":0,"enemies":"Chosen","floor":22,"turns":4},{"damage":0,"enemies":"Gremlin Leader","floor":24,"turns":4},{"damage":0,"enemies":"Centurion and Healer","floor":29,"turns":4},{"damage":0,"enemies":"HollowMod:Nosk","floor":30,"turns":5},{"damage":0,"enemies":"3 Cultists","floor":31,"turns":4},{"damage":0,"enemies":"Automaton","floor":33,"turns":6},{"damage":0,"enemies":"3 Shapes","floor":35,"turns":3},{"damage":4,"enemies":"3 Darklings","floor":37,"turns":4},{"damage":7,"enemies":"Nemesis","floor":40,"turns":7},{"damage":1,"enemies":"Jaw Worm Horde","floor":44,"turns":3},{"damage":12,"enemies":"Reptomancer","floor":46,"turns":10},{"damage":9,"enemies":"Sphere and 2 Shapes","floor":47,"turns":4},{"damage":39,"enemies":"Donu and Deca","floor":50,"turns":7}],"seed_played":"7587695831994894796","potions_obtained":[{"floor":1,"key":"ColorlessPotion"},{"floor":10,"key":"Fruit Juice"},{"floor":12,"key":"PowerPotion"},{"floor":16,"key":"SteroidPotion"},{"floor":18,"key":"GamblersBrew"},{"floor":22,"key":"Energy Potion"},{"floor":24,"key":"GamblersBrew"},{"floor":31,"key":"DistilledChaos"},{"floor":35,"key":"AttackPotion"},{"floor":44,"key":"SkillPotion"},{"floor":46,"key":"SkillPotion"},{"floor":47,"key":"BlessingOfTheForge"}],"is_trial":false,"path_per_floor":["M","M","?","M","M","E","R","$","T","E","?","M","E","M","R","B",null,"M","?","?","$","M","R","E","R","T","?","?","M","E","M","R","B",null,"M","?","M","?","$","E","$","R","T","M","R","E","M","?","R","B",null],"character_chosen":"THE_DT","items_purchased":["DTMod:WarmUp","DTMod:Astonish","FossilizedHelix","Block Potion","DTMod:DragonDance+1","DTMod:CleansingStrike"],"campfire_rested":1,"item_purchase_floors":[8,8,39,39,41,41],"current_hp_per_floor":[45,45,45,41,34,31,31,31,31,31,31,31,31,31,31,4,45,45,45,45,45,45,45,45,45,45,45,45,45,45,45,45,45,45,45,45,45,45,45,40,40,45,45,45,45,35,32,32,45,10],"gold":0,"neow_bonus":"BOSS_RELIC","is_daily":false,"chose_seed":false,"campfire_upgraded":7,"win_rate":0.0,"timestamp":1610355495,"path_taken":["M","M","?","M","M","E","R","$","T","E","?","M","E","?","R","BOSS","M","?","?","$","M","R","E","R","T","?","?","M","E","M","R","BOSS","M","?","?","?","$","E","$","R","T","M","R","E","?","?","R","BOSS"],"items_purchased_type":["Card","Card","Relic","Potion","Card","Card"],"build_version":"2020-12-22","purchased_purges":2,"victory":true,"max_hp_per_floor":[45,45,45,45,45,45,45,45,45,45,45,45,45,45,45,45,45,45,45,45,45,45,45,45,45,45,45,45,45,45,45,45,45,45,45,45,45,45,45,45,45,45,45,45,45,45,45,45,45,45],"card_choices":[{"not_picked":["DTMod:TagTeam","DTMod:MasterPlan"],"picked":"DTMod:Threaten","floor":1},{"not_picked":["DTMod:CleansingStrike","DTMod:BuildUp"],"picked":"DTMod:MaximumCharge","floor":2},{"not_picked":["DTMod:MagicField","DTMod:LastStand"],"picked":"DTMod:Cover","floor":4},{"not_picked":["DTMod:GhostSkin","DTMod:CleansingStrike"],"picked":"DTMod:FlameSlash","floor":5},{"not_picked":["DTMod:MaximumCharge","DTMod:Hide"],"picked":"DTMod:DragonDance","floor":6},{"not_picked":["DTMod:BlueScale","DTMod:BuildUp","DTMod:BlazingStrike"],"picked":"DTMod:DarkBreath","floor":10},{"not_picked":["DTMod:CalculatedDefense+1","DTMod:FlameSlash","DTMod:Punisher"],"picked":"DTMod:EchoTactic","floor":12},{"not_picked":["DTMod:Outburst","DTMod:DarkBreath","DTMod:ComboAttack"],"picked":"DTMod:Training","floor":13},{"not_picked":["DTMod:MagicField","DTMod:LowKick","DTMod:Coolant"],"picked":"DTMod:WarmUp+1","floor":14},{"not_picked":["DTMod:EchoTactic","DTMod:GearUp","DTMod:Prediction"],"picked":"DTMod:ShadowImage+1","floor":16},{"not_picked":["DTMod:Observe","DTMod:Weaken","DTMod:Punisher"],"picked":"DTMod:PurifyingFlame","floor":18},{"not_picked":["DTMod:Weaken+1","DTMod:CleansingStrike","DTMod:MagicField"],"picked":"DTMod:Safeguard+1","floor":22},{"not_picked":["DTMod:Cover","DTMod:BreakAttack","DTMod:BizarreTactic+1"],"picked":"DTMod:WarmUp+1","floor":24},{"not_picked":["DTMod:BlazingStrike","DTMod:LastStand","DTMod:WarmUp+1","DTMod:GhostSkin"],"picked":"SKIP","floor":29},{"not_picked":["DTMod:Hide","DTMod:PurifyingFlame+1","DTMod:Overwhelm","DTMod:Outburst"],"picked":"SKIP","floor":30},{"not_picked":["DTMod:BreakAttack","DTMod:CleansingStrike","DTMod:MasterPlan"],"picked":"DTMod:ComboAttack+1","floor":31},{"not_picked":["DTMod:Prediction","DTMod:RepeatStrike","DTMod:Outburst"],"picked":"DTMod:ExcessFootwork+1","floor":33},{"not_picked":["DTMod:CleansingStrike+1","DTMod:Coolant","DTMod:BreakAttack+1","DTMod:MagicField+1"],"picked":"SKIP","floor":35},{"not_picked":["DTMod:PurifyingFlame","DTMod:BizarreTactic+1","DTMod:CleansingStrike"],"picked":"DTMod:Adaptation+1","floor":37},{"not_picked":["DTMod:TauntingStrike+1","DTMod:BuildUp","DTMod:Weaken"],"picked":"DTMod:Haste+1","floor":40},{"not_picked":["DTMod:Coolant+1","DTMod:MagicField","DTMod:DeepFocus+1"],"picked":"DTMod:ForkedFire+1","floor":44},{"not_picked":["DTMod:Punisher","DTMod:BuildUp+1","DTMod:RunningTactic"],"picked":"DTMod:Dissolve+1","floor":46},{"not_picked":["DTMod:ExcessFootwork+1","DTMod:Overwhelm+1","DTMod:MasterPlan"],"picked":"DTMod:InvisibleFlame+1","floor":47}],"player_experience":1819381,"relics_obtained":[{"floor":6,"key":"HornCleat"},{"floor":9,"key":"Question Card"},{"floor":10,"key":"Frozen Egg 2"},{"floor":13,"key":"Centennial Puzzle"},{"floor":17,"key":"Orichalcum"},{"floor":17,"key":"Eternal Feather"},{"floor":17,"key":"Ice Cream"},{"floor":24,"key":"theSenshi:SpiralHeartMoonRodRelic"},{"floor":26,"key":"StrikeDummy"},{"floor":30,"key":"Bag of Preparation"},{"floor":40,"key":"Vajra"},{"floor":43,"key":"White Beast Statue"},{"floor":46,"key":"Singing Bowl"}],"event_choices":[{"damage_healed":0,"gold_gain":0,"player_choice":"Box","damage_taken":0,"relics_obtained":["DTMod:AncientBone"],"max_hp_gain":0,"max_hp_loss":0,"event_name":"Big Fish","floor":3,"gold_loss":0,"cards_obtained":["Regret"]},{"cards_removed":["Normality"],"damage_healed":0,"gold_gain":0,"player_choice":"Removed Curses","damage_taken":0,"max_hp_gain":0,"max_hp_loss":0,"event_name":"Fountain of Cleansing","floor":11,"gold_loss":0},{"damage_healed":0,"gold_gain":0,"player_choice":"Opened","damage_taken":0,"relics_obtained":["HollowMod:StagPassRelic"],"max_hp_gain":0,"max_hp_loss":0,"event_name":"The Mausoleum","floor":19,"gold_loss":0,"cards_obtained":["Writhe"]},{"damage_healed":0,"gold_gain":0,"player_choice":"Obtained Relic","damage_taken":0,"relics_obtained":["Gremlin Horn"],"max_hp_gain":0,"max_hp_loss":0,"event_name":"Addict","floor":20,"gold_loss":85},{"damage_healed":0,"gold_gain":0,"player_choice":"Ignored","damage_taken":0,"max_hp_gain":0,"max_hp_loss":0,"event_name":"Ghosts","floor":27,"gold_loss":0},{"damage_healed":0,"gold_gain":0,"player_choice":"Read","damage_taken":0,"max_hp_gain":0,"max_hp_loss":0,"event_name":"The Library","floor":28,"gold_loss":0,"cards_obtained":["DTMod:ComboAttack"]},{"damage_healed":0,"gold_gain":0,"player_choice":"Rummage","damage_taken":0,"relics_obtained":["WarpedTongs"],"max_hp_gain":0,"max_hp_loss":0,"event_name":"Accursed Blacksmith","floor":36,"gold_loss":0,"cards_obtained":["Pain"]},{"damage_healed":0,"gold_gain":0,"player_choice":"Ignored","damage_taken":0,"max_hp_gain":0,"max_hp_loss":0,"event_name":"SecretPortal","floor":38,"gold_loss":0},{"damage_healed":0,"gold_gain":0,"player_choice":"Paid","damage_taken":0,"relics_obtained":["Red Mask"],"max_hp_gain":0,"max_hp_loss":0,"event_name":"Tomb of Lord Red Mask","floor":48,"gold_loss":434}],"is_beta":false,"boss_relics":[{"not_picked":["SlaversCollar","SacredBark"],"picked":"Calling Bell"},{"not_picked":["Busted Crown","Pandora\u0027s Box"],"picked":"DTMod:TheChair"}],"items_purged_floors":[8,21],"is_endless":false,"potions_floor_spawned":[1,10,12,16,18,22,24,31,35,44,46,47],"ascension_level":1}}