{"host":"rolltorest","time":1610336771,"event":{"mods":["BaseMod","Minty Spire (QoL Compilation)","Relic Stats","Robot Space Explorer","Slay the Relics Exporter","StSLib"],"gold_per_floor":[121,280,205,226,226,262,262,262,262],"floor_reached":8,"playtime":275,"items_purged":[],"score":108,"play_id":"6ed36a7c-58c4-4c39-9322-83e88e30639e","local_time":"20210110194611","is_ascension_mode":true,"campfire_choices":[{"floor":7,"key":"REST"}],"circlet_count":0,"master_deck":["AscendersBane","RobotSpaceExplorer:Strike","RobotSpaceExplorer:Strike","RobotSpaceExplorer:Strike","RobotSpaceExplorer:Strike","RobotSpaceExplorer:Defend","RobotSpaceExplorer:Defend","RobotSpaceExplorer:Defend","RobotSpaceExplorer:Defend","RobotSpaceExplorer:Scan","RobotSpaceExplorer:MiniLasers","RobotSpaceExplorer:BigMissile","RobotSpaceExplorer:DoubleFind","RobotSpaceExplorer:Fix"],"relics":["RobotSpaceExplorer:RoboCore","CeramicFish","Centennial Puzzle","Juzu Bracelet"],"acts_visited":["Exordium"],"potions_floor_usage":[6,6,6],"damage_taken":[{"damage":7,"enemies":"Small Slimes","floor":1,"turns":4},{"damage":0,"enemies":"Jaw Worm","floor":4,"turns":6},{"damage":36,"enemies":"Gremlin Nob","floor":6,"turns":4},{"damage":15,"enemies":"Lagavulin","floor":8,"turns":9}],"seed_played":"383177699484149228","potions_obtained":[{"floor":1,"key":"Ancient Potion"},{"floor":4,"key":"Explosive Potion"}],"is_trial":false,"path_per_floor":["M","?","?","M","?","E","R","E"],"character_chosen":"RobotSpaceExplorer","items_purchased":[],"campfire_rested":1,"item_purchase_floors":[],"current_hp_per_floor":[57,57,57,57,52,16,37,26,26],"gold":262,"neow_bonus":"RANDOM_COMMON_RELIC","is_daily":false,"chose_seed":false,"campfire_upgraded":0,"win_rate":0.0,"timestamp":1610336771,"path_taken":["M","?","?","M","?","E","R","E"],"items_purchased_type":[],"build_version":"2020-12-18","purchased_purges":0,"victory":false,"max_hp_per_floor":[71,71,71,71,71,71,71,71,71],"relic_stats":{"Centennial Puzzle":[6],"counters":[4,23],"CeramicFish":36,"Juzu Bracelet":0,"obtain_stats":[{"Centennial Puzzle":5,"CeramicFish":0,"RobotSpaceExplorer:RoboCore":0,"Juzu Bracelet":6},{"Centennial Puzzle":2,"CeramicFish":0,"RobotSpaceExplorer:RoboCore":0,"Juzu Bracelet":3},{"Centennial Puzzle":10,"CeramicFish":0,"RobotSpaceExplorer:RoboCore":0,"Juzu Bracelet":14}]},"card_choices":[{"not_picked":["RobotSpaceExplorer:MetalStrike","RobotSpaceExplorer:FreezingShield"],"picked":"RobotSpaceExplorer:BigMissile","floor":1},{"not_picked":["RobotSpaceExplorer:Ammunition","RobotSpaceExplorer:Pulsar"],"picked":"RobotSpaceExplorer:DoubleFind","floor":4},{"not_picked":["RobotSpaceExplorer:Counterblock","RobotSpaceExplorer:ExhaustFan"],"picked":"RobotSpaceExplorer:Fix","floor":6}],"player_experience":1833191,"relics_obtained":[{"floor":6,"key":"Juzu Bracelet"}],"event_choices":[{"damage_healed":0,"gold_gain":150,"player_choice":"AGREE","damage_taken":0,"max_hp_gain":0,"max_hp_loss":0,"event_name":"Liars Game","floor":2,"gold_loss":0,"cards_obtained":["Doubt"]},{"cards_removed":["Doubt"],"damage_healed":0,"gold_gain":0,"player_choice":"Card Removal","damage_taken":0,"max_hp_gain":0,"max_hp_loss":0,"event_name":"The Cleric","floor":3,"gold_loss":75},{"damage_healed":0,"gold_gain":0,"player_choice":"Success","damage_taken":5,"relics_obtained":["Centennial Puzzle"],"max_hp_gain":0,"max_hp_loss":0,"event_name":"Scrap Ooze","floor":5,"gold_loss":0}],"is_beta":true,"boss_relics":[],"items_purged_floors":[],"is_endless":false,"potions_floor_spawned":[1,4],"killed_by":"Lagavulin","ascension_level":20}}