{"host":"en3i0mvpfa3c1sbz","time":1610373861,"event":{"mods":["Act Like it!","Aspiration","BaseMod","BetterRewards","Conspire","Dota2Spire","Downfall","GifTheSpireLib","Hubris","Infinite Spire","Marisa£®ÏF”Í°°ƒß¿Ì…≥£©","Minty Spire (QoL Compilation)","READ ME - Guardian Mod","Relic Stats","Replay The Spire","Shop Mod","StSLib","Stuff the Spire","The Administrix","The Factory","The Jungle","TheWitcher"],"gold_per_floor":[114,43,118,118,129,154,170,182,205,235,235,235,235,256,256,385,385,398,398,398,398,398],"floor_reached":21,"playtime":1185,"items_purged":[],"score":346,"play_id":"016ca0a6-5c3a-4d23-9d9a-8438e86bfa40","local_time":"20210111220421","is_ascension_mode":true,"campfire_choices":[{"floor":11.0,"key":"RECALL"},{"floor":15.0,"key":"DIG"}],"circlet_count":0,"master_deck":["Strike_R","Strike_R","Strike_R","Strike_R","Defend_R","Defend_R","Defend_R","Defend_R","Bash","Replay:SS_forest_6","Sentinel","infinitespire:OneForAll","expansioncontent:AwakenDeath","Armaments","Inflame","Cleave","Clothesline","Sword Boomerang","Run Through","Double Tap","Anger+1","hubris:Fate","hubris:InfiniteBlow+56"],"relics":["Burning Blood","Pet Ghost","ReplayTheSpireMod:Lightbulb","aspiration:HummingbirdHeart","Golden Idol","Spirit Poop","Garlic","aspiration:PoetsPen_weak","Centennial Puzzle"],"acts_visited":["Exordium","TheCity"],"potions_floor_usage":[],"damage_taken":[{"damage":6.0,"enemies":"Cultist","floor":1.0,"turns":5.0},{"damage":1.0,"enemies":"2 Louse","floor":5.0,"turns":3.0},{"damage":44.0,"enemies":"Gremlin Nob","floor":6.0,"turns":5.0},{"damage":5.0,"enemies":"Jaw Worm","floor":7.0,"turns":6.0},{"damage":26.0,"enemies":"Large Slime","floor":8.0,"turns":8.0},{"damage":16.0,"enemies":"3 Sentries","floor":10.0,"turns":6.0},{"damage":17.0,"enemies":"Exordium Thugs","floor":14.0,"turns":2.0},{"damage":5.0,"enemies":"Hexaghost","floor":16.0,"turns":13.0},{"damage":17.0,"enemies":"Shell Parasite","floor":18.0,"turns":5.0},{"damage":0,"enemies":"Chosen","floor":21,"turns":1}],"seed_played":"-6515267932765577088","potions_obtained":[{"floor":5.0,"key":"EssenceOfSteel"},{"floor":7.0,"key":"FearPotion"},{"floor":8.0,"key":"Death Potion"},{"floor":14.0,"key":"Fire Potion"},{"floor":16.0,"key":"Dota2Spire:Clarity"},{"floor":18.0,"key":"Milkshake"}],"is_trial":false,"path_per_floor":["M","$","?","?","M","E","M","M","T","E","R","?","?","M","R","B",null,"M","?","AVR","M"],"character_chosen":"IRONCLAD","items_purchased":["Replay:SS_forest_6","Pet Ghost","infinitespire:OneForAll"],"campfire_rested":0,"item_purchase_floors":[0,0,2],"current_hp_per_floor":[80,80,69,69,74,36,45,33,33,23,23,23,23,20,20,21,80,69,49,49,55,55],"gold":398,"neow_bonus":"","is_daily":false,"chose_seed":false,"campfire_upgraded":0,"win_rate":0.0,"timestamp":1610373861,"path_taken":["M","?","?","?","?","E","M","M","T","E","R","?","?","M","R","BOSS","M","?","AVR","M"],"items_purchased_type":["Card","Relic","Card"],"build_version":"2020-12-22","purchased_purges":0,"victory":false,"max_hp_per_floor":[80,80,80,80,80,80,80,80,80,80,80,80,80,80,80,80,80,80,80,80,80,80],"relic_stats":{"Centennial Puzzle":[0],"counters":[27,138],"Golden Idol":38,"obtain_stats":[{"Girya":0,"infinitespire:BottledMercury":7,"StuffTheSpire:Barrel":19,"hubris:DuctTape":9,"Golden Idol":12,"Dota2Spire:OrchidMalevolence":22,"Spirit Poop":13,"conspire:SpecialSausage":17,"Dota2Spire:ShadowBlade":10,"aspiration:PoetsPen_weak":17,"aspiration:HummingbirdHeart":10,"Burning Blood":0,"Pet Ghost":0,"CaptainsWheel":13,"Centennial Puzzle":20,"hubris:HerbalPaste":0,"Honey Jar":22,"Garlic":15,"ReplayTheSpireMod:Lightbulb":6,"TungstenRod":0,"aspiration:ChemicalBlood":15},{"Girya":0,"infinitespire:BottledMercury":6,"StuffTheSpire:Barrel":14,"hubris:DuctTape":6,"Golden Idol":23,"Dota2Spire:OrchidMalevolence":16,"Spirit Poop":23,"conspire:SpecialSausage":12,"Dota2Spire:ShadowBlade":7,"aspiration:PoetsPen_weak":25,"aspiration:HummingbirdHeart":23,"Burning Blood":0,"Pet Ghost":17,"CaptainsWheel":10,"Centennial Puzzle":26,"hubris:HerbalPaste":0,"Honey Jar":16,"Garlic":24,"ReplayTheSpireMod:Lightbulb":20,"TungstenRod":0,"aspiration:ChemicalBlood":11},{"Girya":0,"infinitespire:BottledMercury":31,"StuffTheSpire:Barrel":69,"hubris:DuctTape":31,"Golden Idol":117,"Dota2Spire:OrchidMalevolence":79,"Spirit Poop":117,"conspire:SpecialSausage":60,"Dota2Spire:ShadowBlade":39,"aspiration:PoetsPen_weak":132,"aspiration:HummingbirdHeart":117,"Burning Blood":0,"Pet Ghost":84,"CaptainsWheel":47,"Centennial Puzzle":137,"hubris:HerbalPaste":0,"Honey Jar":79,"Garlic":119,"ReplayTheSpireMod:Lightbulb":97,"TungstenRod":0,"aspiration:ChemicalBlood":49}],"Burning Blood":150},"card_choices":[{"not_picked":["True Grit","Fire Breathing"],"picked":"Sentinel","floor":1.0},{"not_picked":["Replay:Undeath\u0027s Touch","hubris:SharpeningStone"],"picked":"Inflame","floor":5.0},{"not_picked":["StuffTheSpire:Pyroclast","Bloodletting"],"picked":"Cleave","floor":6.0},{"not_picked":["Pommel Strike","Corruption"],"picked":"Clothesline","floor":7.0},{"not_picked":["Whirlwind","StuffTheSpire:Pyroclast"],"picked":"Sword Boomerang","floor":8.0},{"not_picked":["Havoc","Perfected Strike"],"picked":"Run Through","floor":10.0},{"not_picked":["Corruption","Hemokinesis","Bloodletting"],"picked":"SKIP","floor":14.0},{"not_picked":["Corruption","Brutality"],"picked":"Double Tap","floor":16.0},{"not_picked":["ReplayTheSpireMod:Strike From Hell","StuffTheSpire:RockThrow"],"picked":"Anger+1","floor":18.0},{"not_picked":["Replay:Fractal Strike","infinitespire:FutureSight"],"picked":"hubris:Fate","floor":19.0}],"player_experience":340793,"relics_obtained":[{"floor":6.0,"key":"ReplayTheSpireMod:Lightbulb"},{"floor":10.0,"key":"aspiration:HummingbirdHeart"},{"floor":15.0,"key":"Garlic"}],"event_choices":[{"damage_healed":0.0,"max_hp_gain":0.0,"max_hp_loss":0.0,"gold_gain":75.0,"event_name":"World of Goop","player_choice":"Gather Gold","floor":3.0,"gold_loss":0.0,"damage_taken":11.0},{"damage_healed":0.0,"max_hp_gain":0.0,"max_hp_loss":0.0,"gold_gain":0.0,"event_name":"Match and Keep!","player_choice":"2 cards matched","floor":4.0,"gold_loss":0.0,"damage_taken":0.0,"cards_obtained":["expansioncontent:AwakenDeath","Armaments"]},{"damage_healed":0.0,"max_hp_gain":0.0,"max_hp_loss":0.0,"gold_gain":0.0,"event_name":"Golden Idol","player_choice":"Take Wound","floor":12.0,"gold_loss":0.0,"damage_taken":0.0,"relics_obtained":["Golden Idol"],"cards_obtained":["Injury"]},{"cards_removed":["Injury"],"damage_healed":0.0,"max_hp_gain":0.0,"max_hp_loss":0.0,"gold_gain":0.0,"event_name":"Bonfire Elementals","player_choice":"Offered Curse","floor":13.0,"gold_loss":0.0,"damage_taken":0.0,"relics_obtained":["Spirit Poop"]}],"is_beta":false,"boss_relics":[{"not_picked":["Pandora\u0027s Box","hubris:HollowSoul"],"picked":"aspiration:PoetsPen_weak"}],"items_purged_floors":[],"is_endless":false,"potions_floor_spawned":[5,7,8,14,16,18,21],"killed_by":"Chosen","ascension_level":4}}