{"host":"0ttaavwaei2fh9kw","time":1610386189,"event":{"mods":["Act Like it!","Aspiration","BaseMod","Chen","Colored Map","Decade(王小明)","Downfall","Gensokyo","Hallownest","Hubris","Infinite Spire","KinomotoSakuraMod(木之本樱)","Lobotomy","LobotomyExtend","Marisa（F雨　魔理沙）","Minty Spire (QoL Compilation)","Prisma Mod","Reimu（博丽灵梦）","Remilia（蕾米莉亚）","Replay The Spire","Spicy Shops","StSLib","The Jungle","The Servant 0.9.4","WarShipGirlsR/战舰少女R mod","Youmu（魂魄妖梦）"],"gold_per_floor":[116,15,15,15,28,28,28],"floor_reached":6,"playtime":342,"items_purged":[],"score":36,"play_id":"530f2ae0-8d64-4b57-9054-fcfd30724d35","local_time":"20210112012949","is_ascension_mode":true,"campfire_choices":[],"circlet_count":0,"master_deck":["rmod:strick","rmod:strick","rmod:strick","rmod:strick","rmod:defend","rmod:defend","rmod:defend","rmod:defend","rmod:basicallowance","rmod:maingunfire","rmod:overbreakdown","MHz","Gensokyo:RustyChest","Gensokyo:TarnishedGold","Gensokyo:Shovel","infinitespire:NeuralNetwork"],"relics":["rmod:firstchargereward","CogitoBucket","LetterFromLob","hubris:EvacipatedBox","hubris:KleinBottle"],"acts_visited":["Gensokyo:Gensokyo"],"potions_floor_usage":[6],"damage_taken":[{"damage":6,"enemies":"Gensokyo:2_Kodama","floor":1,"turns":4},{"damage":14,"enemies":"Gensokyo:Python","floor":5,"turns":5},{"damage":25,"enemies":"Gensokyo:Cirno","floor":6,"turns":7}],"seed_played":"9157637823537028084","potions_obtained":[{"floor":5,"key":"SpeedPotion"}],"is_trial":false,"path_per_floor":["M","COS","$","?","M","E"],"character_chosen":"PRAEFECT","items_purchased":["hubris:EvacipatedBox","hubris:KleinBottle"],"campfire_rested":0,"item_purchase_floors":[3,3],"current_hp_per_floor":[69,69,31,39,25,0,0],"gold":28,"neow_bonus":"","is_daily":false,"chose_seed":false,"campfire_upgraded":0,"win_rate":0.0,"timestamp":1610386189,"path_taken":["M","COS","?","?","M","E"],"items_purchased_type":["Relic","Relic"],"build_version":"2020-12-22","purchased_purges":0,"victory":false,"max_hp_per_floor":[75,75,75,75,75,75,75],"card_choices":[{"not_picked":["rmod:gendarmerie","rmod:concentratefire"],"picked":"rmod:overbreakdown","floor":1},{"not_picked":["MeatLantern","OldLady"],"picked":"MHz","floor":1},{"not_picked":["infinitespire:SealOfDarkness+","ReplayTheSpireMod:Chaos Vortex"],"picked":"infinitespire:NeuralNetwork","floor":3},{"not_picked":["rmod:fletcherpendant","rmod:aluminumsupply","rmod:robin"],"picked":"SKIP","floor":5}],"player_experience":170250,"relics_obtained":[{"floor":1,"key":"LetterFromLob"}],"event_choices":[],"is_beta":false,"boss_relics":[],"items_purged_floors":[],"is_endless":false,"potions_floor_spawned":[5],"killed_by":"Gensokyo:Cirno","ascension_level":1}}