{"host":"cjhtzh7tp54jdfyv","time":1610347007,"event":{"mods":["AchievementEnabler","BaseMod","Colored Map","Colored Powertips","Curses Come First","DeckTracker","Filter the Spire","Minty Spire (QoL Compilation)","RNG Fix","Relic Sorter","Relic Stats","StSLib","UnlockEverythingMod","ojb\u0027s Better Paths Mod","ojb\u0027s Info Mod"],"gold_per_floor":[99,99,99,99,99,99,99],"floor_reached":6,"playtime":193,"items_purged":[],"score":72,"play_id":"a2bbd7e0-94cb-4e90-8359-e2b71c3c91e5","local_time":"20210111013647","is_ascension_mode":true,"campfire_choices":[],"circlet_count":0,"master_deck":["AscendersBane","Strike_P","Strike_P","Strike_P","Strike_P","Defend_P","Defend_P","Defend_P","Defend_P","Eruption","Vigilance","JustLucky","Adaptation"],"relics":["Ectoplasm","CeramicFish"],"acts_visited":["Exordium"],"potions_floor_usage":[],"damage_taken":[{"damage":0,"enemies":"Jaw Worm","floor":1,"turns":3},{"damage":7,"enemies":"Small Slimes","floor":3,"turns":2},{"damage":0,"enemies":"Cultist","floor":5,"turns":4},{"damage":28,"enemies":"Lagavulin","floor":6,"turns":3}],"seed_played":"2921628447636204099","potions_obtained":[],"is_trial":false,"path_per_floor":["M","?","M","?","M","E"],"character_chosen":"WATCHER","items_purchased":[],"campfire_rested":0,"item_purchase_floors":[],"current_hp_per_floor":[61,26,19,24,24,0,0],"gold":99,"neow_bonus":"BOSS_RELIC","is_daily":false,"chose_seed":false,"campfire_upgraded":0,"win_rate":0.0,"timestamp":1610347007,"path_taken":["M","?","M","?","M","E"],"items_purchased_type":[],"build_version":"2020-12-22","purchased_purges":0,"victory":false,"max_hp_per_floor":[68,68,68,73,73,73,73],"relic_stats":{"counters":[4,12],"CeramicFish":0,"Ectoplasm":58,"obtain_stats":[{"CeramicFish":2,"Ectoplasm":0,"PureWater":0},{"CeramicFish":1,"Ectoplasm":0,"PureWater":0},{"CeramicFish":3,"Ectoplasm":0,"PureWater":0}]},"card_choices":[{"not_picked":["Consecrate","Prostrate"],"picked":"JustLucky","floor":1},{"not_picked":["WreathOfFlame","MentalFortress","DeceiveReality"],"picked":"SKIP","floor":3},{"not_picked":["Evaluate","Fasting2"],"picked":"Adaptation","floor":5}],"player_experience":4440822,"relics_obtained":[],"event_choices":[{"damage_healed":0,"gold_gain":0,"player_choice":"Success","damage_taken":35,"relics_obtained":["CeramicFish"],"max_hp_gain":0,"max_hp_loss":0,"event_name":"Scrap Ooze","floor":2,"gold_loss":0},{"damage_healed":0,"gold_gain":0,"player_choice":"Donut","damage_taken":0,"max_hp_gain":5,"max_hp_loss":0,"event_name":"Big Fish","floor":4,"gold_loss":0}],"is_beta":false,"boss_relics":[],"items_purged_floors":[],"is_endless":false,"potions_floor_spawned":[],"killed_by":"Lagavulin","ascension_level":20}}