{"host":"Connor","time":1610394006,"event":{"mods":["Aspiration","BaseMod","Downfall","Hubris","Marisa????????","Minty Spire (QoL Compilation)","Replay The Spire","StSLib","The Cursed","The Jungle","The Servant 0.9.4"],"gold_per_floor":[119,136,61,81,100,100,133,133,133,133,133,168,184,184,184,184,184],"floor_reached":16,"playtime":342,"items_purged":["Strike_R"],"score":209,"play_id":"a0a91860-e4b5-4876-910c-281cfebd25ce","local_time":"20210111114006","is_ascension_mode":true,"campfire_choices":[{"data":"Armaments","floor":6,"key":"SMITH"},{"floor":8,"key":"RECALL"},{"data":"Twin Strike","floor":10,"key":"SMITH"},{"floor":15,"key":"REST"}],"circlet_count":0,"master_deck":["AscendersBane","Strike_R","Strike_R","Strike_R","Strike_R","Defend_R","Defend_R","Defend_R","Defend_R","Bash","ReplayTheSpireMod:Stacked","Armaments+1","ReplayTheSpireMod:Strike From Hell","Twin Strike+1","Shrug It Off"],"relics":["Burning Blood","NeowsBlessing","hubris:CrystalStatue","Bottled Lightning","Art of War"],"acts_visited":["Exordium"],"potions_floor_usage":[7,7,16],"damage_taken":[{"damage":0,"enemies":"Cultist","floor":1,"turns":1},{"damage":2,"enemies":"Small Slimes","floor":2,"turns":2},{"damage":0,"enemies":"Jaw Worm","floor":4,"turns":1},{"damage":1,"enemies":"2 Fungi Beasts","floor":5,"turns":5},{"damage":32,"enemies":"Gremlin Nob","floor":7,"turns":4},{"damage":32,"enemies":"Lagavulin","floor":12,"turns":8},{"damage":31,"enemies":"Gremlin Gang","floor":13,"turns":6},{"damage":45,"enemies":"Slime Boss","floor":16,"turns":8}],"seed_played":"739809781000110953","potions_obtained":[{"floor":2,"key":"BlessingOfTheForge"},{"floor":5,"key":"LiquidBronze"},{"floor":13,"key":"BlessingOfTheForge"}],"is_trial":false,"path_per_floor":["M","M","$","M","M","R","E","R","T","R","?","E","M","T","R","B"],"character_chosen":"IRONCLAD","items_purchased":[],"campfire_rested":1,"item_purchase_floors":[],"current_hp_per_floor":[74,75,75,75,75,75,49,49,49,49,74,48,23,23,45,0,0],"gold":184,"neow_bonus":"THREE_ENEMY_KILL","is_daily":false,"chose_seed":false,"campfire_upgraded":2,"win_rate":0.0,"timestamp":1610394006,"path_taken":["M","M","$","M","?","R","E","R","T","R","?","E","M","?","R","BOSS"],"items_purchased_type":[],"build_version":"2020-12-18","purchased_purges":1,"victory":false,"max_hp_per_floor":[75,75,75,75,75,75,75,75,75,75,75,75,75,75,75,75,75],"card_choices":[{"not_picked":["Wild Strike","ReplayTheSpireMod:Strike From Hell"],"picked":"ReplayTheSpireMod:Stacked","floor":1},{"not_picked":["ReplayTheSpireMod:Muscle Training","Clash"],"picked":"Armaments","floor":2},{"not_picked":["Corruption","Perfected Strike"],"picked":"ReplayTheSpireMod:Strike From Hell","floor":4},{"not_picked":["Entrench","Clash"],"picked":"Twin Strike","floor":5},{"not_picked":["Abandon","ReplayTheSpireMod:LeadingStrike","Headbutt"],"picked":"SKIP","floor":7},{"not_picked":["hubris:CleavingFinish","Anger","Wild Strike"],"picked":"SKIP","floor":12},{"not_picked":["Armaments","Demonic Infusion"],"picked":"Shrug It Off","floor":13}],"player_experience":605289,"relics_obtained":[{"floor":7,"key":"hubris:CrystalStatue"},{"floor":9,"key":"Bottled Lightning"},{"floor":12,"key":"Art of War"}],"event_choices":[{"damage_healed":25,"gold_gain":0,"player_choice":"Banana","damage_taken":0,"max_hp_gain":0,"max_hp_loss":0,"event_name":"Big Fish","floor":11,"gold_loss":0}],"is_beta":true,"boss_relics":[],"items_purged_floors":[3],"is_endless":false,"potions_floor_spawned":[2,5,13],"killed_by":"Slime Boss","ascension_level":18}}