{"host":"wg29woj1pduqw9vg","time":1610350897,"event":{"mods":["BaseMod","Bestiary","Better Third Choice","Colored Map","Downfall","Highlight Path","Minty Spire (QoL Compilation)","Quick Restart","StSLib"],"gold_per_floor":[99,109,122,32,32,32,82,94,129,148,165,90,90,110,124,228,228,228,238,28,128,148,148,148,174,192,192,218,218,233,70,80,182,182,182,198,210,54,70,97,150,150,150,75,94,94,123,133,150,150],"floor_reached":51,"playtime":3592,"items_purged":["Guardian:Strike_Guardian","Guardian:Strike_Guardian"],"score":911,"play_id":"2e0710ad-0cb9-4652-8382-8269669e2a31","local_time":"20210110234137","is_ascension_mode":true,"campfire_choices":[{"data":"Guardian:TwinSlam","floor":1.0,"key":"SMITH"},{"floor":6.0,"key":"RECALL"},{"data":"Guardian:EvasiveProtocol","floor":12.0,"key":"SMITH"},{"data":"Guardian:StasisField","floor":18.0,"key":"SMITH"},{"floor":23.0,"key":"REST"},{"data":"Guardian:Suspension","floor":27.0,"key":"SMITH"},{"data":"Panache","floor":35.0,"key":"SMITH"},{"data":"expansioncontent:CaCaw","floor":44.0,"key":"SMITH"},{"floor":46,"key":"REST"}],"circlet_count":0,"master_deck":["Guardian:Defend_Guardian","Guardian:Defend_Guardian","Guardian:Defend_Guardian","Guardian:CurlUp+1","Guardian:TwinSlam+1","Guardian:SentryBeam+1","Guardian:EvasiveProtocol+1","Guardian:StasisField+1","Guardian:DonusPower","Panache+1","Guardian:GemFinder","Guardian:PrismaticBeam","Guardian:Suspension+1","Guardian:RevengeProtocol","Guardian:EvasiveProtocol","Guardian:PrimingBeam","Guardian:EvasiveProtocol+1","Guardian:PrimingBeam","expansioncontent:CaCaw+1","Guardian:Incinerate+1","Guardian:Gem_Green","Guardian:SpikerProtocol","Guardian:SpikerProtocol","Guardian:DonusPower+1"],"relics":["Guardian:ModeShifter","Lantern","Matryoshka","downfall:HeartBlessingRed","Guardian:StasisSlotReductionRelic","White Beast Statue","Strawberry","PreservedInsect","Question Card","Anchor","Empty Cage","Mercury Hourglass","MealTicket","downfall:HeartBlessingBlue","Bronze Scales"],"acts_visited":["Exordium","TheCity","TheBeyond"],"potions_floor_usage":[45,50,50,50],"damage_taken":[{"damage":0.0,"enemies":"Cultist","floor":2.0,"turns":3.0},{"damage":0.0,"enemies":"Small Slimes","floor":3.0,"turns":3.0},{"damage":0.0,"enemies":"downfall:FleeingMerchant","floor":4.0,"turns":4.0},{"damage":0.0,"enemies":"2 Louse","floor":8.0,"turns":2.0},{"damage":0.0,"enemies":"3 Sentries","floor":9.0,"turns":4.0},{"damage":0.0,"enemies":"Lots of Slimes","floor":10.0,"turns":3.0},{"damage":0.0,"enemies":"Large Slime","floor":11.0,"turns":6.0},{"damage":0.0,"enemies":"Blue Slaver","floor":14.0,"turns":3.0},{"damage":5.0,"enemies":"2 Fungi Beasts","floor":15.0,"turns":3.0},{"damage":42.0,"enemies":"downfall:Defect","floor":16.0,"turns":12.0},{"damage":5.0,"enemies":"Chosen","floor":19.0,"turns":5.0},{"damage":0.0,"enemies":"downfall:FleeingMerchant","floor":20.0,"turns":4.0},{"damage":14.0,"enemies":"downfall:LadyInBlue","floor":21.0,"turns":10.0},{"damage":1.0,"enemies":"3 Byrds","floor":22.0,"turns":3.0},{"damage":0.0,"enemies":"Book of Stabbing","floor":25.0,"turns":4.0},{"damage":4.0,"enemies":"Snecko","floor":26.0,"turns":5.0},{"damage":3.0,"enemies":"Gremlin Leader","floor":28.0,"turns":5.0},{"damage":0.0,"enemies":"Cultist and Chosen","floor":30.0,"turns":4.0},{"damage":0.0,"enemies":"downfall:FleeingMerchant","floor":31.0,"turns":4.0},{"damage":3.0,"enemies":"Snake Plant","floor":32.0,"turns":4.0},{"damage":0.0,"enemies":"downfall:Silent","floor":33.0,"turns":6.0},{"damage":3.0,"enemies":"3 Darklings","floor":36.0,"turns":4.0},{"damage":0.0,"enemies":"Orb Walker","floor":37.0,"turns":4.0},{"damage":9.0,"enemies":"downfall:FleeingMerchant","floor":38.0,"turns":4.0},{"damage":6.0,"enemies":"Maw","floor":39.0,"turns":7.0},{"damage":0.0,"enemies":"Giant Head","floor":40.0,"turns":5.0},{"damage":0,"enemies":"Transient","floor":45,"turns":5},{"damage":0,"enemies":"downfall:FleeingMerchant","floor":47,"turns":3},{"damage":8,"enemies":"Writhing Mass","floor":48,"turns":4},{"damage":5,"enemies":"Maw","floor":49,"turns":5},{"damage":10,"enemies":"downfall:Watcher","floor":50,"turns":7}],"seed_played":"-7477483941048856882","potions_obtained":[{"floor":2.0,"key":"AttackPotion"},{"floor":3.0,"key":"Energy Potion"},{"floor":8.0,"key":"Regen Potion"},{"floor":15.0,"key":"FearPotion"},{"floor":16.0,"key":"Block Potion"},{"floor":21.0,"key":"hexamod:EctoCoolerPotion"},{"floor":21.0,"key":"Regen Potion"},{"floor":26.0,"key":"Weak Potion"},{"floor":29.0,"key":"CultistPotion"},{"floor":33.0,"key":"Guardian:BlockOnCardUsePotion"},{"floor":36.0,"key":"Fire Potion"},{"floor":37.0,"key":"PowerPotion"},{"floor":40.0,"key":"Ancient Potion"},{"floor":45,"key":"Dexterity Potion"}],"is_trial":false,"path_per_floor":["R","M","M","$","?","R","T","M","E","M","M","R","?","M","M","B",null,"R","M","$","?","M","R","T","E","M","R","E","?","M","$","M","B",null,"R","M","M","$","M","E","T","?","?","R","M","R","$","M","M","B",null],"character_chosen":"GUARDIAN","items_purchased":["Guardian:Gem_Purple","Panache","Guardian:EvasiveProtocol","Guardian:PrimingBeam","expansioncontent:CaCaw","Bronze Scales","Guardian:SpikerProtocol"],"campfire_rested":2,"item_purchase_floors":[4,20,31,38,38,47,47],"current_hp_per_floor":[80,80,80,80,80,80,80,80,80,80,80,80,80,80,75,33,80,80,75,75,61,60,80,87,87,83,83,80,80,80,80,77,77,87,87,84,84,75,69,69,69,69,69,79,79,97,97,89,84,74],"gold":150,"neow_bonus":"REMOVE_CARD","is_daily":false,"chose_seed":false,"campfire_upgraded":6,"win_rate":0.0,"timestamp":1610350897,"path_taken":["R","M","M","?","?","R","T","?","E","M","M","R","?","M","M","BOSS","R","M","$","?","?","R","T","E","M","R","E","?","M","$","M","BOSS","R","M","M","$","M","E","T","?","?","R","M","R","$","M","M","BOSS"],"items_purchased_type":["Card","Card","Card","Card","Card","Relic","Card"],"build_version":"2020-12-22","purchased_purges":2,"victory":true,"max_hp_per_floor":[80,80,80,80,80,80,80,80,80,80,80,80,80,80,80,80,80,80,80,80,80,80,80,87,87,87,87,87,87,87,87,87,87,87,87,87,87,87,87,87,87,87,87,97,97,97,97,97,97,97],"card_choices":[{"not_picked":["Guardian:TimeBomb","Guardian:Reroute"],"picked":"Guardian:SentryBeam","floor":2.0},{"not_picked":["Guardian:CrystalBeam","Guardian:Emergency"],"picked":"Guardian:Gem_Blue","floor":3.0},{"not_picked":["Guardian:ShieldCharger","Guardian:CrystalBeam","Guardian:Recover"],"picked":"SKIP","floor":4.0},{"not_picked":["Guardian:TemporalShield","Guardian:ChargeCore","Guardian:WalkerClaw"],"picked":"SKIP","floor":8.0},{"not_picked":["Guardian:PrismaticBarrier","Guardian:VentSteam","Guardian:Reroute"],"picked":"SKIP","floor":9.0},{"not_picked":["Guardian:WalkerClaw","Guardian:BronzeOrb","Guardian:TimeCapacitor"],"picked":"SKIP","floor":10.0},{"not_picked":["Guardian:Incinerate","Guardian:SentryBeam"],"picked":"Guardian:EvasiveProtocol","floor":11.0},{"not_picked":["Guardian:CrystalBeam","Guardian:Gem_Blue"],"picked":"Guardian:Gem_Orange","floor":14.0},{"not_picked":["Guardian:Gem_Cyan","Guardian:Gem_Fragmented","Guardian:TemporalStrike"],"picked":"SKIP","floor":15.0},{"not_picked":["Guardian:BaubleBeam","Guardian:GemFire"],"picked":"Guardian:StasisField","floor":16.0},{"not_picked":["Guardian:Gem_Lightblue","Guardian:PrismaticBeam"],"picked":"Guardian:Gem_White","floor":19.0},{"not_picked":["Guardian:Recover","Guardian:Gem_Lightblue"],"picked":"Guardian:DonusPower","floor":20.0},{"not_picked":["Guardian:Gem_Lightblue","Guardian:RefractedBeam+1"],"picked":"Guardian:GemFinder","floor":21.0},{"not_picked":["Guardian:Gem_Lightblue","Guardian:Gem_Green"],"picked":"Guardian:Gem_Cyan","floor":22.0},{"not_picked":["Guardian:Gem_Purple","Guardian:Suspension"],"picked":"Guardian:PrismaticBeam","floor":22.0},{"not_picked":["Guardian:Gem_Cyan","Guardian:Gem_Red"],"picked":"Guardian:Gem_Green","floor":25.0},{"not_picked":["Guardian:DonusPower","Guardian:Suspension"],"picked":"Guardian:Gem_Crimson","floor":25.0},{"not_picked":["Guardian:Clone","Guardian:DonusPower","Guardian:Recover"],"picked":"Guardian:Suspension","floor":26.0},{"not_picked":["Guardian:Gem_Red","Guardian:Gem_Cyan"],"picked":"Guardian:Gem_Green","floor":26.0},{"not_picked":["Guardian:Repulse","Guardian:GemFinder","Guardian:TimeBomb+1","Guardian:DonusPower"],"picked":"SKIP","floor":28.0},{"not_picked":["Guardian:ChargeUp","Guardian:DecasProtection","Guardian:Gem_Crimson","Guardian:Planning"],"picked":"SKIP","floor":30.0},{"not_picked":["Guardian:TemporalStrike","Guardian:Recover","Guardian:DonusPower"],"picked":"Guardian:RevengeProtocol","floor":31.0},{"not_picked":["Guardian:Gem_Red","Guardian:Incinerate+1","Guardian:RefractedBeam","Guardian:PrimingBeam"],"picked":"SKIP","floor":32.0},{"not_picked":["Guardian:Gem_Red","Guardian:Incinerate+1","Guardian:RefractedBeam"],"picked":"Guardian:PrimingBeam","floor":32.0},{"not_picked":["Guardian:GemFinder","Guardian:RevengeProtocol","Guardian:HyperBeam_Guardian"],"picked":"Guardian:Gem_Orange","floor":33.0},{"not_picked":["Guardian:BronzeOrb+1","Guardian:Gem_White","Guardian:FloatingOrbs+1","Guardian:Gem_Yellow"],"picked":"SKIP","floor":36.0},{"not_picked":["Guardian:Gem_Blue","Guardian:Gem_Green","Guardian:Recover+1","Guardian:ChargeCore+1"],"picked":"SKIP","floor":37.0},{"not_picked":["Guardian:ChargeCore+1","Guardian:GuardianWhirl+1","Guardian:Recover"],"picked":"Guardian:EvasiveProtocol+1","floor":38.0},{"not_picked":["Guardian:Recover","Guardian:Gem_Cyan","Guardian:ShieldCharger","Guardian:Clone+1"],"picked":"SKIP","floor":39.0},{"not_picked":["Guardian:Gem_Red","Guardian:Reroute","Guardian:StasisField"],"picked":"Guardian:Incinerate+1","floor":40.0},{"not_picked":["Guardian:Gem_Lightblue","Guardian:Gem_Red"],"picked":"Guardian:Gem_Green","floor":40.0},{"not_picked":["Guardian:Repulse+1","Guardian:Gem_Red","Guardian:DonusPower","Guardian:Gem_Yellow"],"picked":"SKIP","floor":45},{"not_picked":["Guardian:Suspension","Guardian:BronzeOrb+1","Guardian:DonusPower"],"picked":"Guardian:SpikerProtocol","floor":47},{"not_picked":["Guardian:Clone","Guardian:Gem_White","Guardian:Preprogram+1"],"picked":"Guardian:DonusPower+1","floor":48},{"not_picked":["Guardian:VentSteam+1","Guardian:TemporalStrike+1","Guardian:MultiBeam","Guardian:EvasiveProtocol"],"picked":"SKIP","floor":49}],"player_experience":32544,"relics_obtained":[{"floor":7.0,"key":"Lantern"},{"floor":9.0,"key":"Matryoshka"},{"floor":21.0,"key":"White Beast Statue"},{"floor":24.0,"key":"Strawberry"},{"floor":24.0,"key":"PreservedInsect"},{"floor":25.0,"key":"Question Card"},{"floor":28.0,"key":"Anchor"},{"floor":40.0,"key":"Mercury Hourglass"},{"floor":41.0,"key":"MealTicket"}],"event_choices":[{"damage_healed":0.0,"max_hp_gain":0.0,"max_hp_loss":0.0,"gold_gain":0.0,"event_name":"Living Wall","player_choice":"Grow","floor":13.0,"gold_loss":0.0,"damage_taken":0.0,"cards_upgraded":["Guardian:CurlUp"]}],"is_beta":false,"boss_relics":[{"not_picked":["Runic Pyramid","Fusion Hammer"],"picked":"Guardian:StasisSlotReductionRelic"},{"not_picked":["Philosopher\u0027s Stone","Cursed Key"],"picked":"Empty Cage"}],"items_purged_floors":[31,47],"is_endless":false,"potions_floor_spawned":[2,3,8,15,16,19,21,22,25,26,28,30,31,32,33,36,37,38,39,40,45,47,48,49],"ascension_level":1}}