{"host":"6swbl1yqdi8v28pk","time":1610324575,"event":{"mods":["AchievementEnabler","BaseMod","Colored Map","Minty Spire (QoL Compilation)","Quick Restart"],"gold_per_floor":[115,133,83,83,83,83,110,126,126,156,170,189,189,13,13,113,113,127,46,64,114,124,124,135,152,176,91,91,110,110,136,136,136,136],"floor_reached":33,"playtime":1389,"items_purged":["Strike_G"],"score":291,"play_id":"0d8221e7-753d-477c-af1c-2e7d00c86b06","local_time":"20210110182255","is_ascension_mode":true,"campfire_choices":[{"data":"Crippling Poison","floor":6,"key":"SMITH"},{"floor":13,"key":"REST"},{"floor":15,"key":"REST"},{"data":"Footwork","floor":23,"key":"SMITH"},{"floor":28,"key":"REST"},{"floor":30,"key":"REST"},{"floor":32,"key":"REST"}],"circlet_count":0,"master_deck":["Strike_G+1","Strike_G","Strike_G","Strike_G","Defend_G","Defend_G","Defend_G","Survivor","Neutralize","Crippling Poison+1","Cloak And Dagger+1","Cloak And Dagger","Outmaneuver","Corpse Explosion","Poisoned Stab","Acrobatics","Leg Sweep","Poisoned Stab","Storm of Steel","Deadly Poison","Footwork+1","Dodge and Roll","Dagger Throw","Flying Knee+1","Quick Slash+1","Calculated Gamble","Prepared+1","Adrenaline"],"relics":["Sozu","Gremlin Horn","Pantograph","Regal Pillow","SlaversCollar","Art of War","Vajra","Whetstone"],"acts_visited":["Exordium","TheCity"],"potions_floor_usage":[],"damage_taken":[{"damage":0,"enemies":"Cultist","floor":1,"turns":4},{"damage":0,"enemies":"Small Slimes","floor":2,"turns":4},{"damage":22,"enemies":"Lagavulin","floor":7,"turns":8},{"damage":0,"enemies":"2 Louse","floor":8,"turns":2},{"damage":16,"enemies":"Gremlin Nob","floor":10,"turns":4},{"damage":4,"enemies":"Blue Slaver","floor":11,"turns":3},{"damage":0,"enemies":"Exordium Wildlife","floor":12,"turns":2},{"damage":31,"enemies":"Slime Boss","floor":16,"turns":11},{"damage":3,"enemies":"3 Byrds","floor":18,"turns":3},{"damage":9,"enemies":"Chosen","floor":20,"turns":6},{"damage":6,"enemies":"Centurion and Healer","floor":22,"turns":6},{"damage":19,"enemies":"Snake Plant","floor":24,"turns":5},{"damage":2,"enemies":"Snecko","floor":25,"turns":5},{"damage":26,"enemies":"Sentry and Sphere","floor":29,"turns":8},{"damage":28,"enemies":"Book of Stabbing","floor":31,"turns":6},{"damage":73,"enemies":"Champ","floor":33,"turns":9}],"seed_played":"-9113101816554491934","potions_obtained":[],"is_trial":false,"path_per_floor":["M","M","?","?","?","R","E","M","T","E","M","M","R","$","R","B",null,"M","$","M","?","M","R","M","M","T","?","R","M","R","E","R","B"],"character_chosen":"THE_SILENT","items_purchased":["Leg Sweep","Poisoned Stab","Footwork","Dodge and Roll"],"campfire_rested":5,"item_purchase_floors":[14,14,19,19],"current_hp_per_floor":[70,70,70,63,63,63,41,41,41,25,21,21,57,57,70,39,70,67,67,58,58,52,52,33,31,31,31,67,41,70,42,70,0,0],"gold":136,"neow_bonus":"BOSS_RELIC","is_daily":false,"chose_seed":false,"campfire_upgraded":2,"win_rate":0.0,"timestamp":1610324575,"path_taken":["M","?","?","?","?","R","E","M","T","E","M","M","R","?","R","BOSS","M","$","M","?","M","R","?","M","T","?","R","M","R","E","R","BOSS"],"items_purchased_type":["Card","Card","Card","Card"],"build_version":"2020-12-22","purchased_purges":1,"victory":false,"max_hp_per_floor":[70,70,70,70,70,70,70,70,70,70,70,70,70,70,70,70,70,70,70,70,70,70,70,70,70,70,70,70,70,70,70,70,70,70],"card_choices":[{"not_picked":["Dagger Spray","PiercingWail"],"picked":"Crippling Poison","floor":1},{"not_picked":["Quick Slash","Eviscerate"],"picked":"Cloak And Dagger","floor":2},{"not_picked":["A Thousand Cuts","Deflect"],"picked":"Cloak And Dagger","floor":7},{"not_picked":["Deflect","Underhanded Strike"],"picked":"Outmaneuver","floor":8},{"not_picked":["Calculated Gamble","Terror"],"picked":"Corpse Explosion","floor":10},{"not_picked":["Underhanded Strike","Flying Knee"],"picked":"Poisoned Stab","floor":11},{"not_picked":["Flying Knee","Masterful Stab"],"picked":"Acrobatics","floor":12},{"not_picked":["Night Terror","Venomology"],"picked":"Storm of Steel","floor":16},{"not_picked":["Sucker Punch","Bane+1"],"picked":"Deadly Poison","floor":18},{"not_picked":["Eviscerate","Acrobatics"],"picked":"Dagger Throw","floor":20},{"not_picked":["Slice","Sucker Punch"],"picked":"Flying Knee+1","floor":22},{"not_picked":["Dagger Spray","Eviscerate"],"picked":"Quick Slash","floor":24},{"not_picked":["PiercingWail","Masterful Stab"],"picked":"Calculated Gamble","floor":25},{"not_picked":["Slice","Reflex"],"picked":"Prepared+1","floor":29},{"not_picked":["Deadly Poison","Prepared+1"],"picked":"Adrenaline","floor":31}],"player_experience":101877,"relics_obtained":[{"floor":7,"key":"Gremlin Horn"},{"floor":9,"key":"Pantograph"},{"floor":10,"key":"Regal Pillow"},{"floor":26,"key":"Art of War"},{"floor":31,"key":"Whetstone"}],"event_choices":[{"cards_removed":["Defend_G"],"damage_healed":0,"gold_gain":0,"player_choice":"Card Removal","damage_taken":0,"max_hp_gain":0,"max_hp_loss":0,"event_name":"The Cleric","floor":3,"gold_loss":50},{"cards_removed":["Defend_G"],"damage_healed":0,"gold_gain":0,"player_choice":"Card Removal","damage_taken":7,"max_hp_gain":0,"max_hp_loss":0,"event_name":"Golden Wing","floor":4,"gold_loss":0},{"damage_healed":0,"gold_gain":0,"player_choice":"Grow","damage_taken":0,"max_hp_gain":0,"max_hp_loss":0,"event_name":"Living Wall","floor":5,"gold_loss":0,"cards_upgraded":["Cloak And Dagger"]},{"damage_healed":0,"gold_gain":100,"player_choice":"Bet on Murderer","damage_taken":0,"max_hp_gain":0,"max_hp_loss":0,"event_name":"The Joust","floor":21,"gold_loss":50},{"damage_healed":0,"gold_gain":0,"player_choice":"Obtained Relic","damage_taken":0,"relics_obtained":["Vajra"],"max_hp_gain":0,"max_hp_loss":0,"event_name":"Addict","floor":27,"gold_loss":85}],"is_beta":false,"boss_relics":[{"not_picked":["Snecko Eye","Calling Bell"],"picked":"SlaversCollar"}],"items_purged_floors":[14],"is_endless":false,"potions_floor_spawned":[1,10,11,12,20,29],"killed_by":"Champ","ascension_level":1}}