{"host":"8u7tvcybuv0u72fd","time":1610337824,"event":{"mods":["BaseMod","BetterRewards","Colored Map","Colored Powertips","Minty Spire (QoL Compilation)","Quick Restart","Shop Mod"],"gold_per_floor":[116,81,99,99,99,99,114,126,172,200,217,257,257,103,103,213,213,226,69,114,123,143,183,183,183,210,319,319,319,338,367,367,477,477,500,513,513,529,540,540,564,592,616,616,616,95,114,125,125,125,125,125,64,98,98],"floor_reached":56,"playtime":2627,"items_purged":["Strike_R"],"score":1477,"play_id":"4ad66dca-df3c-4fa8-b40f-0b9708616bb6","local_time":"20210110230344","is_ascension_mode":false,"campfire_choices":[{"data":"Bash","floor":6.0,"key":"SMITH"},{"data":"Dramatic Entrance","floor":13.0,"key":"SMITH"},{"data":"Infernal Blade","floor":15.0,"key":"SMITH"},{"data":"Double Tap","floor":24.0,"key":"SMITH"},{"data":"Exhume","floor":28.0,"key":"SMITH"},{"data":"Body Slam","floor":32,"key":"SMITH"},{"data":"Barricade","floor":40,"key":"SMITH"},{"floor":49,"key":"RECALL"},{"data":"Disarm","floor":52,"key":"SMITH"}],"circlet_count":0,"master_deck":["Defend_R+1","Defend_R","Defend_R","Bash+1","Dramatic Entrance+1","Dropkick+1","Shrug It Off+1","Infernal Blade+1","Pommel Strike","Double Tap+1","Bite","Bite","Bite","Bite","Disarm+1","Exhume+1","Metallicize+1","Body Slam+1","Thunderclap+1","Barricade+1","Flex+1","Headbutt","Power Through+1","Armaments+1"],"relics":["Burning Blood","Champion Belt","Bag of Marbles","TheAbacus","Ancient Tea Set","HandDrill","Coffee Dripper","PreservedInsect","Kunai","Ginger","Gremlin Horn","SacredBark","Happy Flower","Mercury Hourglass","Vajra","MerchantsRug","Toy Ornithopter"],"acts_visited":["TheCity","TheBeyond","TheEnding"],"potions_floor_usage":[31,50,55,55,55],"damage_taken":[{"damage":0.0,"enemies":"Small Slimes","floor":1.0,"turns":1.0},{"damage":0.0,"enemies":"2 Louse","floor":3.0,"turns":1.0},{"damage":3.0,"enemies":"Jaw Worm","floor":7.0,"turns":2.0},{"damage":0.0,"enemies":"2 Fungi Beasts","floor":8.0,"turns":2.0},{"damage":8.0,"enemies":"Lagavulin","floor":10.0,"turns":4.0},{"damage":0.0,"enemies":"Looter","floor":11.0,"turns":2.0},{"damage":10.0,"enemies":"3 Sentries","floor":12.0,"turns":5.0},{"damage":19.0,"enemies":"The Guardian","floor":16.0,"turns":9.0},{"damage":0.0,"enemies":"2 Thieves","floor":18.0,"turns":1.0},{"damage":3.0,"enemies":"Spheric Guardian","floor":22.0,"turns":3.0},{"damage":0.0,"enemies":"Slavers","floor":23.0,"turns":1.0},{"damage":0.0,"enemies":"Colosseum Slavers","floor":27.0,"turns":1.0},{"damage":0.0,"enemies":"Colosseum Nobs","floor":27.0,"turns":2.0},{"damage":0.0,"enemies":"Centurion and Healer","floor":30.0,"turns":5.0},{"damage":0,"enemies":"3 Cultists","floor":31,"turns":3},{"damage":16,"enemies":"Collector","floor":33,"turns":6},{"damage":7,"enemies":"Orb Walker","floor":35,"turns":3},{"damage":19,"enemies":"3 Shapes","floor":36,"turns":3},{"damage":0,"enemies":"Maw","floor":38,"turns":8},{"damage":28,"enemies":"Spire Growth","floor":39,"turns":5},{"damage":5,"enemies":"3 Darklings","floor":42,"turns":3},{"damage":10,"enemies":"Transient","floor":47,"turns":5},{"damage":18,"enemies":"Sphere and 2 Shapes","floor":48,"turns":1},{"damage":18,"enemies":"Time Eater","floor":50,"turns":11},{"damage":9,"enemies":"Shield and Spear","floor":54,"turns":3},{"damage":61,"enemies":"The Heart","floor":55,"turns":11}],"seed_played":"-637090816059085850","potions_obtained":[{"floor":7.0,"key":"Block Potion"},{"floor":8.0,"key":"SpeedPotion"},{"floor":16.0,"key":"DistilledChaos"},{"floor":22.0,"key":"Weak Potion"},{"floor":27.0,"key":"ColorlessPotion"},{"floor":30.0,"key":"Fire Potion"},{"floor":33,"key":"SteroidPotion"},{"floor":35,"key":"BloodPotion"},{"floor":47,"key":"CultistPotion"}],"is_trial":false,"path_per_floor":["M","?","M","?","?","R","M","M","T","E","M","E","R","$","R","B",null,"M","$","?","?","M","E","R","?","T","?","R","?","M","M","R","B",null,"M","M","?","M","M","R","T","M","T","?","?","$","M","M","R","B",null,"R","$","E","B",null],"character_chosen":"IRONCLAD","items_purchased":["Champion Belt","Bag of Marbles","Dramatic Entrance","TheAbacus","Dropkick","HandDrill","PreservedInsect","Mercury Hourglass","Vajra","MerchantsRug","LiquidBronze","HeartOfIron"],"campfire_rested":0,"item_purchase_floors":[0,0,0,0,0,14,19,46,46,46,46,53],"current_hp_per_floor":[52,72,78,78,62,62,65,71,71,69,75,71,71,71,71,58,80,80,80,56,56,56,56,56,56,56,56,56,63,63,63,63,63,63,63,58,58,63,50,50,50,63,63,63,63,63,63,53,53,59,63,63,63,63,23],"gold":98,"neow_bonus":"","is_daily":false,"chose_seed":false,"campfire_upgraded":8,"win_rate":0.0,"timestamp":1610337824,"path_taken":["M","?","M","?","?","R","M","M","T","E","M","E","R","?","R","BOSS","M","$","?","?","?","E","R","?","T","?","R","?","M","M","R","BOSS","M","M","?","M","M","R","?","M","T","?","?","$","M","M","R","BOSS","R","$","E","BOSS"],"items_purchased_type":["Relic","Relic","Card","Relic","Card","Relic","Relic","Relic","Relic","Relic","Potion","Potion"],"build_version":"2020-12-22","purchased_purges":1,"victory":true,"max_hp_per_floor":[80,80,80,80,80,80,80,80,80,80,80,80,80,80,80,80,80,80,80,56,56,56,56,56,56,56,56,56,63,63,63,63,63,63,63,63,63,63,63,63,63,63,63,63,63,63,63,63,63,63,63,63,63,63,63],"card_choices":[{"not_picked":["Burning Pact","Flex","Warcry"],"picked":"SKIP","floor":1.0},{"not_picked":["Burning Pact","Armaments"],"picked":"Shrug It Off","floor":3.0},{"not_picked":["Spot Weakness","Sword Boomerang","Rage"],"picked":"SKIP","floor":7.0},{"not_picked":["Twin Strike","Havoc","Metallicize"],"picked":"SKIP","floor":8.0},{"not_picked":["Flame Barrier","Dropkick","Pummel"],"picked":"SKIP","floor":10.0},{"not_picked":["Reckless Charge","Burning Pact"],"picked":"Infernal Blade","floor":11.0},{"not_picked":["Hemokinesis","Perfected Strike"],"picked":"Pommel Strike","floor":12.0},{"not_picked":["Exhume","Bludgeon"],"picked":"Double Tap","floor":16.0},{"not_picked":["Havoc","Combust","Fire Breathing+1"],"picked":"SKIP","floor":18.0},{"not_picked":["Sword Boomerang","Seeing Red","Iron Wave"],"picked":"SKIP","floor":22.0},{"not_picked":["Clothesline","Infernal Blade"],"picked":"Exhume","floor":23.0},{"not_picked":["Headbutt+1","Pommel Strike"],"picked":"Metallicize+1","floor":27.0},{"not_picked":["Entrench","Pommel Strike"],"picked":"Body Slam","floor":30.0},{"not_picked":["Perfected Strike","Wild Strike+1"],"picked":"Thunderclap+1","floor":31},{"not_picked":["Juggernaut","Reaper"],"picked":"Barricade","floor":33},{"not_picked":["Iron Wave","Havoc"],"picked":"Flex+1","floor":35},{"not_picked":["Dropkick","Pummel+1","Cleave"],"picked":"SKIP","floor":36},{"not_picked":["Cleave+1","Combust","Armaments+1"],"picked":"SKIP","floor":38},{"not_picked":["Cleave+1","Combust","Armaments+1"],"picked":"SKIP","floor":38},{"not_picked":["Reckless Charge+1","Twin Strike","Anger"],"picked":"SKIP","floor":39},{"not_picked":["Pommel Strike","Perfected Strike+1"],"picked":"Headbutt","floor":42},{"not_picked":["Anger","Clash+1"],"picked":"Power Through+1","floor":47},{"not_picked":["Perfected Strike+1","Anger","Sword Boomerang+1"],"picked":"SKIP","floor":48},{"not_picked":["Intimidate","Perfected Strike+1"],"picked":"Armaments+1","floor":54}],"player_experience":1294530,"relics_obtained":[{"floor":9.0,"key":"Whetstone"},{"floor":10.0,"key":"Ancient Tea Set"},{"floor":12.0,"key":"CeramicFish"},{"floor":23.0,"key":"Kunai"},{"floor":26.0,"key":"Tiny Chest"},{"floor":27.0,"key":"Ginger"},{"floor":27.0,"key":"Gremlin Horn"},{"floor":43,"key":"Happy Flower"},{"floor":54,"key":"Toy Ornithopter"}],"event_choices":[{"damage_healed":20.0,"max_hp_gain":0.0,"max_hp_loss":0.0,"gold_gain":0.0,"event_name":"The Cleric","player_choice":"Healed","floor":2.0,"gold_loss":35.0,"damage_taken":0.0},{"damage_healed":0.0,"max_hp_gain":0.0,"max_hp_loss":0.0,"gold_gain":0.0,"event_name":"Liars Game","player_choice":"Ignored","floor":4.0,"gold_loss":0.0,"damage_taken":0.0},{"damage_healed":0.0,"max_hp_gain":0.0,"max_hp_loss":0.0,"gold_gain":0.0,"event_name":"Shining Light","player_choice":"Entered Light","floor":5.0,"gold_loss":0.0,"damage_taken":16.0,"cards_upgraded":["Shrug It Off","Defend_R"]},{"damage_healed":0.0,"max_hp_gain":0.0,"max_hp_loss":24.0,"gold_gain":0.0,"event_name":"Vampires","player_choice":"Became a vampire","floor":20.0,"gold_loss":0.0,"damage_taken":0.0,"cards_obtained":["Bite","Bite","Bite","Bite","Bite"]},{"damage_healed":0.0,"max_hp_gain":0.0,"max_hp_loss":0.0,"gold_gain":0.0,"cards_transformed":["Defend_R"],"event_name":"Transmorgrifier","player_choice":"Transformed","floor":21.0,"gold_loss":0.0,"damage_taken":0.0,"cards_obtained":["Disarm"]},{"damage_healed":0.0,"max_hp_gain":0.0,"max_hp_loss":0.0,"gold_gain":0.0,"event_name":"Ghosts","player_choice":"Ignored","floor":25.0,"gold_loss":0.0,"damage_taken":0.0},{"damage_healed":0.0,"max_hp_gain":0.0,"max_hp_loss":0.0,"gold_gain":0.0,"event_name":"Colosseum","player_choice":"Fight","floor":27.0,"gold_loss":0.0,"damage_taken":0.0},{"damage_healed":0.0,"max_hp_gain":0.0,"max_hp_loss":0.0,"gold_gain":0.0,"event_name":"Colosseum","player_choice":"Fought Nobs","floor":27.0,"gold_loss":0.0,"damage_taken":0.0},{"damage_healed":0.0,"max_hp_gain":0.0,"max_hp_loss":0.0,"gold_gain":0.0,"event_name":"The Mausoleum","player_choice":"Opened","floor":29.0,"gold_loss":0.0,"damage_taken":0.0,"relics_obtained":["Strawberry"]},{"damage_healed":0,"gold_gain":0,"player_choice":"0 cards matched","damage_taken":0,"max_hp_gain":0,"max_hp_loss":0,"event_name":"Match and Keep!","floor":37,"gold_loss":0,"cards_obtained":[]},{"damage_healed":0,"gold_gain":0,"player_choice":"Memory 1","damage_taken":0,"max_hp_gain":0,"max_hp_loss":0,"event_name":"SensoryStone","floor":44,"gold_loss":0},{"cards_removed":["Bite"],"damage_healed":0,"gold_gain":0,"player_choice":"Card Removal","damage_taken":0,"max_hp_gain":0,"max_hp_loss":0,"event_name":"Wheel of Change","floor":45,"gold_loss":0}],"is_beta":false,"boss_relics":[{"not_picked":["Runic Dome","Tiny House"],"picked":"Coffee Dripper"},{"not_picked":["Cursed Key","Fusion Hammer"],"picked":"SacredBark"}],"items_purged_floors":[0],"is_endless":false,"potions_floor_spawned":[7,8,16,22,27,27,30,33,35,47,48],"ascension_level":0}}