{"host":"x5anfo2w8aotfuta","time":1610408148,"event":{"mods":["AchievementEnabler","BaseMod","Bestiary","Block Reminder","Colored Map","Colored Powertips","DeckTracker","Highlight Path","Minty Spire (QoL Compilation)","Quick Restart","Rare Cards Sparkle","Relic Stats","StSLib"],"gold_per_floor":[112,123,138,151,151,151,182,182,182,182,54,82,97,111,111,213,213,232,232,244,258,258,258,13,13,39,69,88,88,88,187,187,187,187],"floor_reached":33,"playtime":2578,"items_purged":["Strike_R","Strike_R"],"score":410,"play_id":"392540dc-00cf-4b39-8d96-1506d780d74a","local_time":"20210111153548","is_ascension_mode":true,"campfire_choices":[{"data":"Clothesline","floor":6,"key":"SMITH"},{"floor":8,"key":"REST"},{"data":"Cleave","floor":10,"key":"SMITH"},{"data":"True Grit","floor":15,"key":"SMITH"},{"data":"Ghostly","floor":23,"key":"SMITH"},{"data":"Ghostly","floor":25,"key":"SMITH"},{"floor":29,"key":"REST"},{"data":"Feel No Pain","floor":32,"key":"SMITH"}],"circlet_count":0,"master_deck":["Strike_R","Strike_R","Strike_R","Defend_R","Defend_R","Defend_R","Defend_R","Bash","Cleave+1","Feel No Pain+1","Anger","Clothesline+1","Armaments","Shrug It Off","True Grit+1","Carnage","Offering","Burning Pact+1","Intimidate","Ghostly+1","Ghostly+1","Ghostly","Ghostly","Ghostly","Regret","True Grit"],"relics":["Black Star","White Beast Statue","Centennial Puzzle","Sundial","Letter Opener","Self Forming Clay","Cursed Key","Vajra","Smiling Mask","Mummified Hand"],"acts_visited":["Exordium","TheCity"],"potions_floor_usage":[12,14,14,16,16,21,21,27,28,33,33],"damage_taken":[{"damage":3,"enemies":"Jaw Worm","floor":1,"turns":5},{"damage":5,"enemies":"Cultist","floor":2,"turns":5},{"damage":12,"enemies":"2 Louse","floor":3,"turns":3},{"damage":5,"enemies":"2 Fungi Beasts","floor":4,"turns":3},{"damage":41,"enemies":"Lagavulin","floor":7,"turns":9},{"damage":7,"enemies":"3 Sentries","floor":12,"turns":5},{"damage":2,"enemies":"Large Slime","floor":13,"turns":6},{"damage":0,"enemies":"3 Louse","floor":14,"turns":1},{"damage":17,"enemies":"Slime Boss","floor":16,"turns":10},{"damage":14,"enemies":"Shell Parasite","floor":18,"turns":4},{"damage":6,"enemies":"Chosen","floor":20,"turns":4},{"damage":11,"enemies":"Snake Plant","floor":21,"turns":4},{"damage":28,"enemies":"Book of Stabbing","floor":27,"turns":7},{"damage":1,"enemies":"3 Cultists","floor":28,"turns":6},{"damage":44,"enemies":"Collector","floor":33,"turns":10}],"seed_played":"-4325162397433167020","potions_obtained":[{"floor":3,"key":"Ancient Potion"},{"floor":7,"key":"Explosive Potion"},{"floor":12,"key":"SteroidPotion"},{"floor":13,"key":"SteroidPotion"},{"floor":14,"key":"PowerPotion"},{"floor":16,"key":"GamblersBrew"},{"floor":18,"key":"Fire Potion"},{"floor":20,"key":"SkillPotion"},{"floor":21,"key":"Weak Potion"},{"floor":27,"key":"Energy Potion"},{"floor":28,"key":"SkillPotion"}],"is_trial":false,"path_per_floor":["M","M","M","M","?","R","E","R","T","R","$","E","M","M","R","B",null,"M","?","M","M","?","R","$","R","T","E","M","R","?","?","R","B"],"character_chosen":"IRONCLAD","items_purchased":["True Grit","Vajra"],"campfire_rested":2,"item_purchase_floors":[11,24],"current_hp_per_floor":[69,64,52,47,47,47,6,30,30,30,30,23,21,21,21,4,61,47,47,41,30,30,30,30,30,30,2,1,13,26,26,26,0,0],"gold":187,"neow_bonus":"BOSS_RELIC","is_daily":false,"chose_seed":false,"campfire_upgraded":6,"win_rate":0.0,"timestamp":1610408148,"path_taken":["M","M","M","M","?","R","E","R","T","R","$","E","M","M","R","BOSS","M","?","M","M","?","R","$","R","T","E","M","R","?","?","R","BOSS"],"items_purchased_type":["Card","Relic"],"build_version":"2020-12-22","purchased_purges":2,"victory":false,"max_hp_per_floor":[80,80,80,80,80,80,80,80,80,80,80,80,80,80,80,80,80,80,80,80,80,40,40,40,40,40,40,40,40,40,40,40,40,40],"relic_stats":{"Centennial Puzzle":[27],"counters":[15,82],"Sundial":[8],"Self Forming Clay":[69],"Mummified Hand":[2],"Black Star":3,"Letter Opener":[61],"Cursed Key":1,"Smiling Mask":0,"obtain_stats":[{"Centennial Puzzle":7,"Sundial":9,"Self Forming Clay":12,"Mummified Hand":27,"Vajra":24,"Black Star":0,"Letter Opener":12,"Cursed Key":17,"Smiling Mask":27,"Burning Blood":0,"White Beast Statue":7},{"Centennial Puzzle":5,"Sundial":5,"Self Forming Clay":6,"Mummified Hand":13,"Vajra":12,"Black Star":0,"Letter Opener":6,"Cursed Key":9,"Smiling Mask":13,"Burning Blood":0,"White Beast Statue":5},{"Centennial Puzzle":25,"Sundial":25,"Self Forming Clay":30,"Mummified Hand":66,"Vajra":59,"Black Star":0,"Letter Opener":30,"Cursed Key":47,"Smiling Mask":66,"Burning Blood":0,"White Beast Statue":25}]},"card_choices":[{"not_picked":["Havoc","Inflame"],"picked":"Cleave","floor":1},{"not_picked":["Combust","Flex"],"picked":"Feel No Pain","floor":2},{"not_picked":["Clash","Sword Boomerang"],"picked":"Anger","floor":3},{"not_picked":["Infernal Blade","Shockwave"],"picked":"Clothesline","floor":4},{"not_picked":["Burning Pact","Clash"],"picked":"Shrug It Off","floor":7},{"not_picked":["Hemokinesis","Brutality"],"picked":"Carnage","floor":12},{"not_picked":["Iron Wave","Power Through","Havoc"],"picked":"SKIP","floor":13},{"not_picked":["Rupture","Twin Strike","Headbutt"],"picked":"SKIP","floor":14},{"not_picked":["Limit Break","Demon Form"],"picked":"Offering","floor":16},{"not_picked":["Pommel Strike","Sentinel"],"picked":"Burning Pact+1","floor":18},{"not_picked":["Cleave","Shrug It Off","Warcry"],"picked":"SKIP","floor":20},{"not_picked":["Dropkick","Perfected Strike"],"picked":"Intimidate","floor":21},{"not_picked":["Flame Barrier","Thunderclap","Headbutt"],"picked":"SKIP","floor":27},{"not_picked":["Clash","Anger"],"picked":"True Grit","floor":28}],"player_experience":447622,"relics_obtained":[{"floor":7,"key":"White Beast Statue"},{"floor":7,"key":"Centennial Puzzle"},{"floor":9,"key":"Sundial"},{"floor":12,"key":"Letter Opener"},{"floor":12,"key":"Self Forming Clay"},{"floor":27,"key":"Smiling Mask"},{"floor":27,"key":"Mummified Hand"}],"event_choices":[{"damage_healed":0,"gold_gain":0,"player_choice":"1 cards matched","damage_taken":0,"max_hp_gain":0,"max_hp_loss":0,"event_name":"Match and Keep!","floor":5,"gold_loss":0,"cards_obtained":["Armaments"]},{"damage_healed":0,"gold_gain":0,"player_choice":"Ignored","damage_taken":0,"max_hp_gain":0,"max_hp_loss":0,"event_name":"The Mausoleum","floor":19,"gold_loss":0},{"damage_healed":0,"gold_gain":0,"player_choice":"Became a Ghost","damage_taken":0,"max_hp_gain":0,"max_hp_loss":40,"event_name":"Ghosts","floor":22,"gold_loss":0,"cards_obtained":["Ghostly","Ghostly","Ghostly","Ghostly","Ghostly"]},{"damage_healed":13,"gold_gain":0,"player_choice":"Heal","damage_taken":0,"max_hp_gain":0,"max_hp_loss":0,"event_name":"The Library","floor":30,"gold_loss":0},{"damage_healed":0,"gold_gain":99,"player_choice":"Stole From Cult","damage_taken":0,"max_hp_gain":0,"max_hp_loss":0,"event_name":"Nest","floor":31,"gold_loss":0}],"is_beta":false,"boss_relics":[{"not_picked":["Astrolabe","SacredBark"],"picked":"Cursed Key"}],"items_purged_floors":[11,24],"is_endless":false,"potions_floor_spawned":[3,7,12,13,14,16,18,20,21,27,28],"killed_by":"Collector","ascension_level":8}}