{"host":"i0avyit1s6jb1siw","time":1610379932,"event":{"mods":["BaseMod","DeckTracker","Dota2Spire","Highlight Path","Minty Spire (QoL Compilation)","Quick Restart","StSLib","SuperFastMode"],"gold_per_floor":[365,380,305,315,333,333,348,348,373,405,424,424,450,463,463,541,541,554,554,554,38,58,58,88,88,142,159,184,184,184,198,198,276,276,289,289,23,23,40,40,65,65,65],"floor_reached":42,"playtime":796,"items_purged":["Strike_G","Strike_G"],"score":982,"play_id":"069d937b-003c-47d6-98fd-c19ef28eba37","local_time":"20210111164532","is_ascension_mode":true,"campfire_choices":[{"data":"Corpse Explosion","floor":6,"key":"SMITH"},{"data":"Catalyst","floor":8,"key":"SMITH"},{"data":"Noxious Fumes","floor":12,"key":"SMITH"},{"floor":15,"key":"REST"},{"data":"Apotheosis","floor":23,"key":"SMITH"},{"floor":25,"key":"REST"},{"floor":30,"key":"REST"},{"data":"Ghostly","floor":32,"key":"SMITH"},{"floor":40,"key":"RECALL"}],"circlet_count":0,"master_deck":["AscendersBane","Strike_G","Strike_G","Defend_G","Defend_G","Defend_G","Defend_G","Defend_G","Survivor","Bouncing Flask","Noxious Fumes+1","Catalyst+1","Corpse Explosion+1","Blade Dance","Flechettes","Ghostly+1","Ghostly","Ghostly","Apotheosis+1","Accuracy","Catalyst","Outmaneuver","After Image","Blade Dance","Madness","Madness","Cloak And Dagger"],"relics":["Ring of the Snake","Happy Flower","Dota2Spire:MaskOfMadness","Bag of Preparation","Runic Pyramid","Medical Kit","Dota2Spire:EchoSabre","Dota2Spire:MagicBottle","Omamori","WristBlade","ClockworkSouvenir","Dota2Spire:BladeMail"],"acts_visited":["Exordium","TheCity","TheBeyond"],"potions_floor_usage":[10,22,24,31,41],"damage_taken":[{"damage":6,"enemies":"2 Louse","floor":1,"turns":5},{"damage":4,"enemies":"Jaw Worm","floor":2,"turns":3},{"damage":1,"enemies":"Cultist","floor":4,"turns":3},{"damage":5,"enemies":"2 Fungi Beasts","floor":5,"turns":4},{"damage":6,"enemies":"Looter","floor":7,"turns":4},{"damage":12,"enemies":"3 Sentries","floor":10,"turns":3},{"damage":1,"enemies":"Large Slime","floor":11,"turns":5},{"damage":1,"enemies":"Exordium Wildlife","floor":14,"turns":3},{"damage":10,"enemies":"Slime Boss","floor":16,"turns":6},{"damage":20,"enemies":"Shell Parasite","floor":18,"turns":3},{"damage":3,"enemies":"3 Byrds","floor":22,"turns":5},{"damage":17,"enemies":"Slavers","floor":24,"turns":3},{"damage":1,"enemies":"Shelled Parasite and Fungi","floor":27,"turns":2},{"damage":7,"enemies":"Book of Stabbing","floor":28,"turns":4},{"damage":1,"enemies":"Cultist and Chosen","floor":31,"turns":5},{"damage":1,"enemies":"Champ","floor":33,"turns":5},{"damage":0,"enemies":"3 Shapes","floor":35,"turns":4},{"damage":1,"enemies":"Orb Walker","floor":39,"turns":3},{"damage":24,"enemies":"Giant Head","floor":41,"turns":6},{"damage":6,"enemies":"4 Shapes","floor":42,"turns":1}],"seed_played":"8809973023025655288","potions_obtained":[{"floor":4,"key":"Block Potion"},{"floor":5,"key":"SkillPotion"},{"floor":7,"key":"Regen Potion"},{"floor":14,"key":"EssenceOfSteel"},{"floor":24,"key":"LiquidMemories"},{"floor":27,"key":"Energy Potion"},{"floor":28,"key":"DistilledChaos"},{"floor":33,"key":"LiquidBronze"},{"floor":41,"key":"Energy Potion"}],"is_trial":false,"path_per_floor":["M","M","?","M","M","R","M","R","T","E","M","R","T","M","R","B",null,"M","?","?","$","M","R","E","R","T","M","E","?","R","M","R","B",null,"M","?","$","?","M","R","E","M"],"character_chosen":"THE_SILENT","items_purchased":["Medical Kit","Apotheosis","Accuracy","ClockworkSouvenir"],"campfire_rested":3,"item_purchase_floors":[21,21,21,37],"current_hp_per_floor":[53,49,49,48,43,43,37,37,37,37,36,36,36,35,53,43,56,36,30,30,30,27,27,10,19,19,24,17,11,21,20,20,19,31,31,25,25,25,24,24,3,0,0],"gold":65,"neow_bonus":"TWO_FIFTY_GOLD","is_daily":false,"chose_seed":false,"campfire_upgraded":5,"win_rate":0.0,"timestamp":1610379932,"path_taken":["M","M","?","M","M","R","M","R","T","E","M","R","?","?","R","BOSS","M","?","?","$","M","R","E","R","T","M","E","?","R","M","R","BOSS","M","?","$","?","M","R","E","M"],"items_purchased_type":["Relic","Card","Card","Relic"],"build_version":"2020-12-22","purchased_purges":2,"victory":false,"max_hp_per_floor":[60,60,60,60,60,60,60,60,60,60,60,60,60,60,60,60,60,60,30,30,30,30,30,30,30,30,30,30,35,35,35,35,35,35,35,35,35,35,35,35,35,35,35],"card_choices":[{"not_picked":["Flying Knee","Infinite Blades"],"picked":"Bouncing Flask","floor":1},{"not_picked":["Sucker Punch","Tactician"],"picked":"Noxious Fumes","floor":2},{"not_picked":["Slice","Bane"],"picked":"Catalyst","floor":4},{"not_picked":["Outmaneuver","Blade Dance"],"picked":"Corpse Explosion","floor":5},{"not_picked":["Poisoned Stab","Slice"],"picked":"Blade Dance","floor":7},{"not_picked":["Terror","Infinite Blades","Dagger Throw"],"picked":"SKIP","floor":10},{"not_picked":["Quick Slash","Outmaneuver","Grand Finale"],"picked":"SKIP","floor":11},{"not_picked":["Quick Slash","Setup","Flying Knee"],"picked":"SKIP","floor":14},{"not_picked":["Riddle With Holes","Skewer"],"picked":"Flechettes","floor":18},{"not_picked":["Bane","Skewer"],"picked":"Catalyst","floor":22},{"not_picked":["Deadly Poison","Dagger Throw","Underhanded Strike"],"picked":"SKIP","floor":24},{"not_picked":["Crippling Poison","Accuracy","Bane"],"picked":"SKIP","floor":27},{"not_picked":["Flechettes","Cloak And Dagger","Outmaneuver"],"picked":"SKIP","floor":28},{"not_picked":["Dodge and Roll","Blur"],"picked":"Outmaneuver","floor":31},{"not_picked":["Tools of the Trade","Adrenaline"],"picked":"After Image","floor":33},{"not_picked":["Poisoned Stab+1","Flechettes"],"picked":"Blade Dance","floor":35},{"not_picked":["Dagger Spray+1","Bane"],"picked":"Cloak And Dagger","floor":39},{"not_picked":["Acrobatics+1","Dagger Spray","Outmaneuver"],"picked":"SKIP","floor":41}],"player_experience":2200774,"relics_obtained":[{"floor":9,"key":"Happy Flower"},{"floor":10,"key":"Dota2Spire:MaskOfMadness"},{"floor":13,"key":"Bag of Preparation"},{"floor":24,"key":"Dota2Spire:EchoSabre"},{"floor":26,"key":"Dota2Spire:MagicBottle"},{"floor":28,"key":"Omamori"},{"floor":41,"key":"Dota2Spire:BladeMail"}],"event_choices":[{"cards_removed":["Strike_G"],"damage_healed":0,"gold_gain":0,"player_choice":"Card Removal","damage_taken":0,"max_hp_gain":0,"max_hp_loss":0,"event_name":"The Cleric","floor":3,"gold_loss":75},{"damage_healed":0,"gold_gain":0,"player_choice":"Became a Ghost","damage_taken":0,"max_hp_gain":0,"max_hp_loss":30,"event_name":"Ghosts","floor":19,"gold_loss":0,"cards_obtained":["Ghostly","Ghostly","Ghostly"]},{"damage_healed":0,"gold_gain":0,"player_choice":"Ignored","damage_taken":0,"max_hp_gain":0,"max_hp_loss":0,"event_name":"The Mausoleum","floor":20,"gold_loss":0},{"damage_healed":0,"gold_gain":0,"player_choice":"Shed Blood","damage_taken":11,"max_hp_gain":5,"max_hp_loss":0,"event_name":"Forgotten Altar","floor":29,"gold_loss":0},{"damage_healed":0,"gold_gain":0,"player_choice":"Embrace Madness","damage_taken":6,"max_hp_gain":0,"max_hp_loss":0,"event_name":"Winding Halls","floor":36,"gold_loss":0,"cards_obtained":["Madness","Madness"]},{"cards_removed":["Neutralize"],"damage_healed":0,"gold_gain":0,"player_choice":"Removed Attack","damage_taken":0,"max_hp_gain":0,"max_hp_loss":0,"event_name":"Falling","floor":38,"gold_loss":0}],"is_beta":false,"boss_relics":[{"not_picked":["SlaversCollar","Ectoplasm"],"picked":"Runic Pyramid"},{"not_picked":["Snecko Eye","HoveringKite"],"picked":"WristBlade"}],"items_purged_floors":[21,37],"is_endless":false,"potions_floor_spawned":[4,5,7,14,24,27,28,33,35,41],"killed_by":"4 Shapes","ascension_level":20}}