{"host":"c3lc60y5x60jlt1y","time":1610378088,"event":{"mods":["AchievementEnabler","BaseMod","Bestiary","Colored Map","Minty Spire (QoL Compilation)","Quick Restart","StSLib","ojb\u0027s Info Mod"],"gold_per_floor":[366,24,35,35,35,60,73,73,73],"floor_reached":8,"playtime":203,"items_purged":[],"score":64,"play_id":"02896949-1a4e-4a41-b85c-0c23d0859a62","local_time":"20210111171448","is_ascension_mode":true,"campfire_choices":[],"circlet_count":0,"master_deck":["Strike_B","Strike_B","Strike_B","Defend_B","Defend_B","Defend_B","Defend_B","Zap","Dualcast","Streamline","Loop","Quick Slash","Steam Power","Masterful Stab","Redo"],"relics":["Cracked Core","Nunchaku","PrismaticShard","InkBottle","Anchor"],"acts_visited":[],"potions_floor_usage":[8,8],"damage_taken":[{"damage":0,"enemies":"Small Slimes","floor":1,"turns":2},{"damage":7,"enemies":"Jaw Worm","floor":3,"turns":2},{"damage":32,"enemies":"Gremlin Nob","floor":6,"turns":4},{"damage":0,"enemies":"Cultist","floor":7,"turns":2},{"damage":17,"enemies":"Lagavulin","floor":8,"turns":3}],"seed_played":"8005086802491962815","potions_obtained":[{"floor":6,"key":"PotionOfCapacity"},{"floor":7,"key":"Swift Potion"}],"is_trial":false,"path_per_floor":["M","$","M","?","T","E","M","E"],"character_chosen":"DEFECT","items_purchased":["Nunchaku","PrismaticShard","Loop"],"campfire_rested":0,"item_purchase_floors":[2,2,2],"current_hp_per_floor":[54,54,47,47,47,15,15,0,0],"gold":73,"neow_bonus":"TWO_FIFTY_GOLD","is_daily":false,"chose_seed":false,"campfire_upgraded":0,"win_rate":0.0,"timestamp":1610378088,"path_taken":["M","$","M","?","?","E","M","E"],"items_purchased_type":["Relic","Relic","Card"],"build_version":"2020-12-22","purchased_purges":0,"victory":false,"max_hp_per_floor":[75,75,75,75,75,75,75,75,75],"card_choices":[{"not_picked":["Conserve Battery","Sweeping Beam"],"picked":"Streamline","floor":1},{"not_picked":["ClearTheMind","Anger"],"picked":"Quick Slash","floor":3},{"not_picked":["Madness","Go for the Eyes"],"picked":"Masterful Stab","floor":6},{"not_picked":["Scrape","Tactician"],"picked":"Redo","floor":7}],"player_experience":7869543,"relics_obtained":[{"floor":5,"key":"InkBottle"},{"floor":6,"key":"Anchor"}],"event_choices":[{"damage_healed":0,"gold_gain":0,"cards_transformed":["Strike_B"],"player_choice":"Change","damage_taken":0,"max_hp_gain":0,"max_hp_loss":0,"event_name":"Living Wall","floor":4,"gold_loss":0,"cards_obtained":["Steam Power"]}],"is_beta":false,"boss_relics":[],"items_purged_floors":[],"is_endless":false,"potions_floor_spawned":[6,7],"killed_by":"Lagavulin","ascension_level":3}}