{"host":"17xjy7b7ubl548g2","time":1610340064,"event":{"mods":["2.2 Compatiblity","Act Like it!","Aspiration","Astrologer","Bard","BaseMod","Bestiary","Challenge The Spire","ChefMod","Colored Map","Conspire","Elementarium","Energized Spire","Gensokyo","GifTheSpireLib","Halation","Hallownest","Hubris","Infinite Spire","Jedi Mod","Jorbs\u0027s Wanderer Trilogy","Marisa（霧雨　魔理沙）","Marked Mod","Menagerie","Minty Spire (QoL Compilation)","Pale of the Ancients","Permanent Neow","Puzzle Mod","Replay The Spire","Robot Space Explorer","Spicy Shops","StSLib","Stuff the Spire","The Blue Laboratory","The Bug Knight","The Construct","The Disciple","The Factory","The Hayseed","The Hierophant","The Marked","The Runesmith","The Sage","TheFirefly"],"gold_per_floor":[115,115,129,148,48,48,75,75,75,106,106,139,150,150,150,182,182,329,329,348,361,6,19,30,30,65,65,65,99,109,109,129,164,164,260,260,277,277,277,292,355,380,380,415,441,505,579,129,129,158,158,158,158,158,83,83,83],"floor_reached":58,"playtime":7388,"items_purged":["chefmod:Strike","chefmod:Strike"],"score":1530,"play_id":"597b3c22-9d8b-4028-8ad6-e8ba1715f813","local_time":"20210110234103","is_ascension_mode":true,"campfire_choices":[{"data":"chefmod:ColdSteel","floor":6.0,"key":"SMITH"},{"data":"chefmod:QuickThaw","floor":8.0,"key":"SMITH"},{"data":"chefmod:NoSoupForYou","floor":17.0,"key":"SMITH"},{"data":"Gensokyo:TurboGranny","floor":25.0,"key":"SMITH"},{"data":"chefmod:FrozenTuna","floor":27.0,"key":"SMITH"},{"data":"chefmod:SearedScallops","floor":31.0,"key":"SMITH"},{"data":"chefmod:FrozenTuna","floor":34.0,"key":"SMITH"},{"data":"chefmod:Canape","floor":43.0,"key":"SMITH"},{"floor":51,"key":"RECALL"},{"data":"infinitespire:Punishment","floor":54,"key":"SMITH"},{"data":"chefmod:BleedOut","floor":56,"key":"SMITH"}],"circlet_count":0,"master_deck":["chefmod:Strike","chefmod:QuickThaw+1","chefmod:Defend","chefmod:Defend","chefmod:Defend","chefmod:Defend","chefmod:TodaysSpecial+1","chefmod:SliceAndDice","chefmod:Fillet","chefmod:IceCreamCone","chefmod:ColdSteel+1","chefmod:CapreseSalad","chefmod:Puree+1","chefmod:NoSoupForYou+1","chefmod:DinoKale+1","chefmod:BaoBuns","chefmod:FrozenTuna+1","chefmod:SearedScallops+1","Gensokyo:TurboGranny+1","chefmod:BananaSplit","chefmod:DinoKale+1","chefmod:SpaghettiCarbonara+1","chefmod:FreezerBurn+1","chefmod:DoubleChop","chefmod:BaoBuns+1","chefmod:FrozenTuna+1","chefmod:Canape+1","chefmod:Leftovers","infinitespire:Punishment+1","chefmod:CleanHouse+1","chefmod:FireUp","chefmod:LiquidNitrogen+1","chefmod:BaoBuns+1","chefmod:IcePick+1","ReplayTheSpireMod:Splinters","chefmod:Flambe+1","chefmod:FireUp+1","chefmod:FrozenTuna","chefmod:BleedOut+1"],"relics":["chefmod:TrustyPot","hubris:MobiusCoin","StoneCalendar","Replay:Rubber Ducky","Happy Flower","Replay:Wax Seal","chefmod:PepperMill","OrangePellets","Mercury Hourglass","Pear","HornCleat","hubris:Potato","Sozu","hubris:Towel","jedi:crownofsimplicity","Bag of Preparation","War Paint","HollowMod:JonisBlessing","ClockworkSouvenir","halation:Komachan","StuffTheSpire:HeavyRock"],"acts_visited":["Exordium","Gensokyo:Gensokyo","Gensokyo:Gensokyoer","TheEnding"],"potions_floor_usage":[50],"damage_taken":[{"damage":0.0,"enemies":"Gensokyo:Python","floor":1.0,"turns":3.0},{"damage":0.0,"enemies":"Gensokyo:2_Kodama","floor":3.0,"turns":4.0},{"damage":0.0,"enemies":"Gensokyo:Gryphon","floor":4.0,"turns":4.0},{"damage":8.0,"enemies":"Gensokyo:Mamizou","floor":7.0,"turns":6.0},{"damage":4.0,"enemies":"Gensokyo:Cirno","floor":10.0,"turns":6.0},{"damage":8.0,"enemies":"Gensokyo:Aya","floor":12.0,"turns":3.0},{"damage":0.0,"enemies":"Gensokyo:2_Rabbits","floor":13.0,"turns":2.0},{"damage":7.0,"enemies":"Gensokyo:Cirno","floor":16.0,"turns":7.0},{"damage":0.0,"enemies":"Gensokyo:Yukari","floor":18.0,"turns":6.0},{"damage":0.0,"enemies":"Gensokyo:Chomper","floor":20.0,"turns":2.0},{"damage":0.0,"enemies":"Gensokyo:CosmicMonolith","floor":21.0,"turns":3.0},{"damage":23.0,"enemies":"Gensokyo:Wraith","floor":23.0,"turns":4.0},{"damage":0.0,"enemies":"Gensokyo:3_Gloops","floor":24.0,"turns":6.0},{"damage":20.0,"enemies":"Gensokyo:Koishi","floor":26.0,"turns":7.0},{"damage":3.0,"enemies":"Gensokyo:Tenshi","floor":29.0,"turns":3.0},{"damage":0.0,"enemies":"Gensokyo:Slime_Group","floor":30.0,"turns":3.0},{"damage":0.0,"enemies":"Gensokyo:Chomper_and_Gloop","floor":32.0,"turns":4.0},{"damage":0.0,"enemies":"Gensokyo:Koishi","floor":33.0,"turns":6.0},{"damage":9.0,"enemies":"Gensokyo:Kaguya","floor":35.0,"turns":10.0},{"damage":12.0,"enemies":"Gensokyo:AncientGuardian","floor":37.0,"turns":7.0},{"damage":0.0,"enemies":"Gensokyo:3_Bats","floor":40.0,"turns":2.0},{"damage":0.0,"enemies":"Gensokyo:AtlasGolem","floor":41.0,"turns":3.0},{"damage":4.0,"enemies":"Nightmare","floor":42.0,"turns":9.0},{"damage":44.0,"enemies":"Gensokyo:Marisa","floor":44.0,"turns":6.0},{"damage":0.0,"enemies":"Gensokyo:Dusk_and_Dawn","floor":46.0,"turns":3.0},{"damage":0,"enemies":"Gensokyo:Doremy","floor":50,"turns":2},{"damage":0,"enemies":"Gensokyo:Yuyuko","floor":52,"turns":7},{"damage":23,"enemies":"The Heart","floor":57,"turns":13}],"seed_played":"-6439985509415518987","potions_obtained":[{"floor":3.0,"key":"AttackPotion"},{"floor":4.0,"key":"Adrenaline Potion"},{"floor":7.0,"key":"blueLaboratory:EnragingPotion"},{"floor":13.0,"key":"chefmod:AntifreezePotion"},{"floor":16.0,"key":"SteroidPotion"},{"floor":29.0,"key":"blueLaboratory:RecallPotion"},{"floor":30.0,"key":"Weak Potion"},{"floor":32.0,"key":"blueLaboratory:SavagePotion"}],"is_trial":false,"path_per_floor":["M","?","M","M","$","R","E","R","T","E","?","E","M","PTL","PTL","E","R","B",null,"M","M","COS","M","M","R","E","R","T","E","M","R","M","E","R","B",null,"M","AVR","?","M","M","NM","R","E","T","M","?","COS","?","E","R","B",null,"R","$","R","B",null],"character_chosen":"THE_CHEF","items_purchased":["chefmod:ColdSteel","chefmod:BleedOut"],"campfire_rested":0,"item_purchase_floors":[5,55],"current_hp_per_floor":[76,76,76,76,76,76,68,68,68,64,64,56,56,56,56,49,49,49,76,76,76,76,53,53,53,33,33,43,40,40,40,40,40,40,31,86,74,74,74,74,74,70,70,26,26,26,26,26,26,26,26,26,86,86,86,86,63],"gold":83,"neow_bonus":"UPGRADE_CARD","is_daily":false,"chose_seed":false,"campfire_upgraded":10,"win_rate":0.0,"timestamp":1610340063,"path_taken":["M","?","M","M","?","R","E","R","T","E","?","E","M","PTL","PTL","E","R","BOSS","M","?","COS","M","M","R","E","R","T","E","M","R","?","E","R","BOSS","M","AVR","?","M","M","NM","R","E","T","M","?","COS","?","E","R","BOSS","R","$","R","BOSS"],"items_purchased_type":["Card","Card"],"build_version":"2020-12-22","purchased_purges":2,"victory":true,"max_hp_per_floor":[76,76,76,76,76,76,76,76,76,76,76,76,76,76,76,76,76,76,76,76,76,76,76,76,76,76,76,86,86,86,86,86,86,86,86,86,86,86,86,86,86,86,86,86,86,86,86,86,86,86,86,86,86,86,86,86,86],"card_choices":[{"not_picked":["chefmod:FarmersMarket","chefmod:Granita"],"picked":"chefmod:SliceAndDice","floor":1.0},{"not_picked":["chefmod:Escargot","chefmod:IcePick"],"picked":"chefmod:Fillet","floor":3.0},{"not_picked":["chefmod:IcePick","chefmod:NoSoupForYou"],"picked":"chefmod:IceCreamCone","floor":4.0},{"not_picked":["chefmod:FireUp","chefmod:Cleavers"],"picked":"chefmod:CapreseSalad","floor":7.0},{"not_picked":["chefmod:KnifeFlurry","chefmod:GroceryDelivery"],"picked":"chefmod:Puree","floor":10.0},{"not_picked":["chefmod:Granita","chefmod:SliceAndDice"],"picked":"chefmod:NoSoupForYou","floor":12.0},{"not_picked":["chefmod:FarmersMarket","chefmod:Sorbet"],"picked":"chefmod:DinoKale","floor":13.0},{"not_picked":["chefmod:Puree","chefmod:FryPan"],"picked":"chefmod:BaoBuns","floor":16.0},{"not_picked":["chefmod:RisingDough","chefmod:RaidPantry"],"picked":"chefmod:FrozenTuna","floor":18.0},{"not_picked":["chefmod:ZaruSoba","chefmod:FiveAlarmChili"],"picked":"chefmod:SearedScallops","floor":20.0},{"not_picked":["chefmod:Sorbet+1","chefmod:Defrost","chefmod:Gelato"],"picked":"SKIP","floor":21.0},{"not_picked":["chefmod:MonsterBait","chefmod:DinoKale"],"picked":"chefmod:BananaSplit","floor":23.0},{"not_picked":["chefmod:FreshProduce","chefmod:Defrost"],"picked":"chefmod:DinoKale+1","floor":24.0},{"not_picked":["chefmod:Omelette+1","chefmod:Chop+1"],"picked":"chefmod:SpaghettiCarbonara+1","floor":26.0},{"not_picked":["chefmod:ZaruSoba","chefmod:PotatoGratin"],"picked":"chefmod:FreezerBurn+1","floor":29.0},{"not_picked":["chefmod:SliceAndDice","chefmod:Defrost+1"],"picked":"chefmod:DoubleChop","floor":30.0},{"not_picked":["chefmod:FryPan","chefmod:ColdSteel"],"picked":"chefmod:BaoBuns","floor":32.0},{"not_picked":["chefmod:VegetableTart","chefmod:Sorbet"],"picked":"chefmod:FrozenTuna","floor":33.0},{"not_picked":["chefmod:TwoForOne","chefmod:RaidPantry"],"picked":"chefmod:Canape","floor":35.0},{"not_picked":["chefmod:Sorbet","chefmod:SliceAndDice"],"picked":"chefmod:Leftovers","floor":37.0},{"not_picked":["chefmod:FreshProduce","chefmod:OldCookbook+1"],"picked":"chefmod:CleanHouse+1","floor":40.0},{"not_picked":["chefmod:CayenneCloud","chefmod:FarmersMarket+1"],"picked":"chefmod:FireUp","floor":41.0},{"not_picked":["chefmod:FryPan+1","chefmod:FreezerBurn"],"picked":"chefmod:LiquidNitrogen+1","floor":42.0},{"not_picked":["chefmod:IcePick","chefmod:SaveForLater"],"picked":"chefmod:BaoBuns+1","floor":44.0},{"not_picked":["chefmod:Flambe","chefmod:Gelato"],"picked":"chefmod:IcePick+1","floor":46.0},{"not_picked":["chefmod:FryPan","chefmod:HotSoup+1"],"picked":"chefmod:Flambe+1","floor":47.0},{"not_picked":["chefmod:HotSoup+1","chefmod:BananaSplit"],"picked":"chefmod:FireUp+1","floor":47.0},{"not_picked":["chefmod:AllYouCanEat","chefmod:FullBurn"],"picked":"chefmod:FrozenTuna","floor":50}],"player_experience":1736182,"relics_obtained":[{"floor":7.0,"key":"hubris:MobiusCoin"},{"floor":9.0,"key":"StoneCalendar"},{"floor":10.0,"key":"Replay:Rubber Ducky"},{"floor":12.0,"key":"Happy Flower"},{"floor":16.0,"key":"Replay:Wax Seal"},{"floor":26.0,"key":"Mercury Hourglass"},{"floor":28.0,"key":"Pear"},{"floor":29.0,"key":"HornCleat"},{"floor":33.0,"key":"hubris:Potato"},{"floor":42.0,"key":"jedi:crownofsimplicity"},{"floor":44.0,"key":"Bag of Preparation"},{"floor":47.0,"key":"War Paint"},{"floor":50,"key":"StuffTheSpire:HeavyRock"}],"event_choices":[],"is_beta":false,"boss_relics":[{"not_picked":["sagemod:Falmels_Amulet","halation:CatFaceCupcake"],"picked":"chefmod:PepperMill"},{"not_picked":["aspiration:MobileForge","conspire:RoyalGoblet"],"picked":"Sozu"}],"items_purged_floors":[5,38],"is_endless":false,"potions_floor_spawned":[3,4,7,13,16,21,29,30,32,37,41,42],"ascension_level":2}}