{"host":"y8hg8nbtd8qkv7tj","time":1610323288,"event":{"mods":["AchievementEnabler","Aspiration","BaseMod","BetterRewards","CapriCore","Colored Map","Downfall","Friendly Minions","GifTheSpireLib","GungeonMod","Hubris","Lobotomy","LobotomyExtend","Minty Spire (QoL Compilation)","Replay The Spire","StSLib","The Animator","The Bladedancer"],"gold_per_floor":[113,125,137,148,158,158,175,193,217,217,217,217,217,71,71,169,169,181,196,216,229,246,246,246,29,74,89,106,123,148,162,162,259,259,279,279,85,114,132,143,171,171,171,209,209,230,256,282,282,282],"floor_reached":51,"playtime":2704,"items_purged":[],"score":1072,"play_id":"54b511cb-e2b9-4b62-a070-d51e54063df4","local_time":"20210110190128","daily_mods":["Vintage","Time Dilation","Flight","DeadlyEvents","Elite Swarm"],"is_ascension_mode":true,"campfire_choices":[{"floor":6.0,"key":"REST"},{"floor":12.0,"key":"REST"}],"circlet_count":0,"master_deck":["WhiteNight","BigBird","Demon Form","Wraith Form v2","Echo Form+1","DevaForm+1","hexamod:ParanormalForm","sneckomod:SerpentMind","Guardian:ConstructionForm","Slimebound:DuplicatedForm","HereticApostle","SpecialBullet","SpecialBullet","SpecialBullet","SpecialBullet","SpecialBullet","SpecialBullet","SpecialBullet","ControlCode","SecurityCode","TrainingCode","InformationCode","OldLady","Soda","SoundOfStar","TT2Protocol","BigBadWolf","Pinks","SummonCall","Mimicry","ExtractionCode","Soda+1","QueenOfHatred","ParadiseLost+1","BlueStar","LittleHelper","BodiesMountain"],"relics":["CogitoBucket","DemoMod:SerJunkan","LetterFromLob","DemoMod:Junk","Molten Egg 2","DemoMod:PartiallyEatenCheese","TreeSap","Akabeko","MagicBullet_r","Moonlight_r","sneckomod:SneckoTalon","ChangeAnything","ReplayTheSpireMod:TigerMarble","HandDrill","hexamod:BolsterEngine","Torii","AtMidnight","Logging_r","Lamp_r","Replay:Ringing Soul","WantedRequest","Abe\u0027s Treasure","DeathAngel","CeramicFish","Blue Doll","Lantern","aspiration:FetidBarrel","Replay:Arrowhead","DemoMod:MonsterBlood"],"acts_visited":["Exordium","TheCity","TheBeyond"],"potions_floor_usage":[31,33,33,36,36,51,51],"damage_taken":[{"damage":0.0,"enemies":"Small Slimes","floor":1.0,"turns":3.0},{"damage":5.0,"enemies":"Cultist","floor":2.0,"turns":3.0},{"damage":6.0,"enemies":"Jaw Worm","floor":3.0,"turns":2.0},{"damage":12.0,"enemies":"Exordium Wildlife","floor":4.0,"turns":3.0},{"damage":38.0,"enemies":"Exordium Thugs","floor":5.0,"turns":5.0},{"damage":40.0,"enemies":"Lots of Slimes","floor":7.0,"turns":5.0},{"damage":0.0,"enemies":"Exordium Wildlife","floor":8.0,"turns":3.0},{"damage":7.0,"enemies":"Hexaghost","floor":16.0,"turns":6.0},{"damage":0.0,"enemies":"2 Thieves","floor":18.0,"turns":2.0},{"damage":0.0,"enemies":"Spheric Guardian","floor":19.0,"turns":1.0},{"damage":10.0,"enemies":"Chosen and Byrds","floor":20.0,"turns":2.0},{"damage":0.0,"enemies":"Cultist and Chosen","floor":21.0,"turns":1.0},{"damage":20.0,"enemies":"Centurion and Healer","floor":22.0,"turns":1.0},{"damage":0.0,"enemies":"Chosen and Byrds","floor":27.0,"turns":1.0},{"damage":0.0,"enemies":"Shelled Parasite and Fungi","floor":28.0,"turns":1.0},{"damage":0.0,"enemies":"Snake Plant","floor":29.0,"turns":1.0},{"damage":0.0,"enemies":"Slavers","floor":30.0,"turns":1.0},{"damage":1,"enemies":"Cultist and Chosen","floor":31,"turns":2},{"damage":20,"enemies":"Pondfish","floor":33,"turns":3},{"damage":0,"enemies":"3 Shapes","floor":35,"turns":1},{"damage":12,"enemies":"3 Darklings","floor":36,"turns":4},{"damage":0,"enemies":"3 Darklings","floor":38,"turns":1},{"damage":0,"enemies":"4 Shapes","floor":39,"turns":1},{"damage":0,"enemies":"Writhing Mass","floor":40,"turns":1},{"damage":0,"enemies":"Sphere and 2 Shapes","floor":41,"turns":1},{"damage":20,"enemies":"Reptomancer","floor":44,"turns":1},{"damage":0,"enemies":"Maw","floor":46,"turns":2},{"damage":0,"enemies":"Spire Growth","floor":47,"turns":1},{"damage":0,"enemies":"4 Shapes","floor":48,"turns":1},{"damage":12,"enemies":"Replay:Hell Engine","floor":50,"turns":4},{"damage":56,"enemies":"Malkuth","floor":51,"turns":3},{"damage":106,"enemies":"Yesod","floor":51,"turns":4}],"seed_played":"-6035377760464129042","potions_obtained":[{"floor":1.0,"key":"LifebloodPotion"},{"floor":3.0,"key":"Elixir"},{"floor":7.0,"key":"SteroidPotion"},{"floor":16.0,"key":"Strength Potion"},{"floor":22.0,"key":"LifebloodPotion"},{"floor":28.0,"key":"Reflective Coating"},{"floor":33,"key":"LifebloodPotion"},{"floor":35,"key":"Strength Potion"},{"floor":40,"key":"ColorlessPotion"},{"floor":46,"key":"Energy Potion"}],"is_trial":true,"path_per_floor":["M","M","M","M","M","R","M","M","T","R","R","R","M","$","R","B",null,"M","M","M","M","M","R","R","$","T","M","M","M","E","M","R","B",null,"M","M","$","M","M","M","M","R","T","E","$","M","M","M","R_BF","B",null],"character_chosen":"Angela","items_purchased":["Soda","BlessingOfTheForge","Dexterity Potion","HandDrill","LiquidMemories","CeramicFish","ColorlessPotion"],"campfire_rested":2,"item_purchase_floors":[14,14,14,25,25,37,37],"current_hp_per_floor":[70,70,70,66,36,57,25,33,33,33,33,54,26,26,26,31,70,70,70,68,70,58,58,58,58,58,66,74,78,82,85,85,80,91,98,88,88,98,101,101,101,101,101,108,108,111,118,125,125,139],"gold":282,"neow_bonus":"","is_daily":false,"chose_seed":false,"campfire_upgraded":0,"win_rate":0.0,"timestamp":1610323288,"path_taken":["M","M","M","M","M","R","M","M","T","R","R","R","M","$","R","BOSS","M","M","M","M","M","R","R","$","T","M","M","M","E","M","R","BOSS","M","M","$","M","M","M","M","R","T","E","$","M","M","M","R_BF","BOSS"],"items_purchased_type":["Card","Potion","Potion","Relic","Potion","Relic","Potion"],"build_version":"2020-12-22","purchased_purges":0,"victory":true,"max_hp_per_floor":[70,70,70,70,70,70,70,70,70,70,70,70,70,70,70,70,70,70,70,70,70,70,70,70,70,70,70,74,78,82,85,85,88,91,98,98,98,101,101,101,108,108,108,111,111,118,125,139,139,139],"card_choices":[{"not_picked":["OSAHOGD","MHz"],"picked":"DespairKnight","floor":1.0},{"not_picked":["Porccubus","Scorched"],"picked":"OldLady","floor":5.0},{"not_picked":["Variant","BeautyBeast"],"picked":"BigBird","floor":8.0},{"not_picked":["Mimicry"],"picked":"SoundOfStar","floor":16.0},{"not_picked":["Scorched","Funeral"],"picked":"Woodsman","floor":28.0},{"not_picked":["Rudolta","UniverseFragment"],"picked":"BigBadWolf","floor":29.0},{"not_picked":["Rudolta","LittleHelper"],"picked":"Mercenary","floor":30.0},{"not_picked":["ParadiseLost+1"],"picked":"Pinks","floor":30.0},{"not_picked":["Adoration"],"picked":"Mimicry","floor":33},{"not_picked":["NakedNest","LittlePrince"],"picked":"WhiteNight","floor":35},{"not_picked":["FrostShard+1","RedEyes+1"],"picked":"Soda+1","floor":41},{"not_picked":["BlueStar","SilentOrchestra"],"picked":"QueenOfHatred","floor":41},{"not_picked":["Justitia+1","Pinks"],"picked":"ParadiseLost+1","floor":44},{"not_picked":["LittlePrince","Alriune","BeautyBeast"],"picked":"Singing Bowl","floor":44},{"not_picked":["Yin","NothingThere"],"picked":"BlueStar","floor":46},{"not_picked":["Bloodbath","Variant"],"picked":"LittleHelper","floor":47},{"not_picked":["GalaxyChild","SingingMachine","VoidDream"],"picked":"Singing Bowl","floor":48},{"not_picked":["SnowQueen","GreedKing"],"picked":"BodiesMountain","floor":48}],"player_experience":98059,"relics_obtained":[{"floor":1.0,"key":"DemoMod:SerJunkan"},{"floor":1.0,"key":"LetterFromLob"},{"floor":2.0,"key":"DemoMod:Junk"},{"floor":3.0,"key":"DemoMod:Junk"},{"floor":4.0,"key":"Molten Egg 2"},{"floor":5.0,"key":"DemoMod:Junk"},{"floor":7.0,"key":"DemoMod:PartiallyEatenCheese"},{"floor":8.0,"key":"DemoMod:Junk"},{"floor":9.0,"key":"Akabeko"},{"floor":18.0,"key":"DemoMod:Junk"},{"floor":19.0,"key":"DemoMod:Junk"},{"floor":20.0,"key":"DemoMod:Junk"},{"floor":21.0,"key":"ReplayTheSpireMod:TigerMarble"},{"floor":22.0,"key":"DemoMod:Junk"},{"floor":26.0,"key":"DemoMod:Junk"},{"floor":27.0,"key":"hexamod:BolsterEngine"},{"floor":28.0,"key":"Torii"},{"floor":29.0,"key":"AtMidnight"},{"floor":29.0,"key":"DemoMod:Junk"},{"floor":30.0,"key":"DemoMod:Junk"},{"floor":31,"key":"Replay:Ringing Soul"},{"floor":35,"key":"DemoMod:Junk"},{"floor":36,"key":"DeathAngel"},{"floor":38,"key":"DemoMod:Junk"},{"floor":39,"key":"DemoMod:Junk"},{"floor":40,"key":"Blue Doll"},{"floor":41,"key":"DemoMod:Junk"},{"floor":43,"key":"DemoMod:Junk"},{"floor":44,"key":"Lantern"},{"floor":46,"key":"aspiration:FetidBarrel"},{"floor":47,"key":"Replay:Arrowhead"},{"floor":48,"key":"DemoMod:MonsterBlood"}],"event_choices":[],"is_beta":false,"boss_relics":[{"not_picked":["DemoMod:WaxWing","Snecko Heart"],"picked":"sneckomod:SneckoTalon"},{"not_picked":["aspiration:RitualDagger","aspiration:RunicSpoon"],"picked":"Abe\u0027s Treasure"}],"items_purged_floors":[],"is_endless":false,"potions_floor_spawned":[1,3,7,16,19,22,28,29,33,35,40,46],"ascension_level":1}}