{"host":"z6c1sol8rulx2ubz","time":1610397060,"event":{"mods":["AchievementEnabler","Act Like it!","BaseMod","Better Note","Better Third Choice","Downfall","Elementarium","Gold Saver","Hallownest","Hermit","Hubris","Infinite Spire","Jorbs\u0027s Wanderer Trilogy","Minty Spire (QoL Compilation)","Potionbrewer","Quick Restart","Rare Cards Sparkle","StSLib","The Animator","The Bug Knight","The Cursed","The Dragon Tamer","The Necromancer","Wandering Minibosses"],"gold_per_floor":[117,0,10,10,10,10,38,3,79,79,99,110,110,110,110,110,110],"floor_reached":16,"playtime":819,"items_purged":[],"score":123,"play_id":"4e81dbfa-ef35-4933-b0ac-155fc83c83d6","local_time":"20210111203100","is_ascension_mode":false,"campfire_choices":[{"floor":6,"key":"RECALL"},{"floor":15,"key":"REST"}],"circlet_count":0,"master_deck":["HollowMod:NailStrikeStart","HollowMod:NailStrikeStart","HollowMod:NailStrikeStart","HollowMod:NailStrikeStart","HollowMod:FocusHealStart","HollowMod:PogoStrike","HollowMod:ChannelNail","HollowMod:BrokenVessel","HollowMod:CornifersMapStart","Hallownest:skillSlugHide","Hallownest:skillSlugHide","Hallownest:skillSlugHide","Hallownest:skillSlugHide","Hallownest:skillSlugHide","HollowMod:SoulStrike","HollowMod:SiblingsSouls","HollowMod:InfectedCysts"],"relics":["HollowMod:VesselMask","Bag of Preparation","PreservedInsect"],"acts_visited":["Hallownest:Greenpath"],"potions_floor_usage":[11,16],"damage_taken":[{"damage":4,"enemies":"Hallownest:2_MossCreeps","floor":1,"turns":6},{"damage":1,"enemies":"Hallownest:monsterHuskWarrior","floor":3,"turns":3},{"damage":55,"enemies":"Hallownest:eliteCrystalGuardian","floor":7,"turns":8},{"damage":3,"enemies":"Hallownest:2_Baldur","floor":11,"turns":3},{"damage":20,"enemies":"Hallownest:Guard_and_Warrior","floor":12,"turns":8},{"damage":54,"enemies":"Hallownest:BossBrokenVessel","floor":16,"turns":7}],"seed_played":"-1054375717298030987","potions_obtained":[{"floor":3,"key":"LiquidBronze"},{"floor":7,"key":"potionbrewer:MidasPotion"}],"is_trial":false,"path_per_floor":["M","?","M","?","?","R","E","?","T","?","M","M","$","?","R","B"],"character_chosen":"THE_BUGKNIGHT","items_purchased":[],"campfire_rested":1,"item_purchase_floors":[],"current_hp_per_floor":[75,75,75,75,75,75,32,37,37,37,34,24,24,15,39,0,0],"gold":110,"neow_bonus":"THREE_CARDS","is_daily":false,"chose_seed":false,"campfire_upgraded":0,"win_rate":0.0,"timestamp":1610397060,"path_taken":["M","?","M","?","?","R","E","?","T","?","?","M","$","?","R","BOSS"],"items_purchased_type":[],"build_version":"2020-12-22","purchased_purges":0,"victory":false,"max_hp_per_floor":[75,75,75,75,75,75,75,80,80,80,80,80,80,80,80,80,80],"card_choices":[{"not_picked":["HollowMod:ShadowDash","HollowMod:VengefulVoid"],"picked":"HollowMod:ChannelNail","floor":0},{"not_picked":["HollowMod:GrimmsGift","HollowMod:WraithStrike"],"picked":"HollowMod:BrokenVessel","floor":1},{"not_picked":["HollowMod:WraithStrike","HollowMod:SharpenedShadows"],"picked":"HollowMod:CornifersMapStart","floor":3},{"not_picked":["HollowMod:ShapeofUnn","HollowMod:CornifersMapStart"],"picked":"HollowMod:SiblingsSouls","floor":7},{"not_picked":["HollowMod:NewLittleFool","HollowMod:DreamGate","HollowMod:ShadowDash"],"picked":"SKIP","floor":11},{"not_picked":["HollowMod:CloakDash","HollowMod:LuriensSpire"],"picked":"HollowMod:InfectedCysts","floor":12}],"player_experience":276935,"relics_obtained":[{"floor":7,"key":"PreservedInsect"}],"event_choices":[],"is_beta":false,"boss_relics":[],"items_purged_floors":[],"is_endless":false,"potions_floor_spawned":[3,7],"killed_by":"Hallownest:BossBrokenVessel","ascension_level":0}}