{"host":"94qggqh0xz0sp6ai","time":1610323514,"event":{"mods":["Abigail Mod","Act Like it!","BaseMod","CapriCore","Downfall","Friendly Minions","Gensokyo","Hermit","Jorbs\u0027s Wanderer Trilogy","Koishi","Marisa（霧雨　魔理沙）","Minty Spire (QoL Compilation)","Permanent Neow","Reimu（博??梦）","StSLib","The Alterego","The Construct","The Cursed","The Hierophant","The Immortal","The Marked","The Servant 0.9.4","TheBandit","Waifu the Spire"],"gold_per_floor":[112,40,215,215,227,257,257,269,293,311,331,331,347,359,359,461,461,478,393,463,488,92,92,127,127,127,149,149,176,176,176],"floor_reached":30,"playtime":912,"items_purged":["Doubt"],"score":277,"play_id":"4840f660-9a20-4d9d-8b65-0bc35777a948","local_time":"20210110180514","is_ascension_mode":true,"campfire_choices":[{"data":"theMarked:SoldierOfQuellstein","floor":7,"key":"SMITH"},{"floor":12,"key":"REST"},{"floor":15,"key":"REST"},{"floor":23,"key":"REST"},{"floor":25,"key":"REST"}],"circlet_count":0,"master_deck":["theMarked:Strike","theMarked:Strike","theMarked:Strike","theMarked:Strike","theMarked:Strike","theMarked:Defend+1","theMarked:Defend","theMarked:Defend+1","theMarked:Defend","theMarked:SoldierOfQuellstein+1","Discovery","theMarked:MysticalArsenal+1","theMarked:MysticalArsenal","theMarked:ResourceFulStrike","theMarked:DeterminationOfTheMarked","theMarked:Frustration","theMarked:WardOff","theMarked:SummonStrength","theMarked:BanishingWave","theMarked:HeightenedSenses+1","theMarked:ComboAttacks","theMarked:ElementalBlade+1","theMarked:Seal+1","theMarked:WardOff+1","theMarked:Standoff"],"relics":["theMarked:ArtifactOfAir","War Paint","Vajra","Fusion Hammer","CeramicFish","Toxic Egg 2","ClockworkSouvenir","Regal Pillow","Singing Bowl"],"acts_visited":["Exordium","TheCity"],"potions_floor_usage":[6,11,11,24],"damage_taken":[{"damage":1,"enemies":"Cultist","floor":1,"turns":3},{"damage":5,"enemies":"2 Louse","floor":5,"turns":2},{"damage":10,"enemies":"Gremlin Nob","floor":6,"turns":4},{"damage":0,"enemies":"Small Slimes","floor":8,"turns":3},{"damage":20,"enemies":"Exordium Thugs","floor":10,"turns":5},{"damage":33,"enemies":"Exordium Wildlife","floor":11,"turns":6},{"damage":6,"enemies":"2 Fungi Beasts","floor":13,"turns":4},{"damage":1,"enemies":"Red Slaver","floor":14,"turns":3},{"damage":20,"enemies":"The Guardian","floor":16,"turns":7},{"damage":36,"enemies":"2 Thieves","floor":18,"turns":4},{"damage":15,"enemies":"Chosen","floor":21,"turns":5},{"damage":30,"enemies":"Book of Stabbing","floor":24,"turns":5},{"damage":3,"enemies":"Centurion and Healer","floor":27,"turns":5},{"damage":23,"enemies":"Colosseum Slavers","floor":28,"turns":4},{"damage":2,"enemies":"Shelled Parasite and Fungi","floor":29,"turns":5},{"damage":18,"enemies":"Gremlin Leader","floor":30,"turns":2}],"seed_played":"-1398794549470327233","potions_obtained":[{"floor":1,"key":"BlessingOfTheForge"},{"floor":5,"key":"LiquidMemories"},{"floor":10,"key":"Swift Potion"},{"floor":16,"key":"ZuzhouPotion:ReiMu"},{"floor":24,"key":"Ancient Potion"}],"is_trial":false,"path_per_floor":["M","$","?","?","M","E","R","M","T","M","M","R","M","M","R","B",null,"M","?","T","M","$","R","E","R","T","M","?","M","E"],"character_chosen":"THE_DEFAULT","items_purchased":["theMarked:MysticalArsenal","ClockworkSouvenir","theMarked:ComboAttacks","theMarked:ElementalBlade+1","AttackPotion"],"campfire_rested":4,"item_purchase_floors":[2,22,22,22,22],"current_hp_per_floor":[69,69,69,69,64,54,54,54,54,34,1,22,16,15,36,16,70,34,34,34,19,19,40,10,46,46,43,20,18,0,0],"gold":176,"neow_bonus":"RANDOM_COLORLESS","is_daily":false,"chose_seed":false,"campfire_upgraded":1,"win_rate":0.0,"timestamp":1610323514,"path_taken":["M","$","?","?","M","E","R","M","T","M","M","R","M","M","R","BOSS","M","?","?","M","?","R","E","R","T","M","?","?","E"],"items_purchased_type":["Card","Relic","Card","Card","Potion"],"build_version":"2020-12-22","purchased_purges":1,"victory":false,"max_hp_per_floor":[70,70,70,70,70,70,70,70,70,70,70,70,70,70,70,70,70,70,70,70,70,70,70,70,70,70,70,70,70,70,70],"card_choices":[{"not_picked":["expansioncontent:FaceSlap","Flash of Steel"],"picked":"Discovery","floor":0},{"not_picked":["theMarked:HeightenedSenses","theMarked:WastefulAttack"],"picked":"theMarked:MysticalArsenal","floor":1},{"not_picked":["theMarked:SelfDefenseTraining","theMarked:Convert","theMarked:SwordAndMagic"],"picked":"SKIP","floor":5},{"not_picked":["theMarked:Aftermath","theMarked:AttractMetal"],"picked":"theMarked:ResourceFulStrike","floor":6},{"not_picked":["theMarked:ShockingTouch","theMarked:Improvise"],"picked":"theMarked:DeterminationOfTheMarked","floor":8},{"not_picked":["theMarked:WastefulDefense","theMarked:ElectricStrings"],"picked":"theMarked:Frustration","floor":10},{"not_picked":["theMarked:ResourceFulStrike","theMarked:LightningStrikesTwice","theMarked:DeterminationOfTheMarked"],"picked":"SKIP","floor":11},{"not_picked":["theMarked:ChainLightning","theMarked:SwordAndMagic"],"picked":"theMarked:WardOff","floor":13},{"not_picked":["theMarked:Snap","theMarked:Electrify","theMarked:ResourceFulStrike"],"picked":"SKIP","floor":14},{"not_picked":["theMarked:Vacuum","theMarked:ChannelForce"],"picked":"theMarked:SummonStrength","floor":16},{"not_picked":["theMarked:ElectricStrings","theMarked:EmpowerWeapon"],"picked":"theMarked:BanishingWave","floor":18},{"not_picked":["theMarked:Electrify+1","theMarked:WastefulAttack+1"],"picked":"theMarked:HeightenedSenses+1","floor":21},{"not_picked":["theMarked:KeepCalmAndFightOn+1","theMarked:ChainLightning"],"picked":"theMarked:Seal+1","floor":24},{"not_picked":["theMarked:TurnInvisible+1","theMarked:Convert+1"],"picked":"theMarked:WardOff+1","floor":27},{"not_picked":["theMarked:Reabsorb+1","theMarked:Electrify+1"],"picked":"theMarked:Standoff","floor":29}],"player_experience":1369721,"relics_obtained":[{"floor":6,"key":"War Paint"},{"floor":9,"key":"Vajra"},{"floor":20,"key":"Toxic Egg 2"},{"floor":24,"key":"Regal Pillow"},{"floor":26,"key":"Singing Bowl"}],"event_choices":[{"damage_healed":0,"gold_gain":175,"player_choice":"AGREE","damage_taken":0,"max_hp_gain":0,"max_hp_loss":0,"event_name":"Liars Game","floor":3,"gold_loss":0,"cards_obtained":["Doubt"]},{"damage_healed":0,"gold_gain":0,"player_choice":"Grow","damage_taken":0,"max_hp_gain":0,"max_hp_loss":0,"event_name":"Living Wall","floor":4,"gold_loss":0,"cards_upgraded":["theMarked:MysticalArsenal"]},{"damage_healed":0,"gold_gain":0,"player_choice":"Obtained Relic","damage_taken":0,"relics_obtained":["CeramicFish"],"max_hp_gain":0,"max_hp_loss":0,"event_name":"Addict","floor":19,"gold_loss":85},{"damage_healed":0,"gold_gain":0,"player_choice":"Fight","damage_taken":0,"max_hp_gain":0,"max_hp_loss":0,"event_name":"Colosseum","floor":28,"gold_loss":0},{"damage_healed":0,"gold_gain":0,"player_choice":"Fled From Nobs","damage_taken":0,"max_hp_gain":0,"max_hp_loss":0,"event_name":"Colosseum","floor":28,"gold_loss":0}],"is_beta":false,"boss_relics":[{"not_picked":["Sozu","Runic Pyramid"],"picked":"Fusion Hammer"}],"items_purged_floors":[22],"is_endless":false,"potions_floor_spawned":[1,5,10,16,24,28],"killed_by":"Gremlin Leader","ascension_level":2}}