{"host":"fjaupvxe7fzqrf4j","time":1610356593,"event":{"mods":["ATMod(°¢èªMod)","BaseMod","Minty Spire (QoL Compilation)","StSLib"],"gold_per_floor":[109,109,109,186,196,226,226,254,304,304,333,333,360,385,385,462,462,482,397,397,1,51,80,109,140,140,169,204,234,234,258,258,335,335,349,349,91,116,6,41,70,101,101,119,150,150,181,199,199,199,199,199,199,8,33,33],"floor_reached":57,"playtime":1245,"items_purged":["SignatureMove+1","ClearTheMind"],"score":4334,"play_id":"a3c654e5-1b68-477b-9765-9270328e41ca","local_time":"20210111171633","daily_mods":["SealedDeck","Heirloom","Time Dilation","Flight","Elite Swarm"],"is_ascension_mode":true,"campfire_choices":[{"data":"Brilliance","floor":10.0,"key":"SMITH"},{"data":"Wallop","floor":12.0,"key":"SMITH"},{"data":"Scrawl","floor":15.0,"key":"SMITH"},{"data":"Consecrate","floor":30.0,"key":"PURGE"},{"data":"FollowUp","floor":32.0,"key":"PURGE"},{"floor":49.0,"key":"RECALL"},{"floor":53.0,"key":"REST"}],"circlet_count":0,"master_deck":["AscendersBane","ClearTheMind+1","Crescendo+1","Wallop+1","Crescendo+1","InnerPeace+1","TalkToTheHand+1","Brilliance+1","DeusExMachina+1","Scrawl+1","Brilliance+1","Fasting2+1","TalkToTheHand+1","Scrawl+1","LessonLearned+1","Ragnarok+1","Fasting2+1","Omniscience+1","Fasting2+1","Omniscience"],"relics":["PureWater","AT_ATBox","AT_LudenTempest","Oddly Smooth Stone","Peace Pipe","Bottled Lightning","War Paint","Darkstone Periapt","AT_SilvercatRing","GoldenEye","VioletLotus","Molten Egg 2","TeardropLocket","PreservedInsect","HornCleat","White Beast Statue","Kunai","AT_RedNoBalance","Mercury Hourglass","Nunchaku","Fusion Hammer","OrangePellets","Gambling Chip","Eternal Feather","AT_SpeedBoots","Blood Vial","CaptainsWheel","Bronze Scales","Art of War","AT_Kusabimaru"],"acts_visited":["Exordium","TheCity","TheBeyond","TheEnding"],"potions_floor_usage":[56,56],"damage_taken":[{"damage":0.0,"enemies":"2 Louse","floor":1.0,"turns":2.0},{"damage":0.0,"enemies":"Jaw Worm","floor":5.0,"turns":1.0},{"damage":0.0,"enemies":"3 Sentries","floor":6.0,"turns":3.0},{"damage":0.0,"enemies":"Lagavulin","floor":8.0,"turns":2.0},{"damage":0.0,"enemies":"Gremlin Nob","floor":11.0,"turns":2.0},{"damage":0.0,"enemies":"Lagavulin","floor":13.0,"turns":2.0},{"damage":10.0,"enemies":"3 Sentries","floor":14.0,"turns":3.0},{"damage":5.0,"enemies":"The Guardian","floor":16.0,"turns":2.0},{"damage":0.0,"enemies":"Chosen","floor":18.0,"turns":2.0},{"damage":0.0,"enemies":"Book of Stabbing","floor":23.0,"turns":1.0},{"damage":0.0,"enemies":"Gremlin Leader","floor":24.0,"turns":1.0},{"damage":0.0,"enemies":"Book of Stabbing","floor":25.0,"turns":1.0},{"damage":0.0,"enemies":"Slavers","floor":27.0,"turns":1.0},{"damage":0.0,"enemies":"Gremlin Leader","floor":28.0,"turns":1.0},{"damage":0.0,"enemies":"Book of Stabbing","floor":29.0,"turns":1.0},{"damage":0.0,"enemies":"Collector","floor":33.0,"turns":1.0},{"damage":0.0,"enemies":"3 Shapes","floor":35.0,"turns":1.0},{"damage":0.0,"enemies":"Mind Bloom Boss Battle","floor":38.0,"turns":2.0},{"damage":0.0,"enemies":"Giant Head","floor":40.0,"turns":2.0},{"damage":0.0,"enemies":"Nemesis","floor":41.0,"turns":1.0},{"damage":0.0,"enemies":"Reptomancer","floor":42.0,"turns":2.0},{"damage":0.0,"enemies":"Orb Walker","floor":44.0,"turns":1.0},{"damage":0.0,"enemies":"Giant Head","floor":45.0,"turns":2.0},{"damage":0.0,"enemies":"Nemesis","floor":47.0,"turns":1.0},{"damage":0.0,"enemies":"Spire Growth","floor":48.0,"turns":1.0},{"damage":0.0,"enemies":"Donu and Deca","floor":50.0,"turns":2.0},{"damage":0.0,"enemies":"Awakened One","floor":51.0,"turns":4.0},{"damage":0.0,"enemies":"Shield and Spear","floor":55.0,"turns":1.0},{"damage":23,"enemies":"The Heart","floor":56,"turns":5}],"seed_played":"9213053289843769090","potions_obtained":[{"floor":1.0,"key":"SteroidPotion"},{"floor":8.0,"key":"LiquidMemories"},{"floor":16.0,"key":"SpeedPotion"},{"floor":23.0,"key":"FairyPotion"},{"floor":28.0,"key":"DuplicationPotion"},{"floor":35.0,"key":"Ancient Potion"},{"floor":44.0,"key":"PowerPotion"}],"is_trial":true,"path_per_floor":["M","?","?","?","M","E","?","E","T","R","E","R","E","E","R","B",null,"M","?","?","$","?","E","E","E","T","E","E","E","R","T","R","B",null,"M","?","$","?","?","E","E","E","T","M","E","$","E","M","R","B","B",null,"R","$","E","B",null],"character_chosen":"WATCHER","items_purchased":["TeardropLocket","TalkToTheHand+1","OrangePellets","Fasting2","Fasting2","ClearTheMind"],"campfire_rested":1,"item_purchase_floors":[21,21,37,37,54,54],"current_hp_per_floor":[61,50,50,50,50,50,30,30,30,30,30,30,30,20,20,15,55,55,55,36,36,36,36,36,36,36,36,36,36,36,36,36,36,64,36,36,36,36,36,36,36,36,36,38,38,38,38,38,47,38,38,64,73,73,38,17],"gold":33,"neow_bonus":"","is_daily":false,"chose_seed":false,"campfire_upgraded":3,"win_rate":0.0,"timestamp":1610356593,"path_taken":["M","?","?","?","M","E","?","E","T","R","E","R","E","E","R","BOSS","M","?","?","$","?","E","E","E","T","E","E","E","R","?","R","BOSS","M","?","$","?","?","E","E","E","T","M","E","$","E","?","R","BOSS","BOSS","R","$","E","BOSS"],"items_purchased_type":["Relic","Card","Relic","Card","Card","Card"],"build_version":"2020-12-22","purchased_purges":2,"victory":true,"max_hp_per_floor":[68,68,68,68,68,68,68,68,68,68,68,68,68,68,68,68,68,68,68,73,73,73,73,73,73,73,73,73,73,73,73,73,73,73,73,73,73,73,73,73,73,73,73,73,73,73,73,73,73,73,73,73,73,73,73,73],"card_choices":[{"not_picked":["Protect","DeceiveReality","Halt"],"picked":"SKIP","floor":1.0},{"not_picked":["Halt","Conclude","FollowUp"],"picked":"SKIP","floor":5.0},{"not_picked":["AT_ChampionKick","AT_IrregularMenstruation"],"picked":"Brilliance","floor":6.0},{"not_picked":["Alpha","Establishment"],"picked":"DeusExMachina","floor":8.0},{"not_picked":["Vault","Brilliance","AT_RealColorLess"],"picked":"SKIP","floor":11.0},{"not_picked":["Wish","AT_ChampionKick","DevaForm"],"picked":"SKIP","floor":13.0},{"not_picked":["Brilliance","Vault"],"picked":"Scrawl","floor":14.0},{"not_picked":["Vault","ConjureBlade"],"picked":"Brilliance","floor":16.0},{"not_picked":["BowlingBash","ThirdEye"],"picked":"Fasting2","floor":18.0},{"not_picked":["MasterReality","AT_IrregularMenstruation"],"picked":"Scrawl","floor":23.0},{"not_picked":["Devotion","Wish","ConjureBlade"],"picked":"SKIP","floor":24.0},{"not_picked":["AT_IrregularMenstruation","AT_RealColorLess","MasterReality"],"picked":"SKIP","floor":25.0},{"not_picked":["Vault","MasterReality","ConjureBlade"],"picked":"SKIP","floor":27.0},{"not_picked":["Scrawl","DevaForm","ConjureBlade"],"picked":"SKIP","floor":28.0},{"not_picked":["DevaForm","AT_RealColorLess"],"picked":"LessonLearned+1","floor":29.0},{"not_picked":["DevaForm","Brilliance+1"],"picked":"Ragnarok+1","floor":33.0},{"not_picked":["Consecrate+1","BowlingBash+1","JustLucky+1"],"picked":"SKIP","floor":35.0},{"not_picked":["SpiritShield","Vault","MasterReality"],"picked":"SKIP","floor":40.0},{"not_picked":["Alpha","Ragnarok+1","DeusExMachina"],"picked":"SKIP","floor":41.0},{"not_picked":["Wish","LessonLearned+1","Omniscience"],"picked":"SKIP","floor":42.0},{"not_picked":["Wish","LessonLearned+1","Omniscience"],"picked":"SKIP","floor":42.0},{"not_picked":["ForeignInfluence+1","ClearTheMind","FollowUp+1"],"picked":"SKIP","floor":44.0},{"not_picked":["Judgement","Establishment"],"picked":"Omniscience","floor":45.0},{"not_picked":["Wish","Establishment","DeusExMachina"],"picked":"SKIP","floor":47.0},{"not_picked":["Protect","CrushJoints+1","Consecrate+1"],"picked":"SKIP","floor":48.0},{"not_picked":["Scrawl","Judgement"],"picked":"Omniscience","floor":55.0}],"player_experience":399017,"relics_obtained":[{"floor":6.0,"key":"Peace Pipe"},{"floor":8.0,"key":"Bottled Lightning"},{"floor":9.0,"key":"War Paint"},{"floor":11.0,"key":"Darkstone Periapt"},{"floor":13.0,"key":"AT_SilvercatRing"},{"floor":14.0,"key":"GoldenEye"},{"floor":23.0,"key":"PreservedInsect"},{"floor":24.0,"key":"HornCleat"},{"floor":25.0,"key":"White Beast Statue"},{"floor":27.0,"key":"Kunai"},{"floor":28.0,"key":"AT_SilverBalance"},{"floor":29.0,"key":"Mercury Hourglass"},{"floor":31.0,"key":"Nunchaku"},{"floor":38.0,"key":"Gambling Chip"},{"floor":40.0,"key":"Eternal Feather"},{"floor":41.0,"key":"AT_SpeedBoots"},{"floor":42.0,"key":"Blood Vial"},{"floor":43.0,"key":"CaptainsWheel"},{"floor":45.0,"key":"Bronze Scales"},{"floor":47.0,"key":"Art of War"},{"floor":55.0,"key":"AT_Kusabimaru"}],"event_choices":[{"damage_healed":0.0,"max_hp_gain":0.0,"max_hp_loss":0.0,"gold_gain":0.0,"event_name":"Scrap Ooze","player_choice":"Success","floor":2.0,"gold_loss":0.0,"damage_taken":11.0,"relics_obtained":["Oddly Smooth Stone"]},{"damage_healed":0.0,"max_hp_gain":0.0,"max_hp_loss":0.0,"gold_gain":0.0,"event_name":"Living Wall","player_choice":"Grow","floor":3.0,"gold_loss":0.0,"damage_taken":0.0,"cards_upgraded":["SignatureMove"]},{"damage_healed":0.0,"max_hp_gain":0.0,"max_hp_loss":0.0,"gold_gain":77.0,"event_name":"Golden Wing","player_choice":"Gained Gold","floor":4.0,"gold_loss":0.0,"damage_taken":0.0},{"damage_healed":0.0,"max_hp_gain":0.0,"max_hp_loss":0.0,"gold_gain":0.0,"event_name":"Shining Light","player_choice":"Entered Light","floor":7.0,"gold_loss":0.0,"damage_taken":20.0,"cards_upgraded":["Crescendo","TalkToTheHand"]},{"damage_healed":0.0,"max_hp_gain":0.0,"max_hp_loss":0.0,"gold_gain":0.0,"event_name":"Addict","player_choice":"Obtained Relic","floor":19.0,"gold_loss":85.0,"damage_taken":0.0,"relics_obtained":["Molten Egg 2"]},{"damage_healed":0.0,"max_hp_gain":5.0,"max_hp_loss":0.0,"gold_gain":0.0,"event_name":"Forgotten Altar","player_choice":"Shed Blood","floor":20.0,"gold_loss":0.0,"damage_taken":24.0},{"damage_healed":0.0,"max_hp_gain":0.0,"max_hp_loss":0.0,"gold_gain":50.0,"event_name":"Nest","player_choice":"Stole From Cult","floor":22.0,"gold_loss":0.0,"damage_taken":0.0},{"damage_healed":0.0,"max_hp_gain":0.0,"max_hp_loss":0.0,"gold_gain":0.0,"event_name":"The Moai Head","player_choice":"Ignored","floor":36.0,"gold_loss":0.0,"damage_taken":0.0},{"damage_healed":0.0,"max_hp_gain":0.0,"max_hp_loss":0.0,"gold_gain":0.0,"event_name":"MindBloom","player_choice":"Fight","floor":38.0,"gold_loss":0.0,"damage_taken":0.0},{"cards_removed":["FlurryOfBlows"],"damage_healed":0.0,"max_hp_gain":0.0,"max_hp_loss":0.0,"gold_gain":0.0,"event_name":"Designer","player_choice":"Upgrade and Remove","floor":39.0,"gold_loss":110.0,"damage_taken":0.0,"cards_upgraded":["Fasting2"]}],"is_beta":false,"boss_relics":[{"not_picked":["HolyWater","Empty Cage"],"picked":"VioletLotus"},{"not_picked":["Velvet Choker","Tiny House"],"picked":"Fusion Hammer"}],"items_purged_floors":[21,54],"is_endless":false,"potions_floor_spawned":[1,8,16,23,27,28,29,33,35,38,40,41,42,44,45,47,48,55],"ascension_level":20}}