{"host":"qplg6lv14326wdmo","time":1610347958,"event":{"mods":["Act Like it!","Arknights The Spire","Aspiration","BaseMod","Dota2Spire","Downfall","Friendly Minions","Gensokyo","GungeonMod","Hunter 猎人","KinomotoSakuraMod(木之本樱)","Kiyohime（清姬）","KomeijiMod","LagranYue(拉格朗・月)","Marisa（F雨　魔理沙）","Minty Spire (QoL Compilation)","MostiFishMod","READ ME - Guardian Mod","Reimu（博丽灵梦）","Remilia（蕾米莉亚）","Shop Mod","StSLib","TestMod","The Administrix","The Bladedancer","The Gatherer","The Poker Player","WarShipGirlsR/战舰少女R mod","Yakumo Yukari mod","Youmu（魂魄妖梦）","Yuri Mod","Yuyuko","[IsaacMod]以撒尖塔","[地精首领爬塔]The Maniac","【遗物卡牌】REMEMod","篝火指南"],"gold_per_floor":[116,127,141,155,175,203,203,218,300,314,314,297,325,335,335,435,435,453,227,243,254,22,22,22,36,36,65,77,77,103,117,117,218,218,233,233,80,102,115,149,149,158,183,217,217,251,251,251],"floor_reached":47,"playtime":6131,"items_purged":["ats:Strike C"],"score":696,"play_id":"a24e8dad-329b-4996-93a1-fbf31281f0d6","local_time":"20210111145238","is_ascension_mode":false,"campfire_choices":[{"floor":7.0,"key":"RECALL"},{"floor":15.0,"key":"REST"},{"data":"ats:Part Time Job","floor":23.0,"key":"SMITH"},{"data":"PartStrengthen","floor":32,"key":"SMITH"},{"data":"ats:Thorns","floor":45,"key":"SMITH"}],"circlet_count":0,"master_deck":["ats:Strike G","ats:Strike S","ats:Strike V","ats:Armor Crushing Shot","ats:Defend","ats:Defend","ats:Defend","ats:Defend","ats:Emotion Absorption","champ:EndlessRage","ats:Revitalization","ats:Part Time Job","ats:Explosion Area Strengthen","ats:Very Hot Blade","ats:Automatic Cover","ats:Thorns","ats:Thorns+1","ats:Healing Strengthening","ats:Part Time Job+1","ats:Ignite","ats:Soul Rend","MostiFishMod:EE1D","MostiFishMod:EE1D","MostiFishMod:EE1D","ats:Overload+1","ats:Ignite","ats:Curse Doll+1","ats:Dogmatic Field","PartStrengthen+1","Slimebound:Recycling","Guardian:Planning","Backflip Giant+1","testmod-HeadAttack","GremlinNobPetCall","NingyouSousou+1","KiyohimeMod:EatSoul","ats:Childhood Dance+1","Writhe","Gatherer:BomberForm"],"relics":["ats:Sanity","HushsDoor","REME_ComplimentaryCards","DaveBox","testmod-TestBox","LagranYue:RandomDrawCardRelic","testmod-EqualTreatment","HereWithMe","PunchingBag","NeowsBlessing","SynthV:TestCard","ats:Originium","Dota2Spire:AghanimScepter","ScarletDevilRocket","CrazyTorch:ReiMu","EE1DDrone","HowToJump","PrismaticShard","Gremlin Horn","DoctorsRemote","Eternal Feather","RhineCircuit","CeramicFish","Dota2Spire:DrumOfEndurance","testmod-Antiphasic","REME_HandOfSuture","REME_HourglassOfDeath"],"acts_visited":["Exordium","TheCity","TheBeyond"],"potions_floor_usage":[33,33,38,40,40],"damage_taken":[{"damage":0.0,"enemies":"Cultist","floor":1.0,"turns":1.0},{"damage":0.0,"enemies":"2 Louse","floor":2.0,"turns":1.0},{"damage":0.0,"enemies":"Jaw Worm","floor":3.0,"turns":1.0},{"damage":0.0,"enemies":"Large Slime","floor":4.0,"turns":4.0},{"damage":14.0,"enemies":"3 Louse","floor":5.0,"turns":3.0},{"damage":45.0,"enemies":"3 Sentries","floor":6.0,"turns":7.0},{"damage":8.0,"enemies":"Gremlin Gang","floor":8.0,"turns":2.0},{"damage":7.0,"enemies":"Red Slaver","floor":10.0,"turns":5.0},{"damage":11.0,"enemies":"Exordium Thugs","floor":12.0,"turns":4.0},{"damage":29.0,"enemies":"Gremlin Nob","floor":13.0,"turns":6.0},{"damage":0.0,"enemies":"Lots of Slimes","floor":14.0,"turns":1.0},{"damage":54.0,"enemies":"Slime Boss","floor":16.0,"turns":12.0},{"damage":33.0,"enemies":"Shell Parasite","floor":18.0,"turns":12.0},{"damage":15.0,"enemies":"2 Thieves","floor":20.0,"turns":4.0},{"damage":56.0,"enemies":"Centurion and Healer","floor":21.0,"turns":9.0},{"damage":44.0,"enemies":"Snecko","floor":25.0,"turns":11.0},{"damage":63.0,"enemies":"Gremlin Leader","floor":27.0,"turns":8.0},{"damage":7.0,"enemies":"Cultist and Chosen","floor":28.0,"turns":3.0},{"damage":3.0,"enemies":"Book of Stabbing","floor":30.0,"turns":8.0},{"damage":27.0,"enemies":"3 Cultists","floor":31.0,"turns":6.0},{"damage":48,"enemies":"Champ","floor":33,"turns":13},{"damage":20,"enemies":"3 Shapes","floor":35,"turns":6},{"damage":75,"enemies":"Orb Walker","floor":38,"turns":7},{"damage":39,"enemies":"3 Darklings","floor":39,"turns":5},{"damage":50,"enemies":"Nemesis","floor":40,"turns":8},{"damage":91,"enemies":"Giant Head","floor":44,"turns":14},{"damage":11,"enemies":"Reptomancer","floor":46,"turns":6},{"damage":52,"enemies":"Maw","floor":47,"turns":4}],"seed_played":"5883566825486713345","potions_obtained":[{"floor":2.0,"key":"Dexterity Potion"},{"floor":3.0,"key":"Fire Potion"},{"floor":4.0,"key":"ZuzhouPotion:ReiMu"},{"floor":6.0,"key":"ColorlessPotion"},{"floor":10.0,"key":"champ:CounterPotion"},{"floor":14.0,"key":"PowerPotion"},{"floor":18.0,"key":"Fire Potion"},{"floor":20.0,"key":"SteroidPotion"},{"floor":25.0,"key":"ColorlessPotion"},{"floor":28.0,"key":"GamblersBrew"},{"floor":31.0,"key":"Energy Potion"},{"floor":33,"key":"Strength Potion"},{"floor":38,"key":"LiquidBronze"},{"floor":44,"key":"champ:CounterPotion"}],"is_trial":false,"path_per_floor":["M","M","M","M","M","E","R","M","T","M","T","M","E","M","R","B",null,"M","?","M","M","$","R","?","M","T","E","M","$","E","M","R","B",null,"M","?","$","M","M","E","?","?","T","E","R","E","M"],"character_chosen":"DOCTOR_CLASS","items_purchased":["HowToJump","Dota2Spire:DrumOfEndurance"],"campfire_rested":1,"item_purchase_floors":[22,37],"current_hp_per_floor":[72,72,72,72,63,31,31,23,23,32,32,45,29,29,50,48,72,69,69,57,38,38,38,30,72,72,37,31,31,66,58,72,44,72,63,48,48,40,12,15,15,33,33,27,48,43,0,0],"gold":251,"neow_bonus":"THREE_ENEMY_KILL","is_daily":false,"chose_seed":false,"campfire_upgraded":3,"win_rate":0.0,"timestamp":1610347958,"path_taken":["M","?","?","M","M","E","R","M","T","M","?","M","E","M","R","BOSS","M","?","M","M","$","R","?","?","T","E","M","?","E","M","R","BOSS","M","?","$","M","M","E","?","?","T","E","R","E","M"],"items_purchased_type":["Relic","Relic"],"build_version":"2020-12-22","purchased_purges":1,"victory":false,"max_hp_per_floor":[72,72,72,72,72,72,72,72,72,72,72,72,72,72,72,72,72,72,72,72,72,72,72,72,72,72,72,72,72,72,72,72,72,72,72,72,72,72,72,72,72,72,72,87,87,87,87,87],"card_choices":[{"not_picked":["ats:Cat Scratch","ats:Soul Absorption"],"picked":"ats:Revitalization","floor":1.0},{"not_picked":["ats:Apocalypse","ats:Sunburst","ats:Cat Scratch","ats:Leaping Hammer"],"picked":"Bomb","floor":2.0},{"not_picked":["ats:Thermite Blade","ats:Disruption Kick","ats:Cat Scratch","ats:Assault Order"],"picked":"ats:Part Time Job","floor":3.0},{"not_picked":["ats:Flexible Camouflage","ats:Assault Order","ats:Leaping Hammer","ats:Very Hot Blade"],"picked":"ats:Explosion Area Strengthen","floor":4.0},{"not_picked":["ats:Childhood Dance","ats:Flexible Camouflage","ats:Magnetic Hammer","ats:Powerful Strike"],"picked":"ats:Very Hot Blade","floor":5.0},{"not_picked":["ats:Childhood Dance","ats:Guardian Obelisk","ats:Beaten Up","ats:Shell Defense"],"picked":"ats:Automatic Cover","floor":6.0},{"not_picked":["ats:Volcano","ats:Poison Spread","Bomb","ats:Explosion Area Strengthen"],"picked":"ats:Thorns","floor":8.0},{"not_picked":["ats:Explosion Area Strengthen","Bomb","ats:Childhood Dance","ats:Encircling Forest"],"picked":"ats:Thorns","floor":10.0},{"not_picked":["ats:Poison Spread","ats:Explosion Area Strengthen","ats:Wolf Pack","ats:Shell Defense"],"picked":"ats:Healing Strengthening","floor":12.0},{"not_picked":["ats:Cat Scratch","ats:Demon Strength","ats:Spore Proliferation","ats:Sunburst"],"picked":"ats:Part Time Job","floor":13.0},{"not_picked":["ats:Powerful Strike","ats:Flexible Camouflage","ats:Explosion Area Strengthen","ats:True Silver Slash"],"picked":"ats:Ignite","floor":14.0},{"not_picked":["ats:Volcano","ats:Disruption Kick","ats:Ambush","ats:Durian"],"picked":"ats:Soul Rend","floor":16.0},{"not_picked":["ats:Automatic Cover","ats:Assault Order","ats:Explosion Area Strengthen","ats:Guardian Obelisk"],"picked":"ats:Overload+1","floor":18.0},{"not_picked":["ats:Explosion Area Strengthen","ats:Flexible Camouflage","ats:Cat Scratch","ats:Magnetic Hammer"],"picked":"ats:Ignite","floor":20.0},{"not_picked":["ats:Powerful Strike","ats:Consecutive Shot Auto","ats:Poison Spread","ats:Shadow Raid"],"picked":"ats:Curse Doll+1","floor":21.0},{"not_picked":["ats:Red Shift","ats:Blood Oath","ats:Powerful Strike","ats:Directed Diagnosis"],"picked":"ats:Dogmatic Field","floor":24.0},{"not_picked":["sneckomod:QuickMove","AdministrixMod:PassageOfAges","HagoromoMizu+1","blademaster:OneTrickPony"],"picked":"PartStrengthen","floor":25.0},{"not_picked":["AdministrixMod:ExtolVirtue","blademaster:SharpBlades","maniac:UndyingDesire","yuri:TPose"],"picked":"Slimebound:Recycling","floor":27.0},{"not_picked":["DemoMod:GunstockTap","DemonLordWalk","SharpContractionReality_purple","Slimebound:ComboTackle+1"],"picked":"Guardian:Planning","floor":28.0},{"not_picked":["Gatherer:DrugPower","Trip+1","Seek Combo","Judgement"],"picked":"Backflip Giant+1","floor":30.0},{"not_picked":["expansioncontent:LastStand","SeishiRoten+1","AdministrixMod:LightOfYourLife","SubcavityInstant:ReiMu"],"picked":"testmod-HeadAttack","floor":31.0},{"not_picked":["BlazingStar","REME_HeartOfCthun","MostiFishMod:Awakening","MostiFishMod:StarOceanB"],"picked":"GremlinNobPetCall","floor":33},{"not_picked":["TightArray:ReiMu","Dark Wind+1","Gash","DemoMod:AC15"],"picked":"NingyouSousou+1","floor":35},{"not_picked":["yuri:ChibiInvasion+1","LagranYue:AttackWaltzCard","DemoMod:AWP+1","sneckomod:UnknownClassSPELL_COLOR"],"picked":"KiyohimeMod:EatSoul","floor":38},{"not_picked":["champ:DefensiveShout","Full Inky Sakura","champ:Duel","EmptyMind+1","LagranYue:SkillIncompleteArchCard"],"picked":"SKIP","floor":39},{"not_picked":["rmod:aluminumsupply","ClowCardTheSong","True Grit","Slimebound:SlimeTap+1"],"picked":"ats:Childhood Dance+1","floor":40},{"not_picked":["EndlessAdversity+1","ClowCardTheChange+1","maniac:Whirlscythe","Mini Ghostdom","maniac:ShelteringEdge"],"picked":"SKIP","floor":44},{"not_picked":["KiyohimeMod:BeElegant+1","DemoMod:PracticeMakesPerfect+1","Gatherer:FlowerShield+1","WorldDissolvedintheRealm_purple+1"],"picked":"Gatherer:BomberForm","floor":46}],"player_experience":446944,"relics_obtained":[{"floor":1.0,"key":"SynthV:TestCard"},{"floor":6.0,"key":"ats:Originium"},{"floor":6.0,"key":"Dota2Spire:AghanimScepter"},{"floor":11.0,"key":"ScarletDevilRocket"},{"floor":13.0,"key":"ats:Originium"},{"floor":13.0,"key":"CrazyTorch:ReiMu"},{"floor":24.0,"key":"PrismaticShard"},{"floor":26.0,"key":"Gremlin Horn"},{"floor":27.0,"key":"ats:Originium"},{"floor":27.0,"key":"DoctorsRemote"},{"floor":30.0,"key":"Eternal Feather"},{"floor":40,"key":"testmod-Antiphasic"},{"floor":43,"key":"REME_HandOfSuture"},{"floor":44,"key":"REME_HourglassOfDeath"}],"event_choices":[{"damage_healed":0,"gold_gain":0,"player_choice":"Ignored","damage_taken":0,"max_hp_gain":0,"max_hp_loss":0,"event_name":"SecretPortal","floor":41,"gold_loss":0},{"damage_healed":18,"gold_gain":0,"player_choice":"Writhe","damage_taken":0,"max_hp_gain":0,"max_hp_loss":0,"event_name":"Winding Halls","floor":42,"gold_loss":0,"cards_obtained":["Writhe"]}],"is_beta":false,"boss_relics":[{"not_picked":["NightmareShop","xbg"],"picked":"EE1DDrone"},{"not_picked":[]},{"not_picked":["Cursed Key","testmod-Nine"],"picked":"RhineCircuit"},{"not_picked":[]}],"items_purged_floors":[22],"is_endless":false,"potions_floor_spawned":[2,3,4,6,10,14,18,20,25,28,31,33,38,44],"killed_by":"Maw","ascension_level":0}}