{"host":"2yqfi47fogfu1ic4","time":1610406507,"event":{"mods":["AchievementEnabler","BaseMod","Colored Map","Colored Powertips","Highlight Path","Minty Spire (QoL Compilation)","Permanent Neow","Relic Stats","StSLib"],"gold_per_floor":[118,118,128,139,158,158,193,193,193,193,208,208,58,71,71,71,71],"floor_reached":16,"playtime":769,"items_purged":["Strike_G"],"score":194,"play_id":"db5a28a3-2ed9-40e4-af72-ab7a3aec044a","local_time":"20210112000827","is_ascension_mode":true,"campfire_choices":[{"data":"Dash","floor":6,"key":"SMITH"},{"data":"1","floor":8,"key":"LIFT"},{"data":"2","floor":10,"key":"LIFT"},{"data":"3","floor":15,"key":"LIFT"}],"circlet_count":0,"master_deck":["AscendersBane","Strike_G","Strike_G","Strike_G","Defend_G","Defend_G","Defend_G","Defend_G","Defend_G","Survivor","Neutralize","Masterful Stab","Infinite Blades","Underhanded Strike","Dagger Spray","Dash+1","Dagger Spray","Reflex","Skewer","Well Laid Plans"],"relics":["Coffee Dripper","Girya","Mummified Hand"],"acts_visited":["Exordium"],"potions_floor_usage":[7,16],"damage_taken":[{"damage":13,"enemies":"Jaw Worm","floor":1,"turns":7},{"damage":0,"enemies":"Cultist","floor":3,"turns":4},{"damage":1,"enemies":"Small Slimes","floor":4,"turns":3},{"damage":27,"enemies":"Exordium Thugs","floor":5,"turns":6},{"damage":4,"enemies":"3 Sentries","floor":7,"turns":6},{"damage":0,"enemies":"Large Slime","floor":11,"turns":4},{"damage":1,"enemies":"3 Louse","floor":14,"turns":2},{"damage":14,"enemies":"The Guardian","floor":16,"turns":7}],"seed_played":"-1718265488851214765","potions_obtained":[{"floor":4,"key":"LiquidBronze"},{"floor":14,"key":"EssenceOfSteel"}],"is_trial":false,"path_per_floor":["M","?","M","M","M","R","E","R","T","R","M","?","$","M","R","B"],"character_chosen":"THE_SILENT","items_purchased":["Skewer"],"campfire_rested":0,"item_purchase_floors":[13],"current_hp_per_floor":[46,46,46,45,18,18,14,14,14,14,14,14,14,13,13,0,0],"gold":71,"neow_bonus":"BOSS_RELIC","is_daily":false,"chose_seed":false,"campfire_upgraded":1,"win_rate":0.0,"timestamp":1610406507,"path_taken":["M","?","?","M","M","R","E","R","T","R","M","?","?","?","R","BOSS"],"items_purchased_type":["Card"],"build_version":"2020-12-22","purchased_purges":1,"victory":false,"max_hp_per_floor":[66,66,66,66,66,66,66,66,66,66,66,66,66,66,66,66,66],"relic_stats":{"counters":[8,39],"Mummified Hand":[1],"obtain_stats":[{"Girya":7,"Mummified Hand":9,"Coffee Dripper":0,"Ring of the Snake":0},{"Girya":5,"Mummified Hand":5,"Coffee Dripper":0,"Ring of the Snake":0},{"Girya":26,"Mummified Hand":26,"Coffee Dripper":0,"Ring of the Snake":0}]},"card_choices":[{"not_picked":["Quick Slash","Endless Agony"],"picked":"Masterful Stab","floor":1},{"not_picked":["Dodge and Roll","PiercingWail"],"picked":"Underhanded Strike","floor":3},{"not_picked":["Setup","Poisoned Stab"],"picked":"Dagger Spray","floor":4},{"not_picked":["Dodge and Roll","Caltrops"],"picked":"Dash","floor":5},{"not_picked":["PiercingWail","Escape Plan"],"picked":"Dagger Spray","floor":7},{"not_picked":["Sucker Punch","Escape Plan"],"picked":"Reflex","floor":11},{"not_picked":["Flying Knee","Unload"],"picked":"Well Laid Plans","floor":14}],"player_experience":1532979,"relics_obtained":[{"floor":7,"key":"Girya"},{"floor":9,"key":"Mummified Hand"}],"event_choices":[{"damage_healed":0,"gold_gain":0,"cards_transformed":["Strike_G"],"player_choice":"Transformed","damage_taken":0,"max_hp_gain":0,"max_hp_loss":0,"event_name":"Transmorgrifier","floor":2,"gold_loss":0,"cards_obtained":["Infinite Blades"]},{"damage_healed":0,"gold_gain":0,"player_choice":"Ignored","damage_taken":0,"max_hp_gain":0,"max_hp_loss":0,"event_name":"Shining Light","floor":12,"gold_loss":0}],"is_beta":false,"boss_relics":[],"items_purged_floors":[13],"is_endless":false,"potions_floor_spawned":[4,14],"killed_by":"The Guardian","ascension_level":18}}