{"host":"2ulm0pyp8jok7fk5","time":1610367025,"event":{"mods":["Act Like it!","Arknights The Spire","BaseMod","Decade(王小明)","Gensokyo","Hallownest","KinomotoSakuraMod(木之本樱)","Koishi","Marisa（F雨　魔理沙）","Minty Spire (QoL Compilation)","Reimu（博丽灵梦）","Remilia（蕾米莉亚）","Replay The Spire","Shop Mod","Spicy Shops","StSLib","The Animator","The Bug Knight","The Hierophant","The Servant 0.9.4","Waifu the Spire","WarShipGirlsR/战舰少女R mod","Youmu（魂魄妖梦）","Yuyuko"],"gold_per_floor":[119,44,63,82,42,71,71,103,115,127,139,151,177,207,219,326,338,368,461,189,201,214,214,234,247,321,335,347,378,378,389,389,489,539,559,459,469,481,45,45,45],"floor_reached":40,"playtime":2058,"items_purged":["rmod:supriseattacks+1","rmod:aluminumsupply","rmod:strick"],"score":597,"play_id":"9eb2aae0-f787-47f9-8f77-138f2c2f3737","local_time":"20210111201025","is_ascension_mode":false,"campfire_choices":[{"data":"rmod:luckystar","floor":7,"key":"SMITH"},{"data":"rmod:expeditionaryescort","floor":10,"key":"SMITH"},{"data":"rmod:supriseattacks","floor":12,"key":"SMITH"},{"floor":15,"key":"REST"},{"floor":23,"key":"REST"},{"floor":32,"key":"REST"}],"circlet_count":0,"master_deck":["rmod:strick","rmod:strick","rmod:defend","rmod:defend","rmod:defend","rmod:basicallowance","rmod:maingunfire","rmod:openingtorpedo","rmod:rockthrower","rmod:luckystar+1","rmod:intelligenceanalysis+1","rmod:expeditionaryescort+1","rmod:firesupport","rmod:steelsupply","rmod:acesubmarine","CurseOfTheBell","rmod:diamondstrike+1","rmod:luckystar+1","rmod:punchline+1","rmod:selfconfidence","rmod:openingtorpedo+1","rmod:unsinkable","rmod:steelsupply+1","rmod:unsinkable","rmod:wolves+1","rmod:firesupport","rmod:unsinkable+1","rmod:openingtorpedo+1"],"relics":["rmod:firstchargereward","NeowsBlessing","HollowMod:PaleOreRelic","MawBank","Bottled Lightning","Calling Bell","RuthlessExorcism:ReiMu","Snack Pack","Girya","Replay:Wax Seal","HornCleat","Letter Opener","Replay:Grab Bag","Velvet Choker","SlaversCollar","Tiny House","Torii"],"acts_visited":["Exordium","TheCity","TheBeyond"],"potions_floor_usage":[],"damage_taken":[{"damage":0,"enemies":"Small Slimes","floor":1,"turns":1},{"damage":0,"enemies":"Cultist","floor":3,"turns":1},{"damage":0,"enemies":"Jaw Worm","floor":4,"turns":1},{"damage":12,"enemies":"Lagavulin","floor":6,"turns":3},{"damage":0,"enemies":"Gremlin Nob","floor":8,"turns":2},{"damage":8,"enemies":"Exordium Wildlife","floor":13,"turns":3},{"damage":13,"enemies":"Red Slaver","floor":14,"turns":2},{"damage":42,"enemies":"The Guardian","floor":16,"turns":10},{"damage":13,"enemies":"3 Byrds","floor":18,"turns":3},{"damage":10,"enemies":"Spheric Guardian","floor":21,"turns":3},{"damage":12,"enemies":"Centurion and Healer","floor":22,"turns":4},{"damage":3,"enemies":"Cultist and Chosen","floor":24,"turns":3},{"damage":1,"enemies":"Snecko","floor":25,"turns":3},{"damage":10,"enemies":"Chosen and Byrds","floor":27,"turns":3},{"damage":8,"enemies":"Centurion and Healer","floor":28,"turns":3},{"damage":13,"enemies":"Slavers","floor":29,"turns":5},{"damage":3,"enemies":"Cultist and Chosen","floor":31,"turns":3},{"damage":18,"enemies":"Pondfish","floor":33,"turns":8},{"damage":8,"enemies":"Orb Walker","floor":35,"turns":3},{"damage":13,"enemies":"3 Shapes","floor":37,"turns":4},{"damage":20,"enemies":"Spire Growth","floor":38,"turns":5},{"damage":58,"enemies":"Reptomancer","floor":40,"turns":5}],"seed_played":"-7566636175978551350","potions_obtained":[{"floor":1,"key":"FearPotion"},{"floor":14,"key":"Toxic Potion"},{"floor":16,"key":"BlessingOfTheForge"},{"floor":18,"key":"Toxic Potion"},{"floor":34,"key":"Death Potion"}],"is_trial":false,"path_per_floor":["M","$","M","M","$","E","R","E","T","R","?","R","M","M","R","B",null,"M","?","$","M","M","R","M","M","T","M","M","E","?","M","R","B",null,"M","$","M","M","$","E"],"character_chosen":"PRAEFECT","items_purchased":["rmod:rockthrower","rmod:intelligenceanalysis+1","rmod:punchline+1","rmod:selfconfidence","Torii"],"campfire_rested":3,"item_purchase_floors":[2,5,20,20,39],"current_hp_per_floor":[75,75,75,75,75,63,63,63,63,63,63,63,55,42,64,22,75,62,62,62,56,46,68,69,72,72,64,60,49,49,50,72,59,80,72,72,61,45,45,0,0],"gold":45,"neow_bonus":"THREE_ENEMY_KILL","is_daily":false,"chose_seed":false,"campfire_upgraded":3,"win_rate":0.0,"timestamp":1610367025,"path_taken":["M","$","M","M","$","E","R","E","T","R","?","R","?","M","R","BOSS","M","?","$","M","M","R","M","M","T","?","M","E","?","M","R","BOSS","M","$","M","M","$","E"],"items_purchased_type":["Card","Card","Card","Card","Relic"],"build_version":"2020-12-22","purchased_purges":3,"victory":false,"max_hp_per_floor":[75,75,75,75,75,75,75,75,75,75,75,75,75,75,75,75,75,75,75,75,75,75,75,75,75,75,75,75,75,75,75,75,75,80,80,80,80,80,80,80,80],"card_choices":[{"not_picked":["rmod:wolves","rmod:wife"],"picked":"rmod:openingtorpedo","floor":1},{"not_picked":["rmod:aviationdawn","rmod:steelsupply"],"picked":"rmod:luckystar","floor":3},{"not_picked":["rmod:luckystar","rmod:goodfighter","rmod:unsinkable"],"picked":"SKIP","floor":4},{"not_picked":["rmod:fuelsupply","rmod:generalist"],"picked":"rmod:aluminumsupply","floor":6},{"not_picked":["rmod:smokecover","rmod:unsinkable"],"picked":"rmod:expeditionaryescort","floor":8},{"not_picked":["rmod:robin","rmod:goodfighter"],"picked":"rmod:firesupport","floor":13},{"not_picked":["rmod:chargemoney","rmod:generalist"],"picked":"rmod:steelsupply","floor":14},{"not_picked":["rmod:ridicule","rmod:stealaluminum"],"picked":"rmod:acesubmarine","floor":16},{"not_picked":["rmod:ammunitionsupply","rmod:sl"],"picked":"rmod:diamondstrike+1","floor":18},{"not_picked":["rmod:heivgo+1","rmod:ammunitionsupply"],"picked":"rmod:luckystar","floor":19},{"not_picked":["rmod:heivgo","rmod:diaomin"],"picked":"rmod:openingtorpedo+1","floor":21},{"not_picked":["rmod:circuitoustactics","rmod:aluminumsupply"],"picked":"rmod:unsinkable","floor":22},{"not_picked":["rmod:goodsister","rmod:launchingtorpedo"],"picked":"rmod:steelsupply+1","floor":24},{"not_picked":["rmod:circuitoustactics+1","rmod:guardianhero+1"],"picked":"rmod:unsinkable","floor":25},{"not_picked":["rmod:supportescort+1","rmod:fletcher","rmod:victimresponsibility"],"picked":"SKIP","floor":27},{"not_picked":["rmod:victimresponsibility","rmod:luckystar"],"picked":"rmod:wolves+1","floor":28},{"not_picked":["rmod:slowdown","rmod:fuelsupply","rmod:unsinkable"],"picked":"SKIP","floor":29},{"not_picked":["rmod:supportescort","rmod:luckystar+1"],"picked":"rmod:firesupport","floor":31},{"not_picked":["rmod:sl","rmod:capitalist"],"picked":"rmod:unsinkable+1","floor":34},{"not_picked":["rmod:aluminumsupply+1","rmod:fuelsupply","rmod:diamondstrike"],"picked":"SKIP","floor":35},{"not_picked":["rmod:tearstotiara+1","rmod:circuitoustactics"],"picked":"rmod:openingtorpedo+1","floor":37},{"not_picked":["rmod:circuitoustactics+1","rmod:tearstotiara","rmod:diaomin"],"picked":"SKIP","floor":38}],"player_experience":69736,"relics_obtained":[{"floor":6,"key":"HollowMod:PaleOreRelic"},{"floor":8,"key":"MawBank"},{"floor":9,"key":"Bottled Lightning"},{"floor":17,"key":"RuthlessExorcism:ReiMu"},{"floor":17,"key":"Snack Pack"},{"floor":17,"key":"Girya"},{"floor":19,"key":"Replay:Wax Seal"},{"floor":26,"key":"HornCleat"},{"floor":29,"key":"Letter Opener"}],"event_choices":[{"damage_healed":0,"gold_gain":0,"cards_transformed":["rmod:strick"],"player_choice":"Transformed","damage_taken":0,"max_hp_gain":0,"max_hp_loss":0,"event_name":"Transmorgrifier","floor":11,"gold_loss":0,"cards_obtained":["rmod:supriseattacks"]},{"cards_removed":["rmod:defend"],"damage_healed":0,"gold_gain":0,"player_choice":"Elegance","damage_taken":0,"max_hp_gain":0,"max_hp_loss":0,"event_name":"Back to Basics","floor":30,"gold_loss":0}],"is_beta":false,"boss_relics":[{"not_picked":["Astrolabe","Replay:Bronze Core"],"picked":"Calling Bell"},{"not_picked":["ReplayTheSpireMod:DimensionalGlitch","Cursed Key"],"picked":"Replay:Grab Bag"},{"not_picked":["Coffee Dripper","Runic Dome"],"picked":"Velvet Choker"},{"not_picked":["Busted Crown","Fusion Hammer"],"picked":"SlaversCollar"},{"not_picked":["Kintsugi","Honey Jar"],"picked":"Tiny House"}],"items_purged_floors":[20,36,39],"is_endless":false,"potions_floor_spawned":[1,4,14,16,18,21,25,27,29,38],"killed_by":"Reptomancer","ascension_level":0}}