{"host":"9kesdg97wkrx2bva","time":1610397335,"event":{"mods":["AchievementEnabler","BaseMod","Colored Map","Downfall","GifTheSpireLib","Infinite Spire","Minty Spire (QoL Compilation)","Replay The Spire","StSLib"],"gold_per_floor":[109,109,8,18,32,32,32,45,45,64,64,80,80,80,80,80,80],"floor_reached":16,"playtime":269,"items_purged":["Shame"],"score":166,"play_id":"959585fd-0272-4d77-b314-8aafbf535c97","local_time":"20210111153535","is_ascension_mode":true,"campfire_choices":[{"data":"Darkness","floor":6,"key":"SMITH"},{"data":"Static Discharge","floor":11,"key":"SMITH"},{"data":"Zap","floor":15,"key":"SMITH"}],"circlet_count":0,"master_deck":["Strike_B","Strike_B","Strike_B","Strike_B","Defend_B","Defend_B","Defend_B","Defend_B","Zap+1","Dualcast","Darkness+1","Rebound","Redo","Static Discharge+1","Force Field","Leap","Capacitor"],"relics":["Cracked Core","NeowsBlessing","Matryoshka","ReplayTheSpireMod:Ring of Exchange"],"acts_visited":["Exordium"],"potions_floor_usage":[12,16],"damage_taken":[{"damage":0,"enemies":"Cultist","floor":1,"turns":1},{"damage":0,"enemies":"2 Louse","floor":4,"turns":1},{"damage":0,"enemies":"Jaw Worm","floor":5,"turns":1},{"damage":12,"enemies":"2 Fungi Beasts","floor":8,"turns":3},{"damage":3,"enemies":"Blue Slaver","floor":10,"turns":2},{"damage":25,"enemies":"Exordium Wildlife","floor":12,"turns":5},{"damage":36,"enemies":"Hexaghost","floor":16,"turns":9}],"seed_played":"6956423154639594885","potions_obtained":[{"floor":4,"key":"champ:CounterPotion"},{"floor":5,"key":"Regen Potion"}],"is_trial":false,"path_per_floor":["M","?","$","M","M","R","$","M","T","M","R","M","?","$","R","B"],"character_chosen":"DEFECT","items_purchased":["Rebound"],"campfire_rested":0,"item_purchase_floors":[3],"current_hp_per_floor":[64,64,64,64,64,64,64,52,52,49,49,36,36,36,36,0,0],"gold":80,"neow_bonus":"THREE_ENEMY_KILL","is_daily":false,"chose_seed":false,"campfire_upgraded":3,"win_rate":0.0,"timestamp":1610397335,"path_taken":["M","?","$","M","M","R","$","M","T","M","R","M","?","$","R","BOSS"],"items_purchased_type":["Card"],"build_version":"2020-12-22","purchased_purges":1,"victory":false,"max_hp_per_floor":[71,71,71,71,71,71,71,71,71,71,71,71,71,71,71,71,71],"card_choices":[{"not_picked":["Conserve Battery","Static Discharge"],"picked":"Darkness","floor":1},{"not_picked":["Scrape","Coolheaded"],"picked":"Redo","floor":4},{"not_picked":["Steam","BasicCrystalCard"],"picked":"Static Discharge","floor":5},{"not_picked":["Steam","Cold Snap"],"picked":"Force Field","floor":8},{"not_picked":["Barrage","Ball Lightning"],"picked":"Leap","floor":10},{"not_picked":["Sunder","Mirror Shield"],"picked":"Capacitor","floor":12}],"player_experience":924981,"relics_obtained":[{"floor":9,"key":"Matryoshka"},{"floor":13,"key":"ReplayTheSpireMod:Ring of Exchange"}],"event_choices":[],"is_beta":false,"boss_relics":[],"items_purged_floors":[3],"is_endless":false,"potions_floor_spawned":[4,5],"killed_by":"Hexaghost","ascension_level":16}}