{"host":"y36bp6mnm73x3iob","time":1610404026,"event":{"mods":["2.2 Compatiblity","Aspiration","BaseMod","Downfall","GifTheSpireLib","Hermit","Hubris","Marisa????????","Minty Spire (QoL Compilation)","Replay The Spire","Retaliation","StSLib","Stuff the Spire","The Cursed","The Disciple","The Servant 0.9.4"],"gold_per_floor":[109,126,126,126,87,87,107,119,144,144,106,106,119,119,119,221,221,251,261,261],"floor_reached":19,"playtime":1232,"items_purged":[],"score":209,"play_id":"e00039d8-dc4f-4b9d-8f2b-52bf954c226f","local_time":"20210112002706","is_ascension_mode":false,"campfire_choices":[{"data":"LockedWarPaint","floor":6,"key":"SMITH"},{"data":"Flay","floor":10,"key":"SMITH"},{"data":"LockedThread","floor":12,"key":"SMITH"},{"data":"BeatsPerMinute","floor":15,"key":"SMITH"}],"circlet_count":0,"master_deck":["Sospirando+1","Strike_Br","Strike_Br","Strike_Br","Strike_Br","Defend_Br","Defend_Br","Defend_Br","Defend_Br","SecondHand+1","PatternShift","ExoVibe","HandsUpC","LockedWarPaint+1","Flay+1","LockedThread+1","ResonantCall+1","Cuckoo+1","BeatsPerMinute+1","MasterKey+1","Slimebound:Icky","LockedOrichalcum"],"relics":["Chronometer","hubris:Icosahedron","Toxic Egg 2","Replay:Bandana","Replay:Ancient Bell","Omamori","StuffTheSpire:Rhapsscallions","StuffTheSpire:Nightcore"],"acts_visited":["Exordium","TheCity"],"potions_floor_usage":[16],"damage_taken":[{"damage":0,"enemies":"2 Louse","floor":1,"turns":4},{"damage":0,"enemies":"Jaw Worm","floor":2,"turns":5},{"damage":1,"enemies":"Cultist","floor":5,"turns":5},{"damage":1,"enemies":"Exordium Wildlife","floor":7,"turns":6},{"damage":0,"enemies":"Red Slaver","floor":8,"turns":4},{"damage":7,"enemies":"Blue Slaver","floor":13,"turns":8},{"damage":0,"enemies":"Hexaghost","floor":16,"turns":16},{"damage":19,"enemies":"3 Byrds","floor":18,"turns":12},{"damage":52,"enemies":"Spheric Guardian","floor":19,"turns":6}],"seed_played":"-1731328659553775505","potions_obtained":[{"floor":8,"key":"PowerPotion"},{"floor":16,"key":"Strength Potion"}],"is_trial":false,"path_per_floor":["M","M","?","?","M","R","M","M","T","R","$","R","M","?","R","B",null,"M","M"],"character_chosen":"CHRONO_CLASS","items_purchased":["ResonantCall+1"],"campfire_rested":0,"item_purchase_floors":[11],"current_hp_per_floor":[65,65,65,65,64,64,63,63,63,63,63,63,56,56,56,56,68,49,0,0],"gold":261,"neow_bonus":"RANDOM_EVENT","is_daily":false,"chose_seed":false,"campfire_upgraded":4,"win_rate":0.0,"timestamp":1610404026,"path_taken":["M","M","?","?","M","R","M","M","T","R","?","R","?","?","R","BOSS","M","M"],"items_purchased_type":["Card"],"build_version":"2020-12-22","purchased_purges":0,"victory":false,"max_hp_per_floor":[65,65,65,65,65,65,65,65,65,65,65,65,65,65,65,65,68,68,68,68],"card_choices":[{"not_picked":["Parity","VestedLegacy"],"picked":"ExoVibe","floor":1},{"not_picked":["LockedAnchor","Tempo"],"picked":"HandsUpC","floor":2},{"not_picked":["LockedAnchor","HandsUpB+1"],"picked":"LockedWarPaint","floor":5},{"not_picked":["WindUp","Parity+1"],"picked":"Flay","floor":7},{"not_picked":["TiringSlam","ReapSow"],"picked":"LockedThread","floor":8},{"not_picked":["CrunchTime","ShortSighted+1"],"picked":"Cuckoo+1","floor":13},{"not_picked":["Fragmentalize","OldTimer"],"picked":"MasterKey+1","floor":16},{"not_picked":["Doubt","Looming Evil"],"picked":"hubris:Greed","floor":17},{"not_picked":["Overencumbered","hubris:Greed"],"picked":"Normality","floor":17},{"not_picked":["Doubt","Languid"],"picked":"Slimebound:Icky","floor":17},{"not_picked":["Tempo+1","Parity+1"],"picked":"LockedOrichalcum","floor":18}],"player_experience":471131,"relics_obtained":[{"floor":9,"key":"Replay:Bandana"}],"event_choices":[{"damage_healed":0,"gold_gain":0,"player_choice":"1 cards matched","damage_taken":0,"max_hp_gain":0,"max_hp_loss":0,"event_name":"Match and Keep!","floor":14,"gold_loss":0,"cards_obtained":["BeatsPerMinute"]}],"is_beta":false,"boss_relics":[{"not_picked":["aspiration:RunicSpoon","Replay:Wanted Poster"],"picked":"Replay:Ancient Bell"},{"not_picked":["StuffTheSpire:Experiment12","Dream Catcher"],"picked":"Omamori"},{"not_picked":["aspiration:SeaSaltIceCream","Snack Pack"],"picked":"StuffTheSpire:Rhapsscallions"},{"not_picked":["Mango","Pondfish Scales"],"picked":"StuffTheSpire:Nightcore"}],"items_purged_floors":[],"is_endless":false,"potions_floor_spawned":[8,16],"killed_by":"Spheric Guardian","ascension_level":0}}