{"host":"94qggqh0xz0sp6ai","time":1610343100,"event":{"mods":["Abigail Mod","Act Like it!","BaseMod","CapriCore","Downfall","Friendly Minions","Gensokyo","Hermit","Jorbs\u0027s Wanderer Trilogy","Koishi","Marisa（霧雨　魔理沙）","Minty Spire (QoL Compilation)","Permanent Neow","Reimu（博??梦）","StSLib","The Alterego","The Construct","The Cursed","The Hierophant","The Immortal","The Marked","The Servant 0.9.4","TheBandit","Waifu the Spire"],"gold_per_floor":[114,114,114,114,39,39,73,73,73,73,19,19,19,62,62,192,192,208,226,50,149,163,163,438,438,464,482,497,497,533,557,557,677,677,690,58,83,104,104,104,128,128,128,0,13,13,27,52,52,59],"floor_reached":51,"playtime":2254,"items_purged":["Gensokyo:ImpossibleRequest","Injury","Regret"],"score":885,"play_id":"438e2816-8e08-416a-a8a3-268a67d2a303","local_time":"20210110233140","is_ascension_mode":true,"campfire_choices":[{"data":"hermit:Magnum","floor":6,"key":"SMITH"},{"data":"hermit:Dive","floor":8,"key":"SMITH"},{"data":"hermit:Snapshot","floor":10,"key":"SMITH"},{"data":"hermit:Vantage","floor":13,"key":"SMITH"},{"data":"hermit:Strike_Hermit","floor":15,"key":"SMITH"},{"data":"hermit:Brawl","floor":23,"key":"SMITH"},{"data":"hermit:HighNoon","floor":25,"key":"SMITH"},{"data":"hermit:Defend_Hermit","floor":29,"key":"SMITH"},{"floor":32,"key":"REST"},{"data":"hermit:Determination","floor":40,"key":"SMITH"},{"data":"hermit:Defend_Hermit","floor":42,"key":"SMITH"},{"data":"hermit:Defend_Hermit","floor":46,"key":"SMITH"},{"floor":49,"key":"REST"}],"circlet_count":0,"master_deck":["hermit:Strike_Hermit+1","hermit:Strike_Hermit","hermit:Defend_Hermit+1","hermit:Defend_Hermit+1","hermit:Defend_Hermit","hermit:Defend_Hermit+1","hermit:Snapshot+1","hermit:Covet","hermit:Magnum+1","hermit:EternalForm+1","hermit:Dive+1","hermit:Determination+1","hermit:Vantage+1","hermit:HeroicBravado+1","hermit:HighNoon+1","hermit:FlashPowder+1","hermit:HoleUp+1","hermit:Brawl+1","hermit:GhostlyPresence+1","hermit:Showdown","hermit:Desperado+1","hermit:Midnight+1","hermit:SprayPray+1","hermit:FatalDesire","CurseOfTheBell","hermit:Desperado+1","Apotheosis+1","hermit:Scavenge+1","hermit:BodyArmor+1","hermit:FlashPowder+1","hermit:PistolWhip+1","hermit:Manifest+1","hermit:Adapt","hermit:Scavenge+1"],"relics":["hermit:ClaspedLocket","HornCleat","Eternal Feather","StrikeDummy","Toy Ornithopter","Golden Idol","Toxic Egg 2","MealTicket","Bronze Scales","Calling Bell","Mastiff:ReiMu","Pear","Bird Faced Urn","Lantern","Toolbox","White Beast Statue","Red Mask"],"acts_visited":["Exordium","TheCity","TheBeyond"],"potions_floor_usage":[35,50],"damage_taken":[{"damage":4,"enemies":"Small Slimes","floor":1,"turns":3},{"damage":29,"enemies":"Lagavulin","floor":7,"turns":7},{"damage":3,"enemies":"Gremlin Nob","floor":14,"turns":4},{"damage":19,"enemies":"Slime Boss","floor":16,"turns":13},{"damage":1,"enemies":"Shell Parasite","floor":18,"turns":5},{"damage":19,"enemies":"Spheric Guardian","floor":19,"turns":6},{"damage":22,"enemies":"Cultist and Chosen","floor":22,"turns":11},{"damage":0,"enemies":"Snake Plant","floor":27,"turns":6},{"damage":1,"enemies":"Snecko","floor":28,"turns":7},{"damage":8,"enemies":"Gremlin Leader","floor":30,"turns":9},{"damage":34,"enemies":"Sentry and Sphere","floor":31,"turns":9},{"damage":23,"enemies":"Champ","floor":33,"turns":11},{"damage":14,"enemies":"3 Darklings","floor":35,"turns":8},{"damage":3,"enemies":"Orb Walker","floor":37,"turns":4},{"damage":14,"enemies":"Maw","floor":38,"turns":8},{"damage":16,"enemies":"Writhing Mass","floor":41,"turns":8},{"damage":4,"enemies":"3 Darklings","floor":45,"turns":8},{"damage":3,"enemies":"Sphere and 2 Shapes","floor":47,"turns":6},{"damage":53,"enemies":"Spire Growth","floor":48,"turns":7},{"damage":61,"enemies":"Time Eater","floor":50,"turns":9}],"seed_played":"2648628838339452920","potions_obtained":[{"floor":1,"key":"sneckomod:MuddlingPotion"},{"floor":19,"key":"Guardian:BlockOnCardUsePotion"},{"floor":28,"key":"Ancient Potion"},{"floor":31,"key":"EssenceOfSteel"},{"floor":38,"key":"ColorlessPotion"}],"is_trial":false,"path_per_floor":["M","?","?","T","$","R","E","R","T","R","$","?","R","E","R","B",null,"M","M","$","?","M","R","?","R","T","M","M","R","E","M","R","B",null,"M","$","M","M","?","R","M","R","T","?","M","R","M","M","R","B",null],"character_chosen":"HERMIT","items_purchased":["hermit:Vantage","hermit:Brawl","Apotheosis+1","hermit:Scavenge+1","Lantern","Toolbox"],"campfire_rested":2,"item_purchase_floors":[11,20,36,36,36,36],"current_hp_per_floor":[64,61,61,61,61,67,38,44,44,50,50,50,56,53,62,43,67,66,47,47,47,25,34,34,46,46,46,46,58,51,18,52,31,74,75,85,84,73,73,81,71,81,81,81,81,81,81,36,78,28],"gold":59,"neow_bonus":"TRANSFORM_TWO_CARDS","is_daily":false,"chose_seed":false,"campfire_upgraded":11,"win_rate":0.0,"timestamp":1610343100,"path_taken":["M","?","?","?","$","R","E","R","T","R","?","?","R","E","R","BOSS","M","M","$","?","M","R","?","R","T","?","M","R","E","M","R","BOSS","M","$","M","M","?","R","M","R","T","?","M","R","M","M","R","BOSS"],"items_purchased_type":["Card","Card","Card","Card","Relic","Relic"],"build_version":"2020-12-22","purchased_purges":3,"victory":true,"max_hp_per_floor":[75,75,75,75,75,75,75,75,75,75,75,75,75,75,75,75,75,75,75,75,75,75,75,75,75,75,75,75,75,75,75,75,75,85,85,85,85,85,81,81,81,81,81,81,81,81,81,81,81,81],"card_choices":[{"not_picked":["hermit:PistolWhip","hermit:Snipe"],"picked":"hermit:Dive","floor":1},{"not_picked":["hermit:Manifest","hermit:NoHoldsBarred"],"picked":"hermit:Determination","floor":7},{"not_picked":["hermit:LuckOfTheDraw+1","hermit:Glare+1"],"picked":"hermit:HeroicBravado+1","floor":14},{"not_picked":["hermit:FinalCanter","hermit:HeroicBravado+1"],"picked":"hermit:HighNoon","floor":16},{"not_picked":["hermit:Misfire","hermit:Ricochet+1"],"picked":"hermit:FlashPowder+1","floor":18},{"not_picked":["hermit:Glare+1","hermit:BigShot+1"],"picked":"hermit:HoleUp+1","floor":19},{"not_picked":["hermit:BodyArmor+1","hermit:ItchyTrigger"],"picked":"hermit:GhostlyPresence+1","floor":22},{"not_picked":["hermit:Ricochet","hermit:FatalDesire"],"picked":"hermit:Showdown","floor":27},{"not_picked":["hermit:HighCaliber","hermit:Ricochet+1"],"picked":"hermit:Desperado+1","floor":28},{"not_picked":["hermit:Combo","hermit:Adapt"],"picked":"hermit:Midnight+1","floor":30},{"not_picked":["hermit:Grudge","hermit:Cheat+1"],"picked":"hermit:SprayPray+1","floor":31},{"not_picked":["hermit:Magnum","hermit:Gambit+1"],"picked":"hermit:FatalDesire","floor":33},{"not_picked":["hermit:Ricochet","hermit:Vantage+1"],"picked":"hermit:Desperado+1","floor":35},{"not_picked":["hermit:TakeCover+1","hermit:HighNoon"],"picked":"hermit:BodyArmor+1","floor":37},{"not_picked":["hermit:HighCaliber+1","hermit:LoneWolf+1"],"picked":"hermit:FlashPowder+1","floor":38},{"not_picked":["hermit:Snipe+1","hermit:Combo"],"picked":"hermit:PistolWhip+1","floor":41},{"not_picked":["hermit:Ricochet+1","hermit:Desperado"],"picked":"hermit:Manifest+1","floor":45},{"not_picked":["hermit:Vantage+1","hermit:Feint+1"],"picked":"hermit:Adapt","floor":47},{"not_picked":["hermit:Feint+1","hermit:SprayPray+1"],"picked":"hermit:Scavenge+1","floor":48}],"player_experience":1372118,"relics_obtained":[{"floor":4,"key":"Eternal Feather"},{"floor":7,"key":"StrikeDummy"},{"floor":9,"key":"Toy Ornithopter"},{"floor":14,"key":"Toxic Egg 2"},{"floor":26,"key":"MealTicket"},{"floor":30,"key":"Bronze Scales"},{"floor":34,"key":"Mastiff:ReiMu"},{"floor":34,"key":"Pear"},{"floor":34,"key":"Bird Faced Urn"},{"floor":43,"key":"White Beast Statue"}],"event_choices":[{"damage_healed":0,"gold_gain":0,"player_choice":"Success","damage_taken":3,"relics_obtained":["HornCleat"],"max_hp_gain":0,"max_hp_loss":0,"event_name":"Scrap Ooze","floor":2,"gold_loss":0},{"damage_healed":0,"gold_gain":0,"player_choice":"Grow","damage_taken":0,"max_hp_gain":0,"max_hp_loss":0,"event_name":"Living Wall","floor":3,"gold_loss":0,"cards_upgraded":["hermit:EternalForm"]},{"damage_healed":0,"gold_gain":0,"player_choice":"Take Wound","damage_taken":0,"relics_obtained":["Golden Idol"],"max_hp_gain":0,"max_hp_loss":0,"event_name":"Golden Idol","floor":12,"gold_loss":0,"cards_obtained":["Injury"]},{"damage_healed":0,"gold_gain":99,"player_choice":"Stole From Cult","damage_taken":0,"max_hp_gain":0,"max_hp_loss":0,"event_name":"Nest","floor":21,"gold_loss":0},{"damage_healed":0,"gold_gain":275,"player_choice":"Desecrate","damage_taken":0,"max_hp_gain":0,"max_hp_loss":0,"event_name":"Golden Shrine","floor":24,"gold_loss":0,"cards_obtained":["Regret"]},{"damage_healed":0,"gold_gain":0,"player_choice":"Max HP","damage_taken":0,"max_hp_gain":0,"max_hp_loss":4,"event_name":"Winding Halls","floor":39,"gold_loss":0},{"damage_healed":0,"gold_gain":0,"player_choice":"Paid","damage_taken":0,"relics_obtained":["Red Mask"],"max_hp_gain":0,"max_hp_loss":0,"event_name":"Tomb of Lord Red Mask","floor":44,"gold_loss":128}],"is_beta":false,"boss_relics":[{"not_picked":["Philosopher\u0027s Stone","SacredBark"],"picked":"hermit:ClaspedLocket"},{"not_picked":["hermit:DentedPlate","SlaversCollar"],"picked":"Calling Bell"}],"items_purged_floors":[5,20,36],"is_endless":false,"potions_floor_spawned":[1,19,28,31,33,38,45,47,48],"ascension_level":6}}