{"host":"v711dtdb46xe9u7l","time":1610379283,"event":{"mods":["BaseMod","Minty Spire (QoL Compilation)","StSLib"],"gold_per_floor":[114,130,146,126,140,170,170,35,35,35,35,53,67,95,95,198,198,210,230,248,248,267,267,267,267],"floor_reached":24,"playtime":1320,"items_purged":[],"score":273,"play_id":"a3d7bc4f-7315-4274-974b-585156a33157","local_time":"20210111153443","is_ascension_mode":true,"campfire_choices":[{"data":"Machine Learning","floor":7,"key":"SMITH"},{"data":"Defend_B","floor":10,"key":"SMITH"},{"floor":15,"key":"REST"},{"floor":23,"key":"REST"}],"circlet_count":0,"master_deck":["Strike_B","Strike_B","Strike_B","Defend_B","Defend_B","Defend_B","Defend_B+1","Zap","Dualcast","Doom and Gloom","Force Field","Ball Lightning","Coolheaded","Machine Learning+1","Buffer","Rebound","Amplify","Hologram+1","Creative AI","Static Discharge+1"],"relics":["Cracked Core","NeowsBlessing","Gremlin Horn","Pantograph","Bronze Scales","Sozu"],"acts_visited":["Exordium","TheCity"],"potions_floor_usage":[6,14,20,24],"damage_taken":[{"damage":0,"enemies":"Small Slimes","floor":1,"turns":1},{"damage":0,"enemies":"Cultist","floor":2,"turns":1},{"damage":0,"enemies":"2 Louse","floor":3,"turns":1},{"damage":7,"enemies":"2 Fungi Beasts","floor":5,"turns":3},{"damage":23,"enemies":"Lagavulin","floor":6,"turns":5},{"damage":12,"enemies":"Gremlin Gang","floor":12,"turns":3},{"damage":2,"enemies":"Exordium Thugs","floor":13,"turns":5},{"damage":8,"enemies":"3 Sentries","floor":14,"turns":4},{"damage":20,"enemies":"The Guardian","floor":16,"turns":12},{"damage":25,"enemies":"2 Thieves","floor":18,"turns":4},{"damage":7,"enemies":"Chosen","floor":19,"turns":4},{"damage":10,"enemies":"Shelled Parasite and Fungi","floor":20,"turns":6},{"damage":17,"enemies":"3 Cultists","floor":22,"turns":6},{"damage":32,"enemies":"Book of Stabbing","floor":24,"turns":4}],"seed_played":"7259862738870660657","potions_obtained":[{"floor":1,"key":"LiquidMemories"},{"floor":3,"key":"EssenceOfDarkness"},{"floor":4,"key":"Weak Potion"},{"floor":6,"key":"Strength Potion"},{"floor":14,"key":"PowerPotion"}],"is_trial":false,"path_per_floor":["M","M","M","?","M","E","R","$","T","R","$","M","M","E","R","B",null,"M","M","M","?","M","R","E"],"character_chosen":"DEFECT","items_purchased":["Buffer"],"campfire_rested":2,"item_purchase_floors":[8],"current_hp_per_floor":[68,68,68,68,61,38,38,38,38,38,38,26,24,16,38,43,67,42,35,25,25,8,30,0,0],"gold":267,"neow_bonus":"THREE_ENEMY_KILL","is_daily":false,"chose_seed":false,"campfire_upgraded":2,"win_rate":0.0,"timestamp":1610379283,"path_taken":["M","M","M","?","?","E","R","?","T","R","$","M","M","E","R","BOSS","M","M","M","?","?","R","E"],"items_purchased_type":["Card"],"build_version":"2020-12-22","purchased_purges":0,"victory":false,"max_hp_per_floor":[75,75,75,75,75,75,75,75,75,75,75,75,75,75,75,75,75,75,75,75,75,75,75,75,75],"card_choices":[{"not_picked":["Turbo","Stack"],"picked":"Doom and Gloom","floor":1},{"not_picked":["Streamline","Blizzard"],"picked":"Force Field","floor":2},{"not_picked":["Tempest","Chill"],"picked":"Ball Lightning","floor":3},{"not_picked":["Cold Snap","Go for the Eyes"],"picked":"Coolheaded","floor":5},{"not_picked":["Loop","Turbo"],"picked":"Machine Learning","floor":6},{"not_picked":["Fusion","Sweeping Beam","Compile Driver"],"picked":"SKIP","floor":12},{"not_picked":["Barrage","Scrape","Gash"],"picked":"SKIP","floor":13},{"not_picked":["Genetic Algorithm","FTL"],"picked":"Rebound","floor":14},{"not_picked":["Biased Cognition","Seek"],"picked":"Amplify","floor":16},{"not_picked":["Ball Lightning","Melter"],"picked":"Hologram+1","floor":18},{"not_picked":["Turbo","Steam Power","Go for the Eyes"],"picked":"SKIP","floor":19},{"not_picked":["Beam Cell","Streamline","Hologram"],"picked":"SKIP","floor":20},{"not_picked":["Tempest","Double Energy"],"picked":"Static Discharge+1","floor":22}],"player_experience":318274,"relics_obtained":[{"floor":6,"key":"Gremlin Horn"},{"floor":9,"key":"Pantograph"},{"floor":14,"key":"Bronze Scales"}],"event_choices":[{"damage_healed":0,"gold_gain":0,"player_choice":"Bought 1 Potion","damage_taken":0,"max_hp_gain":0,"max_hp_loss":0,"event_name":"The Woman in Blue","floor":4,"gold_loss":0},{"damage_healed":0,"gold_gain":0,"cards_transformed":["Strike_B"],"player_choice":"Transformed","damage_taken":0,"max_hp_gain":0,"max_hp_loss":0,"event_name":"Transmorgrifier","floor":21,"gold_loss":0,"cards_obtained":["Creative AI"]}],"is_beta":false,"boss_relics":[{"not_picked":["Inserter","Nuclear Battery"],"picked":"Sozu"}],"items_purged_floors":[],"is_endless":false,"potions_floor_spawned":[1,3,6,14,16,18,22],"killed_by":"Book of Stabbing","ascension_level":6}}