{"host":"i1h39d0gfh5c6uxl","time":1610332358,"event":{"mods":["AchievementEnabler","BaseMod","Colored Map","Colored Powertips","Highlight Path","Minty Spire (QoL Compilation)"],"gold_per_floor":[119,219,232,249,267,295,295,295,318,353,372,372,337,353,353,448,448,458,383,383,393,411,411,411,411],"floor_reached":24,"playtime":748,"items_purged":["Strike_R"],"score":208,"play_id":"3b1256bc-b36b-4203-8b9d-3b98a0d1c4b7","local_time":"20210111103238","is_ascension_mode":false,"campfire_choices":[{"data":"Bash","floor":8.0,"key":"SMITH"},{"data":"Armaments","floor":15.0,"key":"SMITH"},{"floor":23,"key":"REST"}],"circlet_count":0,"master_deck":["Strike_R","Strike_R","Strike_R","Strike_R","Defend_R","Defend_R","Defend_R","Defend_R","Bash+1","Cleave","Perfected Strike","Pommel Strike","Armaments+1","Battle Trance","Shrug It Off","Corruption","Twin Strike","Shrug It Off"],"relics":["Burning Blood"],"acts_visited":["Exordium","TheCity"],"potions_floor_usage":[21,21,21,21,22,22,24],"damage_taken":[{"damage":5.0,"enemies":"Small Slimes","floor":1.0,"turns":3.0},{"damage":1.0,"enemies":"Cultist","floor":3.0,"turns":4.0},{"damage":8.0,"enemies":"Jaw Worm","floor":4.0,"turns":3.0},{"damage":19.0,"enemies":"Large Slime","floor":5.0,"turns":5.0},{"damage":14.0,"enemies":"Gremlin Nob","floor":6.0,"turns":3.0},{"damage":27.0,"enemies":"3 Sentries","floor":10.0,"turns":7.0},{"damage":2.0,"enemies":"Blue Slaver","floor":11.0,"turns":4.0},{"damage":6.0,"enemies":"Red Slaver","floor":14.0,"turns":3.0},{"damage":34.0,"enemies":"The Guardian","floor":16.0,"turns":11.0},{"damage":47,"enemies":"Shell Parasite","floor":18,"turns":7},{"damage":11,"enemies":"2 Thieves","floor":21,"turns":5},{"damage":30,"enemies":"Snake Plant","floor":22,"turns":4},{"damage":50,"enemies":"Gremlin Leader","floor":24,"turns":6}],"seed_played":"2056951115921501151","potions_obtained":[{"floor":1.0,"key":"Strength Potion"},{"floor":4.0,"key":"SpeedPotion"},{"floor":6.0,"key":"SmokeBomb"},{"floor":16.0,"key":"EntropicBrew"},{"floor":21,"key":"LiquidBronze"},{"floor":22,"key":"DuplicationPotion"}],"is_trial":false,"path_per_floor":["M","?","M","M","M","E","?","R","T","E","M","?","?","M","R","B",null,"M","$","?","M","M","R","E"],"character_chosen":"IRONCLAD","items_purchased":[],"campfire_rested":1,"item_purchase_floors":[],"current_hp_per_floor":[88,88,88,86,73,65,65,65,65,44,48,48,70,70,70,42,88,47,47,47,42,18,44,0,0],"gold":411,"neow_bonus":"TEN_PERCENT_HP_BONUS","is_daily":false,"chose_seed":false,"campfire_upgraded":2,"win_rate":0.0,"timestamp":1610332358,"path_taken":["M","?","M","?","?","E","?","R","T","E","M","?","?","M","R","BOSS","M","$","?","M","M","R","E"],"items_purchased_type":[],"build_version":"2020-12-22","purchased_purges":1,"victory":false,"max_hp_per_floor":[88,88,88,88,88,88,88,88,88,88,88,88,88,88,88,88,88,88,88,88,88,88,88,88,88],"card_choices":[{"not_picked":["Blood for Blood","Flex"],"picked":"Cleave","floor":1.0},{"not_picked":["Body Slam","Iron Wave"],"picked":"Perfected Strike","floor":3.0},{"not_picked":["Wild Strike","Twin Strike"],"picked":"Pommel Strike","floor":4.0},{"not_picked":["Body Slam","Anger","Entrench"],"picked":"SKIP","floor":5.0},{"not_picked":["Sever Soul","Pommel Strike","Heavy Blade"],"picked":"SKIP","floor":6.0},{"not_picked":["Cleave","Pommel Strike"],"picked":"Armaments","floor":10.0},{"not_picked":["Burning Pact","Whirlwind"],"picked":"Battle Trance","floor":11.0},{"not_picked":["Carnage","Dropkick"],"picked":"Shrug It Off","floor":14.0},{"not_picked":["Bludgeon","Fiend Fire"],"picked":"Corruption","floor":16.0},{"not_picked":["Heavy Blade+1","Power Through"],"picked":"Twin Strike","floor":18},{"not_picked":["Combust","Havoc"],"picked":"Shrug It Off","floor":21},{"not_picked":["Thunderclap","Wild Strike","Heavy Blade"],"picked":"SKIP","floor":22}],"player_experience":1343198,"relics_obtained":[],"event_choices":[{"damage_healed":0.0,"max_hp_gain":0.0,"max_hp_loss":0.0,"gold_gain":100.0,"event_name":"Golden Shrine","player_choice":"Pray","floor":2.0,"gold_loss":0.0,"damage_taken":0.0},{"damage_healed":0.0,"max_hp_gain":0.0,"max_hp_loss":0.0,"gold_gain":0.0,"event_name":"Golden Idol","player_choice":"Ignored","floor":7.0,"gold_loss":0.0,"damage_taken":0.0},{"damage_healed":0.0,"max_hp_gain":0.0,"max_hp_loss":0.0,"gold_gain":0.0,"event_name":"Liars Game","player_choice":"Ignored","floor":12.0,"gold_loss":0.0,"damage_taken":0.0},{"damage_healed":22.0,"max_hp_gain":0.0,"max_hp_loss":0.0,"gold_gain":0.0,"event_name":"The Cleric","player_choice":"Healed","floor":13.0,"gold_loss":35.0,"damage_taken":0.0},{"damage_healed":0,"gold_gain":0,"player_choice":"Ignored","damage_taken":0,"max_hp_gain":0,"max_hp_loss":0,"event_name":"NoteForYourself","floor":20,"gold_loss":0}],"is_beta":false,"boss_relics":[{"not_picked":["Snecko Eye","Runic Pyramid","Black Star"]}],"items_purged_floors":[19],"is_endless":false,"potions_floor_spawned":[1,4,6,16,18,21,22],"killed_by":"Gremlin Leader","ascension_level":0}}