{"host":"873t0y8ybyo38pfq","time":1610401910,"event":{"mods":["BaseMod","Bestiary","Colored Map","Colored Powertips","Highlight Path","Minty Spire (QoL Compilation)","Quick Restart","RNG Fix","Rare Cards Sparkle","Relic Stats","StSLib"],"gold_per_floor":[118,268,280,294,1,31,31,1,26,26,26,45,61,76,76,76,76],"floor_reached":16,"playtime":567,"items_purged":["Doubt"],"score":204,"play_id":"c5447e52-cdff-42e4-bdaa-ca31376d13c9","local_time":"20210111165150","is_ascension_mode":true,"campfire_choices":[{"data":"Mayhem","floor":7,"key":"SMITH"},{"floor":10,"key":"REST"},{"floor":15,"key":"REST"}],"circlet_count":0,"master_deck":["AscendersBane","Strike_B","Strike_B","Strike_B","Defend_B","Defend_B","Defend_B","Defend_B","Zap","Dualcast","Redo","Static Discharge","Defragment","Mayhem+1","Creative AI","Steam","Steam"],"relics":["Cracked Core","NeowsBlessing","Blue Candle","Regal Pillow"],"acts_visited":["Exordium"],"potions_floor_usage":[14,16],"damage_taken":[{"damage":0,"enemies":"2 Louse","floor":1,"turns":1},{"damage":0,"enemies":"Jaw Worm","floor":3,"turns":1},{"damage":0,"enemies":"Cultist","floor":4,"turns":1},{"damage":35,"enemies":"Lagavulin","floor":6,"turns":5},{"damage":18,"enemies":"2 Fungi Beasts","floor":12,"turns":4},{"damage":9,"enemies":"Looter","floor":13,"turns":4},{"damage":4,"enemies":"Exordium Wildlife","floor":14,"turns":4},{"damage":75,"enemies":"Hexaghost","floor":16,"turns":9}],"seed_played":"4653681343413141773","potions_obtained":[{"floor":12,"key":"CultistPotion"},{"floor":13,"key":"Fire Potion"}],"is_trial":false,"path_per_floor":["M","?","M","M","$","E","R","$","T","R","?","M","M","M","R","B"],"character_chosen":"DEFECT","items_purchased":["Defragment","Mayhem","Steam"],"campfire_rested":2,"item_purchase_floors":[5,5,8],"current_hp_per_floor":[64,64,64,64,64,29,29,29,29,65,65,47,38,34,70,0,0],"gold":76,"neow_bonus":"THREE_ENEMY_KILL","is_daily":false,"chose_seed":false,"campfire_upgraded":1,"win_rate":0.0,"timestamp":1610401910,"path_taken":["M","?","?","M","?","E","R","$","T","R","?","?","M","M","R","BOSS"],"items_purchased_type":["Card","Card","Card"],"build_version":"2020-12-22","purchased_purges":1,"victory":false,"max_hp_per_floor":[71,71,71,71,71,71,71,71,71,71,71,71,71,71,71,71,71],"relic_stats":{"Regal Pillow":30,"counters":[8,29],"Blue Candle":[0],"obtain_stats":[{"Regal Pillow":9,"NeowsBlessing":0,"Blue Candle":6,"Cracked Core":0},{"Regal Pillow":4,"NeowsBlessing":0,"Blue Candle":4,"Cracked Core":0},{"Regal Pillow":8,"NeowsBlessing":0,"Blue Candle":8,"Cracked Core":0}]},"card_choices":[{"not_picked":["Stack","Coolheaded"],"picked":"Redo","floor":1},{"not_picked":["Rebound","BootSequence","Hologram"],"picked":"SKIP","floor":3},{"not_picked":["Cold Snap","Leap"],"picked":"Static Discharge","floor":4},{"not_picked":["Sweeping Beam","Redo"],"picked":"Creative AI","floor":6},{"not_picked":["Redo","Cold Snap"],"picked":"Steam","floor":12},{"not_picked":["Reprogram","Storm","Go for the Eyes"],"picked":"SKIP","floor":13},{"not_picked":["Compile Driver","Darkness","Turbo"],"picked":"SKIP","floor":14}],"player_experience":1589258,"relics_obtained":[{"floor":6,"key":"Blue Candle"},{"floor":9,"key":"Regal Pillow"}],"event_choices":[{"damage_healed":0,"gold_gain":150,"player_choice":"AGREE","damage_taken":0,"max_hp_gain":0,"max_hp_loss":0,"event_name":"Liars Game","floor":2,"gold_loss":0,"cards_obtained":["Doubt"]},{"cards_removed":["Strike_B"],"damage_healed":0,"gold_gain":0,"player_choice":"Purged","damage_taken":0,"max_hp_gain":0,"max_hp_loss":0,"event_name":"Purifier","floor":11,"gold_loss":0}],"is_beta":false,"boss_relics":[],"items_purged_floors":[5],"is_endless":false,"potions_floor_spawned":[12,13],"killed_by":"Hexaghost","ascension_level":20}}