{"host":"e8rlfedn69rz2s07","time":1610403924,"event":{"mods":["Act Like it!","BaseMod","Conspire","Hubris","Infinite Spire","Minty Spire (QoL Compilation)","Permanent Neow","Relic Stats","Replay The Spire","Shop Mod","StSLib","The Jungle"],"gold_per_floor":[114,131,131,131,143,175,175,175,175,192,219,219,269,281,281,281,281],"floor_reached":16,"playtime":726,"items_purged":[],"score":200,"play_id":"57347d1e-028c-425a-9dc8-fe9db2dabc43","local_time":"20210112002524","is_ascension_mode":true,"campfire_choices":[{"floor":7,"key":"REST"},{"data":"Well Laid Plans","floor":15,"key":"SMITH"}],"circlet_count":0,"master_deck":["AscendersBane","Strike_G","Strike_G","Strike_G","Strike_G","Strike_G","Defend_G","Defend_G","Defend_G","Defend_G+1","Defend_G+1","Survivor+1","Neutralize","Flying Knee","Dash","Well Laid Plans+1","PiercingWail"],"relics":["Ring of the Snake","hubris:Teleporter","hubris:Icosahedron","Simple Rune","hubris:SlimyHat"],"acts_visited":["Exordium"],"potions_floor_usage":[6,6,10],"damage_taken":[{"damage":0,"enemies":"conspire:RoseBush","floor":1,"turns":6},{"damage":0,"enemies":"Jaw Worm","floor":2,"turns":5},{"damage":0,"enemies":"2 Louse","floor":5,"turns":2},{"damage":60,"enemies":"3 Sentries","floor":6,"turns":16},{"damage":14,"enemies":"Large Slime","floor":10,"turns":9},{"damage":0,"enemies":"3 Louse","floor":14,"turns":4},{"damage":11,"enemies":"Hexaghost","floor":16,"turns":8}],"seed_played":"-629585911879293505","potions_obtained":[{"floor":2,"key":"Swift Potion"},{"floor":5,"key":"conspire:TimeTravelPotion"},{"floor":6,"key":"SkillPotion"}],"is_trial":false,"path_per_floor":["M","M","?","?","M","E","R","?","T","M","T","?","?","M","R","B"],"character_chosen":"THE_SILENT","items_purchased":[],"campfire_rested":1,"item_purchase_floors":[],"current_hp_per_floor":[44,44,44,44,44,4,23,23,23,9,9,9,9,9,9,0,0],"gold":281,"neow_bonus":"ONE_RARE_RELIC","is_daily":false,"chose_seed":false,"campfire_upgraded":1,"win_rate":0.0,"timestamp":1610403924,"path_taken":["M","M","?","?","M","E","R","?","T","M","?","?","?","M","R","BOSS"],"items_purchased_type":[],"build_version":"2020-12-22","purchased_purges":0,"victory":false,"max_hp_per_floor":[66,66,66,66,66,66,66,66,66,66,66,66,66,66,66,66,66],"relic_stats":{"counters":[7,50],"obtain_stats":[{"hubris:Teleporter":0,"hubris:Icosahedron":4,"Simple Rune":6,"hubris:SlimyHat":9,"Ring of the Snake":0},{"hubris:Teleporter":0,"hubris:Icosahedron":2,"Simple Rune":4,"hubris:SlimyHat":4,"Ring of the Snake":0},{"hubris:Teleporter":0,"hubris:Icosahedron":11,"Simple Rune":29,"hubris:SlimyHat":29,"Ring of the Snake":0}],"Ring of the Snake":[14]},"card_choices":[{"not_picked":["Masterful Stab","Sucker Punch"],"picked":"Flying Knee","floor":1},{"not_picked":["Dagger Spray","Prepared"],"picked":"Dash","floor":2},{"not_picked":["Flechettes","Dagger Throw"],"picked":"Well Laid Plans","floor":5},{"not_picked":["ReplayTheSpireMod:Shiv Toss","Flying Knee"],"picked":"PiercingWail","floor":6},{"not_picked":["Dagger Throw","Deflect","Heel Hook"],"picked":"SKIP","floor":10},{"not_picked":["Heel Hook","hubris:Sniper","Quick Slash"],"picked":"SKIP","floor":14}],"player_experience":958222,"relics_obtained":[{"floor":6,"key":"Simple Rune"},{"floor":9,"key":"hubris:SlimyHat"}],"event_choices":[{"damage_healed":0,"gold_gain":50,"player_choice":"Pray","damage_taken":0,"max_hp_gain":0,"max_hp_loss":0,"event_name":"Golden Shrine","floor":13,"gold_loss":0}],"is_beta":false,"boss_relics":[],"items_purged_floors":[],"is_endless":false,"potions_floor_spawned":[2,5,6],"killed_by":"Hexaghost","ascension_level":20}}