{"host":"a1u4jo6xlg3w0wsm","time":1610359667,"event":{"mods":["BaseMod","Better Third Choice","DeckTracker","Downfall","Hermit","Hubris","Minty Spire (QoL Compilation)","Rare Cards Sparkle","Replay The Spire","StSLib","The Cursed"],"gold_per_floor":[114,39,39,39,39,74,74,101,128,128,139,172,172],"floor_reached":12,"playtime":285,"items_purged":[],"score":158,"play_id":"a66d845d-5fb8-4725-ac6e-db6ad448ddfa","local_time":"20210111230747","is_ascension_mode":true,"campfire_choices":[{"data":"Choke","floor":7,"key":"SMITH"}],"circlet_count":0,"master_deck":["Strike_G","Strike_G","Strike_G+1","Strike_G+1","Defend_G","Defend_G","Defend_G","Defend_G","Defend_G","Survivor","Neutralize","Deadly Poison","Deadly Poison","Bane","Choke+1","Fluid Movement","Draining Mist","Well Laid Plans"],"relics":["NeowsBlessing","Sizzling Blood","Dream Catcher","Whetstone","Vajra","hubris:TinFlute"],"acts_visited":["Exordium"],"potions_floor_usage":[],"damage_taken":[{"damage":0,"enemies":"Small Slimes","floor":1,"turns":1},{"damage":0,"enemies":"Lagavulin","floor":6,"turns":1},{"damage":0,"enemies":"Gremlin Nob","floor":8,"turns":1},{"damage":0,"enemies":"Cultist","floor":11,"turns":3},{"damage":23,"enemies":"Lagavulin","floor":12,"turns":5}],"seed_played":"-3576799542634438685","potions_obtained":[{"floor":1,"key":"Elixir"},{"floor":8,"key":"SpeedPotion"}],"is_trial":false,"path_per_floor":["M","$","?","$","?","E","R","E","T","?","M","E"],"character_chosen":"THE_SILENT","items_purchased":["Deadly Poison","Bane"],"campfire_rested":0,"item_purchase_floors":[2,2],"current_hp_per_floor":[70,70,70,70,74,74,74,74,74,74,74,55,55],"gold":172,"neow_bonus":"THREE_ENEMY_KILL","is_daily":false,"chose_seed":false,"campfire_upgraded":1,"win_rate":0.0,"timestamp":1610359667,"path_taken":["M","$","?","$","?","E","R","E","T","?","M","E"],"items_purchased_type":["Card","Card"],"build_version":"2020-12-13","purchased_purges":0,"victory":false,"max_hp_per_floor":[70,70,70,70,74,74,74,74,74,74,74,74,74],"card_choices":[{"not_picked":["Hidden Blade","Outmaneuver"],"picked":"Deadly Poison","floor":1},{"not_picked":["Heel Hook","Distraction"],"picked":"Choke","floor":6},{"not_picked":["Finisher","Deflect"],"picked":"Fluid Movement","floor":8},{"not_picked":["Eviscerate","Underhanded Strike"],"picked":"Well Laid Plans","floor":11}],"player_experience":324030,"relics_obtained":[{"floor":6,"key":"Dream Catcher"},{"floor":8,"key":"Whetstone"},{"floor":9,"key":"Vajra"},{"floor":12,"key":"hubris:TinFlute"}],"event_choices":[{"damage_healed":0,"gold_gain":0,"player_choice":"Leave","damage_taken":0,"max_hp_gain":0,"max_hp_loss":0,"event_name":"The Cleric","floor":3,"gold_loss":0},{"damage_healed":0,"gold_gain":0,"cards_transformed":["Strike_G"],"player_choice":"Transformed","damage_taken":0,"max_hp_gain":0,"max_hp_loss":0,"event_name":"Transmorgrifier","floor":10,"gold_loss":0,"cards_obtained":["Draining Mist"]}],"is_beta":false,"boss_relics":[],"items_purged_floors":[],"is_endless":false,"potions_floor_spawned":[1,8],"killed_by":"Lagavulin","ascension_level":2}}