{"host":"i1h39d0gfh5c6uxl","time":1610355652,"event":{"mods":["AchievementEnabler","BaseMod","Colored Map","Colored Powertips","Highlight Path","Minty Spire (QoL Compilation)"],"gold_per_floor":[117,169,181,181,29,29,56,56,83,83,83,107,57,82,82,183,183,152,152,251,269,286,286,320,320,344,356,356,384,384,384],"floor_reached":30,"playtime":1728,"items_purged":["Strike_R"],"score":297,"play_id":"c2ebd28b-e636-4c97-9e22-c261ff389fc6","local_time":"20210111170052","is_ascension_mode":false,"campfire_choices":[{"data":"Bash","floor":6,"key":"SMITH"},{"data":"Armaments","floor":10,"key":"SMITH"},{"data":"Disarm","floor":15,"key":"SMITH"},{"floor":23,"key":"REST"},{"floor":25,"key":"REST"}],"circlet_count":0,"master_deck":["Strike_R+1","Strike_R+1","Strike_R+1","Defend_R+1","Defend_R+1","Defend_R+1","Defend_R+1","Bash+1","Clothesline","Whirlwind","Headbutt","Iron Wave","Armaments+1","Disarm+1","Fiend Fire","Ghostly Armor"],"relics":["Philosopher\u0027s Stone"],"acts_visited":["Exordium","TheCity"],"potions_floor_usage":[7,16,24,29],"damage_taken":[{"damage":2,"enemies":"Jaw Worm","floor":1,"turns":2},{"damage":0,"enemies":"Small Slimes","floor":3,"turns":2},{"damage":14,"enemies":"Lagavulin","floor":7,"turns":4},{"damage":11,"enemies":"The Mushroom Lair","floor":12,"turns":4},{"damage":0,"enemies":"3 Sentries","floor":14,"turns":4},{"damage":18,"enemies":"Hexaghost","floor":16,"turns":10},{"damage":33,"enemies":"2 Thieves","floor":18,"turns":5},{"damage":10,"enemies":"3 Byrds","floor":21,"turns":4},{"damage":20,"enemies":"Centurion and Healer","floor":22,"turns":8},{"damage":17,"enemies":"Book of Stabbing","floor":24,"turns":6},{"damage":7,"enemies":"Snecko","floor":27,"turns":4},{"damage":33,"enemies":"Slavers","floor":29,"turns":4},{"damage":17,"enemies":"Snake Plant","floor":30,"turns":2}],"seed_played":"346392514866486318","potions_obtained":[{"floor":1,"key":"DuplicationPotion"},{"floor":7,"key":"FearPotion"},{"floor":18,"key":"Dexterity Potion"},{"floor":22,"key":"Explosive Potion"},{"floor":27,"key":"BlessingOfTheForge"}],"is_trial":false,"path_per_floor":["M","?","M","?","$","R","E","?","T","R","$","?","?","E","R","B",null,"M","?","?","M","M","R","E","R","T","M","?","E","M"],"character_chosen":"IRONCLAD","items_purchased":["Headbutt","Iron Wave"],"campfire_rested":2,"item_purchase_floors":[5,5],"current_hp_per_floor":[78,78,78,83,83,83,69,69,69,69,69,58,58,58,58,40,85,52,52,52,42,22,47,30,55,55,48,48,15,0,0],"gold":384,"neow_bonus":"BOSS_RELIC","is_daily":false,"chose_seed":false,"campfire_upgraded":3,"win_rate":0.0,"timestamp":1610355652,"path_taken":["M","?","M","?","$","R","E","?","T","R","?","?","?","E","R","BOSS","M","?","?","M","M","R","E","R","T","M","?","E","M"],"items_purchased_type":["Card","Card"],"build_version":"2020-12-22","purchased_purges":1,"victory":false,"max_hp_per_floor":[80,80,80,85,85,85,85,85,85,85,85,85,85,85,85,85,85,85,85,85,85,85,85,85,85,85,85,85,85,85,85],"card_choices":[{"not_picked":["Shockwave","Dark Embrace"],"picked":"Clothesline","floor":1},{"not_picked":["Seeing Red","Bloodletting"],"picked":"Whirlwind","floor":3},{"not_picked":["Inflame","Perfected Strike"],"picked":"Armaments","floor":7},{"not_picked":["Cleave","Twin Strike"],"picked":"Disarm","floor":14},{"not_picked":["Juggernaut","Brutality"],"picked":"Fiend Fire","floor":16},{"not_picked":["Clash","Dual Wield","Rampage"],"picked":"SKIP","floor":18},{"not_picked":["Anger","Clothesline"],"picked":"Ghostly Armor","floor":21},{"not_picked":["Warcry","Clothesline+1","Ghostly Armor"],"picked":"SKIP","floor":22},{"not_picked":["Heavy Blade","Brutality","Cleave"],"picked":"SKIP","floor":24},{"not_picked":["Anger+1","Thunderclap","Body Slam"],"picked":"SKIP","floor":27},{"not_picked":["Body Slam","Perfected Strike+1","Sword Boomerang"],"picked":"SKIP","floor":29}],"player_experience":1347148,"relics_obtained":[],"event_choices":[{"damage_healed":0,"gold_gain":52,"player_choice":"Gained Gold","damage_taken":0,"max_hp_gain":0,"max_hp_loss":0,"event_name":"Golden Wing","floor":2,"gold_loss":0},{"damage_healed":0,"gold_gain":0,"player_choice":"Donut","damage_taken":0,"max_hp_gain":5,"max_hp_loss":0,"event_name":"Big Fish","floor":4,"gold_loss":0},{"damage_healed":0,"gold_gain":0,"player_choice":"Ignored","damage_taken":0,"max_hp_gain":0,"max_hp_loss":0,"event_name":"Liars Game","floor":8,"gold_loss":0},{"damage_healed":0,"gold_gain":0,"player_choice":"Fought Mushrooms","damage_taken":0,"max_hp_gain":0,"max_hp_loss":0,"event_name":"Mushrooms","floor":12,"gold_loss":0},{"cards_removed":["Strike_R"],"damage_healed":0,"gold_gain":0,"player_choice":"Card Removal","damage_taken":0,"max_hp_gain":0,"max_hp_loss":0,"event_name":"The Cleric","floor":13,"gold_loss":50},{"damage_healed":0,"gold_gain":0,"player_choice":"Simplicity","damage_taken":0,"max_hp_gain":0,"max_hp_loss":0,"event_name":"Back to Basics","floor":19,"gold_loss":0,"cards_upgraded":["Strike_R","Strike_R","Strike_R","Defend_R","Defend_R","Defend_R","Defend_R"]},{"damage_healed":0,"gold_gain":99,"player_choice":"Stole From Cult","damage_taken":0,"max_hp_gain":0,"max_hp_loss":0,"event_name":"Nest","floor":20,"gold_loss":0},{"damage_healed":0,"gold_gain":0,"player_choice":"Ignored","damage_taken":0,"max_hp_gain":0,"max_hp_loss":0,"event_name":"NoteForYourself","floor":28,"gold_loss":0}],"is_beta":false,"boss_relics":[{"not_picked":["Empty Cage","Astrolabe","Black Star"]}],"items_purged_floors":[5],"is_endless":false,"potions_floor_spawned":[1,7,18,22,27],"killed_by":"Snake Plant","ascension_level":0}}