{"host":"fnk117zi8wf5078t","time":1610365093,"event":{"mods":["AchievementEnabler","BaseMod","Colored Map","Minty Spire (QoL Compilation)","Rare Cards Sparkle","SuperFastMode","everything is the same but u backflip on backflip"],"gold_per_floor":[11,23,23,35,47,47,67,67,67,67,67,67,67,67,67,142,192,208,228,228,228,228],"floor_reached":21,"playtime":685,"items_purged":[],"score":338,"play_id":"4a2c7f1a-b743-432f-b448-9ec658e4b9eb","local_time":"20210111203813","is_ascension_mode":true,"campfire_choices":[{"data":"Barricade","floor":6.0,"key":"SMITH"},{"floor":8.0,"key":"REST"},{"data":"Entrench","floor":12.0,"key":"SMITH"},{"data":"Armaments","floor":15.0,"key":"SMITH"}],"circlet_count":0,"master_deck":["AscendersBane","Strike_R","Strike_R","Strike_R","Strike_R","Strike_R","Defend_R+1","Defend_R+1","Defend_R","Defend_R","Bash","Barricade+1","Dropkick+1","Entrench+1","Sentinel","Infernal Blade","Armaments+1","Immolate","Shrug It Off","Body Slam","Body Slam"],"relics":["Burning Blood","Matryoshka","Tiny House"],"acts_visited":["Exordium","TheCity"],"potions_floor_usage":[21],"damage_taken":[{"damage":1.0,"enemies":"Cultist","floor":1.0,"turns":3.0},{"damage":4.0,"enemies":"2 Louse","floor":2.0,"turns":3.0},{"damage":31.0,"enemies":"Jaw Worm","floor":4.0,"turns":5.0},{"damage":17.0,"enemies":"Looter","floor":5.0,"turns":3.0},{"damage":15.0,"enemies":"Gremlin Gang","floor":7.0,"turns":5.0},{"damage":19.0,"enemies":"The Guardian","floor":16.0,"turns":23.0},{"damage":16.0,"enemies":"Spheric Guardian","floor":18.0,"turns":4.0},{"damage":55.0,"enemies":"Chosen","floor":19.0,"turns":8.0},{"damage":9,"enemies":"Centurion and Healer","floor":21,"turns":1}],"seed_played":"-8541871674961112400","potions_obtained":[{"floor":5.0,"key":"EntropicBrew"},{"floor":16.0,"key":"LiquidBronze"},{"floor":17.0,"key":"SteroidPotion"},{"floor":19.0,"key":"Fire Potion"},{"floor":20.0,"key":"SpeedPotion"}],"is_trial":false,"path_per_floor":["M","M","$","M","M","R","M","R","T","?","?","R","$","?","R","B",null,"M","M","?","M"],"character_chosen":"IRONCLAD","items_purchased":[],"campfire_rested":1,"item_purchase_floors":[],"current_hp_per_floor":[73,75,75,50,39,39,30,52,52,29,47,47,47,47,47,34,68,58,9,9,0,0],"gold":228,"neow_bonus":"THREE_RARE_CARDS","is_daily":false,"chose_seed":false,"campfire_upgraded":3,"win_rate":0.0,"timestamp":1610365093,"path_taken":["M","M","?","?","M","R","M","R","T","?","?","R","$","?","R","BOSS","M","?","?","M"],"items_purchased_type":[],"build_version":"2020-12-22","purchased_purges":0,"victory":false,"max_hp_per_floor":[75,75,75,75,75,75,75,75,75,75,75,75,75,72,72,72,77,77,77,77,77,77],"card_choices":[{"not_picked":["Limit Break","Bludgeon"],"picked":"Barricade","floor":0.0},{"not_picked":["Flex","Warcry"],"picked":"Dropkick","floor":1.0},{"not_picked":["Flame Barrier","Shrug It Off"],"picked":"Entrench","floor":2.0},{"not_picked":["Wild Strike","Dropkick"],"picked":"Sentinel","floor":4.0},{"not_picked":["Cleave","Wild Strike"],"picked":"Infernal Blade","floor":5.0},{"not_picked":["Inflame","Havoc"],"picked":"Armaments","floor":7.0},{"not_picked":["Corruption","Fiend Fire"],"picked":"Immolate","floor":16.0},{"not_picked":["Clash","Spot Weakness"],"picked":"Shrug It Off","floor":17.0},{"not_picked":["Ghostly Armor","Shrug It Off+1"],"picked":"Body Slam","floor":18.0},{"not_picked":["Sword Boomerang","Burning Pact"],"picked":"Body Slam","floor":19.0}],"player_experience":378408,"relics_obtained":[{"floor":9.0,"key":"Matryoshka"}],"event_choices":[{"damage_healed":0.0,"max_hp_gain":0.0,"max_hp_loss":0.0,"gold_gain":0.0,"event_name":"Shining Light","player_choice":"Entered Light","floor":10.0,"gold_loss":0.0,"damage_taken":23.0,"cards_upgraded":["Defend_R","Defend_R"]},{"damage_healed":18.0,"max_hp_gain":0.0,"max_hp_loss":0.0,"gold_gain":0.0,"event_name":"Mushrooms","player_choice":"Healed and dodged fight","floor":11.0,"gold_loss":0.0,"damage_taken":0.0,"cards_obtained":["Parasite"]},{"cards_removed":["Parasite"],"damage_healed":0.0,"max_hp_gain":0.0,"max_hp_loss":0.0,"gold_gain":0.0,"event_name":"Fountain of Cleansing","player_choice":"Removed Curses","floor":14.0,"gold_loss":0.0,"damage_taken":0.0},{"damage_healed":0.0,"max_hp_gain":0.0,"max_hp_loss":0.0,"gold_gain":0.0,"event_name":"Lab","player_choice":"Got Potions","floor":20.0,"gold_loss":0.0,"damage_taken":0.0}],"is_beta":false,"boss_relics":[{"not_picked":["Fusion Hammer","Mark of Pain"],"picked":"Tiny House"}],"items_purged_floors":[],"is_endless":false,"potions_floor_spawned":[5,16,19],"killed_by":"Centurion and Healer","ascension_level":20}}