{"host":"obplhmlw33xb91v8","time":1610354701,"event":{"mods":["BaseMod","Block Reminder","Curses Come First","Evolution","Minty Spire (QoL Compilation)","Quick Restart","Relic Stats","Spicy Shops","StSLib","Uncapped","Waifu the Spire","slay the spire mod where everything is the same but ironclad has a cowboy hat"],"gold_per_floor":[160,160,173,173,248,248,264,264,264,264,279,292,12,12,12,132,132,153,177,177,192,47,47,2,53,126,142,158,4,4,17,17,17,17],"floor_reached":33,"playtime":1326,"items_purged":["Pain","Tools of the Trade"],"score":273,"play_id":"780f56da-5884-402e-a80c-4a225bc910af","local_time":"20210111034501","is_ascension_mode":true,"campfire_choices":[{"data":"Crippling Poison","floor":6,"key":"SMITH"},{"data":"Bane","floor":8,"key":"SMITH"},{"floor":15,"key":"REST"},{"floor":23,"key":"REST"},{"floor":30,"key":"REST"},{"floor":32,"key":"REST"}],"circlet_count":0,"master_deck":["Dagger Spray","Dagger Spray","Dagger Spray+1","Survivor","Neutralize","Bane+1","Injury","Crippling Poison+1","Backflip","Dodge and Roll","PiercingWail","After Image","Well Laid Plans","Leg Sweep","Flechettes","Heel Hook","Footwork","PiercingWail","Flying Knee+1","Blade Dance","Flying Knee","Underhanded Strike","Noxious Fumes+1","Noxious Fumes+1"],"relics":["EVO:Axolotl","Tiny House","Golden Idol","Bottled Flame","WarpedTongs","PreservedInsect","Pandora\u0027s Box","Ancient Tea Set","Juzu Bracelet","Kunai","Membership Card"],"acts_visited":["Exordium","TheCity"],"potions_floor_usage":[16,16,18,33,33],"damage_taken":[{"damage":0,"enemies":"Cultist","floor":1,"turns":3},{"damage":0,"enemies":"Small Slimes","floor":3,"turns":2},{"damage":0,"enemies":"2 Louse","floor":7,"turns":1},{"damage":0,"enemies":"Exordium Thugs","floor":11,"turns":3},{"damage":16,"enemies":"Exordium Wildlife","floor":12,"turns":3},{"damage":8,"enemies":"Slime Boss","floor":16,"turns":10},{"damage":16,"enemies":"Chosen","floor":18,"turns":7},{"damage":12,"enemies":"3 Byrds","floor":19,"turns":4},{"damage":34,"enemies":"Snake Plant","floor":21,"turns":7},{"damage":18,"enemies":"Centurion and Healer","floor":27,"turns":7},{"damage":10,"enemies":"Chosen and Byrds","floor":28,"turns":7},{"damage":22,"enemies":"Cultist and Chosen","floor":31,"turns":7},{"damage":38,"enemies":"Champ","floor":33,"turns":11}],"seed_played":"5056402168466326387","potions_obtained":[{"floor":0,"key":"PowerPotion"},{"floor":3,"key":"Weak Potion"},{"floor":11,"key":"GamblersBrew"},{"floor":12,"key":"DistilledChaos"},{"floor":19,"key":"BlessingOfTheForge"},{"floor":21,"key":"Strength Potion"},{"floor":31,"key":"BlessingOfTheForge"}],"is_trial":false,"path_per_floor":["M","?","M","?","?","R","M","R","T","?","M","M","$","?","R","B",null,"M","M","?","M","$","R","$","T","T","M","M","$","R","M","R","B"],"character_chosen":"THE_SILENT","items_purchased":["PreservedInsect","PiercingWail","Flying Knee","Underhanded Strike","Membership Card"],"campfire_rested":4,"item_purchase_floors":[13,13,22,24,29],"current_hp_per_floor":[75,75,75,60,49,49,49,49,49,49,49,33,33,33,55,47,75,59,47,47,13,13,35,35,35,35,17,7,7,29,7,29,0,0],"gold":17,"neow_bonus":"BOSS_RELIC","is_daily":false,"chose_seed":false,"campfire_upgraded":2,"win_rate":0.0,"timestamp":1610354701,"path_taken":["M","?","M","?","?","R","M","R","T","?","M","?","$","?","R","BOSS","M","M","?","M","$","R","?","?","T","M","M","$","R","M","R","BOSS"],"items_purchased_type":["Relic","Card","Card","Card","Relic"],"build_version":"2020-12-22","purchased_purges":2,"victory":false,"max_hp_per_floor":[75,75,75,75,75,75,75,75,75,75,75,75,75,75,75,75,75,75,75,75,75,75,75,75,75,75,75,75,75,75,75,75,75,75],"relic_stats":{"counters":[13,72],"Golden Idol":57,"Pandora\u0027s Box":["Well Laid Plans","Leg Sweep","Tools of the Trade","Flechettes","Heel Hook","Footwork","PiercingWail"],"PreservedInsect":0,"Juzu Bracelet":0,"Kunai":[18],"obtain_stats":[{"Bottled Flame":9,"Tiny House":0,"Golden Idol":2,"Pandora\u0027s Box":17,"PreservedInsect":13,"Juzu Bracelet":25,"EVO:Axolotl":0,"Kunai":26,"Membership Card":29,"Ancient Tea Set":20,"Ring of the Snake":0,"WarpedTongs":10},{"Bottled Flame":3,"Tiny House":0,"Golden Idol":1,"Pandora\u0027s Box":6,"PreservedInsect":5,"Juzu Bracelet":9,"EVO:Axolotl":0,"Kunai":9,"Membership Card":11,"Ancient Tea Set":8,"Ring of the Snake":0,"WarpedTongs":3},{"Bottled Flame":6,"Tiny House":0,"Golden Idol":3,"Pandora\u0027s Box":22,"PreservedInsect":12,"Juzu Bracelet":40,"EVO:Axolotl":0,"Kunai":40,"Membership Card":54,"Ancient Tea Set":33,"Ring of the Snake":0,"WarpedTongs":6}],"WarpedTongs":[65]},"card_choices":[{"not_picked":["Riddle With Holes","Poisoned Stab"],"picked":"Bane","floor":0},{"not_picked":["Dash","Predator","Dagger Spray"],"picked":"SKIP","floor":1},{"not_picked":["Cloak And Dagger","Sucker Punch"],"picked":"Crippling Poison","floor":3},{"not_picked":["Accuracy","Dagger Spray"],"picked":"Backflip","floor":7},{"not_picked":["Prepared","Die Die Die","Predator"],"picked":"SKIP","floor":11},{"not_picked":["Flechettes","Underhanded Strike"],"picked":"Dodge and Roll","floor":12},{"not_picked":["Glass Knife","Unload"],"picked":"After Image","floor":16},{"not_picked":["Concentrate+1","Dagger Throw+1"],"picked":"Flying Knee+1","floor":18},{"not_picked":["Dagger Throw","Blur","Sucker Punch"],"picked":"SKIP","floor":19},{"not_picked":["Prepared","Footwork"],"picked":"Blade Dance","floor":21},{"not_picked":["Endless Agony+1","Footwork","Calculated Gamble"],"picked":"SKIP","floor":27},{"not_picked":["Unload","Dagger Spray"],"picked":"Noxious Fumes+1","floor":28},{"not_picked":["Sucker Punch","Poisoned Stab"],"picked":"Noxious Fumes+1","floor":31}],"player_experience":151452,"relics_obtained":[{"floor":9,"key":"Bottled Flame"},{"floor":25,"key":"Juzu Bracelet"},{"floor":26,"key":"Kunai"}],"event_choices":[{"damage_healed":0,"gold_gain":0,"player_choice":"Take Wound","damage_taken":0,"relics_obtained":["Golden Idol"],"max_hp_gain":0,"max_hp_loss":0,"event_name":"Golden Idol","floor":2,"gold_loss":0,"cards_obtained":["Injury"]},{"damage_healed":0,"gold_gain":0,"player_choice":"Entered Light","damage_taken":15,"max_hp_gain":0,"max_hp_loss":0,"event_name":"Shining Light","floor":4,"gold_loss":0,"cards_upgraded":["Strike_G","Defend_G"]},{"damage_healed":0,"gold_gain":75,"player_choice":"Gather Gold","damage_taken":11,"max_hp_gain":0,"max_hp_loss":0,"event_name":"World of Goop","floor":5,"gold_loss":0},{"damage_healed":0,"gold_gain":0,"player_choice":"Rummage","damage_taken":0,"relics_obtained":["WarpedTongs"],"max_hp_gain":0,"max_hp_loss":0,"event_name":"Accursed Blacksmith","floor":10,"gold_loss":0,"cards_obtained":["Pain"]},{"damage_healed":0,"gold_gain":0,"player_choice":"Ignored","damage_taken":0,"max_hp_gain":0,"max_hp_loss":0,"event_name":"Liars Game","floor":14,"gold_loss":0},{"damage_healed":0,"gold_gain":0,"player_choice":"Gave Potion","damage_taken":0,"relics_obtained":["Ancient Tea Set"],"max_hp_gain":0,"max_hp_loss":0,"event_name":"WeMeetAgain","floor":20,"gold_loss":0}],"is_beta":false,"boss_relics":[{"not_picked":["Astrolabe","Runic Dome"],"picked":"Pandora\u0027s Box"}],"items_purged_floors":[13,22],"is_endless":false,"potions_floor_spawned":[3,11,12,19,21,31],"killed_by":"Champ","ascension_level":3}}