{"host":"ji1fk25fd1ga4ji1","time":1610378769,"event":{"mods":["2.2 Compatiblity","BaseMod","Colored Map","DeckTracker","Minty Spire (QoL Compilation)","Permanent Neow","Quick Restart","StSLib","SuperFastMode"],"gold_per_floor":[13,26,26,45,65,93,93,18,18,18,18,18,28,40,40,143,143,160,175,0,0,11,43,62,62,88,88,120,134,134,34,34,136,136,153,201,201,212,212,212,230,263,308,57,57,67,96,106,106,106],"floor_reached":51,"playtime":975,"items_purged":["Strike_B","Defend_B","Cold Snap"],"score":782,"play_id":"584c7cfd-b534-472a-8ab3-a5d7cbdb7e0b","local_time":"20210112002609","is_ascension_mode":true,"campfire_choices":[{"data":"Dualcast","floor":7,"key":"SMITH"},{"data":"Zap","floor":10,"key":"SMITH"},{"data":"Electrodynamics","floor":12,"key":"SMITH"},{"data":"Capacitor","floor":15,"key":"SMITH"},{"floor":25,"key":"REST"},{"data":"Apotheosis","floor":27,"key":"SMITH"},{"floor":30,"key":"REST"},{"data":"Fission","floor":32,"key":"SMITH"},{"floor":40,"key":"REST"},{"floor":45,"key":"REST"},{"floor":49,"key":"REST"}],"circlet_count":0,"master_deck":["Defend_B","Defend_B","Zap+1","Dualcast+1","Melter","Capacitor+1","Lockon","Beam Cell","Electrodynamics+1","Ball Lightning","Fission+1","Apotheosis+1","Ball Lightning","Core Surge","Reboot","Leap+1","Glacier","Conserve Battery+1"],"relics":["Cracked Core","InkBottle","TungstenRod","SlaversCollar","Turnip","PreservedInsect","Orichalcum","Black Star","CaptainsWheel","Bag of Preparation","Pen Nib","Lantern","Anchor","Ice Cream"],"acts_visited":["Exordium","TheCity","TheBeyond"],"potions_floor_usage":[6,19,23,38,41,41,41,42,42,50,50,50],"damage_taken":[{"damage":3,"enemies":"Small Slimes","floor":1,"turns":3},{"damage":1,"enemies":"Cultist","floor":2,"turns":3},{"damage":0,"enemies":"2 Louse","floor":4,"turns":1},{"damage":4,"enemies":"Lots of Slimes","floor":5,"turns":3},{"damage":15,"enemies":"3 Sentries","floor":6,"turns":7},{"damage":0,"enemies":"Blue Slaver","floor":13,"turns":2},{"damage":0,"enemies":"Red Slaver","floor":14,"turns":1},{"damage":13,"enemies":"Slime Boss","floor":16,"turns":6},{"damage":8,"enemies":"Chosen","floor":18,"turns":2},{"damage":0,"enemies":"2 Thieves","floor":19,"turns":3},{"damage":13,"enemies":"Centurion and Healer","floor":22,"turns":2},{"damage":23,"enemies":"Slavers","floor":23,"turns":4},{"damage":8,"enemies":"Chosen and Byrds","floor":24,"turns":3},{"damage":3,"enemies":"Book of Stabbing","floor":28,"turns":2},{"damage":6,"enemies":"Shelled Parasite and Fungi","floor":29,"turns":3},{"damage":3,"enemies":"Collector","floor":33,"turns":4},{"damage":15,"enemies":"3 Darklings","floor":35,"turns":3},{"damage":39,"enemies":"2 Orb Walkers","floor":36,"turns":4},{"damage":6,"enemies":"3 Shapes","floor":38,"turns":3},{"damage":7,"enemies":"Jaw Worm Horde","floor":41,"turns":3},{"damage":8,"enemies":"Reptomancer","floor":42,"turns":4},{"damage":3,"enemies":"Spire Growth","floor":46,"turns":3},{"damage":4,"enemies":"Nemesis","floor":47,"turns":5},{"damage":11,"enemies":"Writhing Mass","floor":48,"turns":5},{"damage":45,"enemies":"Donu and Deca","floor":50,"turns":10}],"seed_played":"-4334530694549285341","potions_obtained":[{"floor":2,"key":"Weak Potion"},{"floor":3,"key":"DistilledChaos"},{"floor":3,"key":"SpeedPotion"},{"floor":4,"key":"Fire Potion"},{"floor":14,"key":"Weak Potion"},{"floor":19,"key":"SteroidPotion"},{"floor":22,"key":"Regen Potion"},{"floor":29,"key":"EntropicBrew"},{"floor":36,"key":"PotionOfCapacity"},{"floor":41,"key":"Weak Potion"}],"is_trial":false,"path_per_floor":["M","M","?","M","M","E","R","$","T","R","?","R","M","M","R","B",null,"M","M","$","?","M","E","M","R","T","R","E","M","R","$","R","B",null,"M","?","?","M","?","R","M","E","T","$","R","M","E","M","R","B",null],"character_chosen":"DEFECT","items_purchased":["Apotheosis","PotionOfCapacity","Strength Potion"],"campfire_rested":5,"item_purchase_floors":[20,44,44],"current_hp_per_floor":[72,71,71,71,67,52,52,52,52,52,52,52,52,52,52,39,75,67,67,67,67,54,43,35,57,57,57,54,48,70,70,70,67,75,60,21,21,15,15,37,30,22,22,22,44,41,37,26,48,3],"gold":106,"neow_bonus":"TRANSFORM_TWO_CARDS","is_daily":false,"chose_seed":false,"campfire_upgraded":6,"win_rate":0.0,"timestamp":1610378769,"path_taken":["M","M","?","M","?","E","R","$","T","R","?","R","?","M","R","BOSS","M","M","$","?","?","E","M","R","T","R","E","M","R","$","R","BOSS","M","?","?","M","?","R","?","E","T","$","R","M","E","M","R","BOSS"],"items_purchased_type":["Card","Potion","Potion"],"build_version":"2020-12-22","purchased_purges":3,"victory":true,"max_hp_per_floor":[75,75,75,75,75,75,75,75,75,75,75,75,75,75,75,75,75,75,75,75,75,75,75,75,75,75,75,75,75,75,75,75,75,75,75,75,75,75,75,75,75,75,75,75,75,75,75,75,75,75],"card_choices":[{"not_picked":["Leap","Static Discharge"],"picked":"Lockon","floor":1},{"not_picked":["Turbo","Hologram"],"picked":"Cold Snap","floor":2},{"not_picked":["Redo","Rebound"],"picked":"Beam Cell","floor":4},{"not_picked":["Loop","Streamline","Beam Cell"],"picked":"SKIP","floor":5},{"not_picked":["Consume","Reinforced Body"],"picked":"Electrodynamics","floor":6},{"not_picked":["Steam","Steam Power"],"picked":"Ball Lightning","floor":13},{"not_picked":["Coolheaded","Leap","Barrage"],"picked":"SKIP","floor":14},{"not_picked":["Meteor Strike","Thunder Strike"],"picked":"Fission","floor":16},{"not_picked":["Reprogram","Tempest","Streamline"],"picked":"SKIP","floor":18},{"not_picked":["Rebound","Steam","Blizzard+1"],"picked":"SKIP","floor":19},{"not_picked":["Static Discharge","Tempest"],"picked":"Ball Lightning","floor":22},{"not_picked":["Auto Shields","Ball Lightning","Darkness"],"picked":"SKIP","floor":23},{"not_picked":["Leap","Amplify","Stack+1"],"picked":"SKIP","floor":24},{"not_picked":["Stack+1","Barrage+1"],"picked":"Core Surge","floor":28},{"not_picked":["Blizzard","Rebound","Sunder"],"picked":"SKIP","floor":29},{"not_picked":["Echo Form","Amplify"],"picked":"Reboot","floor":33},{"not_picked":["Turbo+1","Rebound","Steam+1"],"picked":"SKIP","floor":35},{"not_picked":["Hologram","BootSequence"],"picked":"Leap+1","floor":38},{"not_picked":["Conserve Battery+1","FTL"],"picked":"Glacier","floor":41},{"not_picked":["Ball Lightning","Auto Shields","Lockon"],"picked":"SKIP","floor":42},{"not_picked":["Sweeping Beam+1","Buffer","Compile Driver"],"picked":"SKIP","floor":46},{"not_picked":["Streamline","Machine Learning","Compile Driver"],"picked":"SKIP","floor":47},{"not_picked":["Streamline","Machine Learning","Compile Driver"],"picked":"SKIP","floor":47},{"not_picked":["Gash","Doom and Gloom"],"picked":"Conserve Battery+1","floor":48}],"player_experience":470871,"relics_obtained":[{"floor":6,"key":"InkBottle"},{"floor":9,"key":"TungstenRod"},{"floor":23,"key":"Turnip"},{"floor":26,"key":"PreservedInsect"},{"floor":28,"key":"Orichalcum"},{"floor":36,"key":"CaptainsWheel"},{"floor":42,"key":"Bag of Preparation"},{"floor":42,"key":"Pen Nib"},{"floor":43,"key":"Lantern"},{"floor":47,"key":"Anchor"},{"floor":47,"key":"Ice Cream"}],"event_choices":[{"damage_healed":0,"gold_gain":0,"player_choice":"Got Potions","damage_taken":0,"max_hp_gain":0,"max_hp_loss":0,"event_name":"Lab","floor":3,"gold_loss":0},{"cards_removed":["Strike_B"],"damage_healed":0,"gold_gain":0,"player_choice":"Purged","damage_taken":0,"max_hp_gain":0,"max_hp_loss":0,"event_name":"Purifier","floor":11,"gold_loss":0},{"cards_removed":["Strike_B"],"damage_healed":0,"gold_gain":0,"player_choice":"Card Removal","damage_taken":0,"max_hp_gain":0,"max_hp_loss":0,"event_name":"Wheel of Change","floor":21,"gold_loss":0},{"damage_healed":0,"gold_gain":0,"player_choice":"Fight","damage_taken":0,"max_hp_gain":0,"max_hp_loss":0,"event_name":"Mysterious Sphere","floor":36,"gold_loss":0},{"damage_healed":0,"gold_gain":0,"player_choice":"Ignored","damage_taken":0,"max_hp_gain":0,"max_hp_loss":0,"event_name":"Tomb of Lord Red Mask","floor":37,"gold_loss":0},{"damage_healed":0,"gold_gain":0,"player_choice":"Bought 0 Potions","damage_taken":0,"max_hp_gain":0,"max_hp_loss":0,"event_name":"The Woman in Blue","floor":39,"gold_loss":0}],"is_beta":false,"boss_relics":[{"not_picked":["Tiny House","Velvet Choker"],"picked":"SlaversCollar"},{"not_picked":["Coffee Dripper","Runic Pyramid"],"picked":"Black Star"}],"items_purged_floors":[8,31,44],"is_endless":false,"potions_floor_spawned":[2,4,5,14,19,22,29,36,41,48],"ascension_level":1}}