{"host":"xt3o4iokwksypl90","time":1610375551,"event":{"mods":["AchievementEnabler","BaseMod","Googly Eyes","Highlight Path","Minty Spire (QoL Compilation)","Permanent Neow"],"gold_per_floor":[119,69,144,156,172,200,200,12,12,12,38,51,51,78,78,179,179,191,44,56,74,91,91,91],"floor_reached":23,"playtime":1971,"items_purged":["Strike_P","Strike_P"],"score":253,"play_id":"21002d9e-4f76-4db9-9bce-b6b6a709fc24","local_time":"20210111153231","is_ascension_mode":true,"campfire_choices":[{"data":"Eruption","floor":7.0,"key":"SMITH"},{"data":"Alpha","floor":10.0,"key":"SMITH"},{"floor":15.0,"key":"REST"}],"circlet_count":0,"master_deck":["Strike_P","Strike_P","Defend_P","Defend_P","Defend_P","Eruption+1","Vigilance","Alpha+1","FollowUp","Prostrate","FollowUp","DevaForm","WaveOfTheHand","Wireheading","ClearTheMind","DeusExMachina","CurseOfTheBell","ThirdEye","Wallop","ThirdEye","TalkToTheHand+1","ThirdEye"],"relics":["PureWater","Pantograph","Membership Card","CaptainsWheel","Boot","Prayer Wheel","Calling Bell","Toy Ornithopter","Gremlin Horn","Shovel","OrangePellets"],"acts_visited":["Exordium","TheCity"],"potions_floor_usage":[20,21,21,22],"damage_taken":[{"damage":0.0,"enemies":"Cultist","floor":1.0,"turns":2.0},{"damage":7.0,"enemies":"Jaw Worm","floor":4.0,"turns":4.0},{"damage":0.0,"enemies":"2 Louse","floor":5.0,"turns":3.0},{"damage":27.0,"enemies":"Lagavulin","floor":6.0,"turns":6.0},{"damage":11.0,"enemies":"3 Sentries","floor":11.0,"turns":4.0},{"damage":2.0,"enemies":"Lots of Slimes","floor":12.0,"turns":3.0},{"damage":13.0,"enemies":"Gremlin Nob","floor":14.0,"turns":4.0},{"damage":23.0,"enemies":"The Guardian","floor":16.0,"turns":9.0},{"damage":29,"enemies":"2 Thieves","floor":18,"turns":4},{"damage":21,"enemies":"3 Byrds","floor":20,"turns":4},{"damage":37,"enemies":"Snake Plant","floor":21,"turns":5},{"damage":41,"enemies":"Cultist and Chosen","floor":22,"turns":6},{"damage":0,"enemies":"Slavers","floor":23,"turns":1}],"seed_played":"4904573949454391869","potions_obtained":[{"floor":4.0,"key":"BlessingOfTheForge"},{"floor":11.0,"key":"Explosive Potion"},{"floor":12.0,"key":"Fruit Juice"},{"floor":14.0,"key":"FairyPotion"},{"floor":18,"key":"BottledMiracle"},{"floor":20,"key":"Regen Potion"},{"floor":21,"key":"ColorlessPotion"}],"is_trial":false,"path_per_floor":["M","?","?","M","M","E","R","$","T","R","E","M","?","E","R","B",null,"M","$","M","M","M","E"],"character_chosen":"WATCHER","items_purchased":["Membership Card","OrangePellets","Weak Potion"],"campfire_rested":1,"item_purchase_floors":[8,19,19],"current_hp_per_floor":[72,72,61,54,54,27,27,27,27,27,16,19,19,6,29,31,77,48,48,32,19,8,8,8],"gold":91,"neow_bonus":"ONE_RANDOM_RARE_CARD","is_daily":false,"chose_seed":false,"campfire_upgraded":2,"win_rate":0.0,"timestamp":1610375551,"path_taken":["M","?","?","M","M","E","R","?","T","R","E","M","?","E","R","BOSS","M","$","M","M","?","E"],"items_purchased_type":["Relic","Relic","Potion"],"build_version":"2020-12-22","purchased_purges":2,"victory":false,"max_hp_per_floor":[72,72,72,72,72,72,72,72,72,72,72,77,77,77,77,77,77,77,77,77,77,77,77,77],"card_choices":[{"not_picked":["Worship","Halt"],"picked":"FollowUp","floor":1.0},{"not_picked":["Sanctity","ThirdEye"],"picked":"Prostrate","floor":4.0},{"not_picked":["PathToVictory","WindmillStrike"],"picked":"FollowUp","floor":5.0},{"not_picked":["Sanctity","Wireheading"],"picked":"DevaForm","floor":6.0},{"not_picked":["FollowUp","Crescendo"],"picked":"WaveOfTheHand","floor":11.0},{"not_picked":["FlurryOfBlows","PathToVictory"],"picked":"Wireheading","floor":12.0},{"not_picked":["PathToVictory","CutThroughFate"],"picked":"ClearTheMind","floor":14.0},{"not_picked":["Judgement","SpiritShield"],"picked":"DeusExMachina","floor":16.0},{"not_picked":["Conclude","WheelKick"],"picked":"ThirdEye","floor":18},{"not_picked":["Halt+1","FollowUp+1","SandsOfTime+1"],"picked":"SKIP","floor":18},{"not_picked":["Worship","BowlingBash"],"picked":"Wallop","floor":20},{"not_picked":["Pray+1","CrushJoints+1","Crescendo"],"picked":"SKIP","floor":20},{"not_picked":["Weave+1","Halt"],"picked":"ThirdEye","floor":21},{"not_picked":["FlyingSleeves","ThirdEye"],"picked":"TalkToTheHand+1","floor":21},{"not_picked":["Consecrate+1","Fasting2+1"],"picked":"ThirdEye","floor":22},{"not_picked":["WaveOfTheHand","EmptyMind","Meditate+1"],"picked":"SKIP","floor":22}],"player_experience":260793,"relics_obtained":[{"floor":6.0,"key":"Pantograph"},{"floor":11.0,"key":"CaptainsWheel"},{"floor":13.0,"key":"Boot"},{"floor":14.0,"key":"Prayer Wheel"},{"floor":17.0,"key":"Toy Ornithopter"},{"floor":17.0,"key":"Gremlin Horn"},{"floor":17.0,"key":"Shovel"}],"event_choices":[{"cards_removed":["Defend_P"],"damage_healed":0.0,"max_hp_gain":0.0,"max_hp_loss":0.0,"gold_gain":0.0,"event_name":"The Cleric","player_choice":"Card Removal","floor":2.0,"gold_loss":50.0,"damage_taken":0.0},{"damage_healed":0.0,"max_hp_gain":0.0,"max_hp_loss":0.0,"gold_gain":75.0,"event_name":"World of Goop","player_choice":"Gather Gold","floor":3.0,"gold_loss":0.0,"damage_taken":11.0},{"damage_healed":0.0,"max_hp_gain":0.0,"max_hp_loss":0.0,"gold_gain":0.0,"event_name":"Wheel of Change","player_choice":"Relic","floor":13.0,"gold_loss":0.0,"damage_taken":0.0}],"is_beta":false,"boss_relics":[{"not_picked":["Fusion Hammer","Tiny House"],"picked":"Calling Bell"}],"items_purged_floors":[8,19],"is_endless":false,"potions_floor_spawned":[4,11,12,14,18,20,21],"killed_by":"Slavers","ascension_level":4}}