{"host":"ilhhjx796p2x2wmd","time":1610389621,"event":{"mods":["AchievementEnabler","BaseMod","BetterRewards","Colored Map","Colored Powertips","DeckTracker","Highlight Path","Minty Spire (QoL Compilation)","Rare Cards Sparkle","Shop Mod"],"gold_per_floor":[109,119,130,140,158,192,192,204,229,249,278,278,228,256,256,352,352,364,62,62,82,97,125,135,166,189,222,21,21,31,31,31,132,132,148,158,0,12,63,63,97,107,107,13,13,13,23,23,23,23],"floor_reached":51,"playtime":2981,"items_purged":["Strike_G","Shame"],"score":901,"play_id":"bfb5a048-0a8e-4b42-8b46-0bfd140ff3c8","local_time":"20210112032701","is_ascension_mode":true,"campfire_choices":[{"data":"Corpse Explosion","floor":7,"key":"SMITH"},{"floor":12,"key":"REST"},{"floor":15,"key":"REST"},{"data":"Catalyst","floor":32,"key":"SMITH"},{"floor":40,"key":"REST"},{"data":"Envenom","floor":46,"key":"SMITH"},{"data":"Calculated Gamble","floor":49,"key":"SMITH"}],"circlet_count":0,"master_deck":["Strike_G","Defend_G","Defend_G","Defend_G","Defend_G","Defend_G","Survivor","Envenom+1","Dash","Underhanded Strike","Backflip","Crippling Poison","Corpse Explosion+1","Deadly Poison","Prepared","Poisoned Stab","Endless Agony","Adrenaline","Backflip+1","Calculated Gamble+1","Catalyst+1","Reflex","Escape Plan","Poisoned Stab","Noxious Fumes","Underhanded Strike","All Out Attack","After Image","Footwork","Swift Strike"],"relics":["Ring of the Snake","CaptainsWheel","Blood Vial","Pen Nib","Potion Belt","SlaversCollar","TwistedFunnel","Vajra","Bottled Lightning","PreservedInsect","Art of War","MealTicket","HoveringKite","Red Mask","Ginger","Strawberry","Sundial"],"acts_visited":["Exordium","TheCity","TheBeyond"],"potions_floor_usage":[11,11,23,33,38,39,39,47,50,50],"damage_taken":[{"damage":0,"enemies":"2 Louse","floor":1,"turns":3},{"damage":0,"enemies":"Small Slimes","floor":2,"turns":6},{"damage":10,"enemies":"Jaw Worm","floor":3,"turns":4},{"damage":12,"enemies":"Large Slime","floor":4,"turns":7},{"damage":0,"enemies":"3 Louse","floor":5,"turns":3},{"damage":21,"enemies":"Lagavulin","floor":6,"turns":7},{"damage":9,"enemies":"Blue Slaver","floor":8,"turns":3},{"damage":0,"enemies":"2 Fungi Beasts","floor":10,"turns":2},{"damage":0,"enemies":"Gremlin Nob","floor":11,"turns":4},{"damage":13,"enemies":"Lagavulin","floor":14,"turns":5},{"damage":25,"enemies":"Slime Boss","floor":16,"turns":10},{"damage":4,"enemies":"Chosen","floor":18,"turns":5},{"damage":0,"enemies":"Shell Parasite","floor":21,"turns":4},{"damage":3,"enemies":"Snake Plant","floor":22,"turns":4},{"damage":0,"enemies":"Slavers","floor":23,"turns":2},{"damage":0,"enemies":"Snecko","floor":24,"turns":4},{"damage":19,"enemies":"Gremlin Leader","floor":25,"turns":4},{"damage":0,"enemies":"Slavers","floor":27,"turns":1},{"damage":9,"enemies":"Sentry and Sphere","floor":30,"turns":5},{"damage":32,"enemies":"Collector","floor":33,"turns":4},{"damage":21,"enemies":"3 Shapes","floor":35,"turns":2},{"damage":21,"enemies":"3 Darklings","floor":36,"turns":2},{"damage":0,"enemies":"Jaw Worm Horde","floor":38,"turns":1},{"damage":12,"enemies":"2 Orb Walkers","floor":39,"turns":2},{"damage":0,"enemies":"Giant Head","floor":41,"turns":6},{"damage":4,"enemies":"Sphere and 2 Shapes","floor":42,"turns":4},{"damage":37,"enemies":"Maw","floor":47,"turns":8},{"damage":36,"enemies":"Donu and Deca","floor":50,"turns":6}],"seed_played":"-2540985783707983218","potions_obtained":[{"floor":3,"key":"Strength Potion"},{"floor":5,"key":"Swift Potion"},{"floor":8,"key":"SkillPotion"},{"floor":11,"key":"FearPotion"},{"floor":14,"key":"Swift Potion"},{"floor":16,"key":"DuplicationPotion"},{"floor":21,"key":"Swift Potion"},{"floor":22,"key":"AttackPotion"},{"floor":30,"key":"SteroidPotion"},{"floor":33,"key":"AttackPotion"},{"floor":41,"key":"CunningPotion"},{"floor":42,"key":"Regen Potion"}],"is_trial":false,"path_per_floor":["M","M","M","M","M","E","R","M","T","M","E","R","?","E","R","B",null,"M","$","?","M","M","E","M","E","T","E","$","?","M","?","R","B",null,"M","M","?","M","?","R","E","M","T","$","?","R","M","?","R","B",null],"character_chosen":"THE_SILENT","items_purchased":["TwistedFunnel","Calculated Gamble","Escape Plan","Poisoned Stab","Swift Strike"],"campfire_rested":3,"item_purchase_floors":[19,19,28,28,44],"current_hp_per_floor":[70,70,60,48,48,27,27,18,18,20,22,43,43,32,53,30,70,66,66,66,68,67,69,70,51,51,53,68,68,61,61,61,31,70,49,30,30,32,22,43,52,50,50,65,65,65,30,67,67,40],"gold":23,"neow_bonus":"ONE_RANDOM_RARE_CARD","is_daily":false,"chose_seed":false,"campfire_upgraded":4,"win_rate":0.0,"timestamp":1610389621,"path_taken":["M","M","M","M","M","E","R","M","T","M","E","R","?","E","R","BOSS","M","$","?","M","M","E","M","E","T","E","$","?","M","?","R","BOSS","M","M","?","M","?","R","E","M","T","$","?","R","?","?","R","BOSS"],"items_purchased_type":["Relic","Card","Card","Card","Card"],"build_version":"2020-12-22","purchased_purges":2,"victory":true,"max_hp_per_floor":[70,70,70,70,70,70,70,70,70,70,70,70,70,70,70,70,70,70,70,70,70,70,70,70,70,70,70,70,70,70,70,70,70,70,70,70,70,70,70,70,77,77,77,77,77,77,77,67,67,67],"card_choices":[{"not_picked":["PiercingWail","All Out Attack"],"picked":"Dash","floor":1},{"not_picked":["Concentrate","Deflect"],"picked":"Underhanded Strike","floor":2},{"not_picked":["Skewer","Setup"],"picked":"Backflip","floor":3},{"not_picked":["Flying Knee","Sucker Punch"],"picked":"Crippling Poison","floor":4},{"not_picked":["Masterful Stab","Dagger Spray"],"picked":"Corpse Explosion","floor":5},{"not_picked":["Cloak And Dagger","Outmaneuver"],"picked":"Deadly Poison","floor":6},{"not_picked":["Bane","Tactician"],"picked":"Prepared","floor":8},{"not_picked":["Predator","Finisher"],"picked":"Poisoned Stab","floor":10},{"not_picked":["Sucker Punch","Eviscerate"],"picked":"Endless Agony","floor":11},{"not_picked":["Sucker Punch","Leg Sweep","Heel Hook"],"picked":"SKIP","floor":14},{"not_picked":["Corpse Explosion","Unload"],"picked":"Adrenaline","floor":16},{"not_picked":["Skewer","Underhanded Strike"],"picked":"Backflip+1","floor":18},{"not_picked":["Concentrate+1","Dagger Spray","Blade Dance"],"picked":"SKIP","floor":21},{"not_picked":["PiercingWail","Finisher+1","Dagger Spray"],"picked":"SKIP","floor":22},{"not_picked":["Bane+1","Deflect"],"picked":"Catalyst","floor":23},{"not_picked":["Setup","Well Laid Plans+1","Quick Slash"],"picked":"SKIP","floor":24},{"not_picked":["Unload","Dodge and Roll","Masterful Stab+1"],"picked":"SKIP","floor":25},{"not_picked":["Deflect","Prepared"],"picked":"Reflex","floor":27},{"not_picked":["Skewer","Eviscerate","Underhanded Strike"],"picked":"SKIP","floor":30},{"not_picked":["Wraith Form v2","Unload"],"picked":"After Image","floor":33},{"not_picked":["Skewer+1","Deflect","Concentrate+1"],"picked":"SKIP","floor":35},{"not_picked":["Dash+1","Finisher+1"],"picked":"Footwork","floor":36},{"not_picked":["Concentrate+1","Flying Knee+1","Choke+1"],"picked":"SKIP","floor":38},{"not_picked":["Cloak And Dagger+1","Sucker Punch+1","Outmaneuver+1"],"picked":"SKIP","floor":41},{"not_picked":["Flechettes","Prepared","Slice+1"],"picked":"SKIP","floor":42},{"not_picked":["Blade Dance+1","Flechettes","Well Laid Plans+1"],"picked":"SKIP","floor":47}],"player_experience":280525,"relics_obtained":[{"floor":6,"key":"CaptainsWheel"},{"floor":9,"key":"Blood Vial"},{"floor":11,"key":"Pen Nib"},{"floor":14,"key":"Potion Belt"},{"floor":23,"key":"Bottled Lightning"},{"floor":25,"key":"PreservedInsect"},{"floor":26,"key":"Art of War"},{"floor":27,"key":"MealTicket"},{"floor":39,"key":"Ginger"},{"floor":41,"key":"Strawberry"},{"floor":43,"key":"Sundial"}],"event_choices":[{"cards_removed":["Strike_G"],"damage_healed":0,"gold_gain":0,"player_choice":"Card Removal","damage_taken":0,"max_hp_gain":0,"max_hp_loss":0,"event_name":"The Cleric","floor":13,"gold_loss":50},{"damage_healed":0,"gold_gain":0,"player_choice":"Stole Relic","damage_taken":0,"relics_obtained":["Vajra"],"max_hp_gain":0,"max_hp_loss":0,"event_name":"Addict","floor":20,"gold_loss":0,"cards_obtained":["Shame"]},{"damage_healed":0,"gold_gain":0,"player_choice":"Read","damage_taken":0,"max_hp_gain":0,"max_hp_loss":0,"event_name":"The Library","floor":29,"gold_loss":0,"cards_obtained":["Noxious Fumes"]},{"damage_healed":0,"gold_gain":0,"cards_transformed":["Strike_G","Strike_G"],"player_choice":"Became Test Subject","damage_taken":0,"max_hp_gain":0,"max_hp_loss":0,"event_name":"Drug Dealer","floor":31,"gold_loss":0,"cards_obtained":["Underhanded Strike","All Out Attack"]},{"damage_healed":0,"gold_gain":0,"player_choice":"Paid","damage_taken":0,"relics_obtained":["Red Mask"],"max_hp_gain":0,"max_hp_loss":0,"event_name":"Tomb of Lord Red Mask","floor":37,"gold_loss":158},{"damage_healed":0,"gold_gain":0,"player_choice":"Fight","damage_taken":0,"max_hp_gain":0,"max_hp_loss":0,"event_name":"Mysterious Sphere","floor":39,"gold_loss":0},{"cards_removed":["Neutralize"],"damage_healed":0,"gold_gain":0,"player_choice":"Removed Attack","damage_taken":0,"max_hp_gain":0,"max_hp_loss":0,"event_name":"Falling","floor":45,"gold_loss":0},{"damage_healed":67,"gold_gain":0,"player_choice":"Heal","damage_taken":0,"max_hp_gain":0,"max_hp_loss":10,"event_name":"The Moai Head","floor":48,"gold_loss":0}],"is_beta":false,"boss_relics":[{"not_picked":["Snecko Eye","WristBlade"],"picked":"SlaversCollar"},{"not_picked":["Philosopher\u0027s Stone","Black Star"],"picked":"HoveringKite"}],"items_purged_floors":[19,28],"is_endless":false,"potions_floor_spawned":[3,5,8,11,14,16,21,22,30,33,35,41,42],"ascension_level":1}}