{"host":"6azrrw3tf7wb0f4b","time":1610362825,"event":{"mods":["BaseMod","DeckTracker","Minty Spire (QoL Compilation)","SuperFastMode"],"gold_per_floor":[213,213,15,41,41,41,72,90,90,123,139,139,151,161,161,261,261,279,298,40,40,40,40,70,82,82],"floor_reached":25,"playtime":520,"items_purged":["Strike_B"],"score":366,"play_id":"d30ce9f3-f1d1-437d-9359-0234900ea1c4","local_time":"20210111200025","is_ascension_mode":true,"campfire_choices":[{"data":"Dualcast","floor":6.0,"key":"SMITH"},{"data":"Darkness","floor":12.0,"key":"SMITH"},{"data":"Loop","floor":15.0,"key":"SMITH"},{"data":"Turbo","floor":23,"key":"SMITH"}],"circlet_count":0,"master_deck":["AscendersBane","Strike_B","Strike_B","Defend_B","Defend_B","Defend_B","Zap","Dualcast+1","Ball Lightning","Conserve Battery","Rip and Tear","Chill","Meteor Strike","Darkness+1","Coolheaded","Glacier","Loop+1","Buffer","Turbo+1","Amplify"],"relics":["Cracked Core","Omamori","Anchor","Matryoshka","Happy Flower","InkBottle","The Courier","Calling Bell","Strawberry","Blue Candle","Emotion Chip","Molten Egg 2","MawBank"],"acts_visited":["Exordium","TheCity"],"potions_floor_usage":[25],"damage_taken":[{"damage":3.0,"enemies":"2 Louse","floor":1.0,"turns":3.0},{"damage":23.0,"enemies":"Lagavulin","floor":7.0,"turns":5.0},{"damage":0.0,"enemies":"Cultist","floor":8.0,"turns":3.0},{"damage":13.0,"enemies":"3 Sentries","floor":10.0,"turns":6.0},{"damage":0.0,"enemies":"Jaw Worm","floor":11.0,"turns":2.0},{"damage":0.0,"enemies":"Large Slime","floor":13.0,"turns":3.0},{"damage":0.0,"enemies":"Looter","floor":14.0,"turns":3.0},{"damage":8,"enemies":"The Guardian","floor":16,"turns":9},{"damage":10,"enemies":"Shell Parasite","floor":18,"turns":7},{"damage":21,"enemies":"Chosen","floor":19,"turns":6},{"damage":62,"enemies":"Book of Stabbing","floor":24,"turns":7},{"damage":5,"enemies":"3 Cultists","floor":25,"turns":3}],"seed_played":"-3242499568704868153","potions_obtained":[{"floor":7.0,"key":"FearPotion"},{"floor":8.0,"key":"BlessingOfTheForge"},{"floor":19,"key":"Energy Potion"}],"is_trial":false,"path_per_floor":["M","?","$","T","?","R","E","M","T","E","M","R","M","M","R","B",null,"M","M","$","?","$","R","E","M"],"character_chosen":"DEFECT","items_purchased":["Conserve Battery","Omamori","Molten Egg 2"],"campfire_rested":0,"item_purchase_floors":[3,3,20],"current_hp_per_floor":[65,65,65,65,65,65,42,42,42,29,29,29,29,29,29,21,69,59,38,38,65,65,65,3,0,0],"gold":82,"neow_bonus":"HUNDRED_GOLD","is_daily":false,"chose_seed":false,"campfire_upgraded":4,"win_rate":0.0,"timestamp":1610362825,"path_taken":["M","?","$","?","?","R","E","M","T","E","M","R","M","M","R","BOSS","M","M","$","?","$","R","E","M"],"items_purchased_type":["Card","Relic","Relic"],"build_version":"2020-12-22","purchased_purges":1,"victory":false,"max_hp_per_floor":[75,75,75,75,75,75,75,75,75,75,75,75,75,75,75,75,82,82,82,82,82,82,82,82,82,82],"card_choices":[{"not_picked":["Gash","BootSequence"],"picked":"Ball Lightning","floor":1.0},{"not_picked":["Streamline","Beam Cell"],"picked":"Chill","floor":7.0},{"not_picked":["Beam Cell","Fusion"],"picked":"Meteor Strike","floor":8.0},{"not_picked":["Fusion","Rip and Tear"],"picked":"Darkness","floor":10.0},{"not_picked":["Go for the Eyes","Gash"],"picked":"Coolheaded","floor":11.0},{"not_picked":["Gash","Cold Snap"],"picked":"Glacier","floor":13.0},{"not_picked":["Scrape","Coolheaded"],"picked":"Loop","floor":14.0},{"not_picked":["Thunder Strike","Meteor Strike"],"picked":"Buffer","floor":16},{"not_picked":["Genetic Algorithm","Recycle"],"picked":"Turbo","floor":18},{"not_picked":["Self Repair","Streamline"],"picked":"Amplify","floor":19},{"not_picked":["Gash+1","Blizzard+1","Genetic Algorithm"],"picked":"SKIP","floor":24}],"player_experience":692184,"relics_obtained":[{"floor":4.0,"key":"Anchor"},{"floor":7.0,"key":"Matryoshka"},{"floor":9.0,"key":"Happy Flower"},{"floor":9.0,"key":"InkBottle"},{"floor":10.0,"key":"The Courier"},{"floor":17,"key":"Strawberry"},{"floor":17,"key":"Blue Candle"},{"floor":17,"key":"Emotion Chip"},{"floor":24,"key":"MawBank"}],"event_choices":[{"cards_removed":["Strike_B"],"damage_healed":0.0,"max_hp_gain":0.0,"max_hp_loss":0.0,"gold_gain":0.0,"event_name":"Bonfire Elementals","player_choice":"Offered Basic","floor":2.0,"gold_loss":0.0,"damage_taken":0.0},{"damage_healed":0.0,"max_hp_gain":0.0,"max_hp_loss":0.0,"gold_gain":0.0,"cards_transformed":["Defend_B"],"event_name":"Living Wall","player_choice":"Change","floor":5.0,"gold_loss":0.0,"damage_taken":0.0,"cards_obtained":["Rip and Tear"]},{"damage_healed":27,"gold_gain":0,"player_choice":"Heal","damage_taken":0,"max_hp_gain":0,"max_hp_loss":0,"event_name":"The Library","floor":21,"gold_loss":0}],"is_beta":false,"boss_relics":[{"not_picked":["Tiny House","SacredBark"],"picked":"Calling Bell"}],"items_purged_floors":[20],"is_endless":false,"potions_floor_spawned":[7,8,11,19],"killed_by":"3 Cultists","ascension_level":12}}