{"host":"s794kqxf2n1qz2yr","time":1610399023,"event":{"mods":["100% Spire Juice","2.2 Compatiblity","AchievementEnabler","Aspiration","BaseMod","ChefMod","Downfall","Friendly Minions","Hermit","Minty Spire (QoL Compilation)","Permanent Neow","StSLib","The Animator"],"gold_per_floor":[116,116,116,49,64,64,10,21,21,33,33,52,52,67,67,163,163,183,282,282,282],"floor_reached":20,"playtime":1184,"items_purged":[],"score":164,"play_id":"bb5f41f2-0c3e-47d2-a8b2-2ba2fd4cc2a9","local_time":"20210111210343","daily_mods":["SealedDeck"],"is_ascension_mode":false,"campfire_choices":[{"data":"chefmod:OldCookbook","floor":6,"key":"SMITH"},{"data":"chefmod:FreezeSolid","floor":11,"key":"SMITH"},{"data":"chefmod:ColdSteel","floor":13,"key":"SMITH"},{"data":"chefmod:FarmersMarket","floor":15,"key":"SMITH"}],"circlet_count":0,"master_deck":["chefmod:FarmersMarket+1","chefmod:OldCookbook+1","chefmod:Defrost","chefmod:Fillet","chefmod:DoubleChop","chefmod:VegetableTart+1","chefmod:Chop","chefmod:ColdSteel+1","chefmod:Chop","chefmod:QuickChop","chefmod:ColdSteel","chefmod:FreezeSolid+1","chefmod:SaveForLater","chefmod:Fillet","chefmod:ColdSteel","chefmod:IcePick","chefmod:OrderUp"],"relics":["chefmod:TrustyPot","Eternal Feather","aspiration:SecretTechniqueScroll"],"acts_visited":["Exordium","TheCity"],"potions_floor_usage":[16,16],"damage_taken":[{"damage":0,"enemies":"Cultist","floor":1,"turns":2},{"damage":11,"enemies":"Jaw Worm","floor":5,"turns":3},{"damage":9,"enemies":"Small Slimes","floor":8,"turns":3},{"damage":9,"enemies":"Exordium Thugs","floor":10,"turns":4},{"damage":13,"enemies":"2 Fungi Beasts","floor":12,"turns":3},{"damage":6,"enemies":"Blue Slaver","floor":14,"turns":3},{"damage":34,"enemies":"Hexaghost","floor":16,"turns":12},{"damage":10,"enemies":"Chosen","floor":18,"turns":4},{"damage":8,"enemies":"3 Byrds","floor":20,"turns":2}],"seed_played":"-1909537377731350960","potions_obtained":[{"floor":8,"key":"SteroidPotion"},{"floor":10,"key":"SkillPotion"},{"floor":12,"key":"Ancient Potion"}],"is_trial":true,"path_per_floor":["M","$","?","$","M","R","$","M","T","M","R","M","R","M","R","B",null,"M","?","M"],"character_chosen":"THE_CHEF","items_purchased":["chefmod:FreezeSolid","chefmod:Fillet"],"campfire_rested":0,"item_purchase_floors":[4,7],"current_hp_per_floor":[76,76,76,76,65,65,65,56,56,47,53,40,49,43,52,18,76,66,66,58,58],"gold":282,"neow_bonus":"","is_daily":false,"chose_seed":false,"campfire_upgraded":4,"win_rate":0.0,"timestamp":1610399023,"path_taken":["M","$","?","?","M","R","?","M","T","M","R","M","R","M","R","BOSS","M","?","M"],"items_purchased_type":["Card","Card"],"build_version":"2020-12-22","purchased_purges":0,"victory":false,"max_hp_per_floor":[76,76,76,76,76,76,76,76,76,76,76,76,76,76,76,76,76,76,76,76,76],"card_choices":[{"not_picked":["chefmod:FireUp","chefmod:Defrost"],"picked":"chefmod:ColdSteel","floor":1},{"not_picked":["chefmod:FreshProduce","chefmod:ZaruSoba"],"picked":"chefmod:SaveForLater","floor":5},{"not_picked":["chefmod:ZaruSoba","chefmod:FireUp","chefmod:Ratatouille"],"picked":"SKIP","floor":8},{"not_picked":["chefmod:FarmersMarket","chefmod:Mince","chefmod:Cleavers"],"picked":"SKIP","floor":10},{"not_picked":["chefmod:FryPan","chefmod:BaoBuns"],"picked":"chefmod:ColdSteel","floor":12},{"not_picked":["chefmod:Granita","chefmod:Flambe"],"picked":"chefmod:IcePick","floor":14},{"not_picked":["chefmod:RisingDough","chefmod:TwoForOne"],"picked":"chefmod:OrderUp","floor":16},{"not_picked":["chefmod:BaoBuns+1","chefmod:Chop","chefmod:Defrost"],"picked":"SKIP","floor":18}],"player_experience":343855,"relics_obtained":[{"floor":9,"key":"Eternal Feather"}],"event_choices":[{"damage_healed":0,"gold_gain":0,"player_choice":"Upgraded","damage_taken":0,"max_hp_gain":0,"max_hp_loss":0,"event_name":"Upgrade Shrine","floor":3,"gold_loss":0,"cards_upgraded":["chefmod:VegetableTart"]},{"damage_healed":0,"gold_gain":99,"player_choice":"Stole From Cult","damage_taken":0,"max_hp_gain":0,"max_hp_loss":0,"event_name":"Nest","floor":19,"gold_loss":0}],"is_beta":false,"boss_relics":[{"not_picked":["expansioncontent:StudyCardRelic","chefmod:OldKettle"],"picked":"aspiration:SecretTechniqueScroll"}],"items_purged_floors":[],"is_endless":false,"potions_floor_spawned":[8,10,12,14],"killed_by":"3 Byrds","ascension_level":0}}