{"host":"6jrd8fn9k88n08be","time":1610339312,"event":{"mods":["BaseMod","Minty Spire (QoL Compilation)","StSLib"],"gold_per_floor":[111,186,186,186,206,206,231,245,297,311,311,344,359,132,132,233,283,295,210,221,221,232,232,232],"floor_reached":23,"playtime":1351,"items_purged":["Strike_R"],"score":211,"play_id":"50f78180-6360-471f-930a-b8aa530d3cd0","local_time":"20210110232832","is_ascension_mode":true,"campfire_choices":[{"data":"Twin Strike","floor":6,"key":"SMITH"},{"floor":11,"key":"REST"},{"data":"Flame Barrier","floor":15,"key":"SMITH"}],"circlet_count":0,"master_deck":["Strike_R","Strike_R","Strike_R+1","Defend_R","Defend_R","Defend_R","Defend_R","Bash+1","Twin Strike+1","Pommel Strike","Twin Strike","Reaper","Metallicize","Carnage","Flame Barrier+1","Berserk","Rampage","Warcry","Shrug It Off"],"relics":["Burning Blood","Dream Catcher","Regal Pillow","Calipers","Bag of Preparation","Tiny House","PreservedInsect"],"acts_visited":["Exordium","TheCity"],"potions_floor_usage":[12,12,20,20],"damage_taken":[{"damage":1,"enemies":"Jaw Worm","floor":1,"turns":3},{"damage":7,"enemies":"Small Slimes","floor":5,"turns":4},{"damage":20,"enemies":"Gremlin Nob","floor":7,"turns":4},{"damage":0,"enemies":"Cultist","floor":8,"turns":2},{"damage":10,"enemies":"Exordium Wildlife","floor":10,"turns":4},{"damage":20,"enemies":"Lagavulin","floor":12,"turns":5},{"damage":4,"enemies":"Blue Slaver","floor":13,"turns":3},{"damage":48,"enemies":"Hexaghost","floor":16,"turns":12},{"damage":32,"enemies":"Spheric Guardian","floor":18,"turns":6},{"damage":19,"enemies":"Shell Parasite","floor":20,"turns":5},{"damage":21,"enemies":"Centurion and Healer","floor":22,"turns":12},{"damage":25,"enemies":"Slavers","floor":23,"turns":2}],"seed_played":"5970235597235387627","potions_obtained":[{"floor":5,"key":"ColorlessPotion"},{"floor":8,"key":"ElixirPotion"},{"floor":10,"key":"Strength Potion"},{"floor":16,"key":"DistilledChaos"},{"floor":17,"key":"SteroidPotion"},{"floor":22,"key":"ElixirPotion"}],"is_trial":false,"path_per_floor":["M","?","?","?","M","R","E","M","T","M","R","E","M","$","R","B",null,"M","?","M","?","M","E"],"character_chosen":"IRONCLAD","items_purchased":["Bag of Preparation"],"campfire_rested":1,"item_purchase_floors":[14],"current_hp_per_floor":[80,69,62,62,61,61,47,53,53,49,80,75,77,77,77,39,85,59,59,46,30,23,0,0],"gold":232,"neow_bonus":"THREE_CARDS","is_daily":false,"chose_seed":false,"campfire_upgraded":2,"win_rate":0.0,"timestamp":1610339312,"path_taken":["M","?","?","?","M","R","E","M","T","?","R","E","M","$","R","BOSS","M","?","M","?","M","E"],"items_purchased_type":["Relic"],"build_version":"2020-12-22","purchased_purges":1,"victory":false,"max_hp_per_floor":[80,80,80,80,80,80,80,80,80,80,80,80,80,80,80,80,85,85,85,85,90,90,90,90],"card_choices":[{"not_picked":["Clash","Spot Weakness"],"picked":"Twin Strike","floor":0},{"not_picked":["Heavy Blade","Twin Strike"],"picked":"Pommel Strike","floor":1},{"not_picked":["Bloodletting","Dual Wield","Anger"],"picked":"SKIP","floor":5},{"not_picked":["Wild Strike","Combust","Iron Wave"],"picked":"SKIP","floor":7},{"not_picked":["Thunderclap","Hemokinesis"],"picked":"Twin Strike","floor":8},{"not_picked":["Rage","True Grit"],"picked":"Reaper","floor":10},{"not_picked":["Feel No Pain","Fire Breathing"],"picked":"Metallicize","floor":11},{"not_picked":["Metallicize","Wild Strike"],"picked":"Carnage","floor":12},{"not_picked":["Metallicize","Carnage"],"picked":"Flame Barrier","floor":13},{"not_picked":["Corruption","Immolate"],"picked":"Berserk","floor":16},{"not_picked":["Anger","Bloodletting"],"picked":"Rampage","floor":17},{"not_picked":["Thunderclap","Wild Strike"],"picked":"Warcry","floor":18},{"not_picked":["Shockwave","Clothesline","Armaments+1"],"picked":"SKIP","floor":20},{"not_picked":["Wild Strike+1","Dropkick"],"picked":"Shrug It Off","floor":22}],"player_experience":60478,"relics_obtained":[{"floor":7,"key":"Dream Catcher"},{"floor":9,"key":"Regal Pillow"},{"floor":12,"key":"Calipers"}],"event_choices":[{"damage_healed":0,"gold_gain":75,"player_choice":"Gather Gold","damage_taken":11,"max_hp_gain":0,"max_hp_loss":0,"event_name":"World of Goop","floor":2,"gold_loss":0},{"cards_removed":["Strike_R"],"damage_healed":0,"gold_gain":0,"player_choice":"Card Removal","damage_taken":7,"max_hp_gain":0,"max_hp_loss":0,"event_name":"Golden Wing","floor":3,"gold_loss":0},{"damage_healed":0,"gold_gain":0,"player_choice":"Forge","damage_taken":0,"max_hp_gain":0,"max_hp_loss":0,"event_name":"Accursed Blacksmith","floor":4,"gold_loss":0,"cards_upgraded":["Bash"]},{"damage_healed":0,"gold_gain":0,"player_choice":"Obtained Relic","damage_taken":0,"relics_obtained":["PreservedInsect"],"max_hp_gain":0,"max_hp_loss":0,"event_name":"Addict","floor":19,"gold_loss":85},{"damage_healed":0,"gold_gain":0,"player_choice":"Shed Blood","damage_taken":21,"max_hp_gain":5,"max_hp_loss":0,"event_name":"Forgotten Altar","floor":21,"gold_loss":0}],"is_beta":false,"boss_relics":[{"not_picked":["Fusion Hammer","Velvet Choker"],"picked":"Tiny House"}],"items_purged_floors":[14],"is_endless":false,"potions_floor_spawned":[5,8,10,16,22],"killed_by":"Slavers","ascension_level":1}}