{"host":"Connor","time":1610341655,"event":{"mods":["Aspiration","BaseMod","Downfall","Hubris","Marisa????????","Minty Spire (QoL Compilation)","Replay The Spire","StSLib","The Cursed","The Jungle","The Servant 0.9.4"],"gold_per_floor":[119,119,171,186,111,111,129,129,181,209,221,235,246,276,276,349,349,360,45,61,61,79,109,119,119,165,165,165,165,181,213,213,284,284,300,300,300],"floor_reached":36,"playtime":1535,"items_purged":["Looming Evil"],"score":882,"play_id":"f8c70154-f0b4-49be-89c5-25517aeacd12","local_time":"20210110210735","is_ascension_mode":true,"campfire_choices":[{"floor":6,"key":"REST"},{"floor":8,"key":"RECALL"},{"floor":15,"key":"REST"},{"data":"Feel No Pain","floor":25,"key":"SMITH"},{"data":"Berserk","floor":27,"key":"SMITH"},{"data":"Demon Form","floor":29,"key":"SMITH"},{"data":"Metallicize","floor":32,"key":"SMITH"}],"circlet_count":0,"master_deck":["AscendersBane","Strike_R+1","Defend_R+1","Defend_R","Defend_R","Defend_R","Bash","Shockwave","Cleave","Cleave","Iron Wave","Feel No Pain+1","Hemokinesis","Berserk+1","Cleave","Dropkick","Demon Form+1","Replay:Undeath\u0027s Touch","Warcry+1","Intimidate","Shrug It Off","Warcry","Metallicize+1","ReplayTheSpireMod:Muscle Training","Run Through","Bloodletting","Combust+1","Battle Trance+1","Hemokinesis","Limit Break+1","True Grit"],"relics":["Burning Blood","NeowsBlessing","Ring of Fury","ReplayTheSpireMod:Ring of Sloth","Gremlin Food","hubris:CuriousFeather","TungstenRod","hubris:Backtick","Dead Branch","Golden Egg","hubris:BottledHeart","Replay:PocketPolymizer","Centennial Puzzle","aspiration:RitualStick","White Beast Statue","Electric Blood"],"acts_visited":["Exordium","TheCity","TheBeyond"],"potions_floor_usage":[10,12,12,14,31],"damage_taken":[{"damage":0,"enemies":"Small Slimes","floor":1,"turns":1},{"damage":0,"enemies":"Jaw Worm","floor":4,"turns":1},{"damage":0,"enemies":"Cultist","floor":7,"turns":1},{"damage":15,"enemies":"Replay:BlueRogue","floor":10,"turns":6},{"damage":0,"enemies":"Exordium Wildlife","floor":11,"turns":2},{"damage":10,"enemies":"Large Slime","floor":12,"turns":4},{"damage":15,"enemies":"Exordium Thugs","floor":13,"turns":3},{"damage":10,"enemies":"Lagavulin","floor":14,"turns":5},{"damage":71,"enemies":"The Guardian","floor":16,"turns":8},{"damage":26,"enemies":"Shell Parasite","floor":18,"turns":4},{"damage":8,"enemies":"3 Byrds","floor":20,"turns":7},{"damage":0,"enemies":"Centurion and Healer","floor":22,"turns":6},{"damage":0,"enemies":"Replay:Snechameleon","floor":23,"turns":3},{"damage":0,"enemies":"Cultist and Chosen","floor":24,"turns":7},{"damage":0,"enemies":"Snecko","floor":30,"turns":5},{"damage":0,"enemies":"Gremlin Leader","floor":31,"turns":7},{"damage":25,"enemies":"hubris:MusketHawk","floor":33,"turns":7},{"damage":0,"enemies":"Orb Walker","floor":35,"turns":3},{"damage":4,"enemies":"3 Shapes","floor":36,"turns":2}],"seed_played":"2276403474689129616","potions_obtained":[{"floor":1,"key":"LiquidBronze"},{"floor":3,"key":"Guardian:BlockOnCardUsePotion"},{"floor":3,"key":"Guardian:BlockOnCardUsePotion"},{"floor":10,"key":"SkillPotion"},{"floor":12,"key":"Fruit Juice"},{"floor":14,"key":"FairyPotion"},{"floor":16,"key":"SpeedPotion"},{"floor":33,"key":"Languid Potion"},{"floor":35,"key":"EssenceOfSteel"}],"is_trial":false,"path_per_floor":["M","?","?","M","$","R","M","R","T","E","M","M","M","E","R","B",null,"M","$","M","?","M","E","M","R","T","R","?","R","M","E","R","B",null,"M","M"],"character_chosen":"IRONCLAD","items_purchased":["Golden Egg","Warcry+1"],"campfire_rested":2,"item_purchase_floors":[19,19],"current_hp_per_floor":[74,74,50,56,56,75,75,75,75,66,72,73,64,60,80,15,64,44,44,42,1,1,1,1,1,1,1,1,1,1,1,1,1,1,1,0,0],"gold":300,"neow_bonus":"THREE_ENEMY_KILL","is_daily":false,"chose_seed":false,"campfire_upgraded":4,"win_rate":0.0,"timestamp":1610341655,"path_taken":["M","?","?","M","$","R","?","R","T","E","M","M","M","E","R","BOSS","M","$","M","?","M","E","M","R","T","R","?","R","M","E","R","BOSS","M","M"],"items_purchased_type":["Relic","Card"],"build_version":"2020-12-18","purchased_purges":1,"victory":false,"max_hp_per_floor":[75,75,75,75,75,75,75,75,75,75,75,80,80,80,80,80,80,80,80,80,1,1,1,1,1,1,1,1,1,1,1,1,1,1,1,1,1],"card_choices":[{"not_picked":["Dropkick","Flex"],"picked":"Shockwave","floor":1},{"not_picked":["Feel No Pain","Sword Boomerang"],"picked":"Cleave","floor":3},{"not_picked":["Havoc","hubris:ReadiedAction"],"picked":"Cleave","floor":4},{"not_picked":["True Grit","Sword Boomerang"],"picked":"Iron Wave","floor":7},{"not_picked":["ReplayTheSpireMod:LeadingStrike","Searing Blow"],"picked":"Feel No Pain","floor":10},{"not_picked":["Heavy Blade","Sever Soul"],"picked":"Hemokinesis","floor":11},{"not_picked":["Body Slam","Clothesline"],"picked":"Berserk","floor":12},{"not_picked":["Headbutt","Thunderclap"],"picked":"Cleave","floor":13},{"not_picked":["Flex","Headbutt"],"picked":"Dropkick","floor":14},{"not_picked":["Demonic Infusion","Double Tap"],"picked":"Demon Form","floor":16},{"not_picked":["Wild Strike","Anger+1"],"picked":"Replay:Undeath\u0027s Touch","floor":18},{"not_picked":["Shockwave+1","True Grit"],"picked":"Intimidate","floor":20},{"not_picked":["Hemokinesis","Clothesline"],"picked":"Shrug It Off","floor":22},{"not_picked":["Headbutt","Twin Strike"],"picked":"Warcry","floor":23},{"not_picked":["Heavy Blade","hubris:StunningStrike"],"picked":"Metallicize","floor":24},{"not_picked":["Carnage","Shrug It Off+1"],"picked":"Combust+1","floor":30},{"not_picked":["Warcry","Body Slam"],"picked":"Battle Trance+1","floor":31},{"not_picked":["Replay:Many Hands","hubris:StunningStrike"],"picked":"Limit Break","floor":33},{"not_picked":["Anger","Sword Boomerang+1"],"picked":"True Grit","floor":35}],"player_experience":601445,"relics_obtained":[{"floor":2,"key":"Ring of Fury"},{"floor":2,"key":"ReplayTheSpireMod:Ring of Sloth"},{"floor":3,"key":"Gremlin Food"},{"floor":10,"key":"hubris:CuriousFeather"},{"floor":14,"key":"TungstenRod"},{"floor":23,"key":"Replay:PocketPolymizer"},{"floor":26,"key":"Centennial Puzzle"},{"floor":31,"key":"White Beast Statue"}],"event_choices":[],"is_beta":true,"boss_relics":[{"not_picked":["hubris:CrackedHourglass","aspiration:FutureDiary"],"picked":"hubris:Backtick"},{"not_picked":["Replay:Wanted Poster","Honey Jar"],"picked":"Electric Blood"}],"items_purged_floors":[5],"is_endless":false,"potions_floor_spawned":[1,10,12,14,16,18,20,30,33,35],"killed_by":"3 Shapes","ascension_level":18}}