{"host":"w05x4i13f2m9joq1","time":1610334612,"event":{"mods":["Act Like it!","BaseMod","Colored Map","Colored Powertips","Duelist Mod","GifTheSpireLib","Googly Eyes","Lobotomy","LobotomyExtend","Marisa????????","Minty Spire (QoL Compilation)","StSLib"],"gold_per_floor":[137,137,137,76,87,87,104,6,6,31,31,56,56,80,80,80,80],"floor_reached":16,"playtime":786,"items_purged":[],"score":146,"play_id":"d0549519-2f7e-419e-ba3d-cb0e449f1868","local_time":"20210110221012","is_ascension_mode":true,"campfire_choices":[{"data":"theDuelist:ElephantStatueBlessing","floor":11,"key":"SMITH"},{"data":"theDuelist:DeltaMagnet","floor":15,"key":"SMITH"}],"circlet_count":0,"master_deck":["theDuelist:NaturiaStagBeetle+1","Scorched","theDuelist:VampireSorcerer+1","theDuelist:DarkSparks+1","theDuelist:HyperancientShark+1","theDuelist:BigFire+1","theDuelist:FishSwaps+1","theDuelist:SharkStickers+1","theDuelist:SevenColoredFish+1","theDuelist:ToadallyAwesome+1","theDuelist:RockstoneWarrior+1","theDuelist:ElephantStatueBlessing+1","PunishingBird","Injury","theDuelist:BiteBug+1","theDuelist:ShiranuiSkillsagaSupremacy","theDuelist:PhantomGhost","theDuelist:SwordsBurning","theDuelist:BiteBug","theDuelist:PortableBatteryPack","theDuelist:GolemSentry","theDuelist:DeltaMagnet+1","theDuelist:BiteBug","LittleHelper","theDuelist:NaturiaBambooShoot"],"relics":["theDuelist:MillenniumPuzzle","theDuelist:CardPoolRelic","theDuelist:CardPoolBasicRelic","theDuelist:BoosterPackPoolRelic","theDuelist:CardPoolAddRelic","theDuelist:CardPoolMinusRelic","theDuelist:CardPoolSaveRelic","theDuelist:CardPoolOptionsRelic","CogitoBucket","LetterFromLob","theDuelist:ResummonBranch","Ornamental Fan","Magic Flower","Golden Idol","AspirationHeart"],"acts_visited":["Exordium"],"potions_floor_usage":[],"damage_taken":[{"damage":0,"enemies":"Cultist","floor":1,"turns":3},{"damage":0,"enemies":"Small Slimes","floor":5,"turns":3},{"damage":0,"enemies":"2 Louse","floor":7,"turns":2},{"damage":13,"enemies":"Lagavulin","floor":10,"turns":4},{"damage":0,"enemies":"3 Sentries","floor":12,"turns":3},{"damage":14,"enemies":"2 Fungi Beasts","floor":14,"turns":4},{"damage":140,"enemies":"The Guardian","floor":16,"turns":6}],"seed_played":"-7839714555788434566","potions_obtained":[{"floor":7,"key":"theDuelist:VoidBottle"},{"floor":12,"key":"EssenceOfSteel"}],"is_trial":false,"path_per_floor":["M","?","?","?","M","?","M","$","T","E","R","E","?","M","R","B"],"character_chosen":"THE_DUELIST","items_purchased":["theDuelist:BiteBug","theDuelist:PhantomGhost"],"campfire_rested":0,"item_purchase_floors":[8,8],"current_hp_per_floor":[80,80,80,80,80,80,80,80,80,67,67,67,67,63,63,0,0],"gold":80,"neow_bonus":"","is_daily":false,"chose_seed":false,"campfire_upgraded":2,"win_rate":0.0,"timestamp":1610334612,"path_taken":["M","?","?","?","M","?","?","$","T","E","R","E","?","M","R","BOSS"],"items_purchased_type":["Card","Card"],"build_version":"2020-12-22","purchased_purges":0,"victory":false,"max_hp_per_floor":[80,80,80,80,80,80,80,80,80,80,80,80,80,90,90,90,90],"card_choices":[{"not_picked":["CrumblingArmor","Bloodbath","SnowQueen"],"picked":"Singing Bowl","floor":1},{"not_picked":["WhitesApple","UniverseFragment"],"picked":"ShyLook","floor":1},{"not_picked":["theDuelist:EarthquakeGiant","theDuelist:MillenniumGolem","theDuelist:DarkFactory","theDuelist:GaiaMidNightSun"],"picked":"theDuelist:GolemSentry","floor":1},{"not_picked":["PunishingBird","OldLady"],"picked":"Scorched","floor":5},{"not_picked":["theDuelist:KingYami","theDuelist:Inmato","theDuelist:LordD","theDuelist:PhantomGhost"],"picked":"theDuelist:BiteBug","floor":5},{"not_picked":["BeautyBeast","PunishingBird","ShyLook"],"picked":"Singing Bowl","floor":7},{"not_picked":["theDuelist:AncientGearGolem","theDuelist:MaliciousMetronome","theDuelist:ExterioFang","theDuelist:PortableBatteryPack"],"picked":"theDuelist:ShiranuiSkillsagaSupremacy","floor":7},{"not_picked":["OldLady","Murderer","MeatLantern"],"picked":"Singing Bowl","floor":10},{"not_picked":["theDuelist:VendreadNightmare","theDuelist:ThousandEyesRestrict","theDuelist:ColdEnchanter","theDuelist:Canyon"],"picked":"theDuelist:ElephantStatueBlessing","floor":10},{"not_picked":["QueenBee","FairyFestival","Bloodbath"],"picked":"Singing Bowl","floor":12},{"not_picked":["Bloodbath","UniverseFragment"],"picked":"PunishingBird","floor":12},{"not_picked":["theDuelist:KingYami","theDuelist:PhantomGhost","theDuelist:TokenVacuum","theDuelist:BarrelDragon"],"picked":"theDuelist:BiteBug","floor":12},{"not_picked":["MHz","OSAHOGD"],"picked":"LittleHelper","floor":14},{"not_picked":["theDuelist:KingYami","theDuelist:PhantomGhost","theDuelist:Hayate","theDuelist:TokenVacuum"],"picked":"theDuelist:NaturiaBambooShoot","floor":14}],"player_experience":77768,"relics_obtained":[{"floor":1,"key":"LetterFromLob"},{"floor":9,"key":"theDuelist:ResummonBranch"},{"floor":10,"key":"Ornamental Fan"},{"floor":12,"key":"Magic Flower"}],"event_choices":[{"damage_healed":0,"gold_gain":0,"cards_transformed":["ShyLook"],"player_choice":"Change","damage_taken":0,"max_hp_gain":0,"max_hp_loss":0,"event_name":"Living Wall","floor":2,"gold_loss":0,"cards_obtained":["theDuelist:SwordsBurning"]},{"damage_healed":0,"gold_gain":0,"player_choice":"Purchased Battery Pack for 61 Gold.","duelist":true,"damage_taken":0,"max_hp_gain":0,"max_hp_loss":0,"event_name":"Card Trader","floor":4,"gold_loss":0},{"damage_healed":0,"gold_gain":0,"player_choice":"Delta Electro","duelist":true,"damage_taken":0,"max_hp_gain":0,"max_hp_loss":0,"event_name":"Egyptian Village","floor":6,"gold_loss":0,"cards_obtained":["Delta Electromagnet Warrior"]},{"damage_healed":0,"gold_gain":0,"player_choice":"Take Wound","damage_taken":0,"relics_obtained":["Golden Idol"],"max_hp_gain":0,"max_hp_loss":0,"event_name":"Golden Idol","floor":13,"gold_loss":0,"cards_obtained":["Injury"]}],"is_beta":false,"boss_relics":[],"items_purged_floors":[],"is_endless":false,"potions_floor_spawned":[7,12],"killed_by":"The Guardian","ascension_level":2}}