{"host":"zekcc3vicrep0och","time":1610353636,"event":{"mods":["AchievementEnabler","BaseMod","Colored Map","Colored Powertips","Displayed Cursed Tome","Highlight Path","Minty Spire (QoL Compilation)","Quick Restart","Relic Stats","StSLib","The Cursed"],"gold_per_floor":[13,26,26,26,49,49,49,49],"floor_reached":7,"playtime":147,"items_purged":[],"score":78,"play_id":"e6de46b7-ffae-4468-a380-f81fe123b264","local_time":"20210111112716","is_ascension_mode":true,"campfire_choices":[{"data":"Berserk","floor":6.0,"key":"SMITH"}],"circlet_count":0,"master_deck":["AscendersBane","Strike_R","Strike_R","Strike_R","Strike_R","Strike_R","Defend_R","Defend_R","Defend_R","Defend_R","Bash","Berserk+1","Sword Boomerang","Injury","Iron Wave"],"relics":["Burning Blood","Golden Idol"],"acts_visited":["Exordium"],"potions_floor_usage":[],"damage_taken":[{"damage":16.0,"enemies":"Jaw Worm","floor":1.0,"turns":5.0},{"damage":7.0,"enemies":"Small Slimes","floor":2.0,"turns":4.0},{"damage":15.0,"enemies":"2 Louse","floor":5.0,"turns":4.0},{"damage":0,"enemies":"Lagavulin","floor":7,"turns":1}],"seed_played":"-1271322228057335895","potions_obtained":[],"is_trial":false,"path_per_floor":["M","M","?","?","M","R","E"],"character_chosen":"IRONCLAD","items_purchased":[],"campfire_rested":0,"item_purchase_floors":[],"current_hp_per_floor":[58,57,57,57,48,48,48,48],"gold":49,"neow_bonus":"THREE_RARE_CARDS","is_daily":false,"chose_seed":false,"campfire_upgraded":1,"win_rate":0.0,"timestamp":1610353636,"path_taken":["M","M","?","?","M","R","E"],"items_purchased_type":[],"build_version":"2020-12-22","purchased_purges":0,"victory":false,"max_hp_per_floor":[75,75,75,75,75,75,75,75],"relic_stats":{"counters":[4,13],"Golden Idol":5,"obtain_stats":[{"Golden Idol":3,"Burning Blood":0},{"Golden Idol":2,"Burning Blood":0},{"Golden Idol":9,"Burning Blood":0}],"Burning Blood":18},"card_choices":[{"not_picked":["Juggernaut","Impervious"],"picked":"Berserk","floor":0.0},{"not_picked":["Havoc","Wild Strike"],"picked":"Sword Boomerang","floor":1.0},{"not_picked":["Bloodletting","Clash","Burning Pact"],"picked":"SKIP","floor":2.0},{"not_picked":["Evolve","Clothesline"],"picked":"Iron Wave","floor":5.0}],"player_experience":508424,"relics_obtained":[],"event_choices":[{"damage_healed":0.0,"max_hp_gain":0.0,"max_hp_loss":0.0,"gold_gain":0.0,"event_name":"Golden Idol","player_choice":"Take Wound","floor":3.0,"gold_loss":0.0,"damage_taken":0.0,"relics_obtained":["Golden Idol"],"cards_obtained":["Injury"]},{"damage_healed":0.0,"max_hp_gain":0.0,"max_hp_loss":0.0,"gold_gain":0.0,"event_name":"Liars Game","player_choice":"Ignored","floor":4.0,"gold_loss":0.0,"damage_taken":0.0}],"is_beta":false,"boss_relics":[],"items_purged_floors":[],"is_endless":false,"potions_floor_spawned":[],"killed_by":"Lagavulin","ascension_level":18}}