{"host":"o4rzrhgcrsb15v7q","time":1610400770,"event":{"mods":["AchievementEnabler","BaseMod","Minty Spire (QoL Compilation)","Permanent Neow"],"gold_per_floor":[109,119,119,130,177,211,211,223,223,223,241,252,279,289,289,391,391,402,419,54,65,114,114,142,142,224,257,167,209,409,422,422,527,527,539,554,604,604,684,684,709,709,756,782,794,836,852,865,865,865,865,865,65,100,100],"floor_reached":56,"playtime":7621,"items_purged":["Defend_P"],"score":1977,"play_id":"85dcff78-9ef6-418c-9706-cf385d983db1","local_time":"20210111133250","is_ascension_mode":true,"campfire_choices":[{"data":"Eruption","floor":7.0,"key":"SMITH"},{"floor":10.0,"key":"REST"},{"data":"LikeWater","floor":15.0,"key":"SMITH"},{"data":"Omniscience","floor":23.0,"key":"SMITH"},{"data":"Wish","floor":25.0,"key":"SMITH"},{"data":"BowlingBash","floor":32.0,"key":"SMITH"},{"data":"Vigilance","floor":40.0,"key":"SMITH"},{"data":"Judgement","floor":42.0,"key":"SMITH"},{"floor":49.0,"key":"RECALL"},{"data":"BattleHymn","floor":52.0,"key":"SMITH"}],"circlet_count":0,"master_deck":["AscendersBane","Defend_P","Defend_P","Eruption+1","Vigilance+1","Omniscience+1","Vengeance","ReachHeaven","LikeWater+1","Judgement+1","FearNoEvil+1","Consecrate","Wish+1","Wish+1","LikeWater+1","EmptyMind+1","Wireheading","CutThroughFate+1","BattleHymn+1","CrushJoints+1","BowlingBash+1","Blasphemy","Worship+1","Vault","InnerPeace","WheelKick+1","LikeWater"],"relics":["PureWater","Potion Belt","Strawberry","Gremlin Horn","Kunai","Lantern","Astrolabe","Bottled Lightning","Bird Faced Urn","HornCleat","The Courier","Snecko Eye","Peace Pipe","FossilizedHelix","White Beast Statue","Akabeko","CeramicFish","Membership Card","Damaru","Vajra","Pen Nib","Shuriken","TeardropLocket","CaptainsWheel","Centennial Puzzle","Boot","Anchor","Blue Candle"],"acts_visited":["TheBeyond","TheEnding"],"potions_floor_usage":[55,55,55],"damage_taken":[{"damage":0.0,"enemies":"Cultist","floor":1.0,"turns":2.0},{"damage":3.0,"enemies":"Jaw Worm","floor":2.0,"turns":5.0},{"damage":0.0,"enemies":"Small Slimes","floor":4.0,"turns":2.0},{"damage":39.0,"enemies":"Gremlin Nob","floor":6.0,"turns":5.0},{"damage":4.0,"enemies":"Red Slaver","floor":8.0,"turns":3.0},{"damage":2.0,"enemies":"Exordium Wildlife","floor":11.0,"turns":2.0},{"damage":0.0,"enemies":"Lots of Slimes","floor":12.0,"turns":1.0},{"damage":5.0,"enemies":"Lagavulin","floor":13.0,"turns":7.0},{"damage":0.0,"enemies":"Gremlin Gang","floor":14.0,"turns":1.0},{"damage":7.0,"enemies":"The Guardian","floor":16.0,"turns":11.0},{"damage":0.0,"enemies":"3 Byrds","floor":18.0,"turns":7.0},{"damage":0.0,"enemies":"Shell Parasite","floor":19.0,"turns":5.0},{"damage":1.0,"enemies":"Snake Plant","floor":21.0,"turns":6.0},{"damage":1.0,"enemies":"Snecko","floor":22.0,"turns":8.0},{"damage":7.0,"enemies":"Gremlin Leader","floor":24.0,"turns":6.0},{"damage":18.0,"enemies":"Slavers","floor":27.0,"turns":7.0},{"damage":3.0,"enemies":"Centurion and Healer","floor":29.0,"turns":8.0},{"damage":0.0,"enemies":"3 Cultists","floor":31.0,"turns":3.0},{"damage":30.0,"enemies":"Collector","floor":33.0,"turns":6.0},{"damage":0.0,"enemies":"3 Shapes","floor":35.0,"turns":4.0},{"damage":0.0,"enemies":"Orb Walker","floor":36.0,"turns":3.0},{"damage":0.0,"enemies":"2 Orb Walkers","floor":37.0,"turns":5.0},{"damage":3.0,"enemies":"Mind Bloom Boss Battle","floor":39.0,"turns":5.0},{"damage":0.0,"enemies":"Reptomancer","floor":41.0,"turns":5.0},{"damage":0.0,"enemies":"Nemesis","floor":44.0,"turns":6.0},{"damage":0.0,"enemies":"Maw","floor":45.0,"turns":7.0},{"damage":0.0,"enemies":"Giant Head","floor":46.0,"turns":5.0},{"damage":0.0,"enemies":"Jaw Worm Horde","floor":47.0,"turns":1.0},{"damage":0.0,"enemies":"3 Darklings","floor":48.0,"turns":1.0},{"damage":11.0,"enemies":"Awakened One","floor":50.0,"turns":14.0},{"damage":10,"enemies":"Shield and Spear","floor":54,"turns":5},{"damage":75,"enemies":"The Heart","floor":55,"turns":6}],"seed_played":"-1242089712850097537","potions_obtained":[{"floor":6.0,"key":"Weak Potion"},{"floor":11.0,"key":"FearPotion"},{"floor":13.0,"key":"Swift Potion"},{"floor":14.0,"key":"LiquidMemories"},{"floor":16.0,"key":"FairyPotion"},{"floor":19.0,"key":"BlessingOfTheForge"},{"floor":21.0,"key":"Strength Potion"},{"floor":29.0,"key":"DuplicationPotion"},{"floor":31.0,"key":"DistilledChaos"},{"floor":37.0,"key":"Explosive Potion"},{"floor":39.0,"key":"LiquidBronze"},{"floor":46.0,"key":"AttackPotion"},{"floor":48.0,"key":"EssenceOfSteel"}],"is_trial":false,"path_per_floor":["M","M","?","M","T","E","R","M","T","R","M","M","E","M","R","B",null,"M","M","$","M","M","R","E","R","T","E","?","M","?","M","R","B",null,"M","M","?","?","?","R","E","R","T","E","M","E","M","M","R","B",null,"R","$","E","B",null],"character_chosen":"WATCHER","items_purchased":["Bottled Lightning","BattleHymn","Membership Card","Damaru","Vajra","Pen Nib","Shuriken","TeardropLocket","CaptainsWheel","Centennial Puzzle","Boot","Anchor"],"campfire_rested":1,"item_purchase_floors":[20,20,53,53,53,53,53,53,53,53,53,53],"current_hp_per_floor":[65,62,50,50,57,18,18,14,14,37,35,35,30,30,30,23,65,65,65,65,64,63,63,56,56,56,46,46,51,51,55,55,31,67,73,77,79,75,72,72,75,75,75,75,75,75,75,75,75,68,73,73,73,65,20],"gold":100,"neow_bonus":"TRANSFORM_CARD","is_daily":false,"chose_seed":false,"campfire_upgraded":8,"win_rate":0.0,"timestamp":1610400770,"path_taken":["M","?","?","M","?","E","R","M","T","R","M","?","E","M","R","BOSS","M","M","$","M","M","R","E","R","T","E","?","?","?","?","R","BOSS","M","?","?","?","?","R","E","R","T","E","M","E","M","M","R","BOSS","R","$","E","BOSS"],"items_purchased_type":["Relic","Card","Relic","Relic","Relic","Relic","Relic","Relic","Relic","Relic","Relic","Relic"],"build_version":"2020-12-22","purchased_purges":1,"victory":true,"max_hp_per_floor":[72,72,72,72,79,79,79,79,79,79,79,79,79,79,79,79,79,79,79,79,79,79,79,79,79,79,79,79,79,79,79,79,79,79,79,79,79,75,75,75,75,75,75,75,75,75,75,75,75,75,75,75,75,75,75],"card_choices":[{"not_picked":["JustLucky","Crescendo"],"picked":"Vengeance","floor":1.0},{"not_picked":["Crescendo","Halt"],"picked":"ReachHeaven","floor":2.0},{"not_picked":["WreathOfFlame","Vengeance"],"picked":"LikeWater","floor":4.0},{"not_picked":["Swivel","Vengeance"],"picked":"Judgement","floor":6.0},{"not_picked":["ForeignInfluence","ClearTheMind"],"picked":"FearNoEvil","floor":8.0},{"not_picked":["PathToVictory","SignatureMove","WheelKick"],"picked":"SKIP","floor":11.0},{"not_picked":["Halt","BowlingBash","PathToVictory"],"picked":"SKIP","floor":12.0},{"not_picked":["Perseverance","Worship","CarveReality"],"picked":"SKIP","floor":13.0},{"not_picked":["Evaluate","Sanctity"],"picked":"Consecrate","floor":14.0},{"not_picked":["Establishment","Alpha"],"picked":"Wish","floor":16.0},{"not_picked":["ThirdEye","Prostrate+1"],"picked":"Wireheading","floor":18.0},{"not_picked":["PathToVictory+1","SandsOfTime"],"picked":"CutThroughFate+1","floor":19.0},{"not_picked":["WheelKick","EmptyFist"],"picked":"CrushJoints+1","floor":21.0},{"not_picked":["BowlingBash","Study+1","Consecrate"],"picked":"SKIP","floor":22.0},{"not_picked":["Crescendo","WheelKick"],"picked":"BowlingBash","floor":24.0},{"not_picked":["Judgement","MentalFortress","WreathOfFlame"],"picked":"SKIP","floor":27.0},{"not_picked":["Tantrum","Crescendo","WaveOfTheHand"],"picked":"SKIP","floor":29.0},{"not_picked":["Prostrate","CrushJoints+1","Sanctity"],"picked":"SKIP","floor":31.0},{"not_picked":["Omniscience","Establishment"],"picked":"Blasphemy","floor":33.0},{"not_picked":["FollowUp","CarveReality"],"picked":"Worship+1","floor":35.0},{"not_picked":["ClearTheMind","Crescendo+1","Consecrate+1"],"picked":"SKIP","floor":36.0},{"not_picked":["Wireheading","ConjureBlade"],"picked":"Vault","floor":41.0},{"not_picked":["Pray","Evaluate","SashWhip+1"],"picked":"SKIP","floor":44.0},{"not_picked":["ThirdEye+1","Halt+1"],"picked":"InnerPeace","floor":45.0},{"not_picked":["WindmillStrike+1","Fasting2"],"picked":"WheelKick+1","floor":46.0},{"not_picked":["ThirdEye","WindmillStrike","JustLucky"],"picked":"SKIP","floor":47.0},{"not_picked":["BattleHymn+1","EmptyBody","CrushJoints"],"picked":"SKIP","floor":48.0},{"not_picked":["JustLucky","Pray+1"],"picked":"LikeWater","floor":54}],"player_experience":1821952,"relics_obtained":[{"floor":5.0,"key":"Strawberry"},{"floor":6.0,"key":"Gremlin Horn"},{"floor":9.0,"key":"Kunai"},{"floor":13.0,"key":"Lantern"},{"floor":24.0,"key":"Bird Faced Urn"},{"floor":26.0,"key":"HornCleat"},{"floor":27.0,"key":"The Courier"},{"floor":37.0,"key":"Peace Pipe"},{"floor":39.0,"key":"FossilizedHelix"},{"floor":41.0,"key":"White Beast Statue"},{"floor":44.0,"key":"Akabeko"},{"floor":46.0,"key":"CeramicFish"},{"floor":54,"key":"Blue Candle"}],"event_choices":[{"damage_healed":0.0,"max_hp_gain":0.0,"max_hp_loss":0.0,"gold_gain":0.0,"event_name":"Scrap Ooze","player_choice":"Success","floor":3.0,"gold_loss":0.0,"damage_taken":12.0,"relics_obtained":["Potion Belt"]},{"cards_removed":["Defend_P"],"damage_healed":0.0,"max_hp_gain":0.0,"max_hp_loss":0.0,"gold_gain":0.0,"event_name":"Designer","player_choice":"Upgrade and Remove","floor":28.0,"gold_loss":90.0,"damage_taken":0.0,"cards_upgraded":["FearNoEvil"]},{"damage_healed":0.0,"max_hp_gain":0.0,"max_hp_loss":0.0,"gold_gain":200.0,"event_name":"Wheel of Change","player_choice":"Gold","floor":30.0,"gold_loss":0.0,"damage_taken":0.0},{"damage_healed":0.0,"max_hp_gain":0.0,"max_hp_loss":0.0,"gold_gain":0.0,"event_name":"Mysterious Sphere","player_choice":"Fight","floor":37.0,"gold_loss":0.0,"damage_taken":0.0},{"damage_healed":0.0,"max_hp_gain":0.0,"max_hp_loss":4.0,"gold_gain":0.0,"event_name":"Winding Halls","player_choice":"Max HP","floor":38.0,"gold_loss":0.0,"damage_taken":0.0},{"damage_healed":0.0,"max_hp_gain":0.0,"max_hp_loss":0.0,"gold_gain":0.0,"event_name":"MindBloom","player_choice":"Fight","floor":39.0,"gold_loss":0.0,"damage_taken":0.0}],"is_beta":false,"boss_relics":[{"not_picked":["Fusion Hammer","Tiny House"],"picked":"Astrolabe"},{"not_picked":["VioletLotus","Calling Bell"],"picked":"Snecko Eye"}],"items_purged_floors":[20],"is_endless":false,"potions_floor_spawned":[6,11,13,14,16,19,21,29,31,37,39,44,45,46,47,48,54],"ascension_level":11}}