{"host":"f5n4tidiz2n5sooh","time":1610364070,"event":{"mods":["BaseMod","Colored Map","Minty Spire (QoL Compilation)","Relic Stats","Slay the Relics Exporter","StSLib"],"gold_per_floor":[112,123,140,140,12,12,43,43,90,110,110,90,108,119,119,193,193,165,185,197,197,197,197,208,208,233,233,246,261,281,292,292,369,369,389,389,93,93,105,137,137,137],"floor_reached":41,"playtime":2157,"items_purged":["Strike_R","Bite"],"score":879,"play_id":"28e145a6-8e47-4f61-bf16-683b0b699ba7","local_time":"20210111052110","is_ascension_mode":true,"campfire_choices":[{"data":"Bash","floor":6,"key":"SMITH"},{"floor":8,"key":"REST"},{"data":"Flame Barrier","floor":15,"key":"SMITH"},{"floor":23,"key":"REST"},{"floor":25,"key":"RECALL"},{"floor":32,"key":"REST"}],"circlet_count":0,"master_deck":["AscendersBane","Defend_R","Defend_R+1","Defend_R+1","Defend_R+1","Bash+1","Corruption+1","Rampage","Feel No Pain","Headbutt","Dark Embrace","Flame Barrier+1","Impervious","Exhume","Barricade","Shrug It Off","Burning Pact+1","Bite","Bite","Bite","Bite","Entrench","True Grit","True Grit+1","Juggernaut","Shrug It Off","Second Wind","Immolate"],"relics":["Burning Blood","War Paint","Fusion Hammer","Anchor","Runic Cube","ClockworkSouvenir","Bag of Marbles"],"acts_visited":["Exordium","TheCity","TheBeyond"],"potions_floor_usage":[7,16,19,28,29,31,41],"damage_taken":[{"damage":9,"enemies":"2 Louse","floor":1,"turns":4},{"damage":10,"enemies":"Small Slimes","floor":2,"turns":4},{"damage":6,"enemies":"Cultist","floor":3,"turns":4},{"damage":32,"enemies":"Gremlin Nob","floor":7,"turns":4},{"damage":4,"enemies":"2 Fungi Beasts","floor":10,"turns":4},{"damage":3,"enemies":"Looter","floor":13,"turns":3},{"damage":15,"enemies":"Red Slaver","floor":14,"turns":4},{"damage":11,"enemies":"The Guardian","floor":16,"turns":8},{"damage":22,"enemies":"2 Thieves","floor":18,"turns":4},{"damage":4,"enemies":"Shell Parasite","floor":19,"turns":7},{"damage":11,"enemies":"Centurion and Healer","floor":20,"turns":8},{"damage":0,"enemies":"Snake Plant","floor":24,"turns":5},{"damage":0,"enemies":"3 Cultists","floor":28,"turns":5},{"damage":28,"enemies":"Sentry and Sphere","floor":29,"turns":8},{"damage":21,"enemies":"Centurion and Healer","floor":30,"turns":12},{"damage":44,"enemies":"Snake Plant","floor":31,"turns":7},{"damage":42,"enemies":"Automaton","floor":33,"turns":13},{"damage":11,"enemies":"3 Darklings","floor":35,"turns":6},{"damage":9,"enemies":"3 Shapes","floor":39,"turns":4},{"damage":12,"enemies":"Nemesis","floor":40,"turns":11},{"damage":84,"enemies":"2 Orb Walkers","floor":41,"turns":4}],"seed_played":"7206321429582469389","potions_obtained":[{"floor":1,"key":"LiquidBronze"},{"floor":7,"key":"EssenceOfSteel"},{"floor":18,"key":"Fire Potion"},{"floor":19,"key":"SteroidPotion"},{"floor":30,"key":"SkillPotion"},{"floor":35,"key":"EssenceOfSteel"}],"is_trial":false,"path_per_floor":["M","M","M","?","$","R","E","R","T","M","?","?","M","M","R","B",null,"M","M","M","?","?","R","M","R","T","?","M","M","M","M","R","B",null,"M","?","$","?","M","E","?"],"character_chosen":"IRONCLAD","items_purchased":["Strength Potion","ClockworkSouvenir","Shrug It Off"],"campfire_rested":3,"item_purchase_floors":[5,37,37],"current_hp_per_floor":[47,43,43,43,43,43,17,39,39,43,20,20,25,18,18,15,60,46,50,47,47,35,57,71,71,71,75,75,63,75,54,75,41,67,75,75,75,71,71,71,0,0],"gold":137,"neow_bonus":"THREE_RARE_CARDS","is_daily":false,"chose_seed":false,"campfire_upgraded":2,"win_rate":0.0,"timestamp":1610364070,"path_taken":["M","M","M","?","$","R","E","R","T","M","?","?","M","?","R","BOSS","M","M","M","?","?","R","?","R","T","?","M","?","M","M","R","BOSS","M","?","$","?","M","E","?"],"items_purchased_type":["Potion","Relic","Card"],"build_version":"2020-12-22","purchased_purges":2,"victory":false,"max_hp_per_floor":[75,75,75,75,75,75,75,75,75,75,75,75,75,75,75,75,75,75,75,75,75,75,75,75,75,75,75,75,75,75,75,75,75,75,75,75,75,71,71,71,71,71],"relic_stats":{"counters":[21,129],"War Paint":["Defend_R","Defend_R"],"obtain_stats":[{"Blood Vial":9,"Anchor":26,"Fusion Hammer":17,"Bag of Marbles":40,"War Paint":7,"Burning Blood":0,"Runic Cube":34,"ClockworkSouvenir":37},{"Blood Vial":4,"Anchor":12,"Fusion Hammer":8,"Bag of Marbles":20,"War Paint":4,"Burning Blood":0,"Runic Cube":17,"ClockworkSouvenir":18},{"Blood Vial":16,"Anchor":59,"Fusion Hammer":35,"Bag of Marbles":125,"War Paint":16,"Burning Blood":0,"Runic Cube":104,"ClockworkSouvenir":110}],"Burning Blood":96,"Runic Cube":[9]},"card_choices":[{"not_picked":["Double Tap","Limit Break"],"picked":"Corruption","floor":0},{"not_picked":["Thunderclap","Body Slam"],"picked":"Rampage","floor":1},{"not_picked":["Pommel Strike","Havoc"],"picked":"Feel No Pain","floor":2},{"not_picked":["Iron Wave","Clothesline"],"picked":"Headbutt","floor":3},{"not_picked":["Cleave","Iron Wave"],"picked":"Flame Barrier","floor":7},{"not_picked":["Intimidate","Warcry"],"picked":"Impervious","floor":10},{"not_picked":["Body Slam","Twin Strike","Anger"],"picked":"SKIP","floor":13},{"not_picked":["Uppercut","Clothesline"],"picked":"Exhume","floor":14},{"not_picked":["Fiend Fire","Exhume"],"picked":"Barricade","floor":16},{"not_picked":["Warcry","Dropkick+1","Havoc"],"picked":"SKIP","floor":18},{"not_picked":["Anger","Heavy Blade"],"picked":"Shrug It Off","floor":19},{"not_picked":["Headbutt","Cleave"],"picked":"Burning Pact+1","floor":20},{"not_picked":["Bloodletting","Anger"],"picked":"Sword Boomerang","floor":24},{"not_picked":["Iron Wave","True Grit"],"picked":"Entrench","floor":28},{"not_picked":["Warcry","Twin Strike"],"picked":"True Grit","floor":29},{"not_picked":["Heavy Blade","Sever Soul"],"picked":"True Grit+1","floor":30},{"not_picked":["Warcry","Dark Embrace","Intimidate"],"picked":"SKIP","floor":31},{"not_picked":["Corruption","Brutality"],"picked":"Juggernaut","floor":33},{"not_picked":["Bloodletting","Armaments","Anger"],"picked":"SKIP","floor":35},{"not_picked":["Metallicize","True Grit+1"],"picked":"Second Wind","floor":39},{"not_picked":["Whirlwind+1","Cleave"],"picked":"Immolate","floor":40}],"player_experience":1994891,"relics_obtained":[{"floor":7,"key":"War Paint"},{"floor":9,"key":"Blood Vial"},{"floor":26,"key":"Anchor"},{"floor":40,"key":"Bag of Marbles"}],"event_choices":[{"damage_healed":0,"gold_gain":0,"cards_transformed":["Strike_R"],"player_choice":"Change","damage_taken":0,"max_hp_gain":0,"max_hp_loss":0,"event_name":"Living Wall","floor":4,"gold_loss":0,"cards_obtained":["Dark Embrace"]},{"damage_healed":0,"gold_gain":0,"player_choice":"Entered Light","damage_taken":23,"max_hp_gain":0,"max_hp_loss":0,"event_name":"Shining Light","floor":11,"gold_loss":0,"cards_upgraded":["Corruption","Defend_R"]},{"damage_healed":0,"gold_gain":0,"player_choice":"Bought 1 Potion","damage_taken":0,"max_hp_gain":0,"max_hp_loss":0,"event_name":"The Woman in Blue","floor":12,"gold_loss":0},{"damage_healed":0,"gold_gain":0,"player_choice":"Became a vampire (Vial)","damage_taken":0,"max_hp_gain":0,"max_hp_loss":0,"event_name":"Vampires","floor":21,"relics_lost":["Blood Vial"],"gold_loss":0,"cards_obtained":["Bite","Bite","Bite","Bite","Bite"]},{"damage_healed":0,"gold_gain":0,"player_choice":"CARD ","damage_taken":12,"max_hp_gain":0,"max_hp_loss":0,"event_name":"Knowing Skull","floor":22,"potions_obtained":[],"gold_loss":0,"cards_obtained":["Impatience"]},{"cards_removed":["Impatience"],"damage_healed":4,"gold_gain":0,"player_choice":"Offered Uncommon","damage_taken":0,"max_hp_gain":0,"max_hp_loss":0,"event_name":"Bonfire Elementals","floor":27,"gold_loss":0},{"cards_removed":["Sword Boomerang"],"damage_healed":0,"gold_gain":0,"player_choice":"Removed Attack","damage_taken":0,"max_hp_gain":0,"max_hp_loss":0,"event_name":"Falling","floor":36,"gold_loss":0},{"damage_healed":0,"gold_gain":0,"player_choice":"Max HP","damage_taken":0,"max_hp_gain":0,"max_hp_loss":4,"event_name":"Winding Halls","floor":38,"gold_loss":0},{"damage_healed":0,"gold_gain":0,"player_choice":"Fight","damage_taken":0,"max_hp_gain":0,"max_hp_loss":0,"event_name":"Mysterious Sphere","floor":41,"gold_loss":0}],"is_beta":false,"boss_relics":[{"not_picked":["Pandora\u0027s Box","Sozu"],"picked":"Fusion Hammer"},{"not_picked":["Black Blood","SacredBark"],"picked":"Runic Cube"}],"items_purged_floors":[5,37],"is_endless":false,"potions_floor_spawned":[1,7,10,14,18,19,24,30,35],"killed_by":"2 Orb Walkers","ascension_level":20}}