{"host":"jexbkylv34f8xu3o","time":1610398630,"event":{"mods":["AchievementEnabler","BaseMod","Colored Map","Colored Powertips","GifTheSpireLib","Highlight Path","Minty Spire (QoL Compilation)","Quick Restart","StSLib"],"gold_per_floor":[118,171,171,190,190,225,235,44,94,119,9,9,35,49,49,147,147,163,78,1,1,1,1,1,1,26,40,40,67,67,81,81,81,81],"floor_reached":33,"playtime":819,"items_purged":["Regret"],"score":511,"play_id":"9a1a7ddf-05a0-4d53-b46f-52ca16610599","local_time":"20210111175710","is_ascension_mode":true,"campfire_choices":[{"floor":15,"key":"REST"},{"data":"True Grit","floor":24,"key":"SMITH"},{"floor":30,"key":"REST"},{"data":"Dark Embrace","floor":32,"key":"SMITH"}],"circlet_count":0,"master_deck":["AscendersBane","Strike_R","Strike_R","Strike_R","Strike_R","Strike_R","Defend_R","Defend_R","Defend_R","Defend_R","Bash","Flex","Wild Strike","Heavy Blade","Dark Embrace+1","Pommel Strike","Uppercut","Inflame","Headbutt","Feed","True Grit+1","Evolve","Havoc","Anger"],"relics":["Burning Blood","NeowsBlessing","Red Skull","Ornamental Fan","Strawberry","Bronze Scales","Bag of Marbles","Tiny Chest","Boot","HornCleat","Mark of Pain","Art of War","Torii","Enchiridion","Happy Flower","Pen Nib"],"acts_visited":["Exordium","TheCity"],"potions_floor_usage":[10,10,23,33],"damage_taken":[{"damage":0,"enemies":"Jaw Worm","floor":1,"turns":1},{"damage":0,"enemies":"Small Slimes","floor":4,"turns":1},{"damage":0,"enemies":"3 Sentries","floor":6,"turns":2},{"damage":13,"enemies":"Cultist","floor":7,"turns":4},{"damage":56,"enemies":"Gremlin Nob","floor":10,"turns":5},{"damage":30,"enemies":"Lagavulin","floor":13,"turns":5},{"damage":12,"enemies":"3 Louse","floor":14,"turns":2},{"damage":36,"enemies":"Hexaghost","floor":16,"turns":8},{"damage":7,"enemies":"Chosen","floor":18,"turns":4},{"damage":0,"enemies":"Slavers","floor":23,"turns":1},{"damage":1,"enemies":"Shell Parasite","floor":27,"turns":2},{"damage":35,"enemies":"Book of Stabbing","floor":29,"turns":5},{"damage":1,"enemies":"Centurion and Healer","floor":31,"turns":5},{"damage":64,"enemies":"Champ","floor":33,"turns":8}],"seed_played":"-4257788117351550934","potions_obtained":[{"floor":4,"key":"BloodPotion"},{"floor":6,"key":"Regen Potion"},{"floor":16,"key":"SmokeBomb"},{"floor":18,"key":"SpeedPotion"}],"is_trial":false,"path_per_floor":["M","?","?","M","?","E","M","$","T","E","$","T","E","M","R","B",null,"M","?","$","T","?","E","R","?","T","M","$","E","R","M","R","B"],"character_chosen":"IRONCLAD","items_purchased":["Bronze Scales","Dark Embrace","Uppercut","Evolve"],"campfire_rested":2,"item_purchase_floors":[8,8,11,20],"current_hp_per_floor":[78,78,78,80,80,87,80,80,80,56,56,56,32,26,52,22,71,73,73,73,73,55,61,61,45,45,50,50,21,49,54,54,0,0],"gold":81,"neow_bonus":"THREE_ENEMY_KILL","is_daily":false,"chose_seed":false,"campfire_upgraded":2,"win_rate":0.0,"timestamp":1610398630,"path_taken":["M","?","?","?","?","E","M","$","T","E","?","?","E","M","R","BOSS","M","?","$","?","?","E","R","?","T","M","$","E","R","M","R","BOSS"],"items_purchased_type":["Relic","Card","Card","Card"],"build_version":"2020-12-22","purchased_purges":1,"victory":false,"max_hp_per_floor":[80,80,80,80,80,87,87,87,87,87,87,87,87,87,87,87,87,90,90,90,90,95,95,95,95,95,95,95,95,95,95,95,95,95],"card_choices":[{"not_picked":["Pummel","Clash"],"picked":"Clothesline","floor":1},{"not_picked":["Entrench","Iron Wave"],"picked":"Flex","floor":4},{"not_picked":["Brutality","Corruption"],"picked":"Wild Strike","floor":6},{"not_picked":["Ghostly Armor","Armaments"],"picked":"Heavy Blade","floor":7},{"not_picked":["Warcry","Heavy Blade"],"picked":"Pommel Strike","floor":10},{"not_picked":["Twin Strike","Warcry"],"picked":"Inflame","floor":13},{"not_picked":["Entrench","Rampage"],"picked":"Headbutt","floor":14},{"not_picked":["Immolate","Impervious"],"picked":"Feed","floor":16},{"not_picked":["Wild Strike","Dual Wield"],"picked":"True Grit","floor":18},{"not_picked":["Warcry","Cleave+1","Twin Strike"],"picked":"SKIP","floor":27},{"not_picked":["Anger+1","Clash"],"picked":"Havoc","floor":29},{"not_picked":["Armaments","Dark Embrace"],"picked":"Anger","floor":31}],"player_experience":552093,"relics_obtained":[{"floor":6,"key":"Strawberry"},{"floor":9,"key":"Bag of Marbles"},{"floor":10,"key":"Tiny Chest"},{"floor":12,"key":"Boot"},{"floor":13,"key":"HornCleat"},{"floor":21,"key":"Torii"},{"floor":25,"key":"Enchiridion"},{"floor":26,"key":"Happy Flower"},{"floor":29,"key":"Pen Nib"}],"event_choices":[{"damage_healed":0,"gold_gain":53,"player_choice":"Gained Gold","damage_taken":0,"max_hp_gain":0,"max_hp_loss":0,"event_name":"Golden Wing","floor":2,"gold_loss":0},{"cards_removed":["Clothesline"],"damage_healed":0,"gold_gain":0,"player_choice":"Gave Card","damage_taken":0,"relics_obtained":["Red Skull"],"max_hp_gain":0,"max_hp_loss":0,"event_name":"WeMeetAgain","floor":3,"gold_loss":0},{"damage_healed":0,"gold_gain":0,"player_choice":"Box","damage_taken":0,"relics_obtained":["Ornamental Fan"],"max_hp_gain":0,"max_hp_loss":0,"event_name":"Big Fish","floor":5,"gold_loss":0,"cards_obtained":["Regret"]},{"damage_healed":0,"gold_gain":0,"player_choice":"Obtained Relic","damage_taken":0,"relics_obtained":["Art of War"],"max_hp_gain":0,"max_hp_loss":0,"event_name":"Addict","floor":19,"gold_loss":85},{"damage_healed":0,"gold_gain":0,"player_choice":"Shed Blood","damage_taken":23,"max_hp_gain":5,"max_hp_loss":0,"event_name":"Forgotten Altar","floor":22,"gold_loss":0},{"damage_healed":0,"gold_gain":0,"player_choice":"Obtained Book","damage_taken":16,"max_hp_gain":0,"max_hp_loss":0,"event_name":"Cursed Tome","floor":25,"gold_loss":0}],"is_beta":false,"boss_relics":[{"not_picked":["Philosopher\u0027s Stone","Sozu"],"picked":"Mark of Pain"}],"items_purged_floors":[11],"is_endless":false,"potions_floor_spawned":[4,6,16,18,23],"killed_by":"Champ","ascension_level":10}}