{"host":"vfg9szunmpjwj08o","time":1610377320,"event":{"mods":["Act Like it!","BaseMod","Challenge The Spire","Colored Map","Colored Powertips","Dark Map","Fox Events","Minty Spire (QoL Compilation)","StSLib","Waifu the Spire"],"gold_per_floor":[115,265,24,24,74,100,100,110,210,210,0,0,34,53,53,53,53],"floor_reached":16,"playtime":424,"items_purged":["Doubt","Strike_B"],"score":255,"play_id":"f8f8e98d-9033-452b-b38d-5a6a45975017","local_time":"20210111160200","is_ascension_mode":true,"campfire_choices":[{"data":"Zap","floor":7,"key":"SMITH"},{"data":"Dualcast","floor":10,"key":"SMITH"},{"data":"Defragment","floor":15,"key":"SMITH"}],"circlet_count":0,"master_deck":["AscendersBane","Strike_B","Strike_B","Defend_B","Defend_B","Defend_B","Defend_B","Zap+1","Dualcast+1","Chill","Sweeping Beam","Seek","Gash","Defragment+1","Coolheaded+1","Defragment","Compile Driver"],"relics":["Cracked Core","NeowsBlessing","Tiny Chest","foxEvents:LuckyCharm","Potion Belt","Toxic Egg 2","Golden Idol","Sundial"],"acts_visited":["Exordium"],"potions_floor_usage":[13],"damage_taken":[{"damage":0,"enemies":"2 Louse","floor":1,"turns":1},{"damage":0,"enemies":"Colosseum Slavers","floor":5,"turns":1},{"damage":0,"enemies":"Lagavulin","floor":6,"turns":1},{"damage":5,"enemies":"Small Slimes","floor":8,"turns":3},{"damage":41,"enemies":"Gremlin Nob","floor":13,"turns":4},{"damage":0,"enemies":"Jaw Worm","floor":14,"turns":4},{"damage":23,"enemies":"Slime Boss","floor":16,"turns":3}],"seed_played":"-2399977491279891692","potions_obtained":[{"floor":8,"key":"Block Potion"},{"floor":13,"key":"SteroidPotion"}],"is_trial":false,"path_per_floor":["M","?","$","?","?","E","R","M","T","R","$","?","E","M","R","B"],"character_chosen":"DEFECT","items_purchased":["Tiny Chest","Defragment","Coolheaded+1"],"campfire_rested":0,"item_purchase_floors":[3,11,11],"current_hp_per_floor":[64,64,64,57,57,57,57,52,52,52,52,52,11,11,11,0,0],"gold":53,"neow_bonus":"THREE_ENEMY_KILL","is_daily":false,"chose_seed":false,"campfire_upgraded":3,"win_rate":0.0,"timestamp":1610377320,"path_taken":["M","?","$","?","?","E","R","M","T","R","$","?","E","M","R","BOSS"],"items_purchased_type":["Relic","Card","Card"],"build_version":"2020-12-22","purchased_purges":2,"victory":false,"max_hp_per_floor":[71,71,71,71,71,71,71,71,71,71,71,64,64,64,64,64,64],"card_choices":[{"not_picked":["Redo","Compile Driver"],"picked":"Chill","floor":1},{"not_picked":["Conserve Battery","Beam Cell"],"picked":"Sweeping Beam","floor":5},{"not_picked":["Sweeping Beam","Beam Cell"],"picked":"Seek","floor":6},{"not_picked":["Steam","Static Discharge"],"picked":"Gash","floor":8},{"not_picked":["BootSequence+1","Force Field+1"],"picked":"Defragment","floor":13},{"not_picked":["Rebound","Stack+1"],"picked":"Compile Driver","floor":14}],"player_experience":1055049,"relics_obtained":[{"floor":5,"key":"foxEvents:LuckyCharm"},{"floor":6,"key":"Potion Belt"},{"floor":9,"key":"Toxic Egg 2"},{"floor":13,"key":"Sundial"}],"event_choices":[{"damage_healed":0,"gold_gain":150,"player_choice":"AGREE","damage_taken":0,"max_hp_gain":0,"max_hp_loss":0,"event_name":"Liars Game","floor":2,"gold_loss":0,"cards_obtained":["Doubt"]},{"cards_removed":["Strike_B"],"damage_healed":0,"gold_gain":0,"player_choice":"Card Removal","damage_taken":7,"max_hp_gain":0,"max_hp_loss":0,"event_name":"Golden Wing","floor":4,"gold_loss":0},{"damage_healed":0,"gold_gain":0,"player_choice":"Lose Max HP","damage_taken":0,"relics_obtained":["Golden Idol"],"max_hp_gain":0,"max_hp_loss":7,"event_name":"Golden Idol","floor":12,"gold_loss":0}],"is_beta":false,"boss_relics":[],"items_purged_floors":[3,11],"is_endless":false,"potions_floor_spawned":[8,13],"killed_by":"Slime Boss","ascension_level":19}}