{"host":"y89x8uui45kcjy42","time":1610362785,"event":{"mods":["2.2 Compatiblity","BaseMod","CapriCore","Colored Map","Colored Powertips","Custom Start","Friendly Minions","Keyboard Shortcuts","Minty Spire (QoL Compilation)","Relic Stats","Slay the Relics Exporter","StSLib","SuperFastMode","Uncapped"],"gold_per_floor":[18,22,22,42,52,52,52,52,52,52,86,115,115,130,130,207,207,225,143,155,166,185,215,250,250,250,279,279,307,307,332,332,420,420,437,437,462,222,186,186,49,76,76,107,107,107,134,152,152,152,152,152,152,86,121,121],"floor_reached":57,"playtime":1450,"items_purged":["Strike_R","Bash"],"score":3805,"play_id":"aee35c87-1fd4-4160-b791-2a2595995602","local_time":"20210111195945","is_ascension_mode":true,"campfire_choices":[{"data":"Barricade","floor":6,"key":"SMITH"},{"data":"Body Slam","floor":8,"key":"SMITH"},{"data":"Shrug It Off","floor":10,"key":"SMITH"},{"data":"Feel No Pain","floor":15,"key":"SMITH"},{"data":"Fire Breathing","floor":25,"key":"SMITH"},{"data":"Evolve","floor":28,"key":"SMITH"},{"data":"Finesse","floor":30,"key":"SMITH"},{"data":"Power Through","floor":32,"key":"SMITH"},{"data":"Second Wind","floor":40,"key":"SMITH"},{"data":"Impervious","floor":46,"key":"SMITH"},{"floor":49,"key":"RECALL"},{"data":"Shockwave","floor":53,"key":"SMITH"}],"circlet_count":0,"master_deck":["Body Slam+1","Barricade+1","Shrug It Off+1","Feel No Pain+1","Fire Breathing+1","Shrug It Off","Finesse+1","Power Through+1","Evolve+1","Shockwave+1","Impervious+1","Second Wind+1","Entrench+1"],"relics":["Burning Blood","Torii","Membership Card","Potion Belt","Mummified Hand","Oddly Smooth Stone","Bronze Scales","Ornamental Fan","Coffee Dripper","Charon\u0027s Ashes","Sling","Pantograph","CeramicFish","Question Card","Centennial Puzzle","Blood Vial","Turnip","Coffee Dripper","Prayer Wheel","Sundial","Shuriken","Toxic Egg 2","Nunchaku","Singing Bowl","WingedGreaves","HornCleat","Kunai","Ring of the Serpent","Ring of the Serpent","Paper Frog"],"acts_visited":["Exordium","TheCity","TheBeyond","TheEnding"],"potions_floor_usage":[20,38,56,56],"damage_taken":[{"damage":11,"enemies":"Cultist","floor":1,"turns":4},{"damage":1,"enemies":"2 Louse","floor":4,"turns":3},{"damage":10,"enemies":"Small Slimes","floor":5,"turns":3},{"damage":0,"enemies":"Lagavulin","floor":11,"turns":4},{"damage":0,"enemies":"Gremlin Nob","floor":12,"turns":3},{"damage":0,"enemies":"2 Fungi Beasts","floor":14,"turns":2},{"damage":0,"enemies":"Slime Boss","floor":16,"turns":5},{"damage":11,"enemies":"Shell Parasite","floor":18,"turns":4},{"damage":0,"enemies":"3 Byrds","floor":20,"turns":2},{"damage":0,"enemies":"Cultist and Chosen","floor":21,"turns":3},{"damage":0,"enemies":"Snecko","floor":22,"turns":4},{"damage":0,"enemies":"Gremlin Leader","floor":23,"turns":3},{"damage":6,"enemies":"Slavers","floor":24,"turns":3},{"damage":0,"enemies":"Gremlin Leader","floor":27,"turns":3},{"damage":0,"enemies":"Book of Stabbing","floor":29,"turns":3},{"damage":0,"enemies":"Gremlin Leader","floor":31,"turns":2},{"damage":0,"enemies":"Automaton","floor":33,"turns":4},{"damage":0,"enemies":"Orb Walker","floor":35,"turns":2},{"damage":0,"enemies":"Mind Bloom Boss Battle","floor":37,"turns":2},{"damage":0,"enemies":"Giant Head","floor":42,"turns":3},{"damage":0,"enemies":"Reptomancer","floor":44,"turns":2},{"damage":0,"enemies":"Giant Head","floor":47,"turns":3},{"damage":0,"enemies":"3 Shapes","floor":48,"turns":2},{"damage":6,"enemies":"Time Eater","floor":50,"turns":3},{"damage":0,"enemies":"Donu and Deca","floor":51,"turns":4},{"damage":24,"enemies":"Shield and Spear","floor":55,"turns":4},{"damage":4,"enemies":"The Heart","floor":56,"turns":6}],"seed_played":"-6484477367169490188","potions_obtained":[{"floor":4,"key":"ElixirPotion"},{"floor":12,"key":"BloodPotion"},{"floor":18,"key":"Explosive Potion"},{"floor":22,"key":"LiquidMemories"},{"floor":24,"key":"FearPotion"},{"floor":29,"key":"LiquidMemories"},{"floor":31,"key":"Fruit Juice"}],"is_trial":false,"path_per_floor":["M","$","?","M","M","R","?","R","T","R","E","E","?","M","R","B",null,"M","$","M","M","M","E","E","R","T","E","R","E","R","E","R","B",null,"M","?","?","$","$","R","$","E","T","E","$","R","E","M","R","B","B",null,"R","$","E","B",null],"character_chosen":"IRONCLAD","items_purchased":["Potion Belt","Mummified Hand","Barricade","Charon\u0027s Ashes","Fire Breathing","Shrug It Off","Sling","Finesse","Sundial","HeartOfIron","Ancient Potion","Second Wind","Shuriken","Kunai","DistilledChaos"],"campfire_rested":0,"item_purchase_floors":[2,2,2,19,19,19,19,19,38,38,38,39,41,54,54],"current_hp_per_floor":[63,63,63,68,64,64,57,57,57,57,63,69,69,75,75,75,75,70,70,75,75,75,75,75,75,75,75,75,75,75,75,75,75,75,75,75,75,80,80,80,80,80,80,82,82,82,84,88,88,88,88,88,88,88,90,90],"gold":121,"neow_bonus":"ONE_RARE_RELIC","is_daily":false,"chose_seed":false,"campfire_upgraded":11,"win_rate":0.0,"timestamp":1610362785,"path_taken":["M","$","?","M","?","R","?","R","T","R","E","E","?","?","R","BOSS","M","$","M","M","?","E","E","R","T","E","R","E","R","E","R","BOSS","M","?","?","$","$","R","?","E","T","E","$","R","E","M","R","BOSS","BOSS","R","$","E","BOSS"],"items_purchased_type":["Relic","Relic","Card","Relic","Card","Card","Relic","Card","Relic","Potion","Potion","Card","Relic","Relic","Potion"],"build_version":"2020-12-22","purchased_purges":2,"victory":true,"max_hp_per_floor":[75,75,75,75,75,75,75,75,75,75,75,75,75,75,75,75,75,75,75,75,75,75,75,75,75,75,75,75,75,75,75,75,75,75,75,75,75,80,80,80,80,80,80,82,82,82,84,88,88,88,88,88,88,88,90,90],"relic_stats":{"Torii":8,"Singing Bowl":10,"counters":[27,86],"CeramicFish":36,"Charon\u0027s Ashes":[311],"Question Card":13,"Burning Blood":63,"Blood Vial":0,"Centennial Puzzle":[9],"Nunchaku":[2],"Mummified Hand":[92],"Ornamental Fan":[4],"Sundial":[24],"Shuriken":[0],"Bronze Scales":[212],"Pantograph":0,"Prayer Wheel":1,"Turnip":[2],"Kunai":[0],"obtain_stats":[{"Torii":0,"Singing Bowl":44,"CeramicFish":24,"Sling":19,"Burning Blood":0,"Blood Vial":29,"Centennial Puzzle":27,"Nunchaku":43,"HornCleat":47,"Mummified Hand":2,"Sundial":38,"Pantograph":23,"Prayer Wheel":37,"WingedGreaves":7,"Kunai":54,"Toxic Egg 2":42,"Paper Frog":55,"Potion Belt":2,"Oddly Smooth Stone":11,"Charon\u0027s Ashes":19,"Question Card":26,"Ornamental Fan":13,"Shuriken":41,"Bronze Scales":12,"Turnip":31,"Coffee Dripper":17,"Membership Card":1,"Ring of the Serpent":55},{"Torii":0,"Singing Bowl":21,"CeramicFish":13,"Sling":8,"Burning Blood":0,"Blood Vial":15,"Centennial Puzzle":14,"Nunchaku":20,"HornCleat":22,"Mummified Hand":1,"Sundial":19,"Pantograph":12,"Prayer Wheel":19,"WingedGreaves":3,"Kunai":25,"Toxic Egg 2":20,"Paper Frog":26,"Potion Belt":1,"Oddly Smooth Stone":4,"Charon\u0027s Ashes":8,"Question Card":13,"Ornamental Fan":5,"Shuriken":19,"Bronze Scales":5,"Turnip":16,"Coffee Dripper":7,"Membership Card":1,"Ring of the Serpent":26},{"Torii":0,"Singing Bowl":64,"CeramicFish":43,"Sling":28,"Burning Blood":0,"Blood Vial":49,"Centennial Puzzle":46,"Nunchaku":62,"HornCleat":67,"Mummified Hand":4,"Sundial":59,"Pantograph":40,"Prayer Wheel":59,"WingedGreaves":10,"Kunai":76,"Toxic Egg 2":62,"Paper Frog":80,"Potion Belt":4,"Oddly Smooth Stone":14,"Charon\u0027s Ashes":28,"Question Card":43,"Ornamental Fan":17,"Shuriken":59,"Bronze Scales":17,"Turnip":51,"Coffee Dripper":24,"Membership Card":1,"Ring of the Serpent":78}]},"card_choices":[{"not_picked":["Searing Blow","Thunderclap"],"picked":"Body Slam","floor":1},{"not_picked":["Thunderclap","Disarm"],"picked":"Shrug It Off","floor":4},{"not_picked":["Body Slam","Anger","True Grit"],"picked":"SKIP","floor":5},{"not_picked":["Rampage","Clash"],"picked":"Feel No Pain","floor":11},{"not_picked":["Feed","Cleave","Warcry"],"picked":"SKIP","floor":12},{"not_picked":["Sword Boomerang","Thunderclap","Wild Strike"],"picked":"SKIP","floor":14},{"not_picked":["Whirlwind","Clothesline","Headbutt"],"picked":"SKIP","floor":18},{"not_picked":["Headbutt+1","Body Slam","Searing Blow"],"picked":"SKIP","floor":20},{"not_picked":["Searing Blow","Anger","Armaments+1"],"picked":"SKIP","floor":21},{"not_picked":["Burning Pact","Brutality"],"picked":"Power Through","floor":22},{"not_picked":["Dropkick","Sentinel"],"picked":"Evolve","floor":23},{"not_picked":["Pommel Strike+1","Searing Blow"],"picked":"Shockwave","floor":24},{"not_picked":["Havoc","Anger","Perfected Strike","Rupture"],"picked":"SKIP","floor":27},{"not_picked":["Clash","Havoc","Flame Barrier","Juggernaut"],"picked":"SKIP","floor":29},{"not_picked":["Shockwave","Inflame","Ghostly Armor","True Grit"],"picked":"SKIP","floor":31},{"not_picked":["Feed","Double Tap","Corruption"],"picked":"Impervious","floor":33},{"not_picked":["Twin Strike","Clothesline+1","Perfected Strike","Shockwave"],"picked":"SKIP","floor":35},{"not_picked":["Cleave","Armaments+1","Havoc+1","Infernal Blade+1"],"picked":"SKIP","floor":42},{"not_picked":["Burning Pact+1","Heavy Blade","Cleave","Inflame+1"],"picked":"Singing Bowl","floor":44},{"not_picked":["Double Tap+1","Cleave","Dropkick+1","Clothesline"],"picked":"Singing Bowl","floor":47},{"not_picked":["Clash","Second Wind+1","Headbutt","Dual Wield+1"],"picked":"Singing Bowl","floor":48},{"not_picked":["Pummel","True Grit+1","Heavy Blade","Hemokinesis"],"picked":"Singing Bowl","floor":48},{"not_picked":["Hemokinesis","Armaments+1","Barricade","Twin Strike+1"],"picked":"Singing Bowl","floor":55}],"player_experience":589014,"relics_obtained":[{"floor":11,"key":"Oddly Smooth Stone"},{"floor":12,"key":"Bronze Scales"},{"floor":23,"key":"Pantograph"},{"floor":24,"key":"CeramicFish"},{"floor":26,"key":"Question Card"},{"floor":27,"key":"Centennial Puzzle"},{"floor":29,"key":"Blood Vial"},{"floor":31,"key":"Turnip"},{"floor":37,"key":"Prayer Wheel"},{"floor":42,"key":"Toxic Egg 2"},{"floor":43,"key":"Nunchaku"},{"floor":44,"key":"Singing Bowl"},{"floor":47,"key":"HornCleat"},{"floor":55,"key":"Paper Frog"}],"event_choices":[{"damage_healed":0,"gold_gain":0,"player_choice":"0 cards matched","damage_taken":0,"max_hp_gain":0,"max_hp_loss":0,"event_name":"Match and Keep!","floor":3,"gold_loss":0,"cards_obtained":[]},{"cards_removed":["Strike_R"],"damage_healed":0,"gold_gain":0,"player_choice":"Card Removal","damage_taken":7,"max_hp_gain":0,"max_hp_loss":0,"event_name":"Golden Wing","floor":7,"gold_loss":0},{"damage_healed":0,"gold_gain":0,"player_choice":"Gave Potion","damage_taken":0,"relics_obtained":["Ornamental Fan"],"max_hp_gain":0,"max_hp_loss":0,"event_name":"WeMeetAgain","floor":13,"gold_loss":0},{"damage_healed":0,"gold_gain":0,"player_choice":"Memory 1","damage_taken":0,"max_hp_gain":0,"max_hp_loss":0,"event_name":"SensoryStone","floor":36,"gold_loss":0},{"damage_healed":0,"gold_gain":0,"player_choice":"Fight","damage_taken":0,"max_hp_gain":0,"max_hp_loss":0,"event_name":"MindBloom","floor":37,"gold_loss":0}],"is_beta":false,"boss_relics":[{"not_picked":["Ectoplasm","Tiny House","Pandora\u0027s Box"]},{"not_picked":["Sozu","Runic Dome","Fusion Hammer"]}],"items_purged_floors":[2,19],"is_endless":false,"potions_floor_spawned":[4,12,18,22,24,29,31,42,44,48],"ascension_level":20}}