{"host":"roqztpbdbchtekes","time":1610365985,"event":{"mods":["A Magickal Journey","AchievementEnabler","BaseMod","Better Note","Better Third Choice","BetterRewards","Block Reminder","Colored Map","Colored Powertips","Curses Come First","DeckTracker","Minty Spire (QoL Compilation)","Relic Stats","Spicy Shops","StSLib"],"gold_per_floor":[119,11,11,11,28,28,38,38,38,38,65,65,96,114,114,245,245,258,258,258,281,281,321,321,346,372,386,427,14,14,14,14,143,143,163,163,163,163,496,496,496,530,553,586,604,604,604],"floor_reached":46,"playtime":2183,"items_purged":["Injury","Strike_B"],"score":974,"play_id":"11f0c545-cff4-4bc9-907f-f49d4d3f5a78","local_time":"20210111125305","is_ascension_mode":true,"campfire_choices":[{"data":"Chaos","floor":6,"key":"SMITH"},{"data":"Zap","floor":8,"key":"SMITH"},{"floor":10,"key":"REST"},{"data":"Defragment","floor":15,"key":"SMITH"},{"data":"Barrage","floor":30,"key":"SMITH"},{"data":"Static Discharge","floor":32,"key":"SMITH"},{"data":"Electrodynamics","floor":40,"key":"SMITH"}],"circlet_count":0,"master_deck":["Defend_B","Defend_B+1","Defend_B+1","Defend_B","Dualcast","Chaos+1","Compile Driver","Capacitor","Static Discharge+1","Core Surge+1","Ball Lightning+1","Defragment+1","Echo Form","Hologram","Force Field","Stack","Dark Shackles","Barrage+1","Capacitor+1","Electrodynamics+1","Panacea+1","Multi-Cast+1"],"relics":["FrozenCore","Art of War","Vajra","Blood Vial","Shuriken","Membership Card","Medical Kit","PreservedInsect","DataDisk","Kunai","Pear","Potion Belt","Regal Pillow","Nloth\u0027s Gift","Bag of Marbles","Toxic Egg 2","TheAbacus","Gremlin Horn","Juzu Bracelet","Enchiridion","Busted Crown","Letter Opener","Whetstone","War Paint"],"acts_visited":["Exordium","TheCity","TheBeyond"],"potions_floor_usage":[7,13,23,23,27,28,33,46],"damage_taken":[{"damage":12,"enemies":"Jaw Worm","floor":1,"turns":3},{"damage":0,"enemies":"Small Slimes","floor":5,"turns":3},{"damage":0,"enemies":"Cultist","floor":7,"turns":3},{"damage":0,"enemies":"Gremlin Nob","floor":11,"turns":2},{"damage":0,"enemies":"Lagavulin","floor":13,"turns":4},{"damage":1,"enemies":"3 Louse","floor":14,"turns":2},{"damage":14,"enemies":"Hexaghost","floor":16,"turns":5},{"damage":9,"enemies":"Spheric Guardian","floor":18,"turns":4},{"damage":6,"enemies":"3 Byrds","floor":21,"turns":4},{"damage":18,"enemies":"Slavers","floor":23,"turns":3},{"damage":0,"enemies":"Snake Plant","floor":25,"turns":5},{"damage":0,"enemies":"3 Cultists","floor":27,"turns":5},{"damage":0,"enemies":"Book of Stabbing","floor":28,"turns":5},{"damage":33,"enemies":"Collector","floor":33,"turns":9},{"damage":4,"enemies":"3 Darklings","floor":35,"turns":4},{"damage":57,"enemies":"Nemesis","floor":42,"turns":7},{"damage":0,"enemies":"Giant Head","floor":44,"turns":5},{"damage":17,"enemies":"3 Shapes","floor":45,"turns":2},{"damage":5,"enemies":"Writhing Mass","floor":46,"turns":1}],"seed_played":"1556284702538920027","potions_obtained":[{"floor":1,"key":"PotionOfCapacity"},{"floor":4,"key":"EssenceOfSteel"},{"floor":4,"key":"FocusPotion"},{"floor":4,"key":"AttackPotion"},{"floor":7,"key":"PotionOfCapacity"},{"floor":18,"key":"PowerPotion"},{"floor":21,"key":"PowerPotion"},{"floor":23,"key":"DistilledChaos"},{"floor":35,"key":"BlessingOfTheForge"},{"floor":45,"key":"Energy Potion"}],"is_trial":false,"path_per_floor":["M","$","?","?","M","R","M","R","T","R","E","?","E","M","R","B",null,"M","?","?","M","?","E","?","M","T","M","E","$","R","?","R","B",null,"M","?","?","?","?","R","?","E","T","E","M","M"],"character_chosen":"DEFECT","items_purchased":["Art of War","Vajra","Blood Vial","Shuriken","Membership Card","Chaos","Medical Kit","Capacitor","PreservedInsect","Toxic Egg 2","TheAbacus","Gremlin Horn","Juzu Bracelet"],"campfire_rested":1,"item_purchase_floors":[0,0,0,0,0,0,0,2,2,29,29,29,29],"current_hp_per_floor":[18,18,11,11,13,13,15,15,15,37,49,28,30,31,31,19,85,76,76,76,72,72,56,56,58,58,60,62,62,62,46,46,15,85,81,71,71,71,71,71,71,16,16,18,3,0,0],"gold":604,"neow_bonus":"","is_daily":false,"chose_seed":false,"campfire_upgraded":6,"win_rate":0.0,"timestamp":1610365985,"path_taken":["M","$","?","?","?","R","M","R","T","R","E","?","E","M","R","BOSS","M","?","?","?","?","E","?","M","T","M","E","$","R","?","R","BOSS","M","?","?","?","?","R","?","E","T","E","M","M"],"items_purchased_type":["Relic","Relic","Relic","Relic","Relic","Card","Relic","Card","Relic","Relic","Relic","Relic","Relic"],"build_version":"2020-12-22","purchased_purges":2,"victory":false,"max_hp_per_floor":[75,75,75,75,75,75,75,75,75,75,85,85,85,85,85,85,85,85,85,85,85,85,85,85,85,85,85,85,85,85,85,85,85,85,85,85,81,81,81,81,81,81,81,81,81,81,81],"relic_stats":{"Regal Pillow":0,"Gremlin Horn":[9,9],"counters":[48,178],"PreservedInsect":741,"Juzu Bracelet":1,"Letter Opener":[226],"Whetstone":["Core Surge","Ball Lightning"],"War Paint":["Defend_B","Defend_B"],"Medical Kit":[0],"FrozenCore":[30],"Blood Vial":64,"TheAbacus":[480],"Busted Crown":14,"Shuriken":[8],"Art of War":[20],"Nloth\u0027s Gift":5,"Kunai":[8],"obtain_stats":[{"Ice Cream":45,"Regal Pillow":23,"Tiny House":34,"Gremlin Horn":44,"Vajra":0,"Enchiridion":31,"Juzu Bracelet":29,"Whetstone":43,"Empty Cage":17,"FrozenCore":17,"Blood Vial":0,"Emotion Chip":7,"Centennial Puzzle":11,"Dream Catcher":42,"Lizard Tail":46,"TheAbacus":29,"Mummified Hand":46,"Kunai":9,"Toxic Egg 2":29,"Cracked Core":0,"Potion Belt":13,"Girya":0,"Pear":11,"Happy Flower":54,"Golden Idol":12,"Thread and Needle":0,"PreservedInsect":0,"Omamori":39,"Letter Opener":42,"Frozen Egg 2":24,"War Paint":44,"Medical Kit":0,"White Beast Statue":27,"Cables":9,"Strange Spoon":0,"DataDisk":26,"Busted Crown":34,"Shuriken":0,"Bird Faced Urn":3,"Art of War":0,"Nloth\u0027s Gift":24,"Bag of Marbles":28,"Membership Card":39,"Symbiotic Virus":0,"TungstenRod":0,"Toy Ornithopter":40},{"Ice Cream":24,"Regal Pillow":39,"Tiny House":16,"Gremlin Horn":23,"Vajra":29,"Enchiridion":42,"Juzu Bracelet":42,"Whetstone":45,"Empty Cage":8,"FrozenCore":36,"Blood Vial":29,"Emotion Chip":4,"Centennial Puzzle":5,"Dream Catcher":22,"Lizard Tail":24,"TheAbacus":42,"Mummified Hand":24,"Kunai":32,"Toxic Egg 2":42,"Cracked Core":0,"Potion Belt":34,"Girya":29,"Pear":33,"Happy Flower":28,"Golden Idol":33,"Thread and Needle":0,"PreservedInsect":0,"Omamori":19,"Letter Opener":45,"Frozen Egg 2":11,"War Paint":46,"Medical Kit":29,"White Beast Statue":13,"Cables":4,"Strange Spoon":0,"DataDisk":12,"Busted Crown":43,"Shuriken":29,"Bird Faced Urn":1,"Art of War":29,"Nloth\u0027s Gift":39,"Bag of Marbles":42,"Membership Card":19,"Symbiotic Virus":0,"TungstenRod":0,"Toy Ornithopter":20},{"Ice Cream":86,"Regal Pillow":135,"Tiny House":57,"Gremlin Horn":83,"Vajra":102,"Enchiridion":150,"Juzu Bracelet":150,"Whetstone":170,"Empty Cage":27,"FrozenCore":124,"Blood Vial":102,"Emotion Chip":13,"Centennial Puzzle":18,"Dream Catcher":80,"Lizard Tail":86,"TheAbacus":150,"Mummified Hand":86,"Kunai":111,"Toxic Egg 2":150,"Cracked Core":0,"Potion Belt":117,"Girya":102,"Pear":113,"Happy Flower":96,"Golden Idol":113,"Thread and Needle":0,"PreservedInsect":0,"Omamori":66,"Letter Opener":170,"Frozen Egg 2":39,"War Paint":175,"Medical Kit":102,"White Beast Statue":44,"Cables":13,"Strange Spoon":0,"DataDisk":42,"Busted Crown":159,"Shuriken":102,"Bird Faced Urn":3,"Art of War":102,"Nloth\u0027s Gift":135,"Bag of Marbles":150,"Membership Card":66,"Symbiotic Virus":0,"TungstenRod":0,"Toy Ornithopter":72}]},"card_choices":[{"not_picked":["Double Energy","Auto Shields"],"picked":"Compile Driver","floor":1},{"not_picked":["Barrage","Hologram"],"picked":"Static Discharge","floor":5},{"not_picked":["Beam Cell","Go for the Eyes","Steam"],"picked":"SKIP","floor":7},{"not_picked":["Coolheaded","Fusion"],"picked":"Core Surge","floor":11},{"not_picked":["Go for the Eyes","Steam"],"picked":"Ball Lightning","floor":13},{"not_picked":["Tempest","Steam Power"],"picked":"Defragment","floor":14},{"not_picked":["Reboot","Biased Cognition"],"picked":"Echo Form","floor":16},{"not_picked":["Reprogram","Chaos"],"picked":"Hologram","floor":18},{"not_picked":["Go for the Eyes","Chaos","Compile Driver"],"picked":"SKIP","floor":21},{"not_picked":["Meteor Strike","Rebound+1","Gash"],"picked":"SKIP","floor":23},{"not_picked":["Go for the Eyes","Barrage","Beam Cell"],"picked":"SKIP","floor":25},{"not_picked":["Aggregate","Melter"],"picked":"Capacitor+1","floor":27},{"not_picked":["Rip and Tear+1","Ball Lightning","Creative AI"],"picked":"SKIP","floor":28},{"not_picked":["Meteor Strike","Buffer"],"picked":"Electrodynamics","floor":33},{"not_picked":["Compile Driver"],"picked":"SKIP","floor":35},{"not_picked":[],"picked":"Panacea+1","floor":36},{"not_picked":[],"picked":"Multi-Cast+1","floor":42},{"not_picked":["Core Surge"],"picked":"SKIP","floor":44},{"not_picked":["Consume+1"],"picked":"SKIP","floor":45}],"player_experience":301156,"relics_obtained":[{"floor":9,"key":"Kunai"},{"floor":11,"key":"Pear"},{"floor":13,"key":"Potion Belt"},{"floor":23,"key":"Regal Pillow"},{"floor":28,"key":"Bag of Marbles"},{"floor":31,"key":"Enchiridion"},{"floor":42,"key":"Letter Opener"},{"floor":43,"key":"Whetstone"},{"floor":44,"key":"War Paint"}],"event_choices":[{"damage_healed":0,"gold_gain":0,"player_choice":"Relic ","damage_taken":7,"max_hp_gain":0,"max_hp_loss":0,"event_name":"betterThird:BetterScrap","floor":3,"gold_loss":0,"cards_obtained":["Die Die Die"]},{"damage_healed":0,"gold_gain":0,"player_choice":"Got Potions","damage_taken":0,"max_hp_gain":0,"max_hp_loss":0,"event_name":"Lab","floor":4,"gold_loss":0},{"damage_healed":0,"gold_gain":0,"player_choice":"Take Damage","damage_taken":21,"relics_obtained":["Golden Idol"],"max_hp_gain":0,"max_hp_loss":0,"event_name":"Golden Idol","floor":12,"gold_loss":0},{"damage_healed":0,"gold_gain":0,"cards_transformed":["Strike_B","Strike_B"],"player_choice":"Became Test Subject","damage_taken":0,"max_hp_gain":0,"max_hp_loss":0,"event_name":"Drug Dealer","floor":19,"gold_loss":0,"cards_obtained":["Force Field","Stack"]},{"damage_healed":0,"gold_gain":0,"player_choice":"1 cards matched","damage_taken":0,"max_hp_gain":0,"max_hp_loss":0,"event_name":"Match and Keep!","floor":20,"gold_loss":0,"cards_obtained":["Dark Shackles"]},{"damage_healed":0,"gold_gain":0,"player_choice":"Read","damage_taken":0,"max_hp_gain":0,"max_hp_loss":0,"event_name":"The Library","floor":22,"gold_loss":0,"cards_obtained":["Barrage"]},{"damage_healed":0,"gold_gain":0,"player_choice":"Traded Relic","damage_taken":0,"relics_obtained":["Nloth\u0027s Gift"],"max_hp_gain":0,"max_hp_loss":0,"event_name":"N\u0027loth","floor":24,"relics_lost":["Girya"],"gold_loss":0},{"damage_healed":0,"gold_gain":0,"player_choice":"Obtained Book","damage_taken":16,"max_hp_gain":0,"max_hp_loss":0,"event_name":"Cursed Tome","floor":31,"gold_loss":0},{"damage_healed":0,"gold_gain":0,"player_choice":"Memory 3","damage_taken":10,"max_hp_gain":0,"max_hp_loss":0,"event_name":"SensoryStone","floor":36,"gold_loss":0},{"damage_healed":0,"gold_gain":0,"player_choice":"Max HP","damage_taken":0,"max_hp_gain":0,"max_hp_loss":4,"event_name":"Winding Halls","floor":37,"gold_loss":0},{"cards_removed":["Zap"],"damage_healed":0,"gold_gain":0,"player_choice":"Removed Skill","damage_taken":0,"max_hp_gain":0,"max_hp_loss":0,"event_name":"Falling","floor":38,"gold_loss":0},{"damage_healed":0,"gold_gain":333,"player_choice":"Gave Idol","damage_taken":0,"max_hp_gain":0,"max_hp_loss":0,"event_name":"The Moai Head","floor":39,"relics_lost":["Golden Idol"],"gold_loss":0},{"cards_removed":["Strike_B"],"damage_healed":0,"gold_gain":0,"player_choice":"Offered Basic","damage_taken":0,"max_hp_gain":0,"max_hp_loss":0,"event_name":"Bonfire Elementals","floor":41,"gold_loss":0}],"is_beta":false,"boss_relics":[{"not_picked":["Velvet Choker","Ectoplasm"],"picked":"FrozenCore"},{"not_picked":["Fusion Hammer","SacredBark"],"picked":"Busted Crown"}],"items_purged_floors":[0,29],"is_endless":false,"potions_floor_spawned":[1,5,7,18,21,23,35,45],"killed_by":"Writhing Mass","ascension_level":4}}