{"host":"vl29iwkwnyytuw8q","time":1610393712,"event":{"mods":["BaseMod","Minty Spire (QoL Compilation)","Permanent Neow","Relic Stats","StSLib"],"gold_per_floor":[109,128,139,158,158,158,56,83,83,96,96,171,171,171,171,295,295,315,315,315,329,329,364,44,44,67,4,4,24,24,36,36,133,133,145,145,68,86,104,104,139,139,164,164,87,87,87,100,100,100,100,100,0,25,25],"floor_reached":56,"playtime":2189,"items_purged":["Strike_B","Strike_B","Injury"],"score":1335,"play_id":"8980045d-e534-4fb3-a540-c08fa0cbbfad","local_time":"20210111203512","is_ascension_mode":true,"campfire_choices":[{"data":"Defragment","floor":6.0,"key":"SMITH"},{"data":"Zap","floor":11.0,"key":"SMITH"},{"floor":13.0,"key":"REST"},{"data":"Hologram","floor":15.0,"key":"SMITH"},{"data":"Barrage","floor":25.0,"key":"SMITH"},{"data":"White Noise","floor":32.0,"key":"SMITH"},{"data":"Dualcast","floor":40.0,"key":"SMITH"},{"data":"Ball Lightning","floor":42.0,"key":"SMITH"},{"data":"Cold Snap","floor":44.0,"key":"SMITH"},{"data":"Coolheaded","floor":47.0,"key":"SMITH"},{"floor":49.0,"key":"RECALL"},{"data":"Defend_B","floor":52.0,"key":"SMITH"}],"circlet_count":0,"master_deck":["Strike_B","Defend_B+1","Defend_B","Defend_B","Zap+1","Dualcast+1","Barrage+1","Ball Lightning+1","Hologram+1","Defragment+1","Cold Snap+1","White Noise+1","Buffer+1","Coolheaded+1","Self Repair+1","Genetic Algorithm+1","Defragment+1","Genetic Algorithm+1","Echo Form+1","Tempest+1","Electrodynamics+1","Leap+1","Echo Form+1","Panacea+1","Heatsinks+1","Double Energy+1","Fusion+1"],"relics":["Inserter","Frozen Egg 2","Mummified Hand","Bloody Idol","Empty Cage","Toxic Egg 2","Bottled Tornado","Membership Card","Regal Pillow","Pen Nib","Nuclear Battery","Potion Belt","Vajra","Ginger"],"acts_visited":["Exordium","TheCity","TheBeyond","TheEnding"],"potions_floor_usage":[55,55,55,55,55],"damage_taken":[{"damage":0.0,"enemies":"Small Slimes","floor":1.0,"turns":4.0},{"damage":1.0,"enemies":"2 Louse","floor":2.0,"turns":2.0},{"damage":3.0,"enemies":"Jaw Worm","floor":3.0,"turns":4.0},{"damage":11.0,"enemies":"2 Fungi Beasts","floor":4.0,"turns":4.0},{"damage":22.0,"enemies":"Gremlin Nob","floor":8.0,"turns":4.0},{"damage":2.0,"enemies":"Blue Slaver","floor":10.0,"turns":3.0},{"damage":28.0,"enemies":"Slime Boss","floor":16.0,"turns":9.0},{"damage":12.0,"enemies":"2 Thieves","floor":18.0,"turns":3.0},{"damage":7.0,"enemies":"Chosen","floor":21.0,"turns":4.0},{"damage":27.0,"enemies":"Slavers","floor":23.0,"turns":7.0},{"damage":17.0,"enemies":"Snake Plant","floor":29.0,"turns":6.0},{"damage":5.0,"enemies":"Shelled Parasite and Fungi","floor":31.0,"turns":5.0},{"damage":19.0,"enemies":"Automaton","floor":33.0,"turns":11.0},{"damage":5.0,"enemies":"3 Shapes","floor":35.0,"turns":5.0},{"damage":38.0,"enemies":"3 Darklings","floor":38.0,"turns":4.0},{"damage":9.0,"enemies":"Maw","floor":39.0,"turns":6.0},{"damage":4.0,"enemies":"Nemesis","floor":41.0,"turns":7.0},{"damage":0.0,"enemies":"Spire Growth","floor":48.0,"turns":5.0},{"damage":0.0,"enemies":"Donu and Deca","floor":50.0,"turns":7.0},{"damage":0.0,"enemies":"Shield and Spear","floor":54.0,"turns":5.0},{"damage":65,"enemies":"The Heart","floor":55,"turns":9}],"seed_played":"-2408876708086353661","potions_obtained":[{"floor":1.0,"key":"DuplicationPotion"},{"floor":4.0,"key":"SkillPotion"},{"floor":10.0,"key":"Ancient Potion"},{"floor":23.0,"key":"SkillPotion"},{"floor":29.0,"key":"PotionOfCapacity"},{"floor":33.0,"key":"DistilledChaos"},{"floor":35.0,"key":"Fruit Juice"},{"floor":39.0,"key":"SpeedPotion"},{"floor":48.0,"key":"SkillPotion"}],"is_trial":false,"path_per_floor":["M","M","M","M","?","R","$","E","T","M","R","?","R","?","R","B",null,"M","?","?","M","T","E","$","R","T","$","?","M","?","M","R","B",null,"M","?","$","M","M","R","E","R","T","R","$","?","R","M","R","B",null,"R","$","E","B",null],"character_chosen":"DEFECT","items_purchased":["Cold Snap","Membership Card","Defragment+1","Regal Pillow","Electrodynamics+1","Vajra","Double Energy+1","LiquidMemories","ColorlessPotion"],"campfire_rested":1,"item_purchase_floors":[7,24,24,24,37,45,53,53,53],"current_hp_per_floor":[75,74,71,60,65,65,65,43,43,41,41,30,54,54,54,26,80,68,68,68,66,66,54,54,54,59,59,59,57,57,67,67,63,80,85,85,85,62,78,78,85,85,85,85,85,85,85,85,85,85,85,85,85,85,30],"gold":25,"neow_bonus":"BOSS_RELIC","is_daily":false,"chose_seed":false,"campfire_upgraded":10,"win_rate":0.0,"timestamp":1610393712,"path_taken":["M","M","M","M","?","R","$","E","T","M","R","?","R","?","R","BOSS","M","?","?","M","?","E","$","R","T","$","?","M","?","?","R","BOSS","M","?","$","M","M","R","E","R","T","R","$","?","R","M","R","BOSS","R","$","E","BOSS"],"items_purchased_type":["Card","Relic","Card","Relic","Card","Relic","Card","Potion","Potion"],"build_version":"2020-12-22","purchased_purges":3,"victory":true,"max_hp_per_floor":[75,75,75,75,80,80,80,80,80,80,80,80,80,80,80,80,80,80,80,80,80,80,80,80,80,80,80,80,80,80,80,80,80,80,85,85,85,85,85,85,85,85,85,85,85,85,85,85,85,85,85,85,85,85,85],"relic_stats":{"Regal Pillow":0,"Inserter":[57],"counters":[21,114],"Mummified Hand":[96],"Bloody Idol":41,"Pen Nib":[8],"Ginger":[2],"obtain_stats":[{"Potion Belt":41,"Regal Pillow":24,"Inserter":0,"Golden Idol":14,"Vajra":45,"Pen Nib":26,"Ginger":54,"Frozen Egg 2":8,"Bottled Tornado":23,"Empty Cage":17,"Nuclear Battery":34,"Mummified Hand":9,"Bloody Idol":19,"Membership Card":24,"Toxic Egg 2":22,"Cracked Core":0},{"Potion Belt":17,"Regal Pillow":10,"Inserter":0,"Golden Idol":6,"Vajra":17,"Pen Nib":10,"Ginger":20,"Frozen Egg 2":5,"Bottled Tornado":10,"Empty Cage":7,"Nuclear Battery":13,"Mummified Hand":5,"Bloody Idol":8,"Membership Card":10,"Toxic Egg 2":9,"Cracked Core":0},{"Potion Belt":88,"Regal Pillow":44,"Inserter":0,"Golden Idol":21,"Vajra":88,"Pen Nib":44,"Ginger":105,"Frozen Egg 2":18,"Bottled Tornado":44,"Empty Cage":30,"Nuclear Battery":66,"Mummified Hand":18,"Bloody Idol":33,"Membership Card":44,"Toxic Egg 2":37,"Cracked Core":0}]},"card_choices":[{"not_picked":["Self Repair","Turbo"],"picked":"Barrage","floor":1.0},{"not_picked":["Reprogram","Gash"],"picked":"Ball Lightning","floor":2.0},{"not_picked":["Force Field","Auto Shields"],"picked":"Hologram","floor":3.0},{"not_picked":["Cold Snap","Leap"],"picked":"Defragment","floor":4.0},{"not_picked":["Force Field","Streamline"],"picked":"Leap","floor":8.0},{"not_picked":["Rebound","Steam"],"picked":"White Noise","floor":10.0},{"not_picked":["All For One","Hyperbeam"],"picked":"Buffer+1","floor":16.0},{"not_picked":["Steam+1","Redo"],"picked":"Coolheaded","floor":18.0},{"not_picked":["Skim","Heatsinks+1"],"picked":"Self Repair+1","floor":21.0},{"not_picked":["Tempest+1","Rebound+1"],"picked":"Genetic Algorithm+1","floor":23.0},{"not_picked":["Steam+1","Glacier+1"],"picked":"Genetic Algorithm+1","floor":29.0},{"not_picked":["Scrape","Hologram+1","Undo+1"],"picked":"SKIP","floor":31.0},{"not_picked":["Machine Learning+1","Biased Cognition+1"],"picked":"Echo Form+1","floor":33.0},{"not_picked":["Hologram+1","Sweeping Beam+1"],"picked":"Tempest+1","floor":35.0},{"not_picked":["Coolheaded+1","Glacier+1"],"picked":"Leap+1","floor":38.0},{"not_picked":["Hologram+1","Ball Lightning","Cold Snap"],"picked":"SKIP","floor":39.0},{"not_picked":["Aggregate+1","Darkness+1"],"picked":"Echo Form+1","floor":41.0},{"not_picked":["Dark Shackles+1","Blind+1"],"picked":"Panacea+1","floor":46.0},{"not_picked":["Scrape","Conserve Battery+1"],"picked":"Heatsinks+1","floor":48.0},{"not_picked":["Ball Lightning+1","Beam Cell"],"picked":"Fusion+1","floor":54.0}],"player_experience":619469,"relics_obtained":[{"floor":8.0,"key":"Frozen Egg 2"},{"floor":9.0,"key":"Mummified Hand"},{"floor":22.0,"key":"Toxic Egg 2"},{"floor":23.0,"key":"Bottled Tornado"},{"floor":26.0,"key":"Pen Nib"},{"floor":41.0,"key":"Potion Belt"},{"floor":54.0,"key":"Ginger"}],"event_choices":[{"damage_healed":0.0,"max_hp_gain":5.0,"max_hp_loss":0.0,"gold_gain":0.0,"event_name":"Big Fish","player_choice":"Donut","floor":5.0,"gold_loss":0.0,"damage_taken":0.0},{"damage_healed":0.0,"max_hp_gain":0.0,"max_hp_loss":0.0,"gold_gain":75.0,"event_name":"World of Goop","player_choice":"Gather Gold","floor":12.0,"gold_loss":0.0,"damage_taken":11.0},{"damage_healed":0.0,"max_hp_gain":0.0,"max_hp_loss":0.0,"gold_gain":0.0,"event_name":"Golden Idol","player_choice":"Take Wound","floor":14.0,"gold_loss":0.0,"damage_taken":0.0,"relics_obtained":["Golden Idol"],"cards_obtained":["Injury"]},{"damage_healed":0.0,"max_hp_gain":0.0,"max_hp_loss":0.0,"gold_gain":0.0,"event_name":"Forgotten Altar","player_choice":"Gave Idol","floor":19.0,"relics_lost":["Golden Idol"],"gold_loss":0.0,"damage_taken":0.0,"relics_obtained":["Bloody Idol"]},{"damage_healed":0.0,"max_hp_gain":0.0,"max_hp_loss":0.0,"gold_gain":0.0,"event_name":"Vampires","player_choice":"Ignored","floor":20.0,"gold_loss":0.0,"damage_taken":0.0},{"damage_healed":0.0,"max_hp_gain":0.0,"max_hp_loss":0.0,"gold_gain":0.0,"event_name":"Ghosts","player_choice":"Ignored","floor":28.0,"gold_loss":0.0,"damage_taken":0.0},{"cards_removed":["Leap"],"damage_healed":0.0,"max_hp_gain":0.0,"max_hp_loss":0.0,"gold_gain":0.0,"event_name":"Falling","player_choice":"Removed Skill","floor":36.0,"gold_loss":0.0,"damage_taken":0.0},{"damage_healed":0.0,"max_hp_gain":0.0,"max_hp_loss":0.0,"gold_gain":0.0,"event_name":"SensoryStone","player_choice":"Memory 1","floor":46.0,"gold_loss":0.0,"damage_taken":0.0}],"is_beta":false,"boss_relics":[{"not_picked":["Runic Dome","Coffee Dripper"],"picked":"Empty Cage"},{"not_picked":["SacredBark","Black Star"],"picked":"Nuclear Battery"}],"items_purged_floors":[7,24,27],"is_endless":false,"potions_floor_spawned":[1,4,10,23,29,33,35,39,48],"ascension_level":2}}