{"host":"5x08nt64u3vxxcfi","time":1610366909,"event":{"mods":["BaseMod","Minty Spire (QoL Compilation)","StSLib","SuperFastMode"],"gold_per_floor":[110,285,285,298,317,317,347,347,372,403,420,482,8,8,8,86,86,99,118,148,148,148,148,148],"floor_reached":23,"playtime":426,"items_purged":[],"score":325,"play_id":"58fa1161-8188-47bb-afe6-eab9d67945bd","local_time":"20210111210829","is_ascension_mode":true,"campfire_choices":[{"data":"Neutralize","floor":6.0,"key":"SMITH"},{"data":"Poisoned Stab","floor":8.0,"key":"SMITH"},{"floor":15,"key":"REST"}],"circlet_count":0,"master_deck":["AscendersBane","Strike_G+1","Strike_G+1","Strike_G+1","Strike_G+1","Defend_G+1","Defend_G+1","Defend_G+1","Defend_G+1","Defend_G+1","Survivor","Neutralize+1","Choke","Backstab+1","Cloak And Dagger","Poisoned Stab+1","Poisoned Stab","Slice","Quick Slash","A Thousand Cuts","Glass Knife","Footwork","Accuracy","Sucker Punch","Escape Plan","Finisher","Corpse Explosion","After Image","Dagger Throw","PiercingWail","Prepared"],"relics":["Ring of the Snake","NeowsBlessing","Toy Ornithopter","Whetstone","Strawberry","Blood Vial","Orrery","WristBlade","Red Mask","Enchiridion"],"acts_visited":["Exordium","TheCity"],"potions_floor_usage":[16,20,23],"damage_taken":[{"damage":0.0,"enemies":"Small Slimes","floor":1.0,"turns":1.0},{"damage":0.0,"enemies":"Cultist","floor":4.0,"turns":1.0},{"damage":0.0,"enemies":"2 Louse","floor":5.0,"turns":1.0},{"damage":28.0,"enemies":"Lagavulin","floor":7.0,"turns":8.0},{"damage":21.0,"enemies":"Gremlin Nob","floor":10.0,"turns":4.0},{"damage":0.0,"enemies":"2 Fungi Beasts","floor":11.0,"turns":2.0},{"damage":24.0,"enemies":"Lagavulin Event","floor":12.0,"turns":4.0},{"damage":29,"enemies":"The Guardian","floor":16,"turns":12},{"damage":15,"enemies":"Spheric Guardian","floor":18,"turns":4},{"damage":0,"enemies":"Chosen","floor":19,"turns":4},{"damage":18,"enemies":"Masked Bandits","floor":20,"turns":4},{"damage":30,"enemies":"Book of Stabbing","floor":23,"turns":5}],"seed_played":"-2938332997639460909","potions_obtained":[{"floor":5.0,"key":"EssenceOfSteel"},{"floor":7.0,"key":"Strength Potion"},{"floor":11.0,"key":"Fire Potion"},{"floor":19,"key":"AttackPotion"},{"floor":20,"key":"SkillPotion"}],"is_trial":false,"path_per_floor":["M","?","?","M","M","R","E","R","T","E","M","?","$","?","R","B",null,"M","M","?","?","?","E"],"character_chosen":"THE_SILENT","items_purchased":["A Thousand Cuts","Glass Knife","Orrery"],"campfire_rested":1,"item_purchase_floors":[13,13,13],"current_hp_per_floor":[63,63,63,63,63,63,35,35,35,21,21,2,2,2,25,3,59,46,48,37,21,21,0,0],"gold":148,"neow_bonus":"THREE_ENEMY_KILL","is_daily":false,"chose_seed":false,"campfire_upgraded":2,"win_rate":0.0,"timestamp":1610366909,"path_taken":["M","?","?","M","?","R","E","R","T","E","M","?","$","?","R","BOSS","M","?","?","?","?","E"],"items_purchased_type":["Card","Card","Relic"],"build_version":"2020-12-22","purchased_purges":0,"victory":false,"max_hp_per_floor":[70,70,70,70,70,70,70,70,70,77,77,77,77,77,77,77,77,77,77,77,77,77,77,77],"card_choices":[{"not_picked":["Underhanded Strike","Heel Hook"],"picked":"Choke","floor":1.0},{"not_picked":["Endless Agony","Flechettes"],"picked":"Backstab","floor":4.0},{"not_picked":["Slice","Underhanded Strike"],"picked":"Cloak And Dagger","floor":5.0},{"not_picked":["Sucker Punch","Noxious Fumes"],"picked":"Poisoned Stab","floor":7.0},{"not_picked":["Concentrate","Expertise"],"picked":"Poisoned Stab","floor":10.0},{"not_picked":["Deflect","Eviscerate"],"picked":"Slice","floor":11.0},{"not_picked":["Eviscerate","Flying Knee"],"picked":"Quick Slash","floor":12.0},{"not_picked":["Prepared","Riddle With Holes"],"picked":"Footwork","floor":13},{"not_picked":["Terror","Unload"],"picked":"Accuracy","floor":13},{"not_picked":["PiercingWail","Flying Knee"],"picked":"Sucker Punch","floor":13},{"not_picked":["Bouncing Flask","Riddle With Holes"],"picked":"Escape Plan","floor":13},{"not_picked":["Poisoned Stab","Deadly Poison"],"picked":"Finisher","floor":13},{"not_picked":["Phantasmal Killer","Wraith Form v2"],"picked":"After Image","floor":16},{"not_picked":["Poisoned Stab","Backflip"],"picked":"Dagger Throw","floor":18},{"not_picked":["Quick Slash","Flying Knee+1"],"picked":"PiercingWail","floor":19},{"not_picked":["Riddle With Holes","Distraction"],"picked":"Prepared","floor":20}],"player_experience":95275,"relics_obtained":[{"floor":7.0,"key":"Toy Ornithopter"},{"floor":9.0,"key":"Whetstone"},{"floor":10.0,"key":"Strawberry"},{"floor":12.0,"key":"Blood Vial"},{"floor":20,"key":"Red Mask"},{"floor":21,"key":"Enchiridion"}],"event_choices":[{"damage_healed":0.0,"max_hp_gain":0.0,"max_hp_loss":0.0,"gold_gain":175.0,"event_name":"Liars Game","player_choice":"AGREE","floor":2.0,"gold_loss":0.0,"damage_taken":0.0,"cards_obtained":["Doubt"]},{"cards_removed":["Doubt"],"damage_healed":0.0,"max_hp_gain":0.0,"max_hp_loss":0.0,"gold_gain":0.0,"event_name":"Purifier","player_choice":"Purged","floor":3.0,"gold_loss":0.0,"damage_taken":0.0},{"damage_healed":0.0,"max_hp_gain":0.0,"max_hp_loss":0.0,"gold_gain":0.0,"event_name":"Dead Adventurer","player_choice":"Searched \u00272\u0027 times","floor":12.0,"gold_loss":0.0,"damage_taken":0.0},{"damage_healed":0,"gold_gain":0,"cards_transformed":["Strike_G"],"player_choice":"Transformed","damage_taken":0,"max_hp_gain":0,"max_hp_loss":0,"event_name":"Transmorgrifier","floor":14,"gold_loss":0,"cards_obtained":["Corpse Explosion"]},{"damage_healed":0,"gold_gain":0,"player_choice":"Fought Bandits","damage_taken":0,"max_hp_gain":0,"max_hp_loss":0,"event_name":"Masked Bandits","floor":20,"gold_loss":0},{"damage_healed":0,"gold_gain":0,"player_choice":"Obtained Book","damage_taken":16,"max_hp_gain":0,"max_hp_loss":0,"event_name":"Cursed Tome","floor":21,"gold_loss":0},{"damage_healed":0,"gold_gain":0,"player_choice":"Simplicity","damage_taken":0,"max_hp_gain":0,"max_hp_loss":0,"event_name":"Back to Basics","floor":22,"gold_loss":0,"cards_upgraded":["Strike_G","Strike_G","Strike_G","Defend_G","Defend_G","Defend_G","Defend_G","Defend_G"]}],"is_beta":false,"boss_relics":[{"not_picked":["Cursed Key","Velvet Choker"],"picked":"WristBlade"}],"items_purged_floors":[],"is_endless":false,"potions_floor_spawned":[5,7,11,19,20],"killed_by":"Book of Stabbing","ascension_level":13}}