{"host":"wshh0nphwn6jv7vj","time":1610360202,"event":{"mods":["BaseMod","Bestiary","Minty Spire (QoL Compilation)","Relic Stats"],"gold_per_floor":[211,48,62,73,83,83,111,36,36,36,69,69,82,82,82,172,172,195,42,42,42,42,82,82,118,191,111,111],"floor_reached":27,"playtime":1399,"items_purged":["Strike_B"],"score":475,"play_id":"d2c2ba2f-49c6-487e-9545-9ff884c12e92","local_time":"20210111051642","is_ascension_mode":true,"campfire_choices":[{"data":"Barrage","floor":6.0,"key":"SMITH"},{"floor":10.0,"key":"REST"},{"floor":12.0,"key":"REST"},{"data":"Hologram","floor":15.0,"key":"SMITH"},{"floor":24,"key":"REST"}],"circlet_count":0,"master_deck":["AscendersBane","Defend_B","Defend_B","Defend_B","Defend_B+1","Zap","Dualcast","Hologram+1","Ball Lightning","Barrage+1","Sweeping Beam","Echo Form","Turbo","Compile Driver","Core Surge","Fusion","Double Energy","Steam+1","Rip and Tear","Shame","Ghostly","Ghostly","Ghostly","Streamline","Blizzard"],"relics":["FrozenCore","Runic Capacitor","Centennial Puzzle","Du-Vu Doll","Golden Idol","Potion Belt","War Paint","Vajra","Kunai"],"acts_visited":["Exordium","TheCity"],"potions_floor_usage":[27],"damage_taken":[{"damage":8.0,"enemies":"Small Slimes","floor":1.0,"turns":3.0},{"damage":2.0,"enemies":"Jaw Worm","floor":3.0,"turns":5.0},{"damage":0.0,"enemies":"2 Louse","floor":4.0,"turns":3.0},{"damage":2.0,"enemies":"2 Fungi Beasts","floor":5.0,"turns":4.0},{"damage":30.0,"enemies":"Lagavulin","floor":7.0,"turns":6.0},{"damage":37.0,"enemies":"3 Sentries","floor":11.0,"turns":5.0},{"damage":1.0,"enemies":"Looter","floor":13.0,"turns":2.0},{"damage":24.0,"enemies":"Hexaghost","floor":16.0,"turns":9.0},{"damage":23,"enemies":"Shell Parasite","floor":18,"turns":5},{"damage":13,"enemies":"Gremlin Leader","floor":23,"turns":5},{"damage":16,"enemies":"Slavers","floor":25,"turns":7},{"damage":12,"enemies":"2 Thieves","floor":27,"turns":2}],"seed_played":"-3899074287081264577","potions_obtained":[{"floor":4.0,"key":"PowerPotion"},{"floor":7.0,"key":"Strength Potion"},{"floor":11.0,"key":"PowerPotion"},{"floor":18,"key":"BlessingOfTheForge"}],"is_trial":false,"path_per_floor":["M","$","M","M","M","R","E","?","T","R","E","R","M","?","R","B",null,"M","$","?","?","?","E","R","E","T","M"],"character_chosen":"DEFECT","items_purchased":["Runic Capacitor","Double Energy"],"campfire_rested":3,"item_purchase_floors":[2,19],"current_hp_per_floor":[56,56,54,54,52,52,22,22,22,43,6,27,26,26,26,2,49,26,26,26,26,26,13,22,6,6,0,0],"gold":111,"neow_bonus":"HUNDRED_GOLD","is_daily":false,"chose_seed":false,"campfire_upgraded":2,"win_rate":0.0,"timestamp":1610360202,"path_taken":["M","$","M","M","M","R","E","?","T","R","E","R","M","?","R","BOSS","M","$","?","?","?","E","R","E","T","M"],"items_purchased_type":["Relic","Card"],"build_version":"2020-12-22","purchased_purges":1,"victory":false,"max_hp_per_floor":[71,71,71,71,71,71,71,71,71,71,71,71,71,64,64,64,64,64,64,64,64,32,32,32,32,32,32,32],"relic_stats":{"Centennial Puzzle":[21],"counters":[12,56],"Golden Idol":38,"Kunai":[0],"War Paint":["Steam","Defend_B"],"obtain_stats":[{"Du-Vu Doll":11,"Potion Belt":21,"Centennial Puzzle":7,"Golden Idol":14,"Vajra":25,"Runic Capacitor":2,"Kunai":26,"War Paint":23,"Cracked Core":0,"FrozenCore":17},{"Du-Vu Doll":6,"Potion Belt":9,"Centennial Puzzle":5,"Golden Idol":7,"Vajra":11,"Runic Capacitor":1,"Kunai":11,"War Paint":10,"Cracked Core":0,"FrozenCore":8},{"Du-Vu Doll":26,"Potion Belt":42,"Centennial Puzzle":21,"Golden Idol":28,"Vajra":54,"Runic Capacitor":3,"Kunai":54,"War Paint":47,"Cracked Core":0,"FrozenCore":37}],"FrozenCore":[15]},"card_choices":[{"not_picked":["Double Energy","Streamline"],"picked":"Hologram","floor":1.0},{"not_picked":["Conserve Battery","Beam Cell"],"picked":"Ball Lightning","floor":3.0},{"not_picked":["Stack","Recycle"],"picked":"Barrage","floor":4.0},{"not_picked":["Barrage","Auto Shields"],"picked":"Sweeping Beam","floor":5.0},{"not_picked":["Cold Snap","Compile Driver"],"picked":"Echo Form","floor":7.0},{"not_picked":["Auto Shields","Static Discharge"],"picked":"Turbo","floor":11.0},{"not_picked":["Rebound","Steam"],"picked":"Compile Driver","floor":13.0},{"not_picked":["Rainbow","Creative AI"],"picked":"Core Surge","floor":16.0},{"not_picked":["Coolheaded","Gash"],"picked":"Fusion","floor":18},{"not_picked":["Rip and Tear","Chill"],"picked":"Streamline","floor":23},{"not_picked":["Sweeping Beam","Storm"],"picked":"Blizzard","floor":25}],"player_experience":1560135,"relics_obtained":[{"floor":7.0,"key":"Centennial Puzzle"},{"floor":11.0,"key":"Du-Vu Doll"},{"floor":23,"key":"War Paint"},{"floor":25,"key":"Vajra"},{"floor":26,"key":"Kunai"}],"event_choices":[{"cards_removed":["Strike_B"],"damage_healed":0.0,"max_hp_gain":0.0,"max_hp_loss":0.0,"gold_gain":0.0,"event_name":"The Cleric","player_choice":"Card Removal","floor":8.0,"gold_loss":75.0,"damage_taken":0.0},{"damage_healed":0.0,"max_hp_gain":0.0,"max_hp_loss":7.0,"gold_gain":0.0,"event_name":"Golden Idol","player_choice":"Lose Max HP","floor":14.0,"gold_loss":0.0,"damage_taken":0.0,"relics_obtained":["Golden Idol"]},{"damage_healed":0,"gold_gain":0,"cards_transformed":["Strike_B","Strike_B"],"player_choice":"Became Test Subject","damage_taken":0,"max_hp_gain":0,"max_hp_loss":0,"event_name":"Drug Dealer","floor":20,"gold_loss":0,"cards_obtained":["Steam","Rip and Tear"]},{"damage_healed":0,"gold_gain":0,"player_choice":"Stole Relic","damage_taken":0,"relics_obtained":["Potion Belt"],"max_hp_gain":0,"max_hp_loss":0,"event_name":"Addict","floor":21,"gold_loss":0,"cards_obtained":["Shame"]},{"damage_healed":0,"gold_gain":0,"player_choice":"Became a Ghost","damage_taken":0,"max_hp_gain":0,"max_hp_loss":32,"event_name":"Ghosts","floor":22,"gold_loss":0,"cards_obtained":["Ghostly","Ghostly","Ghostly"]}],"is_beta":false,"boss_relics":[{"not_picked":["Ectoplasm","Tiny House"],"picked":"FrozenCore"}],"items_purged_floors":[19],"is_endless":false,"potions_floor_spawned":[4,7,11,18],"killed_by":"2 Thieves","ascension_level":17}}