{"host":"m77rrhbqzv44va4v","time":1610395807,"event":{"mods":["AchievementEnabler","BaseMod","Colored Map","DeckTracker","Keyboard Shortcuts","Minty Spire (QoL Compilation)","StSLib","SuperFastMode","everything is the same but u backflip on backflip"],"gold_per_floor":[14,32,45,45,57,85,85,117,117,142,142,142,142,156,156,229,229,248,298,309,329,3,30,30,50,100,133,146,161,161,194,194,273,273,287,287,287,300,319,319,345,345,345,363,363,65,79,34,34,34,34],"floor_reached":50,"playtime":1334,"items_purged":["Poisoned Stab"],"score":1304,"play_id":"827e0e92-0d4d-492b-b140-01225e140d0f","local_time":"20210112051007","is_ascension_mode":true,"campfire_choices":[{"data":"Terror","floor":7.0,"key":"SMITH"},{"data":"Dash","floor":13.0,"key":"SMITH"},{"data":"Acrobatics","floor":15.0,"key":"SMITH"},{"data":"Reflex","floor":24.0,"key":"SMITH"},{"data":"Prepared","floor":30.0,"key":"SMITH"},{"floor":32.0,"key":"REST"},{"floor":40.0,"key":"REST"},{"floor":42,"key":"REST"},{"floor":49,"key":"REST"}],"circlet_count":0,"master_deck":["AscendersBane","Survivor","Neutralize","Terror+1","Die Die Die","Escape Plan","Underhanded Strike","Dagger Throw","Dash+1","Die Die Die","Die Die Die","Acrobatics+1","Venomology+1","Phantasmal Killer","Dagger Throw","Leg Sweep","Reflex+1","Escape Plan","Prepared+1","Backstab","Flying Knee","PiercingWail+1","Calculated Gamble","Calculated Gamble+1","PiercingWail+1","Grand Finale","Backflip","Bouncing Flask","Backflip"],"relics":["Ring of the Snake","Happy Flower","Ancient Tea Set","Potion Belt","Darkstone Periapt","Pandora\u0027s Box","PreservedInsect","Medical Kit","Bag of Marbles","Dream Catcher","MealTicket","Ornamental Fan","SacredBark","Mummified Hand","CeramicFish","Snake Skull"],"acts_visited":["Exordium","TheCity","TheBeyond"],"potions_floor_usage":[41,41,44,44,44,50,50],"damage_taken":[{"damage":0.0,"enemies":"Cultist","floor":1.0,"turns":3.0},{"damage":0.0,"enemies":"2 Louse","floor":2.0,"turns":1.0},{"damage":1.0,"enemies":"Jaw Worm","floor":3.0,"turns":3.0},{"damage":2.0,"enemies":"2 Fungi Beasts","floor":5.0,"turns":3.0},{"damage":7.0,"enemies":"Lagavulin","floor":6.0,"turns":7.0},{"damage":12.0,"enemies":"3 Sentries","floor":8.0,"turns":6.0},{"damage":5.0,"enemies":"Lagavulin","floor":10.0,"turns":5.0},{"damage":0.0,"enemies":"Gremlin Gang","floor":14.0,"turns":1.0},{"damage":22.0,"enemies":"Hexaghost","floor":16.0,"turns":8.0},{"damage":0.0,"enemies":"Spheric Guardian","floor":18.0,"turns":3.0},{"damage":5.0,"enemies":"2 Thieves","floor":20.0,"turns":2.0},{"damage":7.0,"enemies":"Snake Plant","floor":21.0,"turns":4.0},{"damage":0.0,"enemies":"Slavers","floor":23.0,"turns":2.0},{"damage":0.0,"enemies":"Shelled Parasite and Fungi","floor":25.0,"turns":1.0},{"damage":0.0,"enemies":"Gremlin Leader","floor":27.0,"turns":2.0},{"damage":0.0,"enemies":"Snecko","floor":28.0,"turns":2.0},{"damage":9.0,"enemies":"Cultist and Chosen","floor":29.0,"turns":3.0},{"damage":0.0,"enemies":"Slavers","floor":31.0,"turns":1.0},{"damage":16.0,"enemies":"Champ","floor":33.0,"turns":10.0},{"damage":0.0,"enemies":"3 Shapes","floor":35.0,"turns":2.0},{"damage":9.0,"enemies":"3 Darklings","floor":38.0,"turns":5.0},{"damage":42.0,"enemies":"Maw","floor":39.0,"turns":8.0},{"damage":0,"enemies":"Reptomancer","floor":41,"turns":2},{"damage":7,"enemies":"Transient","floor":44,"turns":6},{"damage":24,"enemies":"4 Shapes","floor":47,"turns":8},{"damage":136,"enemies":"Time Eater","floor":50,"turns":10}],"seed_played":"-1477199880788323503","potions_obtained":[{"floor":3.0,"key":"Block Potion"},{"floor":5.0,"key":"Weak Potion"},{"floor":6.0,"key":"Weak Potion"},{"floor":16.0,"key":"Regen Potion"},{"floor":18.0,"key":"AttackPotion"},{"floor":21.0,"key":"Fire Potion"},{"floor":27.0,"key":"Swift Potion"},{"floor":29.0,"key":"Swift Potion"},{"floor":39.0,"key":"Explosive Potion"},{"floor":41,"key":"Block Potion"},{"floor":47,"key":"PowerPotion"}],"is_trial":false,"path_per_floor":["M","M","M","?","M","E","R","E","T","E","?","?","R","M","R","B",null,"M","?","M","M","$","E","R","M","T","E","M","M","R","E","R","B",null,"M","?","?","M","M","R","E","R","T","M","?","$","M","$","R","B"],"character_chosen":"THE_SILENT","items_purchased":["PreservedInsect","Medical Kit","Bouncing Flask","Snake Skull","Backflip"],"campfire_rested":4,"item_purchase_floors":[22,22,46,46,48],"current_hp_per_floor":[59,59,58,58,56,49,49,37,37,32,32,37,37,37,37,15,57,57,57,52,45,45,45,45,45,45,50,50,41,41,41,62,46,65,65,65,65,56,14,35,35,56,56,49,49,64,40,55,71,0,0],"gold":34,"neow_bonus":"TRANSFORM_TWO_CARDS","is_daily":false,"chose_seed":false,"campfire_upgraded":5,"win_rate":0.0,"timestamp":1610395807,"path_taken":["M","M","M","?","M","E","R","E","T","E","?","?","R","M","R","BOSS","M","?","?","?","$","E","R","M","T","E","M","M","R","E","R","BOSS","M","?","?","M","M","R","E","R","T","?","?","?","M","$","R","BOSS"],"items_purchased_type":["Relic","Relic","Card","Relic","Card"],"build_version":"2020-12-22","purchased_purges":1,"victory":false,"max_hp_per_floor":[66,66,66,66,66,66,66,66,66,66,66,71,71,71,71,71,71,71,71,71,71,71,71,71,71,71,71,71,71,71,71,71,71,71,71,71,71,71,71,71,71,71,71,71,71,71,71,71,71,71,71],"card_choices":[{"not_picked":["Poisoned Stab","Prepared"],"picked":"Escape Plan","floor":1.0},{"not_picked":["Outmaneuver","Cloak And Dagger"],"picked":"Underhanded Strike","floor":2.0},{"not_picked":["Quick Slash","Concentrate"],"picked":"Dagger Throw","floor":3.0},{"not_picked":["Dagger Throw","Acrobatics"],"picked":"Dash","floor":5.0},{"not_picked":["PiercingWail","Poisoned Stab"],"picked":"Die Die Die","floor":6.0},{"not_picked":["Distraction","Prepared","Quick Slash"],"picked":"SKIP","floor":8.0},{"not_picked":["Caltrops","Flechettes"],"picked":"Die Die Die","floor":10.0},{"not_picked":["Flying Knee","Deflect"],"picked":"Acrobatics","floor":14.0},{"not_picked":["Tools of the Trade","Corpse Explosion"],"picked":"Venomology","floor":16.0},{"not_picked":["Dodge and Roll","Skewer","Outmaneuver"],"picked":"SKIP","floor":18.0},{"not_picked":["Slice","Sucker Punch"],"picked":"Poisoned Stab","floor":20.0},{"not_picked":["Poisoned Stab","Deflect"],"picked":"Backstab","floor":21.0},{"not_picked":["Caltrops","Dagger Spray+1"],"picked":"Flying Knee","floor":23.0},{"not_picked":["Dodge and Roll","Flying Knee","Deadly Poison"],"picked":"SKIP","floor":25.0},{"not_picked":["Infinite Blades","Outmaneuver","Dagger Spray"],"picked":"SKIP","floor":27.0},{"not_picked":["Quick Slash+1","Burst"],"picked":"PiercingWail+1","floor":28.0},{"not_picked":["Sucker Punch","Eviscerate","Quick Slash"],"picked":"SKIP","floor":29.0},{"not_picked":["Underhanded Strike","Finisher"],"picked":"Calculated Gamble","floor":31.0},{"not_picked":["Blade Dance","Leg Sweep"],"picked":"Calculated Gamble+1","floor":32.0},{"not_picked":["Deflect+1","Blade Dance"],"picked":"PiercingWail+1","floor":35.0},{"not_picked":["Slice","All Out Attack","Deflect"],"picked":"SKIP","floor":38.0},{"not_picked":["Slice","Quick Slash","Cloak And Dagger"],"picked":"SKIP","floor":39.0},{"not_picked":["Backstab+1","Dash+1"],"picked":"Grand Finale","floor":40.0},{"not_picked":["PiercingWail","Prepared+1","Finisher"],"picked":"SKIP","floor":41},{"not_picked":["Bane","Dagger Spray+1"],"picked":"Backflip","floor":42},{"not_picked":["Predator","Heel Hook","Dash"],"picked":"SKIP","floor":44},{"not_picked":["Blur","Flechettes","Prepared+1"],"picked":"SKIP","floor":47}],"player_experience":925888,"relics_obtained":[{"floor":6.0,"key":"Happy Flower"},{"floor":8.0,"key":"Ancient Tea Set"},{"floor":9.0,"key":"Potion Belt"},{"floor":10.0,"key":"Darkstone Periapt"},{"floor":23.0,"key":"Bag of Marbles"},{"floor":26.0,"key":"Dream Catcher"},{"floor":27.0,"key":"MealTicket"},{"floor":31.0,"key":"Ornamental Fan"},{"floor":41,"key":"Mummified Hand"},{"floor":43,"key":"CeramicFish"}],"event_choices":[{"damage_healed":0.0,"max_hp_gain":0.0,"max_hp_loss":0.0,"gold_gain":0.0,"event_name":"The Cleric","player_choice":"Leave","floor":4.0,"gold_loss":0.0,"damage_taken":0.0},{"cards_removed":["Strike_G"],"damage_healed":0.0,"max_hp_gain":0.0,"max_hp_loss":0.0,"gold_gain":0.0,"event_name":"Living Wall","player_choice":"Forget","floor":11.0,"gold_loss":0.0,"damage_taken":0.0},{"damage_healed":0.0,"max_hp_gain":5.0,"max_hp_loss":0.0,"gold_gain":0.0,"event_name":"Big Fish","player_choice":"Donut","floor":12.0,"gold_loss":0.0,"damage_taken":0.0},{"damage_healed":0.0,"max_hp_gain":0.0,"max_hp_loss":0.0,"gold_gain":100.0,"event_name":"The Joust","player_choice":"Bet on Murderer","floor":19.0,"gold_loss":50.0,"damage_taken":0.0},{"damage_healed":0.0,"max_hp_gain":0.0,"max_hp_loss":0.0,"gold_gain":0.0,"event_name":"Tomb of Lord Red Mask","player_choice":"Ignored","floor":36.0,"gold_loss":0.0,"damage_taken":0.0},{"cards_removed":["Slice"],"damage_healed":0.0,"max_hp_gain":0.0,"max_hp_loss":0.0,"gold_gain":0.0,"event_name":"Purifier","player_choice":"Purged","floor":37.0,"gold_loss":0.0,"damage_taken":0.0},{"damage_healed":0,"gold_gain":0,"player_choice":"Upgraded","damage_taken":0,"max_hp_gain":0,"max_hp_loss":0,"event_name":"Upgrade Shrine","floor":45,"gold_loss":0,"cards_upgraded":["Venomology"]}],"is_beta":false,"boss_relics":[{"not_picked":["Ring of the Serpent","Ectoplasm"],"picked":"Pandora\u0027s Box"},{"not_picked":["WristBlade","Black Star"],"picked":"SacredBark"}],"items_purged_floors":[46],"is_endless":false,"potions_floor_spawned":[3,5,6,16,18,21,27,29,31,39,41,47],"killed_by":"Time Eater","ascension_level":20}}