{"host":"5dhwd44u3dydylwe","time":1610335134,"event":{"mods":["AchievementEnabler","BaseMod","BetterRewards","Dota2Spire","Hubris","Minty Spire (QoL Compilation)","Shop Mod","StSLib","Wandering Minibosses"],"gold_per_floor":[115,115,135,150,160,160,193,205,232,264,281,299,319,350,350,448,448,459,479,497,767,783,813,837,874,911,933,964,976,1017,396,396,498,498,509,207,225,241,241,275,275,302,302,302,333,346,246,260,260,260,260,260,104,133,133],"floor_reached":56,"playtime":3431,"items_purged":["Strike_R","Defend_R","Strike_R","Strike_R"],"score":2395,"play_id":"a925da97-c85a-48ac-8676-b4c04f221562","local_time":"20210111111854","is_ascension_mode":true,"campfire_choices":[{"data":"Immolate","floor":6.0,"key":"SMITH"},{"data":"Disarm","floor":15.0,"key":"SMITH"},{"floor":29.0,"key":"REST"},{"data":"Demon Form","floor":32.0,"key":"SMITH"},{"data":"Offering","floor":41.0,"key":"SMITH"},{"data":"Bludgeon","floor":44.0,"key":"SMITH"},{"floor":49,"key":"RECALL"},{"data":"Shockwave","floor":52,"key":"SMITH"}],"circlet_count":0,"master_deck":["Strike_R","Strike_R","Defend_R","Defend_R","Defend_R","Bash","Shrug It Off","Whirlwind","Feed","Pommel Strike","Immolate+1","Disarm+1","Battle Trance","Shockwave+1","Demon Form+1","Rampage","Heavy Blade+1","Uppercut+1","Shrug It Off","Barricade","Shrug It Off+1","Shockwave+1","Dual Wield+1"],"relics":["Burning Blood","Lee\u0027s Waffle","hubris:64BitClover","ClockworkSouvenir","Letter Opener","Paper Frog","Happy Flower","Dota2Spire:LotusOrb","Bronze Scales","Vajra","hubris:OldNail","Snecko Eye","MawBank","Mercury Hourglass","Lizard Tail","Dream Catcher","Matryoshka","Darkstone Periapt","Dota2Spire:BlackKingBar","hubris:Backtick","hubris:IronBody","Red Skull","wanderingMiniBosses:OtherGremlinHorn","Nunchaku","Toxic Egg 2","PreservedInsect","Dota2Spire:MonkeyKingBar","Turnip","Dota2Spire:MagicBottle","Brimstone","hubris:ToyBattleship"],"acts_visited":["Exordium","TheCity","TheBeyond","TheEnding"],"potions_floor_usage":[55,55,55],"damage_taken":[{"damage":0.0,"enemies":"Cultist","floor":1.0,"turns":3.0},{"damage":2.0,"enemies":"Jaw Worm","floor":3.0,"turns":3.0},{"damage":3.0,"enemies":"Small Slimes","floor":4.0,"turns":4.0},{"damage":21.0,"enemies":"Blue Slaver","floor":5.0,"turns":5.0},{"damage":1.0,"enemies":"3 Sentries","floor":7.0,"turns":6.0},{"damage":1.0,"enemies":"2 Fungi Beasts","floor":8.0,"turns":3.0},{"damage":41.0,"enemies":"Lagavulin","floor":10.0,"turns":9.0},{"damage":6.0,"enemies":"Red Slaver","floor":11.0,"turns":4.0},{"damage":9.0,"enemies":"3 Louse","floor":12.0,"turns":2.0},{"damage":8.0,"enemies":"Large Slime","floor":13.0,"turns":5.0},{"damage":6.0,"enemies":"Gremlin Nob","floor":14.0,"turns":2.0},{"damage":17.0,"enemies":"The Guardian","floor":16.0,"turns":7.0},{"damage":21.0,"enemies":"2 Thieves","floor":18.0,"turns":4.0},{"damage":6.0,"enemies":"Chosen","floor":19.0,"turns":3.0},{"damage":36.0,"enemies":"Snake Plant","floor":20.0,"turns":7.0},{"damage":26.0,"enemies":"Sentry and Sphere","floor":22.0,"turns":5.0},{"damage":18.0,"enemies":"Gremlin Leader","floor":23.0,"turns":3.0},{"damage":10.0,"enemies":"Shelled Parasite and Fungi","floor":24.0,"turns":2.0},{"damage":14.0,"enemies":"Book of Stabbing","floor":25.0,"turns":4.0},{"damage":15.0,"enemies":"Centurion and Healer","floor":27.0,"turns":4.0},{"damage":13.0,"enemies":"Chosen and Byrds","floor":28.0,"turns":4.0},{"damage":6.0,"enemies":"Slavers","floor":30.0,"turns":3.0},{"damage":23.0,"enemies":"Champ","floor":33.0,"turns":6.0},{"damage":15.0,"enemies":"Orb Walker","floor":35.0,"turns":4.0},{"damage":42.0,"enemies":"3 Darklings","floor":37.0,"turns":5.0},{"damage":6.0,"enemies":"Sphere and 2 Shapes","floor":38.0,"turns":1.0},{"damage":20.0,"enemies":"Reptomancer","floor":40.0,"turns":5.0},{"damage":6.0,"enemies":"Nemesis","floor":42.0,"turns":3.0},{"damage":6.0,"enemies":"Giant Head","floor":45.0,"turns":2.0},{"damage":39.0,"enemies":"4 Shapes","floor":46.0,"turns":4.0},{"damage":0.0,"enemies":"Maw","floor":48.0,"turns":1.0},{"damage":33,"enemies":"Awakened One","floor":50,"turns":32},{"damage":0,"enemies":"Shield and Spear","floor":54,"turns":3},{"damage":0,"enemies":"The Heart","floor":55,"turns":6}],"seed_played":"5097337359732731712","potions_obtained":[{"floor":3.0,"key":"LiquidBronze"},{"floor":4.0,"key":"SpeedPotion"},{"floor":5.0,"key":"HeartOfIron"},{"floor":8.0,"key":"ElixirPotion"},{"floor":14.0,"key":"EssenceOfSteel"},{"floor":24.0,"key":"ElixirPotion"},{"floor":37.0,"key":"BlessingOfTheForge"}],"is_trial":false,"path_per_floor":["M","?","M","M","M","R","E","M","T","E","M","M","M","E","R","B",null,"M","M","M","?","M","E","M","E","T","M","M","R","E","$","R","B",null,"M","$","M","M","?","E","R","E","T","R","E","M","NS","M","R","B",null,"R","$","E","B",null],"character_chosen":"IRONCLAD","items_purchased":["Lee\u0027s Waffle","hubris:64BitClover","Shrug It Off","Whirlwind","ClockworkSouvenir","Letter Opener","Paper Frog","Happy Flower","Feed","BloodPotion","Darkstone Periapt","Dota2Spire:BlackKingBar","Red Skull","Brimstone"],"campfire_rested":1,"item_purchase_floors":[0,0,0,0,0,0,0,0,0,0,31,31,36,53],"current_hp_per_floor":[90,95,98,101,89,89,97,105,105,70,70,70,68,68,68,60,102,90,93,66,39,47,35,34,26,26,20,16,57,60,60,60,43,116,107,107,74,74,74,63,63,66,66,66,66,33,33,42,42,18,116,116,116,125,149],"gold":133,"neow_bonus":"","is_daily":false,"chose_seed":false,"campfire_upgraded":6,"win_rate":0.0,"timestamp":1610335134,"path_taken":["M","?","M","M","M","R","E","M","T","E","M","M","M","E","R","BOSS","M","M","M","?","?","E","M","E","T","M","M","R","E","$","R","BOSS","M","$","M","M","?","E","R","E","T","R","E","M","NS","M","R","BOSS","R","$","E","BOSS"],"items_purchased_type":["Relic","Relic","Card","Card","Relic","Relic","Relic","Relic","Card","Potion","Relic","Relic","Relic","Relic"],"build_version":"2020-12-22","purchased_purges":4,"victory":true,"max_hp_per_floor":[90,95,98,101,104,104,107,110,110,110,110,113,113,113,113,116,116,119,122,125,125,128,128,131,131,131,134,137,137,140,140,140,140,140,140,140,143,143,136,139,139,142,142,142,142,142,142,145,145,148,148,148,148,151,154],"card_choices":[{"not_picked":["Armaments","Heavy Blade"],"picked":"Pommel Strike","floor":1.0},{"not_picked":["Dark Embrace","Pommel Strike"],"picked":"Immolate","floor":3.0},{"not_picked":["Reckless Charge","hubris:ReadiedAction","Second Wind"],"picked":"SKIP","floor":4.0},{"not_picked":["Anger","Wild Strike","Dark Embrace"],"picked":"SKIP","floor":5.0},{"not_picked":["Shrug It Off","Perfected Strike","Barricade"],"picked":"SKIP","floor":7.0},{"not_picked":["Perfected Strike","Wild Strike"],"picked":"Disarm","floor":8.0},{"not_picked":["Clash","Cleave","Sentinel"],"picked":"SKIP","floor":10.0},{"not_picked":["Wild Strike","Armaments","Hemokinesis"],"picked":"SKIP","floor":11.0},{"not_picked":["Headbutt","Wild Strike"],"picked":"Battle Trance","floor":12.0},{"not_picked":["Sentinel","Thunderclap"],"picked":"Offering","floor":13.0},{"not_picked":["Anger","Dual Wield"],"picked":"Shockwave","floor":14.0},{"not_picked":["Fiend Fire","Offering"],"picked":"Demon Form","floor":16.0},{"not_picked":["Clash","Body Slam"],"picked":"Rampage","floor":18.0},{"not_picked":["Heavy Blade","Armaments","Body Slam+1"],"picked":"SKIP","floor":19.0},{"not_picked":["Body Slam","Heavy Blade","Cleave"],"picked":"SKIP","floor":20.0},{"not_picked":["Headbutt","True Grit","Exhume"],"picked":"SKIP","floor":22.0},{"not_picked":["Sword Boomerang","Pommel Strike"],"picked":"Heavy Blade+1","floor":23.0},{"not_picked":["Rage","Feel No Pain+1"],"picked":"Uppercut+1","floor":24.0},{"not_picked":["Rage","Iron Wave","Intimidate+1"],"picked":"SKIP","floor":25.0},{"not_picked":["Sentinel+1","Flex","Iron Wave"],"picked":"SKIP","floor":27.0},{"not_picked":["Body Slam","Sword Boomerang","Thunderclap"],"picked":"SKIP","floor":28.0},{"not_picked":["Blood for Blood+1","Thunderclap"],"picked":"Shrug It Off","floor":29.0},{"not_picked":["Power Through","Sword Boomerang"],"picked":"Bludgeon","floor":30.0},{"not_picked":["Bludgeon","Demon Form"],"picked":"Barricade","floor":33.0},{"not_picked":["Clash","hubris:ReadiedAction","Uppercut"],"picked":"SKIP","floor":35.0},{"not_picked":["Entrench","Disarm+1"],"picked":"Shrug It Off+1","floor":37.0},{"not_picked":["Warcry","hubris:SharpeningStone+1","Seeing Red"],"picked":"SKIP","floor":38.0},{"not_picked":["Thunderclap","Blood for Blood+1"],"picked":"Shockwave+1","floor":40.0},{"not_picked":["Warcry+1","Headbutt+1","Clash"],"picked":"SKIP","floor":42.0},{"not_picked":["Headbutt","Battle Trance+1","Bloodletting+1"],"picked":"SKIP","floor":45.0},{"not_picked":["Iron Wave","hubris:ReadiedAction+1","Combust+1"],"picked":"SKIP","floor":46.0},{"not_picked":["Headbutt+1","Combust+1"],"picked":"Dual Wield+1","floor":48.0},{"not_picked":["Headbutt+1","Pommel Strike","Armaments+1"],"picked":"SKIP","floor":54}],"player_experience":75790,"relics_obtained":[{"floor":7.0,"key":"Dota2Spire:LotusOrb"},{"floor":10.0,"key":"Bronze Scales"},{"floor":12.0,"key":"Vajra"},{"floor":14.0,"key":"hubris:OldNail"},{"floor":23.0,"key":"MawBank"},{"floor":24.0,"key":"Mercury Hourglass"},{"floor":25.0,"key":"Lizard Tail"},{"floor":26.0,"key":"Dream Catcher"},{"floor":30.0,"key":"Matryoshka"},{"floor":37.0,"key":"wanderingMiniBosses:OtherGremlinHorn"},{"floor":40.0,"key":"Nunchaku"},{"floor":42.0,"key":"Toxic Egg 2"},{"floor":43.0,"key":"PreservedInsect"},{"floor":43.0,"key":"Dota2Spire:MonkeyKingBar"},{"floor":45.0,"key":"Turnip"},{"floor":46.0,"key":"Dota2Spire:MagicBottle"},{"floor":54,"key":"hubris:ToyBattleship"}],"event_choices":[{"damage_healed":0.0,"max_hp_gain":5.0,"max_hp_loss":0.0,"gold_gain":0.0,"event_name":"Big Fish","player_choice":"Donut","floor":2.0,"gold_loss":0.0,"damage_taken":0.0},{"damage_healed":0.0,"max_hp_gain":0.0,"max_hp_loss":0.0,"gold_gain":270.0,"event_name":"Knowing Skull","player_choice":"GOLD GOLD GOLD ","floor":21.0,"potions_obtained":[],"gold_loss":0.0,"damage_taken":27.0,"cards_obtained":[]},{"damage_healed":0.0,"max_hp_gain":0.0,"max_hp_loss":7.0,"gold_gain":0.0,"event_name":"Winding Halls","player_choice":"Max HP","floor":39.0,"gold_loss":0.0,"damage_taken":0.0}],"is_beta":false,"boss_relics":[{"not_picked":["hubris:HollowSoul","Mark of Pain"],"picked":"Snecko Eye"},{"not_picked":["hubris:BlackHole","hubris:Stopwatch"],"picked":"hubris:Backtick"}],"items_purged_floors":[0,0,31,36],"is_endless":false,"potions_floor_spawned":[3,4,5,8,14,16,18,24,25,28,33,37,40,45,48],"ascension_level":8}}