{"host":"1a3cjta80tad0aqj","time":1610366492,"event":{"mods":["2.2 Compatiblity","AchievementEnabler","BaseMod","Colored Map","DeckTracker","KOR Keyword Fix","Keyboard Shortcuts","Minty Spire (QoL Compilation)","Permanent Neow","Quick Restart","Random Character Button","StSLib","SuperFastMode","everything is the same but u backflip on backflip"],"gold_per_floor":[216,96,109,123,143,43,43,43,97,113,113,126,139,159,159,159,159],"floor_reached":16,"playtime":491,"items_purged":["Defend_P","Strike_P"],"score":96,"play_id":"78042d27-26b1-485e-998c-57b9887960e2","local_time":"20210111210132","is_ascension_mode":false,"campfire_choices":[{"data":"Eruption","floor":7,"key":"SMITH"},{"data":"CutThroughFate","floor":15,"key":"SMITH"}],"circlet_count":0,"master_deck":["Strike_P","Strike_P","Strike_P","Defend_P","Defend_P","Defend_P","Eruption+1","Vigilance","FearNoEvil+1","CutThroughFate+1"],"relics":["PureWater","PreservedInsect"],"acts_visited":["Exordium"],"potions_floor_usage":[],"damage_taken":[{"damage":2,"enemies":"Cultist","floor":1,"turns":4},{"damage":0,"enemies":"Jaw Worm","floor":3,"turns":2},{"damage":2,"enemies":"Small Slimes","floor":4,"turns":4},{"damage":0,"enemies":"2 Fungi Beasts","floor":5,"turns":3},{"damage":8,"enemies":"Exordium Wildlife","floor":10,"turns":4},{"damage":9,"enemies":"Exordium Thugs","floor":12,"turns":3},{"damage":0,"enemies":"Large Slime","floor":13,"turns":4},{"damage":10,"enemies":"Lots of Slimes","floor":14,"turns":4},{"damage":0,"enemies":"The Guardian","floor":16,"turns":1}],"seed_played":"-4202386693110414750","potions_obtained":[{"floor":3,"key":"Block Potion"},{"floor":10,"key":"DistilledChaos"},{"floor":14,"key":"Ambrosia"}],"is_trial":false,"path_per_floor":["M","$","M","M","M","$","R","?","T","M","$","M","M","M","R","B"],"character_chosen":"WATCHER","items_purchased":["CutThroughFate"],"campfire_rested":0,"item_purchase_floors":[2],"current_hp_per_floor":[70,70,70,68,68,68,68,68,68,60,60,51,51,41,41,41,41],"gold":159,"neow_bonus":"HUNDRED_GOLD","is_daily":false,"chose_seed":true,"campfire_upgraded":2,"win_rate":0.0,"timestamp":1610366492,"path_taken":["M","$","M","?","M","$","R","?","T","M","$","?","M","M","R","BOSS"],"items_purchased_type":["Card"],"build_version":"2020-12-22","purchased_purges":2,"victory":false,"max_hp_per_floor":[72,72,72,72,72,72,72,72,72,72,72,72,72,72,72,72,72],"card_choices":[{"not_picked":["CutThroughFate","ClearTheMind"],"picked":"FearNoEvil","floor":1},{"not_picked":["Halt","EmptyFist","DeusExMachina"],"picked":"SKIP","floor":3},{"not_picked":["Consecrate","Wallop","ThirdEye"],"picked":"SKIP","floor":4},{"not_picked":["SandsOfTime","ThirdEye","Consecrate"],"picked":"SKIP","floor":5},{"not_picked":["EmptyFist","Halt","Prostrate"],"picked":"SKIP","floor":10},{"not_picked":["ThirdEye","TalkToTheHand","SashWhip"],"picked":"SKIP","floor":12},{"not_picked":["FollowUp","ForeignInfluence","Consecrate"],"picked":"SKIP","floor":13},{"not_picked":["FollowUp","DeceiveReality","WindmillStrike"],"picked":"SKIP","floor":14}],"player_experience":299821,"relics_obtained":[{"floor":9,"key":"PreservedInsect"}],"event_choices":[{"damage_healed":0,"gold_gain":0,"player_choice":"Forge","damage_taken":0,"max_hp_gain":0,"max_hp_loss":0,"event_name":"Accursed Blacksmith","floor":8,"gold_loss":0,"cards_upgraded":["FearNoEvil"]}],"is_beta":false,"boss_relics":[],"items_purged_floors":[2,6],"is_endless":false,"potions_floor_spawned":[3,10,14],"killed_by":"The Guardian","ascension_level":0}}