{"host":"08z5bj28eube4vug","time":1610366754,"event":{"mods":["2.2 Compatiblity","Abigail Mod","Act Like it!","BaseMod","Beaked The Cultist","Bestiary","Friendly Minions","Gensokyo","GungeonMod","Hallownest","Kiyohime????","Koishi","Lobotomy","Marisa????????","Minty Spire (QoL Compilation)","Prisma Mod","Remilia??????","Replay The Spire","StSLib","Td1madao Mod","The Alterego","The Bug Knight","The Jungle","The Sage","The Senshi","The Servant 0.9.4","Waifu the Spire","WarShipGirlsR/????R mod","Yuri Mod"],"gold_per_floor":[16,34,209,221,235,235,249,284,308,308,335,335,31,31,31],"floor_reached":14,"playtime":1231,"items_purged":["Doubt"],"score":155,"play_id":"7b4b32a5-d95d-4728-81a3-906b8f81d425","local_time":"20210111150554","is_ascension_mode":true,"campfire_choices":[{"data":"Koishi:HauntingSlash","floor":6,"key":"SMITH"},{"data":"Koishi:CatchAndRose","floor":10,"key":"SMITH"},{"data":"Koishi:UnconsciousUprising","floor":12,"key":"SMITH"}],"circlet_count":0,"master_deck":["Koishi:BasicStrike","Koishi:BasicStrike","Koishi:BasicStrike","Koishi:BasicStrike","Koishi:BasicDefend","Koishi:BasicDefend","Koishi:BasicDefend","Koishi:BasicDefend","Koishi:Provoke","Koishi:HauntingSlash+1","Koishi:Jaunt","Koishi:CatchAndRose+1","Koishi:PhantomBarrier","Koishi:CatchAndRose","Koishi:JumpScare","Koishi:UnconsciousUprising+1","Koishi:BramblyRoseGarden"],"relics":["Koishi:ImaginaryFriend","Blood Vial","DemoMod:LamentConfigurum","Odd Mushroom","ClockworkSouvenir"],"acts_visited":["Exordium"],"potions_floor_usage":[5,7,14],"damage_taken":[{"damage":0,"enemies":"Small Slimes","floor":1,"turns":3},{"damage":7,"enemies":"2 Louse","floor":2,"turns":4},{"damage":8,"enemies":"Jaw Worm","floor":4,"turns":4},{"damage":0,"enemies":"3 Louse","floor":5,"turns":3},{"damage":0,"enemies":"Blue Slaver","floor":7,"turns":5},{"damage":0,"enemies":"HollowMod:MossKnight","floor":8,"turns":13},{"damage":29,"enemies":"The Mushroom Lair","floor":11,"turns":7},{"damage":52,"enemies":"3 Sentries","floor":14,"turns":11}],"seed_played":"-3915330517554185701","potions_obtained":[{"floor":2,"key":"Energy Potion"},{"floor":4,"key":"Explosive Potion"},{"floor":7,"key":"PowerPotion"}],"is_trial":false,"path_per_floor":["M","M","?","M","M","R","M","E","T","R","?","R","$","E"],"character_chosen":"KOISHI","items_purchased":["ClockworkSouvenir","Koishi:BramblyRoseGarden"],"campfire_rested":0,"item_purchase_floors":[13,13],"current_hp_per_floor":[68,62,62,56,57,57,61,69,69,69,46,46,46,0,0],"gold":31,"neow_bonus":"TWENTY_PERCENT_HP_BONUS","is_daily":false,"chose_seed":false,"campfire_upgraded":3,"win_rate":0.0,"timestamp":1610366754,"path_taken":["M","M","?","M","M","R","M","E","T","R","?","R","$","E"],"items_purchased_type":["Relic","Card"],"build_version":"2020-12-22","purchased_purges":1,"victory":false,"max_hp_per_floor":[72,72,72,72,72,72,72,72,72,72,72,72,72,72,72],"card_choices":[{"not_picked":["Koishi:GhostParty","Koishi:HeartAttack"],"picked":"Koishi:Jaunt","floor":1},{"not_picked":["Koishi:PredatoryInstincts","Koishi:BloodcurdlingScream"],"picked":"Koishi:CatchAndRose","floor":2},{"not_picked":["Koishi:SpiritedAway","Koishi:PhantomStrike"],"picked":"Koishi:PhantomBarrier","floor":4},{"not_picked":["Koishi:HeartAttack","Koishi:Catatonia"],"picked":"Koishi:CatchAndRose","floor":5},{"not_picked":["Koishi:DreadfulBlow","Koishi:Catatonia"],"picked":"Koishi:JumpScare","floor":7},{"not_picked":["Koishi:ConditionedTeleport","Koishi:GhostParty","Koishi:Possession"],"picked":"SKIP","floor":8},{"not_picked":["Koishi:TraumaticStroke","Koishi:GeneticsOfTheUnconscious"],"picked":"Koishi:UnconsciousUprising","floor":11}],"player_experience":772413,"relics_obtained":[{"floor":8,"key":"Blood Vial"},{"floor":9,"key":"DemoMod:LamentConfigurum"},{"floor":11,"key":"Odd Mushroom"}],"event_choices":[{"damage_healed":0,"gold_gain":175,"player_choice":"AGREE","damage_taken":0,"max_hp_gain":0,"max_hp_loss":0,"event_name":"Liars Game","floor":3,"gold_loss":0,"cards_obtained":["Doubt"]},{"damage_healed":0,"gold_gain":0,"player_choice":"Fought Mushrooms","damage_taken":0,"max_hp_gain":0,"max_hp_loss":0,"event_name":"Mushrooms","floor":11,"gold_loss":0}],"is_beta":false,"boss_relics":[],"items_purged_floors":[13],"is_endless":false,"potions_floor_spawned":[2,4,7],"killed_by":"3 Sentries","ascension_level":7}}