{"host":"5apxsqgkueisybsc","time":1610333614,"event":{"mods":["A Magickal Journey","BaseMod","Better Third Choice","DeckTracker","Hermit","Hero for Fun","Hubris","Hunter ??","Lobotomy","Mimic Mod","Minty Spire (QoL Compilation)","Random Character Button","Rare Cards Sparkle","Replay The Spire","Robot Space Explorer","SOS???????","Shade Mod","StSLib","The Blackbeard","The Bladedancer","The Bug Knight","The Clintock","The Cursed","The Disciple","The Druid","The Exalted","The Forsaken","The Hierophant","The Problem Sleuth","The Servant 0.9.4","The Valiant","The Witch"],"gold_per_floor":[119,4,23,23,39,39,67,67,115,115,115],"floor_reached":10,"playtime":344,"items_purged":["theSleuth:HairpinMachinegun"],"score":69,"play_id":"6e4037ff-62a9-4bda-b170-a9596de78deb","local_time":"20210110215334","is_ascension_mode":true,"campfire_choices":[{"data":"theSleuth:HairpinMachinegun","floor":6,"key":"SMITH"},{"data":"Whirlwind","floor":8,"key":"SMITH"}],"circlet_count":0,"master_deck":["theSleuth:HairpinMachinegun+1","Strike_R","Strike_R","Strike_R","Strike_R","Strike_R","Defend_R","Defend_R","Defend_R","Defend_R","Bash","RedShoes","Whirlwind+1","Heavy Blade+1","FairyFestival","Scorched","Wellcheers","Thunderclap"],"relics":["Burning Blood","CogitoBucket","hubris:SlimyHat","ReplayFunnel"],"acts_visited":["Exordium"],"potions_floor_usage":[10,10],"damage_taken":[{"damage":1,"enemies":"Cultist","floor":1,"turns":3},{"damage":6,"enemies":"Small Slimes","floor":3,"turns":3},{"damage":3,"enemies":"2 Louse","floor":5,"turns":2},{"damage":47,"enemies":"3 Sentries","floor":7,"turns":4},{"damage":42,"enemies":"Gremlin Nob","floor":10,"turns":5}],"seed_played":"-254321351658892710","potions_obtained":[{"floor":1,"key":"Doom Potion"},{"floor":3,"key":"Ancient Potion"},{"floor":7,"key":"BlessingOfTheForge"}],"is_trial":false,"path_per_floor":["M","$","M","$","M","R","E","R","T","E"],"character_chosen":"IRONCLAD","items_purchased":["Heavy Blade+1"],"campfire_rested":0,"item_purchase_floors":[2],"current_hp_per_floor":[80,80,80,80,80,80,41,41,41,0,0],"gold":115,"neow_bonus":"","is_daily":false,"chose_seed":false,"campfire_upgraded":2,"win_rate":0.0,"timestamp":1610333614,"path_taken":["M","$","M","$","M","R","E","R","T","E"],"items_purchased_type":["Card"],"build_version":"2020-12-22","purchased_purges":1,"victory":false,"max_hp_per_floor":[80,80,80,80,80,80,80,80,80,80,80],"card_choices":[{"not_picked":["FairyFestival","CrumblingArmor","Laetitia"],"picked":"Singing Bowl","floor":1},{"not_picked":["Yin","UniverseFragment"],"picked":"RedShoes","floor":1},{"not_picked":["Carnage","ReplayReversal"],"picked":"Whirlwind","floor":1},{"not_picked":["ShyLook","GalaxyChild"],"picked":"FairyFestival","floor":3},{"not_picked":["Replay:Undeath\u0027s Touch","Body Slam","Bloodletting"],"picked":"SKIP","floor":3},{"not_picked":["OSAHOGD","MHz"],"picked":"Scorched","floor":5},{"not_picked":["Wild Strike","Seeing Red","Second Wind"],"picked":"SKIP","floor":5},{"not_picked":["WhitesApple","LongBird"],"picked":"Wellcheers","floor":7},{"not_picked":["Heavy Blade","True Grit"],"picked":"Thunderclap","floor":7}],"player_experience":118577,"relics_obtained":[{"floor":7,"key":"hubris:SlimyHat"},{"floor":9,"key":"ReplayFunnel"}],"event_choices":[],"is_beta":false,"boss_relics":[],"items_purged_floors":[2],"is_endless":false,"potions_floor_spawned":[1,3,7],"killed_by":"Gremlin Nob","ascension_level":1}}