{"host":"a0dfcfinimhjiqaw","time":1610372568,"event":{"mods":["BaseMod","Bestiary","Better Note","Better Third Choice","BetterRewards","Colored Map","Colored Powertips","Custom Start","Highlight Path","Minty Spire (QoL Compilation)","Quick Restart","Rare Cards Sparkle","Relic Stats","Shop Mod","StSLib"],"gold_per_floor":[116,116,93,112,125,156,156,176,176,176,191,212,243,257,257,385,385,400,54,77,77,95,95,114,153,153,153,172,195,234,234,234,357,357,378,446,18,118,138,138,159,198,198,198,198,198],"floor_reached":45,"playtime":3246,"items_purged":["Metallicize"],"score":522,"play_id":"cbdf3b92-e1f1-4a25-8324-a2ce625a4799","local_time":"20210111214248","is_ascension_mode":false,"campfire_choices":[{"data":"Whirlwind","floor":10.0,"key":"SMITH"},{"data":"Trip","floor":15.0,"key":"SMITH"},{"floor":23.0,"key":"REST"},{"floor":32.0,"key":"DIG"},{"floor":40.0,"key":"DIG"}],"circlet_count":0,"master_deck":["Strike_R","Strike_R","Strike_R","Strike_R+1","Strike_R","Defend_R","Defend_R","Defend_R","Defend_R","Bash","Trip+1","Dual Wield","Infernal Blade","Sword Boomerang","Whirlwind+1","Second Wind","Reaper","Double Tap","Heavy Blade+1","Shrug It Off","Perfected Strike+1","Dropkick+1","True Grit+1","Bloodletting+1","Evolve+1","Rupture+1","Flex+1","Headbutt+1","Dramatic Entrance"],"relics":["Burning Blood","Golden Idol","betterThird:SlimedRelic","Red Skull","Strawberry","Eternal Feather","Fusion Hammer","Champion Belt","Question Card","Kunai","StoneCalendar","Shovel","Bottled Flame","Busted Crown","Calipers","Bag of Preparation","Whetstone","Thread and Needle","Oddly Smooth Stone","Sundial"],"acts_visited":["Exordium","TheCity","TheBeyond"],"potions_floor_usage":[45],"damage_taken":[{"damage":2.0,"enemies":"Small Slimes","floor":1.0,"turns":4.0},{"damage":11.0,"enemies":"Jaw Worm","floor":4.0,"turns":4.0},{"damage":5.0,"enemies":"Cultist","floor":5.0,"turns":4.0},{"damage":33.0,"enemies":"Lagavulin","floor":6.0,"turns":10.0},{"damage":3.0,"enemies":"2 Fungi Beasts","floor":8.0,"turns":3.0},{"damage":0.0,"enemies":"Exordium Thugs","floor":11.0,"turns":3.0},{"damage":12.0,"enemies":"Blue Slaver","floor":12.0,"turns":4.0},{"damage":28.0,"enemies":"Gremlin Nob","floor":13.0,"turns":4.0},{"damage":0.0,"enemies":"2 Fungi Beasts","floor":14.0,"turns":4.0},{"damage":30.0,"enemies":"Slime Boss","floor":16.0,"turns":13.0},{"damage":0.0,"enemies":"3 Byrds","floor":18.0,"turns":5.0},{"damage":10.0,"enemies":"Shell Parasite","floor":20.0,"turns":3.0},{"damage":4.0,"enemies":"Centurion and Healer","floor":22.0,"turns":8.0},{"damage":0.0,"enemies":"Snake Plant","floor":24.0,"turns":1.0},{"damage":21.0,"enemies":"Slavers","floor":25.0,"turns":3.0},{"damage":9.0,"enemies":"Cultist and Chosen","floor":28.0,"turns":6.0},{"damage":17.0,"enemies":"Centurion and Healer","floor":29.0,"turns":5.0},{"damage":39.0,"enemies":"Book of Stabbing","floor":30.0,"turns":5.0},{"damage":55.0,"enemies":"Champ","floor":33.0,"turns":8.0},{"damage":3.0,"enemies":"3 Darklings","floor":35.0,"turns":1.0},{"damage":87.0,"enemies":"2 Orb Walkers","floor":36.0,"turns":5.0},{"damage":0.0,"enemies":"Orb Walker","floor":39.0,"turns":2.0},{"damage":30.0,"enemies":"4 Shapes","floor":41.0,"turns":1.0},{"damage":0.0,"enemies":"Reptomancer","floor":42.0,"turns":3.0},{"damage":42,"enemies":"Transient","floor":45,"turns":5}],"seed_played":"-5190705005130473832","potions_obtained":[{"floor":4.0,"key":"BloodPotion"},{"floor":5.0,"key":"Swift Potion"},{"floor":14.0,"key":"Explosive Potion"},{"floor":16.0,"key":"DistilledChaos"},{"floor":20.0,"key":"Strength Potion"},{"floor":24.0,"key":"Strength Potion"},{"floor":25.0,"key":"FearPotion"},{"floor":36.0,"key":"PowerPotion"},{"floor":42.0,"key":"CultistPotion"}],"is_trial":false,"path_per_floor":["M","?","?","M","M","E","?","M","T","R","M","M","E","M","R","B",null,"M","$","M","?","M","R","M","E","T","$","M","M","E","?","R","B",null,"M","?","$","?","M","R","M","E","T","?","M"],"character_chosen":"IRONCLAD","items_purchased":["Champion Belt","Shrug It Off","Bag of Preparation","Whetstone","SteroidPotion"],"campfire_rested":1,"item_purchase_floors":[19,19,37,37,37],"current_hp_per_floor":[80,80,69,64,65,38,38,41,48,48,54,48,43,59,68,52,87,87,87,83,83,85,87,87,72,72,72,69,58,25,25,40,11,87,87,21,21,21,27,42,18,24,24,24,0,0],"gold":198,"neow_bonus":"RANDOM_COLORLESS","is_daily":false,"chose_seed":false,"campfire_upgraded":2,"win_rate":0.0,"timestamp":1610372568,"path_taken":["M","?","?","M","M","E","?","M","T","R","M","M","E","?","R","BOSS","M","$","M","?","M","R","M","E","T","?","M","M","E","?","R","BOSS","M","?","$","?","?","R","M","E","T","?","M"],"items_purchased_type":["Relic","Card","Relic","Relic","Potion"],"build_version":"2020-12-22","purchased_purges":1,"victory":false,"max_hp_per_floor":[80,80,80,80,80,80,80,80,87,87,87,87,87,87,87,87,87,87,87,87,87,87,87,87,87,87,87,87,87,87,87,87,87,87,87,87,87,87,87,87,87,87,87,87,87,87],"relic_stats":{"counters":[25,114],"Golden Idol":159,"Eternal Feather":41,"StoneCalendar":[52],"Bag of Preparation":[8],"Whetstone":["Heavy Blade","Strike_R"],"Question Card":10,"Burning Blood":125,"Shovel":2,"Busted Crown":12,"Sundial":[0],"Champion Belt":[26],"Kunai":[13],"obtain_stats":[{"Calipers":36,"Golden Idol":2,"Oddly Smooth Stone":42,"Eternal Feather":13,"StoneCalendar":30,"Thread and Needle":40,"Bag of Preparation":37,"Whetstone":37,"Question Card":25,"Burning Blood":0,"Bottled Flame":32,"Shovel":31,"Busted Crown":34,"Sundial":43,"betterThird:SlimedRelic":3,"Strawberry":9,"Fusion Hammer":17,"Champion Belt":19,"Kunai":26,"Red Skull":6},{"Calipers":21,"Golden Idol":1,"Oddly Smooth Stone":24,"Eternal Feather":8,"StoneCalendar":18,"Thread and Needle":22,"Bag of Preparation":21,"Whetstone":21,"Question Card":15,"Burning Blood":0,"Bottled Flame":18,"Shovel":18,"Busted Crown":19,"Sundial":24,"betterThird:SlimedRelic":1,"Strawberry":5,"Fusion Hammer":10,"Champion Belt":11,"Kunai":15,"Red Skull":4},{"Calipers":103,"Golden Idol":4,"Oddly Smooth Stone":109,"Eternal Feather":36,"StoneCalendar":89,"Thread and Needle":105,"Bag of Preparation":103,"Whetstone":103,"Question Card":73,"Burning Blood":0,"Bottled Flame":89,"Shovel":89,"Busted Crown":97,"Sundial":109,"betterThird:SlimedRelic":4,"Strawberry":25,"Fusion Hammer":53,"Champion Belt":58,"Kunai":73,"Red Skull":22}]},"card_choices":[{"not_picked":["Finesse","Impatience"],"picked":"Trip","floor":0.0},{"not_picked":["Seeing Red","Anger"],"picked":"Dual Wield","floor":1.0},{"not_picked":["Wild Strike","Iron Wave"],"picked":"Infernal Blade","floor":4.0},{"not_picked":["Body Slam","Headbutt"],"picked":"Metallicize","floor":5.0},{"not_picked":["Thunderclap","Twin Strike"],"picked":"Sword Boomerang","floor":6.0},{"not_picked":["True Grit","Spot Weakness"],"picked":"Whirlwind","floor":8.0},{"not_picked":["Warcry","Whirlwind","Rampage"],"picked":"SKIP","floor":11.0},{"not_picked":["Warcry","Whirlwind","Rampage"],"picked":"SKIP","floor":11.0},{"not_picked":["Thunderclap","Anger"],"picked":"Second Wind","floor":12.0},{"not_picked":["Cleave","Reckless Charge"],"picked":"Reaper","floor":13.0},{"not_picked":["Wild Strike","Sever Soul","Carnage"],"picked":"SKIP","floor":14.0},{"not_picked":["Reaper","Fiend Fire"],"picked":"Double Tap","floor":16.0},{"not_picked":["Armaments","Pommel Strike"],"picked":"Heavy Blade","floor":18.0},{"not_picked":["Sever Soul","Power Through"],"picked":"Perfected Strike+1","floor":20.0},{"not_picked":["Sword Boomerang","Clothesline"],"picked":"Dropkick+1","floor":22.0},{"not_picked":["Wild Strike","Headbutt+1"],"picked":"True Grit+1","floor":24.0},{"not_picked":["Sword Boomerang","Power Through","Reckless Charge"],"picked":"SKIP","floor":25.0},{"not_picked":["Shockwave","Dark Embrace+1","Burning Pact"],"picked":"Bloodletting+1","floor":28.0},{"not_picked":["Searing Blow","Pummel","Flex"],"picked":"Evolve+1","floor":29.0},{"not_picked":["Limit Break","Second Wind","True Grit"],"picked":"Rupture+1","floor":30.0},{"not_picked":["Wild Strike","Intimidate"],"picked":"SKIP","floor":35.0},{"not_picked":["Power Through","Cleave+1"],"picked":"SKIP","floor":39.0},{"not_picked":["Power Through","Cleave+1"],"picked":"SKIP","floor":39.0},{"not_picked":["Berserk"],"picked":"Flex+1","floor":41.0},{"not_picked":["Twin Strike+1"],"picked":"Headbutt+1","floor":42.0},{"not_picked":["Madness"],"picked":"Dramatic Entrance","floor":44.0}],"player_experience":37162,"relics_obtained":[{"floor":6.0,"key":"Red Skull"},{"floor":9.0,"key":"Strawberry"},{"floor":13.0,"key":"Eternal Feather"},{"floor":25.0,"key":"Question Card"},{"floor":26.0,"key":"Kunai"},{"floor":30.0,"key":"StoneCalendar"},{"floor":32.0,"key":"Bottled Flame"},{"floor":36.0,"key":"Calipers"},{"floor":40.0,"key":"Thread and Needle"},{"floor":42.0,"key":"Oddly Smooth Stone"},{"floor":43.0,"key":"Sundial"}],"event_choices":[{"damage_healed":0.0,"max_hp_gain":0.0,"max_hp_loss":0.0,"gold_gain":0.0,"event_name":"Golden Idol","player_choice":"Take Wound","floor":2.0,"gold_loss":0.0,"damage_taken":0.0,"relics_obtained":["Golden Idol"],"cards_obtained":["Injury"]},{"damage_healed":0.0,"max_hp_gain":0.0,"max_hp_loss":0.0,"gold_gain":0.0,"event_name":"betterThird:BetterGoop","player_choice":"Slimed","floor":3.0,"gold_loss":23.0,"damage_taken":11.0},{"cards_removed":["Injury"],"damage_healed":0.0,"max_hp_gain":0.0,"max_hp_loss":0.0,"gold_gain":0.0,"event_name":"Purifier","player_choice":"Purged","floor":7.0,"gold_loss":0.0,"damage_taken":0.0},{"cards_removed":["Strike_R"],"damage_healed":0.0,"max_hp_gain":0.0,"max_hp_loss":0.0,"gold_gain":0.0,"event_name":"betterNote:BetterNote","player_choice":"Give","floor":21.0,"gold_loss":0.0,"damage_taken":0.0,"cards_obtained":["None"]},{"damage_healed":0.0,"max_hp_gain":0.0,"max_hp_loss":0.0,"gold_gain":0.0,"event_name":"WeMeetAgain","player_choice":"Gave Potion","floor":31.0,"gold_loss":0.0,"damage_taken":0.0,"relics_obtained":["Shovel"]},{"damage_healed":0.0,"max_hp_gain":0.0,"max_hp_loss":0.0,"gold_gain":0.0,"event_name":"Mysterious Sphere","player_choice":"Fight","floor":36.0,"gold_loss":0.0,"damage_taken":0.0},{"damage_healed":0.0,"max_hp_gain":0.0,"max_hp_loss":0.0,"gold_gain":100.0,"event_name":"Golden Shrine","player_choice":"Pray","floor":38.0,"gold_loss":0.0,"damage_taken":0.0},{"damage_healed":0.0,"max_hp_gain":0.0,"max_hp_loss":0.0,"gold_gain":0.0,"event_name":"SensoryStone","player_choice":"Memory 1","floor":44.0,"gold_loss":0.0,"damage_taken":0.0}],"is_beta":false,"boss_relics":[{"not_picked":["Mark of Pain","Coffee Dripper"],"picked":"Fusion Hammer"},{"not_picked":["Calling Bell","Black Blood"],"picked":"Busted Crown"}],"items_purged_floors":[37],"is_endless":false,"potions_floor_spawned":[4,5,14,16,20,22,24,25,36,42],"killed_by":"Transient","ascension_level":0}}