{"host":"0cnf9zf1gia27zti","time":1610381791,"event":{"mods":["BaseMod","Better Third Choice","BetterRewards","Card Forge","ChefMod","Colored Map","Colored Powertips","Conspire","Downfall","Googly Eyes","Infinite Spire","Minty Spire (QoL Compilation)","Practice Mode","Quick Restart","Replay The Spire","Shade Mod","Spicy Shops","StSLib","The Marked"],"gold_per_floor":[150,150,150,120,159,237,237,324,347,449,488,563,563,605,605,827,827,872,872,966,1014,657,735,822,915,991,1075,1129,1219,1219,1276,1276,1584,1584,1735,363,423,423,501,636,636,767,792,900,1006,1158,1158,1335,1335,1659,1992,1992,2157,2339,2339,2537,2738,2986,3247,3543,3576,3905,4195,4537,4546,4879,4879,5394,5394,5803,4839,5204,5597,5606,5984,5984,6441,6500,6509,6509,7006,6462,6929,6929,7593,7593,8131,8725,7539,8068,8077,8077,8976,9643,9652,10375,11108,11108,11117,11869,11869,12862,12848,12848],"floor_reached":103,"playtime":54828,"items_purged":["Pride"],"score":6606,"play_id":"ae4b54f0-a9c1-4fd3-8194-ac7cc610711d","local_time":"20210111161631","daily_mods":["SealedDeck","Colorless Cards","Heirloom","downfall:Lament","DeadlyEvents","Elite Swarm","Midas"],"is_ascension_mode":true,"campfire_choices":[{"floor":7,"key":"REST"},{"floor":13,"key":"REST"},{"floor":15,"key":"REST"},{"floor":30,"key":"REST"},{"floor":32,"key":"REST"},{"floor":41,"key":"REST"},{"floor":49,"key":"REST"},{"floor":67,"key":"DIG"},{"floor":76,"key":"REST"},{"floor":80,"key":"REST"},{"floor":84,"key":"REST"},{"floor":92,"key":"REST"},{"data":"1","floor":98,"key":"LIFT"},{"data":"2","floor":101,"key":"LIFT"}],"circlet_count":0,"master_deck":["AscendersBane","Slice","Dagger Throw","Quick Slash+1","Prepared+1","Blade Dance","Blade Dance","Dodge and Roll","Dodge and Roll","Dash","Backflip","Backflip","ReplayTheSpireMod:Private Reserves","Blade Dance","Prepared+1","A Thousand Cuts+1","Replay:Bag of Tricks+1","Blade Dance","Storm of Steel+1","Dagger Throw+1","Replay:Bag of Tricks+1","Madness+1","Quick Slash+1","Skewer+1","Doppelganger+1","Blind","Noxious Fumes+1","infinitespire:Neurotoxin+1","Envenom+1","Envenom+1","Violence+1","Blade Dance+1","Secret Technique","Prepared+1","Backstab+1","Choke+1","Footwork+1","Choke+1","Envenom+1","Replay:SS_hec_2+1","Cloak And Dagger","Madness+1","Madness+1","Burst+1","Burst+1","Cloak And Dagger+1","Replay:Bag of Tricks+1","Tools of the Trade+1","Quick Slash+1","Infinite Blades+1","Dagger Throw","Burst+1","expansioncontent:DashGenerateEvil","Master of Strategy+1","Prepared+1","conspire:Banana+1","Storm of Steel+1","Backflip","Blade Dance+1","Malaise","Secret Technique","Prepared+1","Quick Slash+1","Backflip","Poison Darts+1","Insight","Poison Darts+1","Pot Of Greed+1","Pot Of Greed+1","Pot Of Greed+1","Pot Of Greed+1","Pot Of Greed+1","Pot Of Greed+1","Blade Dance+1","Terror+1","Panache+1","Blade Dance+1","Dagger Throw+1","Pot Of Greed+1","Doppelganger+1","infinitespire:Gouge+1","Secret Weapon+1","infinitespire:UltimateForm+1","Poison Darts+1","conspire:Banana+1","Finesse+1","After Image","Pot Of Greed"],"relics":["Ring of the Snake","Hammer of Thor","Seething Fire","Anvil of the Gods","NeowsBlessing","Ring of Chaos","Prayer Wheel","Omamori","Meat on the Bone","Pocketwatch","PreservedInsect","champ:DuelingGlove","Ancient Tea Set","Fusion Hammer","MutagenicStrength","Onion Ring","Question Card","The Specimen","infinitespire:Eraser","Singing Bowl","Akabeko","Vampiric Spirits","infinitespire:EvilPickle","Cursed Key","Divine Protection","infinitespire:Bottled Soul","infinitespire:CheckeredPen","StoneCalendar","Mercury Hourglass","Guardian:PocketSentry","ReplayTheSpireMod:Ninjato","ReplayFunnel","Philosopher\u0027s Stone","NeowsBlessing","Ring of Chaos","CeramicFish","Ginger","Letter Opener","conspire:GlowingRock","Bag of Marbles","Thread and Needle","Gremlin Horn","Bag of Preparation","Painkiller Herb","Chemical X","conspire:GiftBox","infinitespire:Broken Mirror","Replay:Accelerometer","Basket Of Snakes","Oddly Smooth Stone","sneckomod:BlankCard","Grinning Jar","Pen Nib","Guide Book","Mummified Hand","Strawberry","TungstenRod","ClockworkSouvenir","Replay:Bandana","Old Coin","Girya","Garlic","WingedGreaves","Molten Egg 2"],"acts_visited":["Exordium","TheCity","TheBeyond","Exordium","TheCity","TheBeyond"],"potions_floor_usage":[12,16,20,23,23,27,33,33,46,50,50,51,62,96,102],"damage_taken":[{"damage":0,"enemies":"Jaw Worm","floor":1,"turns":1},{"damage":0,"enemies":"conspire:RoseBush","floor":5,"turns":1},{"damage":0,"enemies":"Lagavulin","floor":6,"turns":1},{"damage":21,"enemies":"Gremlin Nob","floor":8,"turns":4},{"damage":13,"enemies":"Replay:BlueRogue","floor":10,"turns":4},{"damage":0,"enemies":"Cultist","floor":11,"turns":2},{"damage":0,"enemies":"Gremlin Nob","floor":12,"turns":2},{"damage":0,"enemies":"Exordium Wildlife","floor":14,"turns":2},{"damage":0,"enemies":"Fading Forest","floor":16,"turns":13},{"damage":0,"enemies":"Spheric Guardian","floor":18,"turns":1},{"damage":14,"enemies":"conspire:MimicChest","floor":20,"turns":3},{"damage":0,"enemies":"2 Thieves","floor":21,"turns":1},{"damage":0,"enemies":"Nightmare","floor":23,"turns":1},{"damage":0,"enemies":"Gremlin Leader","floor":24,"turns":2},{"damage":0,"enemies":"conspire:Head Lice","floor":25,"turns":4},{"damage":0,"enemies":"Book of Stabbing","floor":27,"turns":2},{"damage":0,"enemies":"Chosen and Byrds","floor":28,"turns":1},{"damage":9,"enemies":"Replay:Snechameleon","floor":29,"turns":2},{"damage":0,"enemies":"3 Cultists","floor":31,"turns":2},{"damage":31,"enemies":"Pondfish","floor":33,"turns":5},{"damage":16,"enemies":"3 Shapes","floor":35,"turns":4},{"damage":0,"enemies":"3 Darklings","floor":37,"turns":1},{"damage":0,"enemies":"Spire Growth","floor":39,"turns":2},{"damage":0,"enemies":"Reptomancer","floor":40,"turns":2},{"damage":0,"enemies":"Nemesis","floor":42,"turns":2},{"damage":1,"enemies":"Sphere and 2 Shapes","floor":44,"turns":2},{"damage":0,"enemies":"Jaw Worm Horde","floor":45,"turns":1},{"damage":0,"enemies":"Nightmare","floor":46,"turns":4},{"damage":0,"enemies":"Reptomancer","floor":48,"turns":1},{"damage":8,"enemies":"Awakened One","floor":50,"turns":5},{"damage":25,"enemies":"Donu and Deca","floor":51,"turns":3},{"damage":0,"enemies":"Cultist","floor":53,"turns":1},{"damage":0,"enemies":"Jaw Worm","floor":54,"turns":1},{"damage":0,"enemies":"Small Slimes","floor":57,"turns":1},{"damage":0,"enemies":"3 Sentries","floor":58,"turns":2},{"damage":0,"enemies":"Lagavulin","floor":59,"turns":1},{"damage":0,"enemies":"3 Sentries","floor":60,"turns":1},{"damage":0,"enemies":"Gremlin Nob","floor":62,"turns":1},{"damage":0,"enemies":"3 Louse","floor":63,"turns":1},{"damage":0,"enemies":"Gremlin Gang","floor":64,"turns":1},{"damage":0,"enemies":"Exordium Thugs","floor":66,"turns":1},{"damage":0,"enemies":"Slime Boss","floor":68,"turns":1},{"damage":0,"enemies":"2 Thieves","floor":70,"turns":1},{"damage":0,"enemies":"Chosen","floor":72,"turns":1},{"damage":0,"enemies":"Snake Plant","floor":73,"turns":1},{"damage":0,"enemies":"Centurion and Healer","floor":75,"turns":1},{"damage":0,"enemies":"Nightmare","floor":77,"turns":1},{"damage":0,"enemies":"Book of Stabbing","floor":81,"turns":1},{"damage":0,"enemies":"Snecko","floor":83,"turns":1},{"damage":0,"enemies":"Collector","floor":85,"turns":1},{"damage":0,"enemies":"3 Darklings","floor":87,"turns":1},{"damage":0,"enemies":"Orb Walker","floor":88,"turns":1},{"damage":0,"enemies":"4 Shapes","floor":90,"turns":1},{"damage":0,"enemies":"R_Hoarder","floor":93,"turns":2},{"damage":0,"enemies":"Giant Head","floor":94,"turns":1},{"damage":16,"enemies":"Nightmare_Alpha","floor":96,"turns":4},{"damage":0,"enemies":"3 Darklings","floor":97,"turns":1},{"damage":0,"enemies":"Sphere and 2 Shapes","floor":100,"turns":1},{"damage":0,"enemies":"Awakened One","floor":102,"turns":2},{"damage":149,"enemies":"conspire:OrnateMirror","floor":103,"turns":1}],"seed_played":"-7840021852509293543","potions_obtained":[{"floor":8,"key":"LiquidBronze"},{"floor":10,"key":"Milkshake"},{"floor":12,"key":"Elixir"},{"floor":16,"key":"BlessingOfTheForge"},{"floor":18,"key":"champ:CounterPotion"},{"floor":21,"key":"AttackPotion"},{"floor":23,"key":"Swift Potion"},{"floor":24,"key":"Weak Potion"},{"floor":31,"key":"Venom Potion"},{"floor":40,"key":"GhostInAJar"},{"floor":44,"key":"Fire Potion"},{"floor":46,"key":"Swift Potion"},{"floor":47,"key":"EssenceOfSteel"},{"floor":50,"key":"Strength Potion"},{"floor":51,"key":"Venom Potion"},{"floor":54,"key":"Doom Potion"},{"floor":56,"key":"hexamod:EctoCoolerPotion"},{"floor":63,"key":"Fire Potion"},{"floor":66,"key":"CunningPotion"},{"floor":85,"key":"Dexterity Potion"},{"floor":88,"key":"Strength Potion"},{"floor":100,"key":"Venom Potion"}],"is_trial":true,"path_per_floor":["M","?","?","$","M","E","R","E","T","E","M","E","R","M","R","B",null,"M","?","?","M","$","NM","E","E","T","E","M","E","R","M","R","B",null,"M","$","M","?","M","E","R","E","T","M","M","NM","?","E","R","B","B",null,"M","M","$","?","M","E","E","E","T","E","M","M","T","M","R_BF","B",null,"?","T","?","?","?","?","T","NM","T","?","T","E","T","?","T","B",null,"?","?","T","?","?","T","E","E","T","NM","?","T","T","?","T","B","B"],"character_chosen":"THE_SILENT","items_purchased":["Blade Dance","Doppelganger","Blind","Noxious Fumes","Divine Protection","Choke","Envenom","infinitespire:Bottled Soul","infinitespire:CheckeredPen","Chemical X","conspire:GiftBox","infinitespire:Broken Mirror","Secret Technique","Grinning Jar","Blade Dance","Terror","Pen Nib","Guide Book","Mummified Hand","Strawberry","TungstenRod","Doppelganger","ClockworkSouvenir","Replay:Bandana"],"campfire_rested":11,"item_purchase_floors":[4,22,22,22,36,36,36,36,36,71,71,71,71,82,82,82,82,82,89,89,89,89,89,89],"current_hp_per_floor":[59,59,59,59,59,59,66,45,45,44,44,44,63,63,66,66,66,66,66,52,52,52,52,52,52,52,52,54,45,65,68,68,39,62,54,54,70,57,74,74,74,74,74,75,80,82,82,84,84,76,59,78,78,80,80,82,86,92,94,94,94,94,96,96,96,98,98,101,101,104,104,106,106,106,111,111,113,113,113,113,113,113,117,117,117,117,119,121,128,132,132,132,134,136,136,122,140,140,140,142,142,144,0,0],"gold":12848,"neow_bonus":"","is_daily":false,"chose_seed":false,"campfire_upgraded":0,"win_rate":0.0,"timestamp":1610381791,"path_taken":["M","?","?","$","?","E","R","E","T","E","M","E","R","M","R","BOSS","M","?","?","M","$","NM","?","E","T","E","M","E","R","M","R","BOSS","M","$","M","?","M","E","R","E","T","M","M","NM","?","E","R","BOSS","BOSS","M","M","$","?","M","E","?","?","T","E","M","?","?","M","R_BF","BOSS","?","T","?","?","?","?","T","NM","T","?","T","E","T","?","T","BOSS","?","?","T","?","?","T","E","?","T","NM","?","T","?","?","T","BOSS","BOSS"],"items_purchased_type":["Card","Card","Card","Card","Relic","Card","Card","Relic","Relic","Relic","Relic","Relic","Card","Relic","Card","Card","Relic","Relic","Relic","Relic","Relic","Card","Relic","Relic"],"build_version":"2020-12-22","purchased_purges":1,"victory":false,"max_hp_per_floor":[66,66,66,66,66,66,66,66,66,66,66,66,66,66,66,66,66,66,66,66,66,66,66,66,66,66,66,68,68,68,68,68,70,70,70,70,70,70,74,74,74,74,74,76,80,82,82,84,84,84,84,84,84,86,86,88,92,92,94,94,94,94,96,96,96,98,98,101,101,104,104,106,106,106,111,111,113,113,113,113,113,113,117,117,117,117,119,121,128,132,132,132,134,136,136,138,140,140,140,142,142,144,146,146],"card_choices":[{"not_picked":["Slice","Deflect"],"picked":"Backflip","floor":1},{"not_picked":["Poisoned Stab","Backflip"],"picked":"ReplayTheSpireMod:Private Reserves","floor":1},{"not_picked":["PiercingWail","Outmaneuver"],"picked":"Prepared","floor":5},{"not_picked":["Slice","Well Laid Plans","Dagger Throw"],"picked":"SKIP","floor":5},{"not_picked":["Wraith Form v2","Doppelganger"],"picked":"A Thousand Cuts","floor":6},{"not_picked":["Glass Knife","Wraith Form v2"],"picked":"Replay:Bag of Tricks","floor":8},{"not_picked":["Grand Finale","Transmutation","Atom Bomb"],"picked":"SKIP","floor":10},{"not_picked":["Deep Breath","Reflex"],"picked":"Blade Dance","floor":11},{"not_picked":["Panacea","Flying Knee","Deflect"],"picked":"SKIP","floor":11},{"not_picked":["Bullet Time","Sadistic Nature"],"picked":"Storm of Steel","floor":12},{"not_picked":["expansioncontent:Hexaburn","PanicButton"],"picked":"Dagger Throw","floor":14},{"not_picked":["Backflip","expansioncontent:CaCaw","Deadly Poison"],"picked":"SKIP","floor":14},{"not_picked":["ReplayTheSpireMod:Necrogeddon","Doppelganger"],"picked":"Replay:Bag of Tricks","floor":16},{"not_picked":["Hidden Blade","Poisoned Stab"],"picked":"Madness","floor":18},{"not_picked":["Quick Slash","Outmaneuver","Replay:SS_hec_1"],"picked":"SKIP","floor":18},{"not_picked":["Deadly Poison","Deflect"],"picked":"Quick Slash","floor":20},{"not_picked":["Hidden Blade","Bane"],"picked":"Skewer+1","floor":21},{"not_picked":["Outmaneuver","ReplayTheSpireMod:The Works","Deflect"],"picked":"SKIP","floor":21},{"not_picked":["Chrysalis","Atom Bomb"],"picked":"infinitespire:Neurotoxin","floor":23},{"not_picked":["expansioncontent:QuickStudy","Atom Bomb","Metamorphosis"],"picked":"Envenom","floor":24},{"not_picked":["Crow Ritual","Tools of the Trade","Night Terror"],"picked":"Envenom","floor":25},{"not_picked":["Poisoned Strike","Sadistic Nature","Wraith Form v2"],"picked":"Violence","floor":27},{"not_picked":["Deflect","Deadly Poison","Dagger Spray","Sucker Punch+1"],"picked":"Singing Bowl","floor":28},{"not_picked":["Flying Knee","Dodge and Roll","Quick Slash"],"picked":"Blade Dance","floor":28},{"not_picked":["HandOfGreed","Glass Knife","Metamorphosis"],"picked":"Secret Technique","floor":29},{"not_picked":["Replay:SS_fish_3","Quick Slash+1","PiercingWail"],"picked":"Prepared","floor":31},{"not_picked":["Replay:SS_hec_4","Deadly Poison","ReplayTheSpireMod:Necrosis"],"picked":"Backstab","floor":31},{"not_picked":["Sadistic Nature","expansioncontent:QuickStudy","Glass Knife","Night Terror"],"picked":"Singing Bowl","floor":33},{"not_picked":["Deadly Poison","Prepared","Dodge and Roll+1"],"picked":"Choke","floor":35},{"not_picked":["Backflip+1","Well Laid Plans","Heel Hook"],"picked":"Footwork+1","floor":35},{"not_picked":["Outmaneuver","expansioncontent:GoopSpray+1","Prepared"],"picked":"Replay:SS_hec_2+1","floor":37},{"not_picked":["Deflect","expansioncontent:HyperBeam","Forethought"],"picked":"Cloak And Dagger","floor":37},{"not_picked":["Slice+1","Predator+1","Dagger Spray","Outmaneuver+1"],"picked":"Singing Bowl","floor":39},{"not_picked":["Acrobatics","Discovery","Sucker Punch","Bouncing Flask+1"],"picked":"Singing Bowl","floor":39},{"not_picked":["ReplayTheSpireMod:Necrosis","Phantasmal Killer","Grand Finale"],"picked":"Burst","floor":40},{"not_picked":["Secret Technique","Master of Strategy","Sadistic Nature"],"picked":"Burst","floor":42},{"not_picked":["Prepared","Flying Knee","expansioncontent:HyperBeam"],"picked":"Cloak And Dagger+1","floor":44},{"not_picked":["Poisoned Stab","PiercingWail","Eviscerate+1","Underhanded Strike"],"picked":"Singing Bowl","floor":44},{"not_picked":["Sucker Punch","Underhanded Strike","Bane+1","Deflect"],"picked":"Singing Bowl","floor":45},{"not_picked":["Replay:SS_forest_2","Replay:Parry","expansioncontent:GoopSpray","Eviscerate"],"picked":"Singing Bowl","floor":45},{"not_picked":["Transmutation","Poisoned Strike","Phantasmal Killer","Malaise"],"picked":"Singing Bowl","floor":46},{"not_picked":["Secret Technique","Thinking Ahead","Glass Knife","ReplayTheSpireMod:Necrogeddon"],"picked":"Singing Bowl","floor":48},{"not_picked":["Replay:Dark Deal","Adrenaline","Magnetism"],"picked":"Replay:Bag of Tricks","floor":50},{"not_picked":["Malaise","Night Terror","Replay:Dark Deal"],"picked":"Tools of the Trade","floor":51},{"not_picked":["Blade Dance","Dodge and Roll","PiercingWail"],"picked":"Quick Slash","floor":53},{"not_picked":["Dash","Poisoned Stab","Bullet Time"],"picked":"Infinite Blades","floor":53},{"not_picked":["Sucker Punch","expansioncontent:ManipulateTime","Outmaneuver","ReplayTheSpireMod:Shiv Toss"],"picked":"Singing Bowl","floor":54},{"not_picked":["Dagger Spray","Bandage Up","Deadly Poison"],"picked":"Dagger Throw","floor":54},{"not_picked":["Phantasmal Killer","Enlightenment","Cloak And Dagger","Outmaneuver"],"picked":"Singing Bowl","floor":56},{"not_picked":["expansioncontent:SuperHexaguard","Replay:SS_hec_4","PiercingWail","Madness"],"picked":"Singing Bowl","floor":57},{"not_picked":["Poisoned Stab","Enlightenment","Bouncing Flask","Deadly Poison"],"picked":"Singing Bowl","floor":57},{"not_picked":["ReplayUltimateDefense","ReplayTheSpireMod:Brewmster","Apotheosis"],"picked":"Burst","floor":58},{"not_picked":["Midas Touch","ReplayTheSpireMod:From All Sides","Night Terror","Atom Bomb"],"picked":"Singing Bowl","floor":59},{"not_picked":["Wraith Form v2","Envenom","Atom Bomb"],"picked":"expansioncontent:DashGenerateEvil","floor":60},{"not_picked":["Doppelganger","Violence","Phantasmal Killer"],"picked":"Master of Strategy","floor":62},{"not_picked":["Dagger Throw","expansioncontent:DefensiveStance","Backflip"],"picked":"Prepared","floor":63},{"not_picked":["Poisoned Stab","PiercingWail","Underhanded Strike","Slice"],"picked":"Singing Bowl","floor":63},{"not_picked":["Hidden Blade","expansioncontent:Flail","expansioncontent:ManipulateTime"],"picked":"conspire:Banana","floor":64},{"not_picked":["Reflex","Deadly Poison","Good Instincts"],"picked":"Storm of Steel","floor":64},{"not_picked":["conspire:PoisonWeapons","Predator","Underhanded Strike"],"picked":"Backflip","floor":66},{"not_picked":["Heel Hook","Metamorphosis","Dagger Spray","Dagger Throw"],"picked":"Singing Bowl","floor":66},{"not_picked":["HandOfGreed","ReplayTheSpireMod:Necrogeddon","Chrysalis","Crow Ritual"],"picked":"Singing Bowl","floor":68},{"not_picked":["Flying Knee","Bane","Trip"],"picked":"Blade Dance","floor":70},{"not_picked":["Underhanded Strike","Flying Knee+1","PanicButton","Heel Hook"],"picked":"Singing Bowl","floor":70},{"not_picked":["expansioncontent:Corrupt","Poisoned Strike","infinitespire:Neurotoxin"],"picked":"Malaise","floor":71},{"not_picked":["Deflect","Underhanded Strike","ReplayTheSpireMod:Tripwire","Phantasmal Killer"],"picked":"Singing Bowl","floor":72},{"not_picked":["Backflip","Dash+1","Deflect"],"picked":"Prepared+1","floor":72},{"not_picked":["Catalyst+1","Underhanded Strike","Sneak Up"],"picked":"Quick Slash","floor":73},{"not_picked":["Flechettes","Replay:Sssssssssstrike","Hidden Blade"],"picked":"Backflip","floor":73},{"not_picked":["expansioncontent:DefensiveMode","Dodge and Roll","Replay:SS_hec_4","expansioncontent:GuardianWhirl"],"picked":"Singing Bowl","floor":75},{"not_picked":["Quick Slash","expansioncontent:CaCaw","expansioncontent:DecasProtection","Flying Knee"],"picked":"Singing Bowl","floor":75},{"not_picked":["Apotheosis","Venomology","Wraith Form v2"],"picked":"Poison Darts","floor":77},{"not_picked":["Mayhem","Thinking Ahead","Corpse Explosion"],"picked":"Poison Darts","floor":81},{"not_picked":["Flechettes","Deadly Poison","Cloak And Dagger","Flying Knee"],"picked":"Singing Bowl","floor":83},{"not_picked":["Noxious Fumes+1","Blade Dance","Bane","Backflip"],"picked":"Singing Bowl","floor":83},{"not_picked":["expansioncontent:QuickStudy","Metamorphosis","Transmutation"],"picked":"Panache","floor":85},{"not_picked":["Underhanded Strike","Outmaneuver+1","expansioncontent:ManipulateTime"],"picked":"Blade Dance+1","floor":87},{"not_picked":["Flying Knee+1","expansioncontent:DefensiveMode","Tactician","Replay:Sssssssssstrike"],"picked":"Singing Bowl","floor":87},{"not_picked":["Cloak And Dagger","Dagger Throw","Outmaneuver","Prepared"],"picked":"Singing Bowl","floor":88},{"not_picked":["Specialist","Blade Dance","Hidden Blade+1"],"picked":"Dagger Throw","floor":88},{"not_picked":["infinitespire:TheBestDefense","infinitespire:FinalStrike"],"picked":"infinitespire:Gouge","floor":89},{"not_picked":["Sucker Punch","Outmaneuver","Bane+1","Flechettes+1"],"picked":"Singing Bowl","floor":90},{"not_picked":["Well Laid Plans","expansioncontent:DefensiveStance","Riddle With Holes+1","Underhanded Strike"],"picked":"Singing Bowl","floor":90},{"not_picked":["Thinking Ahead","Magnetism","Atom Bomb"],"picked":"Secret Weapon","floor":93},{"not_picked":["Transmutation","Midas Touch","expansioncontent:StudyTheSpire","infinitespire:Neurotoxin"],"picked":"Singing Bowl","floor":94},{"not_picked":["ReplayTheSpireMod:Echoes of Time","ReplayTheSpireMod:Haul"],"picked":"infinitespire:UltimateForm","floor":96},{"not_picked":["Violence","Replay:Dark Deal","Die Die Die"],"picked":"Poison Darts","floor":96},{"not_picked":["Bane","PiercingWail","Deadly Poison"],"picked":"conspire:Banana+1","floor":97},{"not_picked":["Sucker Punch","expansioncontent:LastStand+1","Blade Dance","PiercingWail"],"picked":"Singing Bowl","floor":97},{"not_picked":["ReplayTheSpireMod:Trickstab+1","Deadly Poison","expansioncontent:PrepareCrush"],"picked":"Finesse","floor":100},{"not_picked":["ReplayTheSpireMod:Tripwire+1","Dagger Throw+1","Distraction","Quick Slash+1"],"picked":"Singing Bowl","floor":100},{"not_picked":["expansioncontent:QuickStudy","ReplayTheSpireMod:From All Sides+1","Venomology"],"picked":"After Image","floor":102}],"player_experience":3150167,"relics_obtained":[{"floor":3,"key":"Omamori"},{"floor":6,"key":"Meat on the Bone"},{"floor":8,"key":"Pocketwatch"},{"floor":9,"key":"PreservedInsect"},{"floor":10,"key":"champ:DuelingGlove"},{"floor":12,"key":"Ancient Tea Set"},{"floor":20,"key":"Onion Ring"},{"floor":23,"key":"Question Card"},{"floor":24,"key":"The Specimen"},{"floor":25,"key":"infinitespire:Eraser"},{"floor":26,"key":"Singing Bowl"},{"floor":27,"key":"Akabeko"},{"floor":29,"key":"Vampiric Spirits"},{"floor":40,"key":"StoneCalendar"},{"floor":42,"key":"Mercury Hourglass"},{"floor":43,"key":"Guardian:PocketSentry"},{"floor":46,"key":"ReplayTheSpireMod:Ninjato"},{"floor":48,"key":"ReplayFunnel"},{"floor":56,"key":"CeramicFish"},{"floor":58,"key":"Ginger"},{"floor":59,"key":"Letter Opener"},{"floor":60,"key":"conspire:GlowingRock"},{"floor":61,"key":"Bag of Marbles"},{"floor":62,"key":"Thread and Needle"},{"floor":65,"key":"Gremlin Horn"},{"floor":67,"key":"Bag of Preparation"},{"floor":77,"key":"Basket Of Snakes"},{"floor":78,"key":"Oddly Smooth Stone"},{"floor":81,"key":"sneckomod:BlankCard"},{"floor":93,"key":"Old Coin"},{"floor":94,"key":"Girya"},{"floor":95,"key":"Garlic"},{"floor":96,"key":"WingedGreaves"},{"floor":99,"key":"Molten Egg 2"}],"event_choices":[{"damage_healed":0,"gold_gain":0,"player_choice":"Inject Mutagens","damage_taken":0,"relics_obtained":["MutagenicStrength"],"max_hp_gain":0,"max_hp_loss":0,"event_name":"Drug Dealer","floor":19,"gold_loss":0},{"damage_healed":0,"gold_gain":0,"player_choice":"Embrace Madness","damage_taken":13,"max_hp_gain":0,"max_hp_loss":0,"event_name":"Winding Halls","floor":38,"gold_loss":0,"cards_obtained":["Madness","Madness"]},{"damage_healed":0,"gold_gain":0,"player_choice":"Got Potions","damage_taken":0,"max_hp_gain":0,"max_hp_loss":0,"event_name":"Lab","floor":47,"gold_loss":0},{"damage_healed":0,"gold_gain":0,"player_choice":"Insight","damage_taken":0,"max_hp_gain":0,"max_hp_loss":0,"event_name":"betterThird:BetterWriting","floor":79,"gold_loss":0,"cards_obtained":["Insight"]},{"damage_healed":0,"gold_gain":0,"player_choice":"1 cards matched","damage_taken":0,"max_hp_gain":0,"max_hp_loss":0,"event_name":"Match and Keep!","floor":91,"gold_loss":0,"cards_obtained":["Injury"]}],"is_beta":false,"boss_relics":[{"not_picked":["expansioncontent:StudyCardRelic","Painkiller Herb"],"picked":"Fusion Hammer"},{"not_picked":["ReplayTheSpireMod:DimensionalGlitch","Replay:Drink Me"],"picked":"Cursed Key"},{"not_picked":["Snecko Scales","Velvet Choker"],"picked":"Philosopher\u0027s Stone"},{"not_picked":["conspire:SeveredTorchhead","Busted Crown"],"picked":"Painkiller Herb"},{"not_picked":["ReplayTheSpireMod:SealedPack","Runic Pyramid","Empty Cage"]}],"items_purged_floors":[89],"is_endless":true,"potions_floor_spawned":[8,10,11,12,16,18,21,23,24,31,40,44,46,48,50,51,54,60,63,64,66,68,70,77,81,85,87,88,90,94,100],"killed_by":"conspire:OrnateMirror","ascension_level":20}}