{"host":"87fdiiwflhrwsj8a","time":1610393610,"event":{"mods":["Aspiration","BaseMod","Better Match","Better Third Choice","BetterRewards","Colored Map","Conspire","GifTheSpireLib","Infinite Spire","Minty Spire (QoL Compilation)","Quick Restart","Relic Sorter","Replay The Spire","Robot Space Explorer","StSLib","Stuff the Spire","The Alterego","The Cursed","The Jungle"],"gold_per_floor":[110,55,330,345,345,345,355,355,407,432,357,383,396,410,410,486,486,498,498,509,37,37,37,37,68,80,109,109,109,126,153,153,172,172,247,247,247,6,37,37,37],"floor_reached":40,"playtime":2253,"items_purged":["Regret","Replay:ManipulateFuture"],"score":1300,"play_id":"fdc048dc-d2d7-49aa-b4a2-87add62f0f54","local_time":"20210111143330","is_ascension_mode":true,"campfire_choices":[{"data":"Apotheosis","floor":6.0,"key":"SMITH"},{"floor":8.0,"key":"REST"},{"floor":15.0,"key":"REST"},{"floor":34.0,"key":"REST"},{"data":"Devotion","floor":37.0,"key":"SMITH"}],"circlet_count":0,"master_deck":["AscendersBane","Strike_P","Strike_P","Strike_P","Strike_P","Defend_P","Defend_P","Defend_P","Defend_P","Eruption","Vigilance","Apotheosis+1","EmptyFist","EmptyFist","BattleHymn","FollowUp","ClearTheMind","Prostrate","Replay:Hum","Replay:BluntJabs","JustLucky","Replay:ManipulateFuture","FollowUp","FearNoEvil","FearNoEvil","DeusExMachina","Prostrate+1","TalkToTheHand","TalkToTheHand","LikeWater","infinitespire:Gouge","Devotion+1","LikeWater","WindmillStrike+1"],"relics":["PureWater","ReplayTheSpireMod:Lightbulb","Replay:Purple Gloves","ReplayFunnel","aspiration:HiddenCompartment","Matryoshka","Snecko Heart","StuffTheSpire:DarkSteelAnvil","conspire:Boomerang","Bag of Marbles","infinitespire:Lucky Rock","Meat on the Bone","conspire:InfiniteJournal","Peace Pipe","aspiration:PoetsPen_weak","Lantern","Replay:Bottled Snecko"],"acts_visited":["Exordium","TheCity","TheEnding"],"potions_floor_usage":[39],"damage_taken":[{"damage":0.0,"enemies":"Small Slimes","floor":1.0,"turns":2.0},{"damage":0.0,"enemies":"Cultist","floor":4.0,"turns":2.0},{"damage":9.0,"enemies":"2 Louse","floor":7.0,"turns":2.0},{"damage":0.0,"enemies":"Lagavulin","floor":10.0,"turns":3.0},{"damage":4.0,"enemies":"3 Sentries","floor":12.0,"turns":4.0},{"damage":6.0,"enemies":"Looter","floor":13.0,"turns":3.0},{"damage":18.0,"enemies":"Large Slime","floor":14.0,"turns":5.0},{"damage":27.0,"enemies":"Fading Forest","floor":16.0,"turns":13.0},{"damage":3.0,"enemies":"Spheric Guardian","floor":18.0,"turns":4.0},{"damage":6.0,"enemies":"3 Byrds","floor":20.0,"turns":4.0},{"damage":0.0,"enemies":"conspire:Head Lice","floor":25.0,"turns":3.0},{"damage":2.0,"enemies":"Sentry and Sphere","floor":26.0,"turns":3.0},{"damage":46.0,"enemies":"Nightmare","floor":27.0,"turns":8.0},{"damage":0.0,"enemies":"Snake Plant","floor":30.0,"turns":5.0},{"damage":2.0,"enemies":"Book of Stabbing","floor":31.0,"turns":3.0},{"damage":4.0,"enemies":"Cultist and Chosen","floor":33.0,"turns":6.0},{"damage":20.0,"enemies":"conspire:MysteriousRune","floor":35.0,"turns":5.0},{"damage":61,"enemies":"Shield and Spear","floor":39,"turns":5},{"damage":67,"enemies":"The Heart","floor":40,"turns":2}],"seed_played":"-6043356534035370220","potions_obtained":[{"floor":4.0,"key":"SteroidPotion"},{"floor":13.0,"key":"BlessingOfTheForge"},{"floor":14.0,"key":"BottledMiracle"},{"floor":26.0,"key":"Regen Potion"},{"floor":27.0,"key":"StancePotion"}],"is_trial":false,"path_per_floor":["M","$","?","M","?","R","M","R","T","E","$","E","M","M","R","B",null,"M","?","M","$","?","PTL","PTL","E","M","NM","T","AVR","M","E","?","M","R_BF","B",null,"R","$","E","B"],"character_chosen":"WATCHER","items_purchased":["ReplayTheSpireMod:Lightbulb","Apotheosis","EmptyFist","BattleHymn","ClearTheMind","StuffTheSpire:DarkSteelAnvil","TalkToTheHand","LikeWater","Lantern","LikeWater"],"campfire_rested":3,"item_purchase_floors":[0,0,0,0,2,21,21,21,38,38],"current_hp_per_floor":[30,30,30,30,30,30,21,41,41,41,41,37,31,13,33,14,55,52,52,46,46,46,46,46,46,44,13,13,13,25,35,35,43,63,43,62,62,62,13,0,0],"gold":37,"neow_bonus":"","is_daily":false,"chose_seed":false,"campfire_upgraded":2,"win_rate":0.0,"timestamp":1610393610,"path_taken":["M","$","?","?","?","R","M","R","T","E","$","E","M","M","R","BOSS","M","?","M","$","?","PTL","PTL","E","M","NM","T","AVR","M","E","?","M","R_BF","BOSS","R","$","E","BOSS"],"items_purchased_type":["Relic","Card","Card","Card","Card","Relic","Card","Card","Relic","Card"],"build_version":"2020-12-22","purchased_purges":2,"victory":false,"max_hp_per_floor":[68,68,68,68,68,68,68,68,68,68,68,68,68,68,68,68,68,68,68,68,68,68,68,68,68,68,68,68,68,68,68,68,68,68,68,68,68,68,68,68,68],"card_choices":[{"not_picked":["EmptyBody","Replay:Hum"],"picked":"FollowUp","floor":1.0},{"not_picked":["Worship","Evaluate"],"picked":"Prostrate","floor":4.0},{"not_picked":["WindmillStrike","Protect"],"picked":"FollowUp","floor":7.0},{"not_picked":["Replay:Cycle","JustLucky"],"picked":"FearNoEvil","floor":10.0},{"not_picked":["CutThroughFate","CrushJoints","Replay:DivineShield"],"picked":"SKIP","floor":12.0},{"not_picked":["JustLucky","PathToVictory"],"picked":"FearNoEvil","floor":13.0},{"not_picked":["Replay:ManipulateFuture","Replay:AllIn","PathToVictory"],"picked":"SKIP","floor":14.0},{"not_picked":["Alpha","LessonLearned"],"picked":"DeusExMachina","floor":16.0},{"not_picked":["EmptyFist","Protect"],"picked":"Prostrate+1","floor":18.0},{"not_picked":["PathToVictory","BowlingBash","Replay:AtTheReady"],"picked":"SKIP","floor":20.0},{"not_picked":["ClearTheMind","Replay:BluntJabs","Protect"],"picked":"SKIP","floor":25.0},{"not_picked":["PathToVictory","Protect","Swivel"],"picked":"SKIP","floor":26.0},{"not_picked":["FearNoEvil","WreathOfFlame+1","Replay:BluntJabs+1"],"picked":"SKIP","floor":27.0},{"not_picked":["Weave","Fasting2","FlyingSleeves"],"picked":"SKIP","floor":30.0},{"not_picked":["PathToVictory+1","Replay:Anticipation+1","Consecrate"],"picked":"SKIP","floor":31.0},{"not_picked":["Replay:DivineShield","Replay:Anticipation","FearNoEvil"],"picked":"SKIP","floor":33.0},{"not_picked":["Alpha","Omniscience"],"picked":"Devotion","floor":35.0},{"not_picked":["JustLucky","SignatureMove"],"picked":"WindmillStrike+1","floor":39}],"player_experience":2667261,"relics_obtained":[{"floor":9.0,"key":"ReplayFunnel"},{"floor":10.0,"key":"aspiration:HiddenCompartment"},{"floor":12.0,"key":"Matryoshka"},{"floor":25.0,"key":"conspire:Boomerang"},{"floor":27.0,"key":"Bag of Marbles"},{"floor":28.0,"key":"infinitespire:Lucky Rock"},{"floor":28.0,"key":"Meat on the Bone"},{"floor":31.0,"key":"Peace Pipe"},{"floor":39,"key":"Replay:Bottled Snecko"}],"event_choices":[{"damage_healed":0.0,"max_hp_gain":0.0,"max_hp_loss":0.0,"gold_gain":275.0,"event_name":"Golden Shrine","player_choice":"Desecrate","floor":3.0,"gold_loss":0.0,"damage_taken":0.0,"cards_obtained":["Regret"]},{"damage_healed":0.0,"max_hp_gain":0.0,"max_hp_loss":0.0,"gold_gain":0.0,"event_name":"Cursed Tome","player_choice":"Ignored","floor":32.0,"gold_loss":0.0,"damage_taken":0.0}],"is_beta":false,"boss_relics":[{"not_picked":["Honey Jar","StuffTheSpire:ModemDavis"],"picked":"Snecko Heart"},{"not_picked":["aspiration:SecretTechniqueScroll","HolyWater"],"picked":"aspiration:PoetsPen_weak"}],"items_purged_floors":[11,29],"is_endless":true,"potions_floor_spawned":[4,13,14,20,26,27,30,33],"killed_by":"The Heart","ascension_level":20}}