{"host":"y76clbnovzmw9ubx","time":1610373082,"event":{"mods":["AchievementEnabler","BaseMod","Minty Spire (QoL Compilation)","Permanent Neow","Relic Stats"],"gold_per_floor":[359,359,36,54,78,78,118,118,118,118,118],"floor_reached":10,"playtime":492,"items_purged":["Strike_R"],"score":132,"play_id":"c5772faf-ec7a-44bb-889c-4ada924ba3c6","local_time":"20210111085122","is_ascension_mode":true,"campfire_choices":[{"data":"Hemokinesis","floor":6,"key":"SMITH"},{"floor":8,"key":"REST"}],"circlet_count":0,"master_deck":["AscendersBane","Strike_R","Strike_R","Strike_R","Strike_R","Defend_R","Defend_R","Defend_R","Defend_R","Bash","Cleave","Feed","Evolve","Hemokinesis+1","Disarm","Twin Strike"],"relics":["Burning Blood","Golden Idol","Ornamental Fan","Turnip"],"acts_visited":["Exordium"],"potions_floor_usage":[],"damage_taken":[{"damage":14,"enemies":"Jaw Worm","floor":1,"turns":3},{"damage":7,"enemies":"Small Slimes","floor":4,"turns":3},{"damage":4,"enemies":"Cultist","floor":5,"turns":4},{"damage":42,"enemies":"3 Sentries","floor":7,"turns":8},{"damage":33,"enemies":"Lagavulin","floor":10,"turns":7}],"seed_played":"865058332683343854","potions_obtained":[{"floor":4,"key":"DuplicationPotion"}],"is_trial":false,"path_per_floor":["M","?","$","M","M","R","E","R","T","E"],"character_chosen":"IRONCLAD","items_purchased":["Feed","Evolve"],"campfire_rested":1,"item_purchase_floors":[3,3],"current_hp_per_floor":[60,37,37,39,44,44,11,34,34,1,1],"gold":118,"neow_bonus":"TWO_FIFTY_GOLD","is_daily":false,"chose_seed":false,"campfire_upgraded":1,"win_rate":0.0,"timestamp":1610373082,"path_taken":["M","?","$","M","M","R","E","R","T","E"],"items_purchased_type":["Card","Card"],"build_version":"2020-12-22","purchased_purges":1,"victory":false,"max_hp_per_floor":[68,68,68,71,74,74,77,77,77,77,77],"relic_stats":{"counters":[5,25],"Golden Idol":17,"Ornamental Fan":[0],"Turnip":[0],"obtain_stats":[{"Golden Idol":2,"Ornamental Fan":7,"Turnip":9,"Burning Blood":0},{"Golden Idol":1,"Ornamental Fan":4,"Turnip":4,"Burning Blood":0},{"Golden Idol":3,"Ornamental Fan":18,"Turnip":18,"Burning Blood":0}],"Burning Blood":24},"card_choices":[{"not_picked":["Body Slam","Rage"],"picked":"Cleave","floor":1},{"not_picked":["Heavy Blade","Rampage"],"picked":"Hemokinesis","floor":4},{"not_picked":["Headbutt","Flex"],"picked":"Disarm","floor":5},{"not_picked":["True Grit","Body Slam"],"picked":"Twin Strike","floor":7}],"player_experience":3046226,"relics_obtained":[{"floor":7,"key":"Ornamental Fan"},{"floor":9,"key":"Turnip"}],"event_choices":[{"damage_healed":0,"gold_gain":0,"player_choice":"Take Damage","damage_taken":23,"relics_obtained":["Golden Idol"],"max_hp_gain":0,"max_hp_loss":0,"event_name":"Golden Idol","floor":2,"gold_loss":0}],"is_beta":false,"boss_relics":[],"items_purged_floors":[3],"is_endless":false,"potions_floor_spawned":[4],"killed_by":"Lagavulin","ascension_level":20}}