{"host":"b995t17pt6d05w8c","time":1610371143,"event":{"mods":["AchievementEnabler","BaseMod","Colored Map","Minty Spire (QoL Compilation)","SuperFastMode"],"gold_per_floor":[113,123,123,48,48,88,114,114,140,140,5,28,48,66,66,191,191,212,212,231,49,73,109,14,0,0,0,14,14,28,48,48,171,171,194,194,5,57,72,72,72],"floor_reached":40,"playtime":1189,"items_purged":["Strike_R","Strike_R"],"score":650,"play_id":"68b415a7-5961-40ff-8589-7c17eb7c7bc8","local_time":"20210111221903","is_ascension_mode":true,"campfire_choices":[{"data":"True Grit","floor":8.0,"key":"SMITH"},{"floor":10.0,"key":"REST"},{"data":"Fire Breathing","floor":15.0,"key":"SMITH"},{"floor":27.0,"key":"REST"},{"data":"Flex","floor":29.0,"key":"SMITH"},{"data":"Rampage","floor":32.0,"key":"SMITH"}],"circlet_count":0,"master_deck":["AscendersBane","Defend_R","Defend_R","Defend_R","Defend_R","Bash","Headbutt","Rampage+1","Blood for Blood","True Grit+1","Fire Breathing+1","CurseOfTheBell","Combust","Pummel","Entrench+1","Feel No Pain","Reaper","Flex+1","Battle Trance","Shrug It Off","Disarm","Offering","Power Through+1","Apotheosis+1","Second Wind+1"],"relics":["Burning Blood","Lantern","Golden Idol","Oddly Smooth Stone","Odd Mushroom","Anchor","Calling Bell","Art of War","Matryoshka","Du-Vu Doll","The Courier","MealTicket","Incense Burner","Snecko Eye","Toxic Egg 2","Smiling Mask","Bag of Preparation"],"acts_visited":["TheCity","TheBeyond"],"potions_floor_usage":[40],"damage_taken":[{"damage":7.0,"enemies":"Small Slimes","floor":1.0,"turns":4.0},{"damage":9.0,"enemies":"Jaw Worm","floor":2.0,"turns":3.0},{"damage":30.0,"enemies":"Lagavulin","floor":6.0,"turns":4.0},{"damage":27.0,"enemies":"The Mushroom Lair","floor":7.0,"turns":5.0},{"damage":0.0,"enemies":"Cultist","floor":12.0,"turns":3.0},{"damage":0.0,"enemies":"Exordium Thugs","floor":13.0,"turns":4.0},{"damage":6.0,"enemies":"Looter","floor":14.0,"turns":3.0},{"damage":36.0,"enemies":"Hexaghost","floor":16.0,"turns":8.0},{"damage":2.0,"enemies":"Chosen","floor":18.0,"turns":4.0},{"damage":11.0,"enemies":"2 Thieves","floor":20.0,"turns":5.0},{"damage":55.0,"enemies":"3 Cultists","floor":22.0,"turns":7.0},{"damage":25.0,"enemies":"Slavers","floor":23.0,"turns":5.0},{"damage":1.0,"enemies":"Centurion and Healer","floor":28.0,"turns":7.0},{"damage":20.0,"enemies":"Cultist and Chosen","floor":30.0,"turns":6.0},{"damage":18.0,"enemies":"Snake Plant","floor":31.0,"turns":6.0},{"damage":53.0,"enemies":"Collector","floor":33.0,"turns":13.0},{"damage":1.0,"enemies":"Orb Walker","floor":35.0,"turns":3.0},{"damage":73.0,"enemies":"3 Darklings","floor":39.0,"turns":9.0},{"damage":40,"enemies":"Giant Head","floor":40,"turns":7}],"seed_played":"-8713873337330612249","potions_obtained":[{"floor":1.0,"key":"BlessingOfTheForge"},{"floor":12.0,"key":"Block Potion"},{"floor":13.0,"key":"Regen Potion"},{"floor":22.0,"key":"SpeedPotion"},{"floor":28.0,"key":"GamblersBrew"},{"floor":30.0,"key":"SmokeBomb"},{"floor":33.0,"key":"DuplicationPotion"},{"floor":39.0,"key":"FearPotion"}],"is_trial":false,"path_per_floor":["M","M","?","$","?","E","?","R","T","R","$","M","M","M","R","B",null,"M","?","M","$","M","E","$","?","T","R","M","R","M","M","R","B",null,"M","?","$","T","M","E"],"character_chosen":"IRONCLAD","items_purchased":["Fire Breathing","Feel No Pain","Reaper","Battle Trance","Shrug It Off","Power Through+1","Apotheosis+1"],"campfire_rested":2,"item_purchase_floors":[11,21,21,24,24,37,37],"current_hp_per_floor":[71,68,68,68,68,44,23,23,23,45,45,51,57,57,57,27,62,66,66,61,61,24,19,19,19,19,41,58,58,56,48,48,13,59,74,74,74,74,28,0,0],"gold":72,"neow_bonus":"RANDOM_COMMON_RELIC","is_daily":false,"chose_seed":false,"campfire_upgraded":4,"win_rate":0.0,"timestamp":1610371143,"path_taken":["M","M","?","$","?","E","?","R","T","R","?","M","M","?","R","BOSS","M","?","M","?","?","E","$","?","T","R","M","R","M","M","R","BOSS","M","?","$","?","M","E"],"items_purchased_type":["Card","Card","Card","Card","Card","Card","Card"],"build_version":"2020-12-22","purchased_purges":2,"victory":false,"max_hp_per_floor":[80,80,80,80,74,74,74,74,74,74,74,74,74,74,74,74,74,74,74,74,74,74,74,74,74,74,74,74,74,74,74,74,74,74,74,74,74,74,74,74,74],"card_choices":[{"not_picked":["Rage","Perfected Strike","Rupture"],"picked":"SKIP","floor":1.0},{"not_picked":["Armaments","Sword Boomerang"],"picked":"Headbutt","floor":2.0},{"not_picked":["Clash","Sword Boomerang"],"picked":"Blood for Blood","floor":6.0},{"not_picked":["Clothesline","Dark Embrace"],"picked":"True Grit","floor":7.0},{"not_picked":["Rampage","Combust","Sword Boomerang"],"picked":"SKIP","floor":12.0},{"not_picked":["Havoc","Cleave","Demon Form"],"picked":"SKIP","floor":13.0},{"not_picked":["Flex","Clothesline","Headbutt"],"picked":"SKIP","floor":14.0},{"not_picked":["Thunderclap","Body Slam","Sever Soul"],"picked":"SKIP","floor":18.0},{"not_picked":["Sever Soul","Armaments"],"picked":"Entrench+1","floor":20.0},{"not_picked":["Metallicize","Clash","Blood for Blood"],"picked":"SKIP","floor":22.0},{"not_picked":["Reaper","Perfected Strike"],"picked":"Flex","floor":23.0},{"not_picked":["Sever Soul+1","Flex"],"picked":"Disarm","floor":28.0},{"not_picked":["Infernal Blade","Warcry","Sever Soul"],"picked":"SKIP","floor":30.0},{"not_picked":["Shockwave","Cleave","Heavy Blade"],"picked":"SKIP","floor":31.0},{"not_picked":["Brutality","Bludgeon"],"picked":"Offering","floor":33.0},{"not_picked":["Sword Boomerang","Warcry","Pummel"],"picked":"SKIP","floor":35.0},{"not_picked":["Hemokinesis","Warcry+1"],"picked":"Second Wind+1","floor":39.0}],"player_experience":94870,"relics_obtained":[{"floor":6.0,"key":"Oddly Smooth Stone"},{"floor":7.0,"key":"Odd Mushroom"},{"floor":9.0,"key":"Anchor"},{"floor":17.0,"key":"Art of War"},{"floor":17.0,"key":"Matryoshka"},{"floor":17.0,"key":"Du-Vu Doll"},{"floor":23.0,"key":"The Courier"},{"floor":26.0,"key":"MealTicket"},{"floor":26.0,"key":"Incense Burner"},{"floor":38.0,"key":"Smiling Mask"},{"floor":38.0,"key":"Bag of Preparation"}],"event_choices":[{"damage_healed":0.0,"max_hp_gain":0.0,"max_hp_loss":0.0,"gold_gain":0.0,"cards_transformed":["Strike_R"],"event_name":"Living Wall","player_choice":"Change","floor":3.0,"gold_loss":0.0,"damage_taken":0.0,"cards_obtained":["Rampage"]},{"damage_healed":0.0,"max_hp_gain":0.0,"max_hp_loss":6.0,"gold_gain":0.0,"event_name":"Golden Idol","player_choice":"Lose Max HP","floor":5.0,"gold_loss":0.0,"damage_taken":0.0,"relics_obtained":["Golden Idol"]},{"damage_healed":0.0,"max_hp_gain":0.0,"max_hp_loss":0.0,"gold_gain":0.0,"event_name":"Mushrooms","player_choice":"Fought Mushrooms","floor":7.0,"gold_loss":0.0,"damage_taken":0.0},{"damage_healed":0.0,"max_hp_gain":0.0,"max_hp_loss":0.0,"gold_gain":0.0,"cards_transformed":["Strike_R","Strike_R"],"event_name":"Drug Dealer","player_choice":"Became Test Subject","floor":19.0,"gold_loss":0.0,"damage_taken":0.0,"cards_obtained":["Combust","Pummel"]},{"damage_healed":0.0,"max_hp_gain":0.0,"max_hp_loss":0.0,"gold_gain":0.0,"event_name":"Masked Bandits","player_choice":"Paid Fearfully","floor":25.0,"gold_loss":14.0,"damage_taken":0.0},{"damage_healed":0.0,"max_hp_gain":0.0,"max_hp_loss":0.0,"gold_gain":0.0,"event_name":"WeMeetAgain","player_choice":"Gave Potion","floor":36.0,"gold_loss":0.0,"damage_taken":0.0,"relics_obtained":["Toxic Egg 2"]}],"is_beta":false,"boss_relics":[{"not_picked":["Black Blood","Fusion Hammer"],"picked":"Calling Bell"},{"not_picked":["Runic Pyramid","Tiny House"],"picked":"Snecko Eye"}],"items_purged_floors":[4,11],"is_endless":false,"potions_floor_spawned":[1,12,13,22,28,30,33,39],"killed_by":"Giant Head","ascension_level":12}}