{"host":"6swbl1yqdi8v28pk","time":1610399378,"event":{"mods":["AchievementEnabler","BaseMod","Colored Map","Minty Spire (QoL Compilation)","Quick Restart"],"gold_per_floor":[118,118,130,149,73,73,100,100,146,159,185,185,7,27,27,131,131,148,164,181,195,221,221,255,273,323,343,343,343,355,398,410,522,534,560,584,646,658,670,670],"floor_reached":39,"playtime":1999,"items_purged":["Strike_P"],"score":411,"play_id":"93f94c3f-e120-4bb7-bd30-5fc4d3b88499","local_time":"20210111150938","is_ascension_mode":false,"campfire_choices":[{"floor":6,"key":"REST"},{"data":"Vigilance","floor":8,"key":"SMITH"},{"floor":12,"key":"REST"},{"data":"PathToVictory","floor":15,"key":"SMITH"},{"data":"Pray","floor":23,"key":"SMITH"},{"floor":28,"key":"REST"},{"floor":30,"key":"REST"},{"data":"Worship","floor":32,"key":"SMITH"}],"circlet_count":0,"master_deck":["Strike_P","Strike_P","Defend_P","Defend_P","Eruption","Vigilance+1","Consecrate+1","Establishment+1","Protect+1","Evaluate","SashWhip","Protect","SandsOfTime","ReachHeaven","PathToVictory+1","ReachHeaven","Worship+1","DeusExMachina","Swivel+1","Pray+1","PathToVictory","Writhe","Consecrate","Devotion","BattleHymn+1","Swivel+1"],"relics":["Astrolabe","Regal Pillow","Potion Belt","The Courier","HandDrill","Snecko Eye","Smiling Mask","Bottled Tornado","Boot","MawBank","Red Mask","Sozu","Prayer Wheel"],"acts_visited":["Exordium","TheCity","TheBeyond"],"potions_floor_usage":[11,25,33,33,33,39,39],"damage_taken":[{"damage":0,"enemies":"2 Louse","floor":1,"turns":4},{"damage":0,"enemies":"Cultist","floor":3,"turns":4},{"damage":20,"enemies":"Jaw Worm","floor":4,"turns":4},{"damage":15,"enemies":"3 Sentries","floor":7,"turns":8},{"damage":0,"enemies":"Looter","floor":10,"turns":3},{"damage":10,"enemies":"Gremlin Nob","floor":11,"turns":4},{"damage":6,"enemies":"Blue Slaver","floor":14,"turns":3},{"damage":8,"enemies":"Hexaghost","floor":16,"turns":7},{"damage":5,"enemies":"Chosen","floor":18,"turns":3},{"damage":0,"enemies":"Spheric Guardian","floor":19,"turns":4},{"damage":0,"enemies":"Cultist and Chosen","floor":20,"turns":5},{"damage":16,"enemies":"Shelled Parasite and Fungi","floor":21,"turns":4},{"damage":16,"enemies":"Book of Stabbing","floor":24,"turns":5},{"damage":21,"enemies":"Sentry and Sphere","floor":25,"turns":7},{"damage":0,"enemies":"Snecko","floor":27,"turns":4},{"damage":10,"enemies":"Masked Bandits","floor":31,"turns":5},{"damage":48,"enemies":"Champ","floor":33,"turns":9},{"damage":12,"enemies":"3 Shapes","floor":35,"turns":4},{"damage":19,"enemies":"3 Darklings","floor":36,"turns":5},{"damage":37,"enemies":"2 Orb Walkers","floor":37,"turns":4},{"damage":4,"enemies":"Time Eater","floor":39,"turns":1}],"seed_played":"5358049259352941860","potions_obtained":[{"floor":1,"key":"CultistPotion"},{"floor":10,"key":"FearPotion"},{"floor":14,"key":"Swift Potion"},{"floor":20,"key":"CultistPotion"},{"floor":21,"key":"PowerPotion"},{"floor":24,"key":"PowerPotion"},{"floor":25,"key":"Explosive Potion"},{"floor":27,"key":"CultistPotion"}],"is_trial":false,"path_per_floor":["M","?","M","M","$","R","E","R","T","M","E","R","$","M","R","B",null,"M","M","M","M","T","R","E","M","T","M","R","?","R","?","R","B",null,"M","M","?","?","B"],"character_chosen":"WATCHER","items_purchased":["SandsOfTime","HandDrill"],"campfire_rested":4,"item_purchase_floors":[5,13],"current_hp_per_floor":[72,72,72,52,52,72,57,57,57,57,47,72,72,66,66,58,72,67,67,67,51,51,51,35,14,14,14,50,50,72,62,62,14,72,60,41,4,4,0,0],"gold":670,"neow_bonus":"BOSS_RELIC","is_daily":false,"chose_seed":false,"campfire_upgraded":4,"win_rate":0.0,"timestamp":1610399378,"path_taken":["M","?","?","M","$","R","E","R","T","M","E","R","?","M","R","BOSS","M","?","M","M","?","R","E","?","T","?","R","?","R","?","R","BOSS","M","M","?","?","BOSS"],"items_purchased_type":["Card","Relic"],"build_version":"2020-12-22","purchased_purges":1,"victory":false,"max_hp_per_floor":[72,72,72,72,72,72,72,72,72,72,72,72,72,72,72,72,72,72,72,72,72,72,72,72,72,72,72,72,72,72,72,72,72,72,72,72,72,72,72,72],"card_choices":[{"not_picked":["Tantrum","CrushJoints"],"picked":"Evaluate","floor":1},{"not_picked":["Evaluate","BowlingBash"],"picked":"SashWhip","floor":3},{"not_picked":["Wallop","BowlingBash"],"picked":"Protect","floor":4},{"not_picked":["EmptyBody","Blasphemy"],"picked":"ReachHeaven","floor":7},{"not_picked":["WheelKick","Halt"],"picked":"PathToVictory","floor":10},{"not_picked":["WaveOfTheHand","Nirvana"],"picked":"ReachHeaven","floor":11},{"not_picked":["SashWhip","JustLucky"],"picked":"Worship","floor":14},{"not_picked":["Scrawl","Omniscience"],"picked":"DeusExMachina","floor":16},{"not_picked":["Perseverance","ReachHeaven","Crescendo+1"],"picked":"SKIP","floor":18},{"not_picked":["SashWhip","CutThroughFate+1"],"picked":"Swivel+1","floor":19},{"not_picked":["Crescendo","JustLucky","FearNoEvil"],"picked":"SKIP","floor":20},{"not_picked":["EmptyFist","Evaluate"],"picked":"Pray","floor":21},{"not_picked":["ThirdEye","Collect+1","Study"],"picked":"SKIP","floor":24},{"not_picked":["ClearTheMind","ThirdEye","Vengeance"],"picked":"SKIP","floor":25},{"not_picked":["Wallop","JustLucky"],"picked":"PathToVictory","floor":27},{"not_picked":["Evaluate+1","CarveReality"],"picked":"Consecrate","floor":31},{"not_picked":["Brilliance","Scrawl"],"picked":"Devotion","floor":33},{"not_picked":["SignatureMove","CarveReality"],"picked":"BattleHymn+1","floor":35},{"not_picked":["FlyingSleeves","Halt+1"],"picked":"Swivel+1","floor":36}],"player_experience":111800,"relics_obtained":[{"floor":7,"key":"Regal Pillow"},{"floor":9,"key":"Potion Belt"},{"floor":11,"key":"The Courier"},{"floor":22,"key":"Smiling Mask"},{"floor":24,"key":"Bottled Tornado"},{"floor":26,"key":"Boot"},{"floor":31,"key":"Red Mask"},{"floor":37,"key":"Prayer Wheel"}],"event_choices":[{"damage_healed":0,"gold_gain":0,"player_choice":"Ignored","damage_taken":0,"max_hp_gain":0,"max_hp_loss":0,"event_name":"NoteForYourself","floor":2,"gold_loss":0},{"damage_healed":0,"gold_gain":0,"player_choice":"Opened","damage_taken":0,"relics_obtained":["MawBank"],"max_hp_gain":0,"max_hp_loss":0,"event_name":"The Mausoleum","floor":29,"gold_loss":0,"cards_obtained":["Writhe"]},{"damage_healed":0,"gold_gain":0,"player_choice":"Fought Bandits","damage_taken":0,"max_hp_gain":0,"max_hp_loss":0,"event_name":"Masked Bandits","floor":31,"gold_loss":0},{"damage_healed":0,"gold_gain":0,"player_choice":"Fight","damage_taken":0,"max_hp_gain":0,"max_hp_loss":0,"event_name":"Mysterious Sphere","floor":37,"gold_loss":0},{"damage_healed":0,"gold_gain":0,"player_choice":"Took Portal","damage_taken":0,"max_hp_gain":0,"max_hp_loss":0,"event_name":"SecretPortal","floor":38,"gold_loss":0}],"is_beta":false,"boss_relics":[{"not_picked":["Ectoplasm","Philosopher\u0027s Stone"],"picked":"Snecko Eye"},{"not_picked":["Runic Pyramid","Velvet Choker"],"picked":"Sozu"}],"items_purged_floors":[13],"is_endless":false,"potions_floor_spawned":[1,10,14,20,21,24,25,27,36,37],"killed_by":"Time Eater","ascension_level":0}}