{"host":"g8a0qo0vjtg6u5wv","time":1610365681,"event":{"mods":["BaseMod","Colored Map","Custom Start","KOR Keyword Fix","Minty Spire (QoL Compilation)","StSLib","SuperFastMode"],"gold_per_floor":[111,111,125,50,20,20,55,55,78,106,106,139,139,161,161,291,291,291,291],"floor_reached":18,"playtime":390,"items_purged":["Defend_P"],"score":200,"play_id":"581ef4c9-5f66-427c-92a8-87b517fc6d6e","local_time":"20210111204801","is_ascension_mode":true,"campfire_choices":[{"data":"Eruption","floor":6.0,"key":"SMITH"},{"data":"DeusExMachina","floor":8.0,"key":"SMITH"},{"data":"Fasting2","floor":11.0,"key":"SMITH"},{"floor":15.0,"key":"REST"}],"circlet_count":0,"master_deck":["Strike_P","Strike_P","Strike_P","Strike_P","Defend_P","Defend_P","Defend_P","Eruption+1","Vigilance","DeusExMachina+1","Indignation","EmptyBody","Swivel","Fasting2+1","SashWhip","EmptyFist","Scrawl"],"relics":["PureWater","Golden Idol","Blood Vial","CeramicFish","Fusion Hammer"],"acts_visited":["Exordium","TheCity"],"potions_floor_usage":[],"damage_taken":[{"damage":0.0,"enemies":"Small Slimes","floor":1.0,"turns":2.0},{"damage":7.0,"enemies":"Cultist","floor":3.0,"turns":3.0},{"damage":23.0,"enemies":"3 Sentries","floor":7.0,"turns":10.0},{"damage":0.0,"enemies":"2 Louse","floor":10.0,"turns":3.0},{"damage":11.0,"enemies":"Lots of Slimes","floor":12.0,"turns":5.0},{"damage":5.0,"enemies":"Gremlin Gang","floor":14.0,"turns":3.0},{"damage":64.0,"enemies":"Slime Boss","floor":16.0,"turns":10.0},{"damage":0,"enemies":"3 Byrds","floor":18,"turns":1}],"seed_played":"1315884305292773149","potions_obtained":[{"floor":1.0,"key":"PowerPotion"},{"floor":3.0,"key":"Swift Potion"},{"floor":5.0,"key":"SteroidPotion"},{"floor":5.0,"key":"FairyPotion"},{"floor":12.0,"key":"PowerPotion"},{"floor":13.0,"key":"Block Potion"},{"floor":16.0,"key":"LiquidMemories"}],"is_trial":false,"path_per_floor":["M","?","M","$","?","R","E","R","T","M","R","M","?","M","R","B",null,"M"],"character_chosen":"WATCHER","items_purchased":[],"campfire_rested":1,"item_purchase_floors":[],"current_hp_per_floor":[72,67,60,60,60,60,37,37,37,39,39,30,30,27,47,20,55,57,57],"gold":291,"neow_bonus":"ONE_RANDOM_RARE_CARD","is_daily":false,"chose_seed":false,"campfire_upgraded":3,"win_rate":0.0,"timestamp":1610365681,"path_taken":["M","?","M","$","?","R","E","R","T","?","R","M","?","M","R","BOSS","M"],"items_purchased_type":[],"build_version":"2020-12-22","purchased_purges":1,"victory":false,"max_hp_per_floor":[72,67,67,67,67,67,67,67,67,67,67,67,67,67,67,67,67,67,67],"card_choices":[{"not_picked":["CutThroughFate","ReachHeaven"],"picked":"Indignation","floor":1.0},{"not_picked":["Prostrate","BattleHymn"],"picked":"EmptyBody","floor":3.0},{"not_picked":["SashWhip","Perseverance"],"picked":"Swivel","floor":7.0},{"not_picked":["BowlingBash","PathToVictory"],"picked":"Fasting2","floor":10.0},{"not_picked":["EmptyBody","CutThroughFate"],"picked":"SashWhip","floor":12.0},{"not_picked":["LessonLearned","Indignation"],"picked":"EmptyFist","floor":14.0},{"not_picked":["Judgement","MasterReality"],"picked":"Scrawl","floor":16.0}],"player_experience":562292,"relics_obtained":[{"floor":7.0,"key":"Blood Vial"},{"floor":9.0,"key":"CeramicFish"}],"event_choices":[{"damage_healed":0.0,"max_hp_gain":0.0,"max_hp_loss":5.0,"gold_gain":0.0,"event_name":"Golden Idol","player_choice":"Lose Max HP","floor":2.0,"gold_loss":0.0,"damage_taken":0.0,"relics_obtained":["Golden Idol"]},{"damage_healed":0.0,"max_hp_gain":0.0,"max_hp_loss":0.0,"gold_gain":0.0,"event_name":"The Woman in Blue","player_choice":"Bought 2 Potions","floor":5.0,"gold_loss":0.0,"damage_taken":0.0},{"damage_healed":0.0,"max_hp_gain":0.0,"max_hp_loss":0.0,"gold_gain":0.0,"event_name":"Lab","player_choice":"Got Potions","floor":13.0,"gold_loss":0.0,"damage_taken":0.0}],"is_beta":false,"boss_relics":[{"not_picked":["Velvet Choker","Ectoplasm"],"picked":"Fusion Hammer"}],"items_purged_floors":[4],"is_endless":false,"potions_floor_spawned":[1,3,12,16],"killed_by":"3 Byrds","ascension_level":5}}