{"host":"qytbi1suova0trfd","time":1610373735,"event":{"mods":["ATMod(∞¢Ë™Mod)","Act Like it!","BaseMod","Downfall","Energized Spire","Gensokyo","Hallownest","Marisa£®ÏF”Í°°ƒß¿Ì…≥£©","Minty Spire (QoL Compilation)","Reimu£®≤©¿ˆ¡È√Œ£©","StSLib","Td1madao Mod","The Bug Knight"],"gold_per_floor":[99,99,99,99,99,118,118,118,43,57,68,84,96,6,16,114,114,114,127,227,273,291,291,291,291],"floor_reached":23,"playtime":1000,"items_purged":["Guardian:Strike_Guardian"],"score":190,"play_id":"6245695f-f439-44f2-a5b6-679a6a5e8654","local_time":"20210111220215","is_ascension_mode":true,"campfire_choices":[{"floor":1.0,"key":"RECALL"},{"data":"Guardian:CurlUp","floor":9.0,"key":"SMITH"},{"data":"Guardian:ExploitGems","floor":18.0,"key":"SMITH"}],"circlet_count":0,"master_deck":["Guardian:Strike_Guardian","Guardian:Strike_Guardian","Guardian:Strike_Guardian","Guardian:Defend_Guardian","Guardian:Defend_Guardian","Guardian:Defend_Guardian","Guardian:Defend_Guardian","Guardian:CurlUp+1","Guardian:TwinSlam","Guardian:PrismaticBeam","Guardian:ExploitGems+1","Guardian:ExploitGems"],"relics":["Guardian:ModeShifter","AT_ATBox","downfall:HeartsMalice","AT_ForceNature","downfall:HeartBlessingRed","Philosopher\u0027s Stone"],"acts_visited":["Exordium","TheCity"],"potions_floor_usage":[23],"damage_taken":[{"damage":0.0,"enemies":"Jaw Worm","floor":3.0,"turns":1.0},{"damage":0.0,"enemies":"Cultist","floor":4.0,"turns":1.0},{"damage":0.0,"enemies":"2 Louse","floor":5.0,"turns":1.0},{"damage":7.0,"enemies":"Blue Slaver","floor":6.0,"turns":5.0},{"damage":10.0,"enemies":"Exordium Thugs","floor":10.0,"turns":5.0},{"damage":0.0,"enemies":"3 Louse","floor":11.0,"turns":3.0},{"damage":4.0,"enemies":"Gremlin Gang","floor":12.0,"turns":4.0},{"damage":4.0,"enemies":"3 Louse","floor":13.0,"turns":4.0},{"damage":0.0,"enemies":"downfall:FleeingMerchant","floor":14.0,"turns":4.0},{"damage":9.0,"enemies":"Exordium Wildlife","floor":15.0,"turns":6.0},{"damage":29.0,"enemies":"downfall:Defect","floor":16.0,"turns":8.0},{"damage":8.0,"enemies":"Spheric Guardian","floor":19.0,"turns":4.0},{"damage":55.0,"enemies":"Cultist and Chosen","floor":22.0,"turns":12.0},{"damage":17,"enemies":"Snake Plant","floor":23,"turns":4}],"seed_played":"6912396205453103854","potions_obtained":[{"floor":8.0,"key":"Ancient Potion"},{"floor":8.0,"key":"BlessingOfTheForge"},{"floor":8.0,"key":"SneckoOil"},{"floor":10.0,"key":"FearPotion"},{"floor":11.0,"key":"GrandPatriotsElixir:ReiMu"},{"floor":16.0,"key":"EssenceOfSteel"}],"is_trial":false,"path_per_floor":["R","?","M","M","M","M","T","?","R","M","M","M","M","$","M","B",null,"R","M","?","T","M","M"],"character_chosen":"GUARDIAN","items_purchased":[],"campfire_rested":0,"item_purchase_floors":[],"current_hp_per_floor":[80,80,80,80,80,73,73,73,73,63,63,59,55,55,46,17,80,80,72,72,72,17,0,0,0],"gold":291,"neow_bonus":"THREE_ENEMY_KILL","is_daily":false,"chose_seed":false,"campfire_upgraded":2,"win_rate":0.0,"timestamp":1610373735,"path_taken":["R","?","?","M","M","M","T","?","R","M","M","?","?","$","M","BOSS","R","M","?","?","M","M"],"items_purchased_type":[],"build_version":"2020-12-22","purchased_purges":1,"victory":false,"max_hp_per_floor":[80,80,80,80,80,80,80,80,80,80,80,80,80,80,80,80,80,80,80,80,80,80,80,80,80],"card_choices":[{"not_picked":["Guardian:SpikerProtocol","Guardian:TimeCapacitor","Guardian:Incinerate"],"picked":"SKIP","floor":3.0},{"not_picked":["Guardian:BronzeArmor","Guardian:Planning","Guardian:WalkerClaw"],"picked":"SKIP","floor":4.0},{"not_picked":["Guardian:Suspension","Guardian:Recover","Guardian:WalkerClaw"],"picked":"SKIP","floor":5.0},{"not_picked":["Guardian:VentSteam","Guardian:Incinerate","Guardian:BronzeArmor"],"picked":"SKIP","floor":6.0},{"not_picked":["Guardian:VentSteam","Guardian:Incinerate","Guardian:BronzeArmor"],"picked":"SKIP","floor":6.0},{"not_picked":["Guardian:BronzeArmor","Guardian:MultiBeam"],"picked":"Guardian:PrismaticBeam","floor":10.0},{"not_picked":["Guardian:SentryBeam","Guardian:Gem_Red"],"picked":"Guardian:Gem_Fragmented","floor":11.0},{"not_picked":["Guardian:Repulse","Guardian:Gem_Lightblue"],"picked":"Guardian:ExploitGems","floor":12.0},{"not_picked":["Guardian:WalkerClaw","Guardian:Planning","Guardian:SentryBeam"],"picked":"SKIP","floor":13.0},{"not_picked":["Guardian:ArmoredProtocol","Guardian:PrimingBeam"],"picked":"Guardian:Gem_Cyan","floor":14.0},{"not_picked":["Guardian:TemporalShield","Guardian:Preprogram","Guardian:RefractedBeam"],"picked":"SKIP","floor":15.0},{"not_picked":["Guardian:StasisField","Guardian:FastForward"],"picked":"Guardian:ExploitGems","floor":16.0},{"not_picked":["Guardian:SpikerProtocol","Guardian:SentryBeam","Guardian:RollAttack"],"picked":"SKIP","floor":19.0},{"not_picked":["Guardian:VentSteam","Guardian:Reroute","Guardian:ShieldCharger"],"picked":"SKIP","floor":22.0}],"player_experience":166116,"relics_obtained":[{"floor":7.0,"key":"AT_ForceNature"}],"event_choices":[{"damage_healed":0.0,"max_hp_gain":0.0,"max_hp_loss":0.0,"gold_gain":0.0,"event_name":"Lab","player_choice":"Got Potions","floor":8.0,"gold_loss":0.0,"damage_taken":0.0}],"is_beta":false,"boss_relics":[{"not_picked":["Snecko Eye","energizedSpire:MagnifyingGlass"],"picked":"Philosopher\u0027s Stone"}],"items_purged_floors":[14],"is_endless":false,"potions_floor_spawned":[10,11,16],"killed_by":"Snake Plant","ascension_level":1}}