{"host":"bxdue9bkfm2khp2x","time":1610352713,"event":{"mods":["ATMod(阿瑾Mod)","Aspiration","BaseMod","Better Vampires","Challenge The Spire","Colored Map","Colored Powertips","Conspire","Decade(王小明)","Dota2Spire","Highlight Path","Minty Spire (QoL Compilation)","MostiFishMod","Remilia（蕾米莉亚）","Replay The Spire","RumiaBox-露米娅的神秘盒子","Ryuuou龙王","Spicy Shops","StSLib","Td1madao Mod","The Alterego","The Bug Knight","The Cursed","The Servant 0.9.4","WarShipGirlsR/战舰少女R mod","noobMod","vexMod","【功能Mod】混沌之环修复补丁","【遗物卡牌】REMEMod","篝火指南"],"gold_per_floor":[119,135,135,135,149,149,149,149],"floor_reached":7,"playtime":263,"items_purged":[],"score":82,"play_id":"e2a2b42c-8028-4c23-889b-3be01e064350","local_time":"20210111161153","is_ascension_mode":true,"campfire_choices":[{"data":"Retrieval Recycling","floor":6,"key":"SMITH"}],"circlet_count":0,"master_deck":["AscendersBane","Strike_C","Strike_C","Strike_C","Strike_C","Defend_C","Defend_C","Defend_C","Defend_C","Knight Kick","Chip","rmod:secretscript","Floating Swing Kick","Injury","Retrieval Recycling+1"],"relics":["Apod","DaveBox","REME_ComplimentaryCards","ice","AT_ATBox","ThornShield","NeowsBlessing","SynthV:TestCard","Golden Idol","Frozen Egg 2"],"acts_visited":["Exordium"],"potions_floor_usage":[7],"damage_taken":[{"damage":0,"enemies":"2 Louse","floor":1,"turns":1},{"damage":0,"enemies":"Small Slimes","floor":2,"turns":1},{"damage":0,"enemies":"Cultist","floor":5,"turns":1},{"damage":41,"enemies":"Lagavulin","floor":7,"turns":9}],"seed_played":"-5877677293535708205","potions_obtained":[{"floor":5,"key":"Toxic Potion"}],"is_trial":false,"path_per_floor":["M","M","?","?","M","R","E"],"character_chosen":"TD1MADAO_CLASS","items_purchased":[],"campfire_rested":0,"item_purchase_floors":[],"current_hp_per_floor":[60,60,60,60,60,60,19,19],"gold":149,"neow_bonus":"THREE_ENEMY_KILL","is_daily":false,"chose_seed":false,"campfire_upgraded":1,"win_rate":0.0,"timestamp":1610352713,"path_taken":["M","M","?","?","M","R","E"],"items_purchased_type":[],"build_version":"2020-12-22","purchased_purges":0,"victory":false,"max_hp_per_floor":[67,67,61,61,61,61,61,61],"card_choices":[{"not_picked":["Resistance","White Contract","Three Hit"],"picked":"SKIP","floor":1},{"not_picked":["Fixing","Money Cant Rescue","Sudden Beat","Black Shadow"],"picked":"Floating Swing Kick","floor":2},{"not_picked":["Resistance","Cursed Blade","Floating Swing Kick","Winding Magic"],"picked":"Retrieval Recycling","floor":5}],"player_experience":1211948,"relics_obtained":[{"floor":1,"key":"SynthV:TestCard"}],"event_choices":[{"damage_healed":0,"gold_gain":0,"player_choice":"Lose Max HP","damage_taken":0,"relics_obtained":["Golden Idol"],"max_hp_gain":0,"max_hp_loss":6,"event_name":"Golden Idol","floor":3,"gold_loss":0}],"is_beta":false,"boss_relics":[],"items_purged_floors":[],"is_endless":false,"potions_floor_spawned":[5],"killed_by":"Lagavulin","ascension_level":20}}