{"host":"ty2cix8xj6r3ad26","time":1610393717,"event":{"mods":["AchievementEnabler","BaseMod","BetterRewards","Minty Spire (QoL Compilation)","StSLib","SuperFastMode","The Servant 0.9.4"],"gold_per_floor":[118,88,101,101,111,138,138,11,11,11,11,11],"floor_reached":11,"playtime":530,"items_purged":["Strike_B","Dualcast"],"score":103,"play_id":"a169a19f-ef4c-42cd-9408-368877654dda","local_time":"20210111213517","is_ascension_mode":true,"campfire_choices":[{"data":"Zap","floor":7,"key":"SMITH"}],"circlet_count":0,"master_deck":["Strike_B","Strike_B","Strike_B","Defend_B","Defend_B","Defend_B","Zap+1","Undo","Capacitor","Storm+1","Barrage+1"],"relics":["Cracked Core","Membership Card","Blue Candle","Incense Burner","Emotion Chip","Vajra","DataDisk","Mercury Hourglass"],"acts_visited":["Exordium"],"potions_floor_usage":[1,3,5,6,11],"damage_taken":[{"damage":0,"enemies":"2 Louse","floor":1,"turns":4},{"damage":0,"enemies":"Cultist","floor":3,"turns":3},{"damage":0,"enemies":"Jaw Worm","floor":5,"turns":5},{"damage":21,"enemies":"Lagavulin","floor":6,"turns":6},{"damage":0,"enemies":"Gremlin Nob","floor":11,"turns":2}],"seed_played":"8423125582094130902","potions_obtained":[{"floor":2,"key":"DistilledChaos"},{"floor":2,"key":"EssenceOfSteel"},{"floor":6,"key":"SteroidPotion"}],"is_trial":false,"path_per_floor":["M","?","M","?","M","E","R","$","T","?","E"],"character_chosen":"DEFECT","items_purchased":["Membership Card","Blue Candle","Incense Burner","Regen Potion","Block Potion","DataDisk","Storm","Barrage"],"campfire_rested":0,"item_purchase_floors":[0,0,0,0,0,8,8,8],"current_hp_per_floor":[33,33,33,26,40,19,19,19,19,4,4,4],"gold":11,"neow_bonus":"","is_daily":false,"chose_seed":false,"campfire_upgraded":1,"win_rate":0.0,"timestamp":1610393717,"path_taken":["M","?","?","?","M","E","R","$","T","?","E"],"items_purchased_type":["Relic","Relic","Relic","Potion","Potion","Relic","Card","Card"],"build_version":"2020-12-22","purchased_purges":2,"victory":false,"max_hp_per_floor":[75,75,75,75,75,75,75,75,75,75,75,75],"card_choices":[{"not_picked":["Steam","Heatsinks","Tempest"],"picked":"SKIP","floor":1},{"not_picked":["Doom and Gloom","Go for the Eyes","Redo"],"picked":"SKIP","floor":3},{"not_picked":["Chaos","Beam Cell"],"picked":"Undo","floor":5},{"not_picked":["Hello World","Seek"],"picked":"Capacitor","floor":6}],"player_experience":484067,"relics_obtained":[{"floor":6,"key":"Vajra"},{"floor":9,"key":"Mercury Hourglass"}],"event_choices":[{"damage_healed":0,"gold_gain":0,"player_choice":"Bought 2 Potions","damage_taken":0,"max_hp_gain":0,"max_hp_loss":0,"event_name":"The Woman in Blue","floor":2,"gold_loss":0},{"cards_removed":["Defend_B"],"damage_healed":0,"gold_gain":0,"player_choice":"Card Removal","damage_taken":7,"max_hp_gain":0,"max_hp_loss":0,"event_name":"Golden Wing","floor":4,"gold_loss":0},{"damage_healed":0,"gold_gain":0,"player_choice":"Entered Light","damage_taken":15,"max_hp_gain":0,"max_hp_loss":0,"event_name":"Shining Light","floor":10,"gold_loss":0,"cards_upgraded":["Storm","Barrage"]}],"is_beta":false,"boss_relics":[],"items_purged_floors":[0,0],"is_endless":false,"potions_floor_spawned":[6],"killed_by":"Gremlin Nob","ascension_level":9}}