{"host":"oiw60b5ins9fyx34","time":1610367014,"event":{"mods":["BaseMod","Colored Map","Colored Powertips","Minty Spire (QoL Compilation)","Permanent Neow","Quick Restart","Relic Stats","StSLib"],"gold_per_floor":[118,128,53,128,144,144,169,139,139,152,169,182,201,220,220,324,324,336,354,354,368,381,381,415,432,432,467,483,496,549,566,566,668,668,683,734,749,766,766,798,798,827,827,854,854,866,233,250,250,250,250,250,125,154,154],"floor_reached":56,"playtime":3427,"items_purged":["Strike_R","Strike_R","Strike_R"],"score":1387,"play_id":"19c3d424-57dc-47eb-b740-28ec9f6a8003","local_time":"20210111211014","is_ascension_mode":false,"campfire_choices":[{"data":"Bash","floor":6,"key":"SMITH"},{"data":"Uppercut","floor":15,"key":"SMITH"},{"data":"Bludgeon","floor":23,"key":"SMITH"},{"data":"Feel No Pain","floor":32,"key":"SMITH"},{"data":"Flame Barrier","floor":41,"key":"SMITH"},{"data":"Flame Barrier","floor":45,"key":"SMITH"},{"floor":49,"key":"RECALL"},{"data":"Feel No Pain","floor":52,"key":"SMITH"}],"circlet_count":0,"master_deck":["Strike_R","Strike_R","Defend_R","Defend_R","Defend_R","Defend_R","Bash+1","Pommel Strike","Searing Blow","Flame Barrier+1","Corruption","Uppercut+1","Shrug It Off","Bludgeon+1","Shrug It Off+1","Feel No Pain+1","Uppercut+1","Flame Barrier+1","Shockwave+1","Shrug It Off+1","Body Slam+1","Fire Breathing+1","Bludgeon+1","Feel No Pain+1","Intimidate"],"relics":["Snecko Eye","Ornamental Fan","Strawberry","Philosopher\u0027s Stone","Molten Egg 2","HornCleat","Pantograph","Bag of Preparation","Runic Cube","Thread and Needle","Orichalcum","Eternal Feather","Champion Belt","Dead Branch","Art of War"],"acts_visited":["Exordium","TheCity","TheBeyond","TheEnding"],"potions_floor_usage":[7,10,16,21,33,42,55,55],"damage_taken":[{"damage":0,"enemies":"Cultist","floor":1,"turns":2},{"damage":0,"enemies":"Small Slimes","floor":2,"turns":2},{"damage":0,"enemies":"2 Louse","floor":5,"turns":2},{"damage":0,"enemies":"Gremlin Nob","floor":7,"turns":2},{"damage":3,"enemies":"Blue Slaver","floor":10,"turns":3},{"damage":0,"enemies":"Red Slaver","floor":11,"turns":3},{"damage":0,"enemies":"2 Fungi Beasts","floor":12,"turns":4},{"damage":3,"enemies":"Looter","floor":13,"turns":2},{"damage":0,"enemies":"Large Slime","floor":14,"turns":3},{"damage":28,"enemies":"Slime Boss","floor":16,"turns":11},{"damage":0,"enemies":"Chosen","floor":18,"turns":2},{"damage":1,"enemies":"Shell Parasite","floor":19,"turns":4},{"damage":14,"enemies":"Chosen and Byrds","floor":21,"turns":4},{"damage":8,"enemies":"Cultist and Chosen","floor":22,"turns":4},{"damage":1,"enemies":"Slavers","floor":24,"turns":4},{"damage":11,"enemies":"Centurion and Healer","floor":25,"turns":4},{"damage":0,"enemies":"Gremlin Leader","floor":27,"turns":5},{"damage":4,"enemies":"3 Cultists","floor":28,"turns":5},{"damage":0,"enemies":"Snecko","floor":29,"turns":2},{"damage":0,"enemies":"Cultist and Chosen","floor":31,"turns":4},{"damage":38,"enemies":"Champ","floor":33,"turns":10},{"damage":0,"enemies":"Orb Walker","floor":35,"turns":1},{"damage":0,"enemies":"2 Orb Walkers","floor":36,"turns":3},{"damage":0,"enemies":"3 Darklings","floor":37,"turns":4},{"damage":0,"enemies":"Writhing Mass","floor":38,"turns":4},{"damage":0,"enemies":"Giant Head","floor":40,"turns":7},{"damage":20,"enemies":"Reptomancer","floor":42,"turns":4},{"damage":10,"enemies":"Giant Head","floor":44,"turns":7},{"damage":0,"enemies":"Spire Growth","floor":46,"turns":2},{"damage":6,"enemies":"4 Shapes","floor":48,"turns":4},{"damage":6,"enemies":"Awakened One","floor":50,"turns":6},{"damage":4,"enemies":"Shield and Spear","floor":54,"turns":5},{"damage":91,"enemies":"The Heart","floor":55,"turns":7}],"seed_played":"-4531775790620564885","potions_obtained":[{"floor":1,"key":"Ancient Potion"},{"floor":5,"key":"Fire Potion"},{"floor":8,"key":"DuplicationPotion"},{"floor":8,"key":"Weak Potion"},{"floor":10,"key":"Fruit Juice"},{"floor":13,"key":"DuplicationPotion"},{"floor":16,"key":"BloodPotion"},{"floor":19,"key":"Fire Potion"},{"floor":27,"key":"Explosive Potion"},{"floor":31,"key":"BloodPotion"},{"floor":36,"key":"CultistPotion"},{"floor":44,"key":"PowerPotion"}],"is_trial":false,"path_per_floor":["M","M","$","?","M","R","E","?","T","M","M","M","M","M","R","B",null,"M","M","?","M","M","R","E","M","T","E","M","M","T","M","R","B",null,"M","?","M","M","?","E","R","E","T","E","R","M","$","M","R","B",null,"R","$","E","B",null],"character_chosen":"IRONCLAD","items_purchased":["Dead Branch","Feel No Pain","FairyPotion","Intimidate"],"campfire_rested":0,"item_purchase_floors":[47,47,47,47],"current_hp_per_floor":[80,80,80,69,69,69,69,69,76,78,78,78,75,75,75,47,92,92,91,82,86,78,78,77,66,66,66,62,62,62,62,62,49,92,92,92,92,92,92,92,92,72,72,62,77,77,77,71,86,86,92,92,92,88,19],"gold":154,"neow_bonus":"BOSS_RELIC","is_daily":false,"chose_seed":false,"campfire_upgraded":7,"win_rate":0.0,"timestamp":1610367014,"path_taken":["M","M","$","?","M","R","E","?","T","M","M","M","M","?","R","BOSS","M","M","?","M","M","R","E","?","T","E","M","M","?","M","R","BOSS","M","?","M","M","?","E","R","E","T","E","R","?","$","M","R","BOSS","R","$","E","BOSS"],"items_purchased_type":["Relic","Card","Potion","Card"],"build_version":"2020-12-22","purchased_purges":3,"victory":true,"max_hp_per_floor":[80,80,80,80,80,80,80,80,87,92,92,92,92,92,92,92,92,92,92,92,92,92,92,92,92,92,92,92,92,92,92,92,92,92,92,92,92,92,92,92,92,92,92,92,92,92,92,92,92,92,92,92,92,92,92],"relic_stats":{"counters":[33,136],"Ornamental Fan":[236],"Pantograph":35,"Dead Branch":[83],"Snecko Eye":[274,268,280,247],"Eternal Feather":30,"Bag of Preparation":[28],"Art of War":[1],"Champion Belt":[25],"Orichalcum":[12],"obtain_stats":[{"Dead Branch":47,"Thread and Needle":36,"Eternal Feather":42,"Bag of Preparation":30,"Orichalcum":40,"Burning Blood":0,"HornCleat":26,"Ornamental Fan":7,"Strawberry":9,"Pantograph":27,"Snecko Eye":0,"Philosopher\u0027s Stone":17,"Molten Egg 2":24,"Art of War":54,"Champion Belt":44,"Runic Cube":34},{"Dead Branch":29,"Thread and Needle":23,"Eternal Feather":27,"Bag of Preparation":19,"Orichalcum":26,"Burning Blood":0,"HornCleat":16,"Ornamental Fan":4,"Strawberry":4,"Pantograph":17,"Snecko Eye":0,"Philosopher\u0027s Stone":10,"Molten Egg 2":15,"Art of War":32,"Champion Belt":28,"Runic Cube":21},{"Dead Branch":114,"Thread and Needle":86,"Eternal Feather":105,"Bag of Preparation":68,"Orichalcum":101,"Burning Blood":0,"HornCleat":56,"Ornamental Fan":8,"Strawberry":8,"Pantograph":61,"Snecko Eye":0,"Philosopher\u0027s Stone":34,"Molten Egg 2":52,"Art of War":129,"Champion Belt":112,"Runic Cube":82}],"Runic Cube":[30]},"card_choices":[{"not_picked":["Thunderclap","Hemokinesis"],"picked":"Pommel Strike","floor":1},{"not_picked":["Clash","Dropkick","Bloodletting"],"picked":"SKIP","floor":2},{"not_picked":["Twin Strike","Bloodletting"],"picked":"Searing Blow","floor":5},{"not_picked":["Power Through","Ghostly Armor"],"picked":"Flame Barrier","floor":7},{"not_picked":["Iron Wave","Body Slam","Flex"],"picked":"SKIP","floor":10},{"not_picked":["Wild Strike","Iron Wave"],"picked":"Corruption","floor":11},{"not_picked":["Clothesline","Perfected Strike"],"picked":"Uppercut","floor":12},{"not_picked":["Pommel Strike","Clash","Battle Trance"],"picked":"SKIP","floor":13},{"not_picked":["Headbutt","True Grit"],"picked":"Shrug It Off","floor":14},{"not_picked":["Double Tap","Brutality"],"picked":"Bludgeon","floor":16},{"not_picked":["Clash","Rampage"],"picked":"Shrug It Off+1","floor":18},{"not_picked":["Rage+1","Wild Strike"],"picked":"Feel No Pain","floor":19},{"not_picked":["Searing Blow+1","Thunderclap+1","Armaments"],"picked":"SKIP","floor":21},{"not_picked":["Metallicize+1","Sword Boomerang","Wild Strike"],"picked":"SKIP","floor":22},{"not_picked":["Searing Blow+1","Wild Strike+1","Pommel Strike+1"],"picked":"SKIP","floor":24},{"not_picked":["Clash+1","Iron Wave+1","Metallicize"],"picked":"SKIP","floor":25},{"not_picked":["Brutality","Blood for Blood+1","Pummel+1"],"picked":"SKIP","floor":27},{"not_picked":["Iron Wave+1","Feel No Pain+1"],"picked":"Uppercut+1","floor":28},{"not_picked":["True Grit","Rage"],"picked":"Flame Barrier","floor":29},{"not_picked":["Flex","Havoc"],"picked":"Shockwave+1","floor":31},{"not_picked":["Seeing Red+1","Fire Breathing","Rampage+1"],"picked":"SKIP","floor":35},{"not_picked":["Sword Boomerang+1","Warcry"],"picked":"Shrug It Off+1","floor":36},{"not_picked":["Iron Wave+1","Pommel Strike+1"],"picked":"Body Slam+1","floor":37},{"not_picked":["Feed+1","Pommel Strike+1"],"picked":"Fire Breathing+1","floor":38},{"not_picked":["Bloodletting+1","Rage+1","Pummel+1"],"picked":"SKIP","floor":40},{"not_picked":["Sentinel+1","Uppercut+1"],"picked":"Bludgeon+1","floor":42},{"not_picked":["True Grit+1","Iron Wave+1","Perfected Strike+1"],"picked":"SKIP","floor":44},{"not_picked":["Clash+1","Cleave+1","Heavy Blade+1"],"picked":"SKIP","floor":46},{"not_picked":["Body Slam+1","Sword Boomerang+1","Rupture"],"picked":"SKIP","floor":48},{"not_picked":["Second Wind+1","Twin Strike+1","Heavy Blade+1"],"picked":"SKIP","floor":54}],"player_experience":626027,"relics_obtained":[{"floor":7,"key":"Ornamental Fan"},{"floor":9,"key":"Strawberry"},{"floor":24,"key":"Molten Egg 2"},{"floor":26,"key":"HornCleat"},{"floor":27,"key":"Pantograph"},{"floor":30,"key":"Bag of Preparation"},{"floor":36,"key":"Thread and Needle"},{"floor":40,"key":"Orichalcum"},{"floor":42,"key":"Eternal Feather"},{"floor":44,"key":"Champion Belt"},{"floor":54,"key":"Art of War"}],"event_choices":[{"damage_healed":0,"gold_gain":75,"player_choice":"Gather Gold","damage_taken":11,"max_hp_gain":0,"max_hp_loss":0,"event_name":"World of Goop","floor":4,"gold_loss":0},{"damage_healed":0,"gold_gain":0,"player_choice":"Bought 2 Potions","damage_taken":0,"max_hp_gain":0,"max_hp_loss":0,"event_name":"The Woman in Blue","floor":8,"gold_loss":0},{"damage_healed":0,"gold_gain":0,"player_choice":"Damaged","damage_taken":9,"max_hp_gain":0,"max_hp_loss":0,"event_name":"Wheel of Change","floor":20,"gold_loss":0},{"damage_healed":0,"gold_gain":0,"player_choice":"Fight","damage_taken":0,"max_hp_gain":0,"max_hp_loss":0,"event_name":"Mysterious Sphere","floor":36,"gold_loss":0},{"damage_healed":0,"gold_gain":0,"player_choice":"Ignored","damage_taken":0,"max_hp_gain":0,"max_hp_loss":0,"event_name":"NoteForYourself","floor":39,"gold_loss":0}],"is_beta":false,"boss_relics":[{"not_picked":["Busted Crown","Tiny House"],"picked":"Philosopher\u0027s Stone"},{"not_picked":["Runic Dome","Runic Pyramid"],"picked":"Runic Cube"}],"items_purged_floors":[3,47,53],"is_endless":false,"potions_floor_spawned":[1,5,10,13,16,18,19,27,31,36,38,44,48,54],"ascension_level":0}}