{"host":"ci7cmvrwpmzqnw7e","time":1610398417,"event":{"mods":["BaseMod","BetterRewards","Colored Map","Downfall","GungeonMod","Highlight Path","Hubris","Infinite Spire","Minty Spire (QoL Compilation)","Random Character Button","Rare Cards Sparkle","Replay The Spire","Shop Mod","StSLib","The Disciple","The Forsaken","The Necromancer"],"gold_per_floor":[99,99,99,99,249,349,427,438,101,114,128,128,146,10,30,30,30],"floor_reached":16,"playtime":712,"items_purged":[],"score":90,"play_id":"88059bbe-a6f1-46b0-8097-b2b2746190c4","local_time":"20210111135337","is_ascension_mode":false,"campfire_choices":[{"data":"sneckomod:Unknown","floor":1,"key":"SMITH"},{"floor":12,"key":"REST"}],"circlet_count":0,"master_deck":["sneckomod:Strike","sneckomod:Strike","sneckomod:Strike","sneckomod:Defend","sneckomod:Defend","sneckomod:Defend","sneckomod:TailWhip","sneckomod:SnekBite","sneckomod:Unknown+1","sneckomod:Unknown","sneckomod:CheapStock","sneckomod:QuickBite","sneckomod:UnknownClassHEXA_GHOST_PURPLE","Slimebound:Icky","sneckomod:Nope","sneckomod:SerpentIdol","sneckomod:DiceCrush","sneckomod:QuickBite+1","Mind Blast","sneckomod:SoulRoll","sneckomod:IronFang","sneckomod:Mudshield","sneckomod:SoulRoll","Thinking Ahead","ReplayTheSpireMod:Private Reserves","expansioncontent:PolyBeam","sneckomod:Unknown1Cost"],"relics":["sneckomod:SneckoSoul","downfall:HeartsMalice","Darkstone Periapt","sneckomod:LoadedDie","ReplayTheSpireMod:ShopPack"],"acts_visited":["Exordium"],"potions_floor_usage":[16],"damage_taken":[{"damage":0,"enemies":"Small Slimes","floor":2,"turns":1},{"damage":0,"enemies":"Cultist","floor":3,"turns":1},{"damage":0,"enemies":"infinitespire:Voidling","floor":4,"turns":1},{"damage":27,"enemies":"Large Slime","floor":8,"turns":6},{"damage":7,"enemies":"downfall:FleeingMerchant","floor":9,"turns":4},{"damage":21,"enemies":"Exordium Thugs","floor":10,"turns":3},{"damage":8,"enemies":"2 Fungi Beasts","floor":11,"turns":2},{"damage":12,"enemies":"Exordium Wildlife","floor":13,"turns":3},{"damage":9,"enemies":"downfall:FleeingMerchant","floor":14,"turns":4},{"damage":11,"enemies":"Large Slime","floor":15,"turns":6},{"damage":38,"enemies":"downfall:Ironclad","floor":16,"turns":3}],"seed_played":"5618144582368740230","potions_obtained":[{"floor":10,"key":"PowerPotion"},{"floor":11,"key":"GamblersBrew"},{"floor":13,"key":"Elixir"},{"floor":15,"key":"Explosive Potion"}],"is_trial":false,"path_per_floor":["R_BF","M","M","M","?","?","T","M","$","M","M","R","M","$","M","B"],"character_chosen":"THE_SNECKO","items_purchased":["sneckomod:LoadedDie","sneckomod:DiceCrush","sneckomod:QuickBite+1","Mind Blast","ReplayTheSpireMod:ShopPack"],"campfire_rested":1,"item_purchase_floors":[9,9,9,9,14],"current_hp_per_floor":[90,90,90,91,91,91,91,64,57,40,32,59,47,38,38,0,0],"gold":30,"neow_bonus":"THREE_ENEMY_KILL","is_daily":false,"chose_seed":false,"campfire_upgraded":1,"win_rate":0.0,"timestamp":1610398417,"path_taken":["R_BF","M","M","M","?","?","T","M","$","?","?","R","M","$","M","BOSS"],"items_purchased_type":["Relic","Card","Card","Card","Relic"],"build_version":"2020-12-22","purchased_purges":0,"victory":false,"max_hp_per_floor":[90,90,90,91,91,91,91,91,91,91,91,91,91,91,92,92,92],"card_choices":[{"not_picked":["sneckomod:SoulCleanse","sneckomod:UnknownVulnerable"],"picked":"sneckomod:CheapStock","floor":2},{"not_picked":["sneckomod:UnknownWeak","sneckomod:UnknownClassCHRONO_GOLD"],"picked":"sneckomod:QuickBite","floor":3},{"not_picked":["sneckomod:UnknownCommonSkill","sneckomod:UnknownCommonAttack"],"picked":"sneckomod:UnknownClassHEXA_GHOST_PURPLE","floor":4},{"not_picked":["sneckomod:UnknownBlock","sneckomod:UnknownWeak"],"picked":"sneckomod:Nope","floor":8},{"not_picked":["sneckomod:UnknownBlock","sneckomod:Unknown0Cost"],"picked":"sneckomod:SerpentIdol","floor":9},{"not_picked":["sneckomod:DiceCrush","sneckomod:SerpentIdol"],"picked":"sneckomod:SoulRoll","floor":10},{"not_picked":["sneckomod:UnknownClassRED","sneckomod:SoulRoll"],"picked":"sneckomod:IronFang","floor":11},{"not_picked":["sneckomod:UnknownCommonAttack","sneckomod:DiceCrush"],"picked":"sneckomod:Mudshield","floor":13},{"not_picked":["sneckomod:IronFang","sneckomod:UnknownColorless"],"picked":"sneckomod:SoulRoll","floor":14},{"not_picked":["DemoMod:Invincible","Midas Touch"],"picked":"Thinking Ahead","floor":14},{"not_picked":["expansioncontent:FaceSlap","ReplayTheSpireMod:Trickstab"],"picked":"ReplayTheSpireMod:Private Reserves","floor":14},{"not_picked":["Trip","Deep Breath"],"picked":"expansioncontent:PolyBeam","floor":14},{"not_picked":["sneckomod:QuickBite","sneckomod:UnknownVulnerable"],"picked":"sneckomod:Unknown1Cost","floor":15}],"player_experience":52824,"relics_obtained":[{"floor":7,"key":"Darkstone Periapt"}],"event_choices":[],"is_beta":false,"boss_relics":[],"items_purged_floors":[],"is_endless":false,"potions_floor_spawned":[10,11,13,15],"killed_by":"downfall:Ironclad","ascension_level":0}}