{"host":"li7nr9q4d53iu1rb","time":1610381875,"event":{"mods":["AchievementEnabler","BaseMod","Colored Map","Colored Powertips","Highlight Path","Minty Spire (QoL Compilation)","Permanent Neow","Quick Restart","Random Character Button","StSLib"],"gold_per_floor":[119,119,419,494,504,504,518,547,547,560,560,560,154,170,170,170,170],"floor_reached":16,"playtime":891,"items_purged":["Strike_R"],"score":115,"play_id":"fe02670c-3448-40e1-9315-bc4a1e20cc22","local_time":"20210111121755","is_ascension_mode":true,"campfire_choices":[{"floor":6,"key":"REST"},{"floor":11,"key":"REST"},{"floor":15,"key":"REST"}],"circlet_count":0,"master_deck":["Strike_R","Strike_R","Strike_R","Defend_R+1","Defend_R","Defend_R","Defend_R","Bash","Offering","Body Slam+1","Ghostly Armor","Bloodletting","Anger","Body Slam","Impervious","Burning Pact","Anger","Dark Embrace","Ghostly Armor"],"relics":["Burning Blood","Old Coin","Nunchaku"],"acts_visited":["Exordium"],"potions_floor_usage":[16,16],"damage_taken":[{"damage":8,"enemies":"Small Slimes","floor":1,"turns":4},{"damage":6,"enemies":"Jaw Worm","floor":5,"turns":4},{"damage":0,"enemies":"2 Louse","floor":7,"turns":2},{"damage":48,"enemies":"3 Sentries","floor":8,"turns":18},{"damage":6,"enemies":"2 Fungi Beasts","floor":10,"turns":3},{"damage":6,"enemies":"Blue Slaver","floor":14,"turns":2},{"damage":82,"enemies":"The Guardian","floor":16,"turns":14}],"seed_played":"-4236764174283358431","potions_obtained":[{"floor":1,"key":"BloodPotion"},{"floor":7,"key":"FearPotion"}],"is_trial":false,"path_per_floor":["M","?","T","?","M","R","M","E","T","M","R","?","$","M","R","B"],"character_chosen":"IRONCLAD","items_purchased":["Impervious","Burning Pact","Anger","Dark Embrace"],"campfire_rested":3,"item_purchase_floors":[13,13,13,13],"current_hp_per_floor":[70,56,56,45,45,66,72,30,30,30,51,44,44,44,65,0,0],"gold":170,"neow_bonus":"THREE_RARE_CARDS","is_daily":false,"chose_seed":false,"campfire_upgraded":0,"win_rate":0.0,"timestamp":1610381875,"path_taken":["M","?","?","?","M","R","M","E","T","M","R","?","$","M","R","BOSS"],"items_purchased_type":["Card","Card","Card","Card"],"build_version":"2020-12-22","purchased_purges":1,"victory":false,"max_hp_per_floor":[72,72,72,72,72,72,72,72,72,72,72,72,72,72,72,72,72],"card_choices":[{"not_picked":["Corruption","Reaper"],"picked":"Offering","floor":0},{"not_picked":["Havoc","Headbutt"],"picked":"Body Slam","floor":1},{"not_picked":["Flex","Bludgeon"],"picked":"Ghostly Armor","floor":5},{"not_picked":["True Grit","Havoc"],"picked":"Bloodletting","floor":7},{"not_picked":["Shockwave","Heavy Blade"],"picked":"Anger","floor":8},{"not_picked":["Warcry","Havoc"],"picked":"Body Slam","floor":10},{"not_picked":["True Grit","Iron Wave"],"picked":"Ghostly Armor","floor":14}],"player_experience":234253,"relics_obtained":[{"floor":3,"key":"Old Coin"},{"floor":8,"key":"Nunchaku"}],"event_choices":[{"damage_healed":0,"gold_gain":0,"player_choice":"Entered Light","damage_taken":14,"max_hp_gain":0,"max_hp_loss":0,"event_name":"Shining Light","floor":2,"gold_loss":0,"cards_upgraded":["Body Slam","Defend_R"]},{"damage_healed":0,"gold_gain":75,"player_choice":"Gather Gold","damage_taken":11,"max_hp_gain":0,"max_hp_loss":0,"event_name":"World of Goop","floor":4,"gold_loss":0},{"cards_removed":["Strike_R"],"damage_healed":0,"gold_gain":0,"player_choice":"Card Removal","damage_taken":7,"max_hp_gain":0,"max_hp_loss":0,"event_name":"Golden Wing","floor":12,"gold_loss":0}],"is_beta":false,"boss_relics":[],"items_purged_floors":[13],"is_endless":false,"potions_floor_spawned":[1,7],"killed_by":"The Guardian","ascension_level":3}}