{"host":"fnk117zi8wf5078t","time":1610353725,"event":{"mods":["AchievementEnabler","BaseMod","Colored Map","Minty Spire (QoL Compilation)","Rare Cards Sparkle","SuperFastMode","everything is the same but u backflip on backflip"],"gold_per_floor":[133,184,224,224,224,224,293,364,391,415,26,120,132,215,227,239,239],"floor_reached":16,"playtime":457,"items_purged":["Injury"],"score":203,"play_id":"207f7e27-4456-456f-91fa-ff2765f172bc","local_time":"20210111172845","is_ascension_mode":true,"campfire_choices":[{"data":"HandOfGreed","floor":6.0,"key":"SMITH"},{"floor":15.0,"key":"REST"}],"circlet_count":0,"master_deck":["AscendersBane","Strike_R","Strike_R","Strike_R+1","Strike_R","Strike_R","Defend_R","Defend_R","Defend_R","Defend_R","Bash","HandOfGreed+1","Battle Trance","Body Slam+1","Uppercut","Rage","Reaper","Shockwave"],"relics":["Burning Blood","Golden Idol","Smiling Mask","Shovel","MawBank"],"acts_visited":["Exordium"],"potions_floor_usage":[],"damage_taken":[{"damage":1.0,"enemies":"2 Louse","floor":1.0,"turns":3.0},{"damage":4.0,"enemies":"Small Slimes","floor":2.0,"turns":4.0},{"damage":0.0,"enemies":"Cultist","floor":3.0,"turns":2.0},{"damage":0.0,"enemies":"3 Louse","floor":7.0,"turns":5.0},{"damage":11.0,"enemies":"2 Fungi Beasts","floor":8.0,"turns":5.0},{"damage":9.0,"enemies":"Looter","floor":10.0,"turns":4.0},{"damage":22.0,"enemies":"3 Sentries","floor":12.0,"turns":7.0},{"damage":16.0,"enemies":"3 Louse","floor":14.0,"turns":3.0},{"damage":68,"enemies":"Slime Boss","floor":16,"turns":8}],"seed_played":"-635818002866079296","potions_obtained":[{"floor":1.0,"key":"SkillPotion"},{"floor":12.0,"key":"Strength Potion"}],"is_trial":false,"path_per_floor":["M","M","M","?","?","R","M","M","T","M","$","E","$","M","R","B"],"character_chosen":"IRONCLAD","items_purchased":["Shovel"],"campfire_rested":1,"item_purchase_floors":[11],"current_hp_per_floor":[68,68,68,48,48,48,54,49,49,46,46,30,30,38,58,0,0],"gold":239,"neow_bonus":"RANDOM_COLORLESS_2","is_daily":false,"chose_seed":false,"campfire_upgraded":1,"win_rate":0.0,"timestamp":1610353725,"path_taken":["M","M","M","?","?","R","M","M","T","M","$","E","$","M","R","BOSS"],"items_purchased_type":["Relic"],"build_version":"2020-12-22","purchased_purges":1,"victory":false,"max_hp_per_floor":[68,68,68,68,68,68,68,68,68,68,68,68,68,68,68,68,68],"card_choices":[{"not_picked":["Apotheosis","Mayhem"],"picked":"HandOfGreed","floor":0.0},{"not_picked":["Flex","Shrug It Off"],"picked":"Battle Trance","floor":1.0},{"not_picked":["Clothesline","Headbutt","Heavy Blade"],"picked":"SKIP","floor":2.0},{"not_picked":["Infernal Blade","Iron Wave"],"picked":"Body Slam","floor":3.0},{"not_picked":["Whirlwind","Perfected Strike"],"picked":"Uppercut","floor":7.0},{"not_picked":["Headbutt","Twin Strike","Cleave"],"picked":"SKIP","floor":8.0},{"not_picked":["Body Slam","True Grit"],"picked":"Rage","floor":10.0},{"not_picked":["Sword Boomerang","Second Wind"],"picked":"Reaper","floor":12.0},{"not_picked":["Headbutt","Pommel Strike"],"picked":"Shockwave","floor":14.0}],"player_experience":372751,"relics_obtained":[{"floor":9.0,"key":"Smiling Mask"},{"floor":12.0,"key":"MawBank"}],"event_choices":[{"damage_healed":0.0,"max_hp_gain":0.0,"max_hp_loss":0.0,"gold_gain":0.0,"event_name":"Shining Light","player_choice":"Entered Light","floor":4.0,"gold_loss":0.0,"damage_taken":20.0,"cards_upgraded":["Body Slam","Strike_R"]},{"damage_healed":0.0,"max_hp_gain":0.0,"max_hp_loss":0.0,"gold_gain":0.0,"event_name":"Golden Idol","player_choice":"Take Wound","floor":5.0,"gold_loss":0.0,"damage_taken":0.0,"relics_obtained":["Golden Idol"],"cards_obtained":["Injury"]}],"is_beta":false,"boss_relics":[],"items_purged_floors":[11],"is_endless":false,"potions_floor_spawned":[1,12],"killed_by":"Slime Boss","ascension_level":19}}