{"host":"y3h3n3f7seyagppx","time":1610327048,"event":{"mods":["AlwaysNeverKeys","BaseMod","Better Vampires","Colored Powertips","DeckTracker","Emptier Cage","Minty Spire (QoL Compilation)","Permanent Neow","Quick Restart","Rare Cards Sparkle","Relic Sorter","Relic Stats","StSLib","Transform Curses"],"gold_per_floor":[114,154,174,174,189,189,253,253,253,253,337,337,371,425,425,515,515,589,605,628,628,346,346,419,419,419,460,460,508,551,597,597,720,720,800,879,137,137,212,277,368,439,439,554,554,620,448,448,448,448,448,448,448,17,48,48],"floor_reached":57,"playtime":14444,"items_purged":["Judgement","Parasite","LessonLearned+1"],"score":3334,"play_id":"2a995293-0d6c-4837-8b86-e759079d780b","local_time":"20210110200408","is_ascension_mode":true,"campfire_choices":[{"data":"Eruption","floor":6.0,"key":"SMITH"},{"data":"ThirdEye","floor":8.0,"key":"SMITH"},{"data":"CrushJoints","floor":15.0,"key":"SMITH"},{"data":"Brilliance","floor":23.0,"key":"SMITH"},{"floor":25.0,"key":"REST"},{"floor":28.0,"key":"REST"},{"floor":32,"key":"REST"},{"data":"Doubt","floor":45,"key":"PURGE"},{"data":"Decay","floor":49,"key":"PURGE"},{"data":"Vault","floor":53,"key":"SMITH"}],"circlet_count":0,"master_deck":["AscendersBane","Eruption+1","Vigilance+1","CarveReality+1","Wish+1","CrushJoints+1","ForeignInfluence+1","Wish+1","Halt+1","FlurryOfBlows+1","Brilliance+1","ThirdEye+1","InnerPeace+1","JustLucky+1","Brilliance+1","Adaptation+1","CutThroughFate+1","DeusExMachina+1","FlurryOfBlows+1","Meditate+1","WaveOfTheHand+1","Halt+1","Tantrum+1","MentalFortress+1","EmptyBody+1","ThirdEye+1","CutThroughFate+1","Omniscience+1","Vault+1","JustLucky+1","ThirdEye+1","FlurryOfBlows+1","Omniscience+1","Secret Technique+1","Halt+1"],"relics":["Pandora\u0027s Box","Golden Idol","Kunai","Calipers","Blood Vial","Prayer Wheel","Cursed Key","Melange","Orichalcum","InkBottle","Damaru","Coffee Dripper","Gambling Chip","Frozen Eye","Molten Egg 2","Unceasing Top","Peace Pipe","Ice Cream","Centennial Puzzle","Membership Card","Sundial","Vajra","Turnip","War Paint"],"acts_visited":["Exordium","TheCity","TheBeyond","TheEnding"],"potions_floor_usage":[36,56],"damage_taken":[{"damage":10.0,"enemies":"Jaw Worm","floor":1.0,"turns":4.0},{"damage":4.0,"enemies":"Small Slimes","floor":2.0,"turns":4.0},{"damage":0.0,"enemies":"Cultist","floor":3.0,"turns":2.0},{"damage":8.0,"enemies":"Exordium Thugs","floor":5.0,"turns":2.0},{"damage":14.0,"enemies":"Lagavulin","floor":7.0,"turns":6.0},{"damage":15.0,"enemies":"Lots of Slimes","floor":11.0,"turns":5.0},{"damage":0.0,"enemies":"Gremlin Nob","floor":13.0,"turns":2.0},{"damage":0.0,"enemies":"3 Louse","floor":14.0,"turns":6.0},{"damage":0.0,"enemies":"Slime Boss","floor":16.0,"turns":2.0},{"damage":0.0,"enemies":"Chosen","floor":18.0,"turns":3.0},{"damage":11.0,"enemies":"Shell Parasite","floor":19.0,"turns":5.0},{"damage":3.0,"enemies":"Sentry and Sphere","floor":20.0,"turns":3.0},{"damage":25.0,"enemies":"Gremlin Leader","floor":24.0,"turns":4.0},{"damage":4.0,"enemies":"Book of Stabbing","floor":27.0,"turns":4.0},{"damage":6.0,"enemies":"3 Cultists","floor":29.0,"turns":4.0},{"damage":12,"enemies":"Shelled Parasite and Fungi","floor":30,"turns":3},{"damage":0,"enemies":"Centurion and Healer","floor":31,"turns":3},{"damage":0,"enemies":"Collector","floor":33,"turns":8},{"damage":5,"enemies":"3 Shapes","floor":35,"turns":9},{"damage":0,"enemies":"Orb Walker","floor":36,"turns":2},{"damage":0,"enemies":"Spire Growth","floor":39,"turns":3},{"damage":3,"enemies":"Giant Head","floor":40,"turns":7},{"damage":0,"enemies":"Mind Bloom Boss Battle","floor":41,"turns":6},{"damage":8,"enemies":"Reptomancer","floor":42,"turns":6},{"damage":0,"enemies":"Transient","floor":44,"turns":6},{"damage":0,"enemies":"Nemesis","floor":46,"turns":6},{"damage":0,"enemies":"Donu and Deca","floor":50,"turns":6},{"damage":19,"enemies":"Time Eater","floor":51,"turns":13},{"damage":0,"enemies":"Shield and Spear","floor":55,"turns":4},{"damage":46,"enemies":"The Heart","floor":56,"turns":8}],"seed_played":"-2405086723662865740","potions_obtained":[{"floor":5.0,"key":"SneckoOil"},{"floor":10.0,"key":"Swift Potion"},{"floor":10.0,"key":"StancePotion"},{"floor":16.0,"key":"EntropicBrew"},{"floor":24.0,"key":"BlessingOfTheForge"},{"floor":27.0,"key":"PowerPotion"},{"floor":30,"key":"SneckoOil"},{"floor":39,"key":"EssenceOfSteel"},{"floor":41,"key":"FearPotion"},{"floor":44,"key":"StancePotion"},{"floor":55,"key":"GamblersBrew"}],"is_trial":false,"path_per_floor":["M","M","M","?","M","R","E","R","T","?","M","T","E","M","R","B",null,"M","M","M","?","$","R","E","R","T","E","R","M","M","M","R","B",null,"M","M","$","?","M","E","?","E","T","M","R","E","$","T","R","B","B",null,"R","$","E","B",null],"character_chosen":"WATCHER","items_purchased":["Melange","Meditate","Gambling Chip","Omniscience","Frozen Eye","Membership Card","Vajra","Turnip","Secret Technique"],"campfire_rested":3,"item_purchase_floors":[22,22,37,37,37,47,54,54,54],"current_hp_per_floor":[51,47,47,47,39,39,25,25,25,25,10,10,12,14,14,16,51,53,44,43,43,43,43,20,38,38,36,54,50,40,42,60,62,62,57,59,59,56,56,53,55,48,48,50,50,52,52,52,52,54,37,51,51,51,53,9],"gold":48,"neow_bonus":"BOSS_RELIC","is_daily":false,"chose_seed":false,"campfire_upgraded":5,"win_rate":0.0,"timestamp":1610327048,"path_taken":["M","M","M","?","M","R","E","R","T","?","?","?","E","M","R","BOSS","M","?","M","?","$","R","E","R","T","E","R","M","M","?","R","BOSS","M","M","$","?","M","E","?","E","T","M","R","E","$","?","R","BOSS","BOSS","R","$","E","BOSS"],"items_purchased_type":["Relic","Card","Relic","Card","Relic","Relic","Relic","Relic","Card"],"build_version":"2020-12-22","purchased_purges":3,"victory":true,"max_hp_per_floor":[68,68,68,62,62,62,62,62,62,62,62,62,62,62,62,62,62,62,62,62,62,62,62,62,62,62,62,62,62,62,62,62,62,62,62,62,59,56,56,56,56,56,56,56,56,56,56,56,56,56,56,56,56,56,56,56],"relic_stats":{"counters":[30,146],"Golden Idol":207,"Melange":[93],"Orichalcum":[30],"War Paint":["Secret Technique"],"Cursed Key":3,"Blood Vial":41,"Peace Pipe":2,"Centennial Puzzle":[6],"Sundial":[6],"Gambling Chip":[45],"Pandora\u0027s Box":["CarveReality","Wish","CrushJoints","Judgement","LessonLearned","ForeignInfluence","Wish","Halt"],"Prayer Wheel":11,"Turnip":[2],"Kunai":[106],"obtain_stats":[{"Ice Cream":43,"Calipers":9,"Melange":22,"Vajra":54,"Cursed Key":17,"Blood Vial":12,"Frozen Eye":37,"Centennial Puzzle":46,"Sundial":48,"Gambling Chip":37,"Prayer Wheel":13,"Kunai":7,"InkBottle":26,"Golden Idol":4,"Damaru":27,"Orichalcum":24,"War Paint":55,"Peace Pipe":42,"Pandora\u0027s Box":0,"Molten Egg 2":40,"Turnip":54,"Coffee Dripper":34,"Membership Card":47,"PureWater":0,"Unceasing Top":41},{"Ice Cream":24,"Calipers":5,"Melange":12,"Vajra":28,"Cursed Key":9,"Blood Vial":6,"Frozen Eye":20,"Centennial Puzzle":26,"Sundial":26,"Gambling Chip":20,"Prayer Wheel":7,"Kunai":5,"InkBottle":13,"Golden Idol":3,"Damaru":14,"Orichalcum":13,"War Paint":29,"Peace Pipe":24,"Pandora\u0027s Box":0,"Molten Egg 2":22,"Turnip":28,"Coffee Dripper":18,"Membership Card":26,"PureWater":0,"Unceasing Top":23},{"Ice Cream":103,"Calipers":18,"Melange":44,"Vajra":134,"Cursed Key":33,"Blood Vial":23,"Frozen Eye":81,"Centennial Puzzle":115,"Sundial":115,"Gambling Chip":81,"Prayer Wheel":25,"Kunai":18,"InkBottle":48,"Golden Idol":10,"Damaru":52,"Orichalcum":48,"War Paint":138,"Peace Pipe":103,"Pandora\u0027s Box":0,"Molten Egg 2":91,"Turnip":134,"Coffee Dripper":70,"Membership Card":115,"PureWater":0,"Unceasing Top":97}],"InkBottle":[74],"Unceasing Top":[13]},"card_choices":[{"not_picked":["Evaluate","Crescendo","SignatureMove"],"picked":"SKIP","floor":1.0},{"not_picked":["Collect","WreathOfFlame"],"picked":"FlurryOfBlows","floor":2.0},{"not_picked":["FlyingSleeves","Wallop"],"picked":"Brilliance","floor":3.0},{"not_picked":["BowlingBash","Prostrate","ThirdEye"],"picked":"SKIP","floor":5.0},{"not_picked":["BowlingBash","Prostrate"],"picked":"ThirdEye","floor":5.0},{"not_picked":["ConjureBlade","SashWhip","Worship"],"picked":"SKIP","floor":7.0},{"not_picked":["SandsOfTime","Consecrate"],"picked":"InnerPeace","floor":11.0},{"not_picked":["CutThroughFate","BattleHymn"],"picked":"JustLucky","floor":13.0},{"not_picked":["Nirvana","Prostrate","Collect"],"picked":"SKIP","floor":14.0},{"not_picked":["ReachHeaven","FlyingSleeves","SignatureMove"],"picked":"SKIP","floor":14.0},{"not_picked":["ConjureBlade","MasterReality"],"picked":"Brilliance","floor":16.0},{"not_picked":["WheelKick","ForeignInfluence"],"picked":"Adaptation","floor":18.0},{"not_picked":["Protect","Crescendo","CutThroughFate"],"picked":"SKIP","floor":18.0},{"not_picked":["Protect","Crescendo","CutThroughFate"],"picked":"SKIP","floor":18.0},{"not_picked":["Protect","Crescendo"],"picked":"CutThroughFate","floor":18.0},{"not_picked":["ThirdEye","EmptyFist"],"picked":"DeusExMachina","floor":19.0},{"not_picked":["Crescendo","FlyingSleeves","ReachHeaven+1"],"picked":"SKIP","floor":19.0},{"not_picked":["CrushJoints","Adaptation"],"picked":"FlurryOfBlows","floor":20.0},{"not_picked":["EmptyBody","FollowUp","Prostrate"],"picked":"SKIP","floor":20.0},{"not_picked":["Evaluate","Collect","BattleHymn"],"picked":"SKIP","floor":24.0},{"not_picked":["ClearTheMind","FlyingSleeves"],"picked":"WaveOfTheHand","floor":27.0},{"not_picked":["Meditate","WaveOfTheHand"],"picked":"Halt","floor":29.0},{"not_picked":["FearNoEvil","Perseverance"],"picked":"Tantrum","floor":29.0},{"not_picked":["Devotion","ThirdEye"],"picked":"MentalFortress","floor":30},{"not_picked":["Indignation","Evaluate+1","PathToVictory"],"picked":"SKIP","floor":30},{"not_picked":["BowlingBash","Evaluate","Swivel"],"picked":"SKIP","floor":31},{"not_picked":["ClearTheMind","SignatureMove","Perseverance"],"picked":"SKIP","floor":31},{"not_picked":["WindmillStrike","BowlingBash"],"picked":"EmptyBody+1","floor":35},{"not_picked":["EmptyBody","Conclude","Indignation"],"picked":"SKIP","floor":35},{"not_picked":["CrushJoints","DeusExMachina"],"picked":"ThirdEye+1","floor":36},{"not_picked":["ClearTheMind","Adaptation+1"],"picked":"CutThroughFate+1","floor":36},{"not_picked":["Adaptation","Study+1","FlyingSleeves"],"picked":"SKIP","floor":39},{"not_picked":["Pray+1","Crescendo","LikeWater+1"],"picked":"SKIP","floor":39},{"not_picked":["ClearTheMind+1","Adaptation"],"picked":"Vault","floor":40},{"not_picked":["WaveOfTheHand","FlyingSleeves+1"],"picked":"JustLucky+1","floor":41},{"not_picked":["Vengeance","Fasting2","Indignation"],"picked":"SKIP","floor":42},{"not_picked":["Vengeance","Fasting2","Indignation"],"picked":"SKIP","floor":42},{"not_picked":["EmptyBody","WheelKick+1"],"picked":"ThirdEye+1","floor":44},{"not_picked":["Crescendo","FollowUp+1"],"picked":"FlurryOfBlows+1","floor":44},{"not_picked":["FearNoEvil+1","Swivel"],"picked":"Omniscience","floor":46},{"not_picked":["Alpha","BowlingBash+1"],"picked":"Halt+1","floor":55}],"player_experience":20653442,"relics_obtained":[{"floor":7.0,"key":"Kunai"},{"floor":9.0,"key":"Calipers"},{"floor":12.0,"key":"Blood Vial"},{"floor":13.0,"key":"Prayer Wheel"},{"floor":24.0,"key":"Orichalcum"},{"floor":26.0,"key":"InkBottle"},{"floor":27.0,"key":"Damaru"},{"floor":40,"key":"Molten Egg 2"},{"floor":41,"key":"Unceasing Top"},{"floor":42,"key":"Peace Pipe"},{"floor":43,"key":"Ice Cream"},{"floor":46,"key":"Centennial Puzzle"},{"floor":48,"key":"Sundial"},{"floor":55,"key":"War Paint"}],"event_choices":[{"damage_healed":0.0,"max_hp_gain":0.0,"max_hp_loss":6.0,"gold_gain":0.0,"event_name":"Golden Idol","player_choice":"Lose Max HP","floor":4.0,"gold_loss":0.0,"damage_taken":0.0,"relics_obtained":["Golden Idol"]},{"damage_healed":0.0,"max_hp_gain":0.0,"max_hp_loss":0.0,"gold_gain":0.0,"event_name":"Lab","player_choice":"Got Potions","floor":10.0,"gold_loss":0.0,"damage_taken":0.0},{"damage_healed":0.0,"max_hp_gain":0.0,"max_hp_loss":0.0,"gold_gain":0.0,"event_name":"Accursed Blacksmith","player_choice":"Forge","floor":21.0,"gold_loss":0.0,"damage_taken":0.0,"cards_upgraded":["CutThroughFate"]},{"damage_healed":0,"gold_gain":0,"player_choice":"Max HP","damage_taken":0,"max_hp_gain":0,"max_hp_loss":3,"event_name":"Winding Halls","floor":38,"gold_loss":0},{"damage_healed":0,"gold_gain":0,"player_choice":"Fight","damage_taken":0,"max_hp_gain":0,"max_hp_loss":0,"event_name":"MindBloom","floor":41,"gold_loss":0}],"is_beta":false,"boss_relics":[{"not_picked":["Empty Cage","Tiny House"],"picked":"Cursed Key"},{"not_picked":["Astrolabe","Calling Bell"],"picked":"Coffee Dripper"}],"items_purged_floors":[22,37,54],"is_endless":false,"potions_floor_spawned":[5,11,16,24,27,30,33,39,41,44,55],"ascension_level":20}}