{"host":"cjhtzh7tp54jdfyv","time":1610345527,"event":{"mods":["AchievementEnabler","BaseMod","Colored Map","Colored Powertips","Curses Come First","DeckTracker","Filter the Spire","Minty Spire (QoL Compilation)","RNG Fix","Relic Sorter","Relic Stats","StSLib","UnlockEverythingMod","ojb\u0027s Better Paths Mod","ojb\u0027s Info Mod"],"gold_per_floor":[109,109,128,53,53,85,103,137,137,137,166,40,73,93,93,165,165,176,51,51,64,80,80,105,105,105,105,120,120,147,147,147,147,147],"floor_reached":33,"playtime":1805,"items_purged":["Defend_P","Defend_P","Defend_P"],"score":672,"play_id":"1984ca1f-4aec-494f-8877-1e180f9e445e","local_time":"20210111011207","is_ascension_mode":true,"campfire_choices":[{"data":"Eruption","floor":10.0,"key":"SMITH"},{"floor":15.0,"key":"REST"},{"data":"SignatureMove","floor":23.0,"key":"SMITH"},{"data":"TalkToTheHand","floor":25.0,"key":"SMITH"},{"floor":27.0,"key":"REST"},{"data":"InnerPeace","floor":32,"key":"SMITH"}],"circlet_count":0,"master_deck":["AscendersBane","Strike_P","Strike_P","Strike_P","Strike_P","Eruption+1","Vigilance","SignatureMove+1","Weave","Tantrum","FearNoEvil","JustLucky","EmptyMind","FlurryOfBlows","TalkToTheHand+1","JustLucky+1","InnerPeace+1"],"relics":["Cursed Key","Question Card","Kunai","Strawberry","TeardropLocket","Black Star","Molten Egg 2","Akabeko","Turnip","Unceasing Top"],"acts_visited":["Exordium","TheCity"],"potions_floor_usage":[33],"damage_taken":[{"damage":7.0,"enemies":"2 Louse","floor":1.0,"turns":4.0},{"damage":5.0,"enemies":"Small Slimes","floor":3.0,"turns":2.0},{"damage":20.0,"enemies":"Lagavulin","floor":6.0,"turns":4.0},{"damage":0.0,"enemies":"Cultist","floor":7.0,"turns":2.0},{"damage":6.0,"enemies":"Gremlin Nob","floor":8.0,"turns":3.0},{"damage":0.0,"enemies":"Lagavulin","floor":11.0,"turns":2.0},{"damage":13.0,"enemies":"3 Sentries","floor":13.0,"turns":4.0},{"damage":0.0,"enemies":"Gremlin Gang","floor":14.0,"turns":2.0},{"damage":26.0,"enemies":"The Guardian","floor":16.0,"turns":8.0},{"damage":0.0,"enemies":"3 Byrds","floor":18.0,"turns":3.0},{"damage":12.0,"enemies":"Shell Parasite","floor":21.0,"turns":2.0},{"damage":0.0,"enemies":"Centurion and Healer","floor":22.0,"turns":2.0},{"damage":38.0,"enemies":"Gremlin Leader","floor":24.0,"turns":3.0},{"damage":0.0,"enemies":"3 Cultists","floor":28.0,"turns":2.0},{"damage":14,"enemies":"Slavers","floor":30,"turns":3},{"damage":20,"enemies":"Champ","floor":33,"turns":1}],"seed_played":"6540543364717608487","potions_obtained":[{"floor":3.0,"key":"BlessingOfTheForge"},{"floor":6.0,"key":"Explosive Potion"},{"floor":14.0,"key":"LiquidBronze"},{"floor":16.0,"key":"Dexterity Potion"},{"floor":24.0,"key":"DuplicationPotion"},{"floor":31,"key":"GamblersBrew"}],"is_trial":false,"path_per_floor":["M","?","M","$","?","E","M","E","T","R","E","$","E","M","R","B",null,"M","$","?","M","M","R","E","R","T","R","M","$","E","?","R","B"],"character_chosen":"WATCHER","items_purchased":["JustLucky"],"campfire_rested":2,"item_purchase_floors":[12],"current_hp_per_floor":[54,47,42,42,42,22,22,16,16,16,23,23,10,10,32,6,58,58,58,58,46,46,46,8,8,8,30,30,30,16,16,16,0,0],"gold":147,"neow_bonus":"BOSS_RELIC","is_daily":false,"chose_seed":false,"campfire_upgraded":4,"win_rate":0.0,"timestamp":1610345527,"path_taken":["M","?","M","$","?","E","M","E","T","R","E","$","E","M","R","BOSS","M","?","?","M","M","R","E","R","T","R","M","$","E","?","R","BOSS"],"items_purchased_type":["Card"],"build_version":"2020-12-22","purchased_purges":3,"victory":false,"max_hp_per_floor":[68,68,68,68,68,68,68,68,68,68,75,75,75,75,75,75,75,75,75,75,75,75,75,75,75,75,75,75,75,75,75,75,75,75],"relic_stats":{"counters":[16,47],"Turnip":[0],"Black Star":2,"Kunai":[35],"Cursed Key":0,"Question Card":12,"obtain_stats":[{"Strawberry":11,"Molten Egg 2":24,"Turnip":30,"Black Star":17,"Kunai":8,"TeardropLocket":13,"PureWater":0,"Cursed Key":0,"Question Card":6,"Akabeko":24,"Unceasing Top":30},{"Strawberry":6,"Molten Egg 2":13,"Turnip":15,"Black Star":9,"Kunai":5,"TeardropLocket":7,"PureWater":0,"Cursed Key":0,"Question Card":3,"Akabeko":13,"Unceasing Top":15},{"Strawberry":17,"Molten Egg 2":41,"Turnip":46,"Black Star":31,"Kunai":15,"TeardropLocket":21,"PureWater":0,"Cursed Key":0,"Question Card":10,"Akabeko":41,"Unceasing Top":46}],"Unceasing Top":[4]},"card_choices":[{"not_picked":["Meditate","EmptyBody"],"picked":"SignatureMove","floor":1.0},{"not_picked":["Prostrate","ClearTheMind","Crescendo"],"picked":"SKIP","floor":3.0},{"not_picked":["PathToVictory","CrushJoints","Swivel"],"picked":"SKIP","floor":6.0},{"not_picked":["FollowUp","WreathOfFlame","ForeignInfluence"],"picked":"Weave","floor":7.0},{"not_picked":["CutThroughFate","JustLucky","Wallop"],"picked":"Tantrum","floor":8.0},{"not_picked":["Wish","ThirdEye","Weave"],"picked":"FearNoEvil","floor":11.0},{"not_picked":["Conclude","Halt","Prostrate"],"picked":"EmptyMind","floor":13.0},{"not_picked":["Prostrate","BattleHymn","Consecrate","ClearTheMind"],"picked":"SKIP","floor":14.0},{"not_picked":["Crescendo","Nirvana","Weave"],"picked":"FlurryOfBlows","floor":18.0},{"not_picked":["Crescendo","WreathOfFlame","ClearTheMind"],"picked":"TalkToTheHand","floor":21.0},{"not_picked":["EmptyFist","Prostrate","ForeignInfluence","FollowUp+1"],"picked":"SKIP","floor":22.0},{"not_picked":["Consecrate+1","ClearTheMind","LikeWater"],"picked":"JustLucky+1","floor":24.0},{"not_picked":["Alpha","Crescendo","Fasting2","Protect+1"],"picked":"SKIP","floor":28.0},{"not_picked":["ThirdEye","FearNoEvil+1","ReachHeaven+1"],"picked":"InnerPeace","floor":30}],"player_experience":4437782,"relics_obtained":[{"floor":6.0,"key":"Question Card"},{"floor":8.0,"key":"Kunai"},{"floor":11.0,"key":"Strawberry"},{"floor":13.0,"key":"TeardropLocket"},{"floor":24.0,"key":"Molten Egg 2"},{"floor":24.0,"key":"Akabeko"},{"floor":30,"key":"Turnip"},{"floor":30,"key":"Unceasing Top"}],"event_choices":[{"cards_removed":["Defend_P"],"damage_healed":0.0,"max_hp_gain":0.0,"max_hp_loss":0.0,"gold_gain":0.0,"event_name":"Golden Wing","player_choice":"Card Removal","floor":2.0,"gold_loss":0.0,"damage_taken":7.0},{"damage_healed":0.0,"max_hp_gain":0.0,"max_hp_loss":0.0,"gold_gain":0.0,"event_name":"Liars Game","player_choice":"Ignored","floor":5.0,"gold_loss":0.0,"damage_taken":0.0},{"damage_healed":0,"gold_gain":0,"player_choice":"Got Potions","damage_taken":0,"max_hp_gain":0,"max_hp_loss":0,"event_name":"Lab","floor":31,"gold_loss":0}],"is_beta":false,"boss_relics":[{"not_picked":["Fusion Hammer","SacredBark"],"picked":"Black Star"}],"items_purged_floors":[4,12,19],"is_endless":false,"potions_floor_spawned":[3,6,14,16,24,30],"killed_by":"Champ","ascension_level":20}}