{"host":"zex3ujd3lwod1gma","time":1610405321,"event":{"mods":["BaseMod","Better Vampires","Better-Laid Plans","Custom Start","Minty Spire (QoL Compilation)","MostiFishMod","Quick Restart","Relic Stats","StSLib","[地精首领爬塔]The Maniac","篝火指南"],"gold_per_floor":[113,129,142,158,176,176,188,188,215,228,241,241,270,288,288,362,362,378,378,303,318,337,366,378,424,486,515,539,551,592,621,1,87,99,129,152,177,205,236,283,295,207,234,264,276,21,47,57,57,57,57,57,57,57,91,91],"floor_reached":57,"playtime":1248,"items_purged":["Strike_G","Defend_G","Defend_G","Strike_G"],"score":3753,"play_id":"d73e7e8d-d04a-4f46-95ad-5f6d7f0876a7","local_time":"20210112064841","is_ascension_mode":true,"campfire_choices":[{"data":"Blade Dance","floor":6,"key":"SMITH"},{"data":"Well Laid Plans","floor":8,"key":"SMITH"},{"data":"Terror","floor":12,"key":"SMITH"},{"floor":15,"key":"RECALL"},{"data":"MostiFishMod:Opportunism","floor":24,"key":"SMITH"},{"data":"MostiFishMod:Confrontation","floor":29,"key":"SMITH"},{"data":"MostiFishMod:WinterMarkForm","floor":41,"key":"SMITH"},{"data":"Adrenaline","floor":49,"key":"SMITH"},{"data":"Neutralize","floor":53,"key":"SMITH"}],"circlet_count":0,"master_deck":["AscendersBane","Strike_G","Strike_G","Strike_G","Defend_G","Defend_G","Survivor","Neutralize+1","Blade Dance+1","Well Laid Plans+1","Terror+1","Blur","MostiFishMod:Opportunism+1","MostiFishMod:Confrontation+1","Acrobatics+1","MostiFishMod:WinterMarkForm+1","Adrenaline+1"],"relics":["Ring of the Serpent","DaveBox","Civilization","NeowsBlessing","SynthV:TestCard","Bag of Marbles","Bag of Preparation","MawBank","Orichalcum","Omamori","Regal Pillow","The Courier","Lantern","Art of War","Black Star","PreservedInsect","Pen Nib","Anchor","Boot","Medical Kit","MealTicket","Strawberry","CombinedTypeHook","Oddly Smooth Stone"],"acts_visited":["Exordium","TheCity","TheBeyond","TheEnding"],"potions_floor_usage":[56],"damage_taken":[{"damage":0,"enemies":"2 Louse","floor":1,"turns":1},{"damage":0,"enemies":"Cultist","floor":2,"turns":1},{"damage":0,"enemies":"Small Slimes","floor":3,"turns":1},{"damage":0,"enemies":"Looter","floor":4,"turns":1},{"damage":0,"enemies":"Large Slime","floor":5,"turns":2},{"damage":0,"enemies":"Red Slaver","floor":7,"turns":2},{"damage":0,"enemies":"2 Fungi Beasts","floor":10,"turns":2},{"damage":0,"enemies":"Looter","floor":11,"turns":2},{"damage":0,"enemies":"Lagavulin","floor":13,"turns":3},{"damage":0,"enemies":"Lots of Slimes","floor":14,"turns":2},{"damage":29,"enemies":"Hexaghost","floor":16,"turns":4},{"damage":0,"enemies":"3 Byrds","floor":18,"turns":1},{"damage":0,"enemies":"Shell Parasite","floor":21,"turns":1},{"damage":0,"enemies":"Sentry and Sphere","floor":22,"turns":1},{"damage":0,"enemies":"Gremlin Leader","floor":23,"turns":1},{"damage":10,"enemies":"Book of Stabbing","floor":25,"turns":2},{"damage":0,"enemies":"Chosen and Byrds","floor":27,"turns":1},{"damage":0,"enemies":"Shelled Parasite and Fungi","floor":28,"turns":1},{"damage":0,"enemies":"Gremlin Leader","floor":30,"turns":1},{"damage":0,"enemies":"Centurion and Healer","floor":31,"turns":1},{"damage":0,"enemies":"Automaton","floor":33,"turns":3},{"damage":0,"enemies":"3 Shapes","floor":35,"turns":1},{"damage":0,"enemies":"Orb Walker","floor":36,"turns":1},{"damage":0,"enemies":"Spire Growth","floor":37,"turns":1},{"damage":0,"enemies":"3 Darklings","floor":38,"turns":1},{"damage":0,"enemies":"Writhing Mass","floor":39,"turns":1},{"damage":0,"enemies":"Reptomancer","floor":40,"turns":1},{"damage":0,"enemies":"Nemesis","floor":44,"turns":1},{"damage":0,"enemies":"Spire Growth","floor":45,"turns":1},{"damage":0,"enemies":"Reptomancer","floor":47,"turns":1},{"damage":0,"enemies":"Sphere and 2 Shapes","floor":48,"turns":1},{"damage":0,"enemies":"Donu and Deca","floor":50,"turns":2},{"damage":0,"enemies":"Time Eater","floor":51,"turns":1},{"damage":0,"enemies":"Shield and Spear","floor":55,"turns":2},{"damage":0,"enemies":"The Heart","floor":56,"turns":4}],"seed_played":"-9073968452199303441","potions_obtained":[{"floor":2,"key":"DuplicationPotion"},{"floor":3,"key":"Explosive Potion"},{"floor":10,"key":"EntropicBrew"}],"is_trial":false,"path_per_floor":["M","M","M","M","M","R","M","R","T","M","M","R","E","M","R","B",null,"M","?","$","M","M","E","R","E","T","M","M","R","E","M","R","B",null,"M","M","M","M","M","E","R","$","T","E","M","$","E","M","R","B","B",null,"R","$","E","B",null],"character_chosen":"THE_SILENT","items_purchased":["The Courier","Lantern","Art of War","Medical Kit"],"campfire_rested":0,"item_purchase_floors":[32,32,32,46],"current_hp_per_floor":[61,64,69,75,82,82,90,90,90,100,111,111,123,140,140,129,156,177,177,177,199,223,250,250,268,268,298,330,330,363,398,398,436,450,491,533,576,625,675,728,728,728,728,782,837,837,902,963,963,1026,1090,1094,1094,1095,1161,1228],"gold":91,"neow_bonus":"THREE_ENEMY_KILL","is_daily":false,"chose_seed":false,"campfire_upgraded":8,"win_rate":0.0,"timestamp":1610405321,"path_taken":["M","M","M","M","M","R","M","R","T","M","M","R","E","M","R","BOSS","M","?","$","M","M","E","R","E","T","M","M","R","E","M","R","BOSS","M","M","M","?","M","E","R","$","T","E","M","$","E","M","R","BOSS","BOSS","R","$","E","BOSS"],"items_purchased_type":["Relic","Relic","Relic","Relic"],"build_version":"2020-12-22","purchased_purges":4,"victory":true,"max_hp_per_floor":[68,71,76,82,89,89,97,97,97,107,118,118,130,147,147,165,165,186,186,186,208,232,259,259,287,287,317,349,349,382,417,417,455,455,496,538,581,630,680,733,733,733,733,787,842,842,907,968,968,1031,1095,1095,1095,1095,1161,1228],"relic_stats":{"Regal Pillow":0,"counters":[35,53],"PreservedInsect":190,"Pen Nib":[3],"Bag of Preparation":[52],"Orichalcum":[0],"MawBank":228,"Boot":[0],"Medical Kit":[2],"MealTicket":1,"Art of War":[0],"Black Star":4,"obtain_stats":[{"CombinedTypeHook":55,"Regal Pillow":30,"Lantern":32,"DaveBox":0,"Bag of Preparation":13,"Boot":44,"Civilization":0,"Strawberry":47,"MealTicket":47,"Ring of the Snake":0,"NeowsBlessing":0,"Oddly Smooth Stone":55,"The Courier":32,"PreservedInsect":40,"Pen Nib":40,"Omamori":26,"Orichalcum":25,"MawBank":23,"Medical Kit":46,"Anchor":44,"SynthV:TestCard":1,"Bag of Marbles":9,"Art of War":32,"Black Star":34,"Ring of the Serpent":17},{"CombinedTypeHook":34,"Regal Pillow":19,"Lantern":20,"DaveBox":0,"Bag of Preparation":9,"Boot":28,"Civilization":0,"Strawberry":30,"MealTicket":30,"Ring of the Snake":0,"NeowsBlessing":0,"Oddly Smooth Stone":34,"The Courier":20,"PreservedInsect":27,"Pen Nib":27,"Omamori":16,"Orichalcum":16,"MawBank":15,"Medical Kit":29,"Anchor":28,"SynthV:TestCard":1,"Bag of Marbles":6,"Art of War":20,"Black Star":21,"Ring of the Serpent":11},{"CombinedTypeHook":49,"Regal Pillow":30,"Lantern":31,"DaveBox":0,"Bag of Preparation":15,"Boot":41,"Civilization":0,"Strawberry":43,"MealTicket":43,"Ring of the Snake":0,"NeowsBlessing":0,"Oddly Smooth Stone":49,"The Courier":31,"PreservedInsect":40,"Pen Nib":40,"Omamori":27,"Orichalcum":27,"MawBank":25,"Medical Kit":42,"Anchor":41,"SynthV:TestCard":1,"Bag of Marbles":8,"Art of War":31,"Black Star":34,"Ring of the Serpent":21}]},"card_choices":[{"not_picked":["Sucker Punch","MostiFishMod:PerfectParry","Quick Slash"],"picked":"SKIP","floor":1},{"not_picked":["Riddle With Holes","Eviscerate","Underhanded Strike","Sucker Punch"],"picked":"Blade Dance","floor":2},{"not_picked":["Backflip","Dagger Throw","Escape Plan","Bane"],"picked":"Well Laid Plans","floor":3},{"not_picked":["Underhanded Strike","Footwork","Dash","MostiFishMod:PerfectParry","Backflip"],"picked":"SKIP","floor":4},{"not_picked":["PiercingWail","Deflect","All Out Attack","Distraction","Prepared"],"picked":"SKIP","floor":5},{"not_picked":["Escape Plan","Tactician","Quick Slash","Prepared","Infinite Blades"],"picked":"SKIP","floor":7},{"not_picked":["Backflip","Dagger Throw","Dagger Spray","Dodge and Roll"],"picked":"Terror","floor":10},{"not_picked":["Infinite Blades","MostiFishMod:PerfectParry","Underhanded Strike","Masterful Stab","Setup"],"picked":"SKIP","floor":11},{"not_picked":["Corpse Explosion","Leg Sweep","Skewer","Flying Knee"],"picked":"Blur","floor":13},{"not_picked":["Outmaneuver","Dagger Throw","Deadly Poison","Terror","Cloak And Dagger"],"picked":"SKIP","floor":14},{"not_picked":["Grand Finale","MostiFishMod:HiddenBlade","Envenom","Doppelganger"],"picked":"MostiFishMod:Opportunism","floor":16},{"not_picked":["Heel Hook","Deflect","MostiFishMod:ThornCasing","PiercingWail","Bouncing Flask"],"picked":"SKIP","floor":18},{"not_picked":["Cloak And Dagger","Poisoned Stab","Endless Agony","Blur","Doppelganger"],"picked":"SKIP","floor":21},{"not_picked":["MostiFishMod:FrostNova","Deflect","MostiFishMod:InvigoratingSolution","Dagger Throw","Poisoned Stab"],"picked":"SKIP","floor":22},{"not_picked":["Reflex+1","Crippling Poison","Leg Sweep","PiercingWail+1","Dodge and Roll"],"picked":"SKIP","floor":23},{"not_picked":["Noxious Fumes","Accuracy","Skewer","Backflip"],"picked":"MostiFishMod:Confrontation","floor":25},{"not_picked":["Sucker Punch","Calculated Gamble","Flechettes","PiercingWail","Dagger Spray"],"picked":"SKIP","floor":27},{"not_picked":["Skewer","Outmaneuver","Endless Agony","Bane+1","Backflip"],"picked":"SKIP","floor":28},{"not_picked":["Blade Dance","Poisoned Stab","Tactician","Accuracy","Slice"],"picked":"SKIP","floor":30},{"not_picked":["Heel Hook","Acrobatics+1","Deflect","Sucker Punch","Backflip"],"picked":"SKIP","floor":31},{"not_picked":["Heel Hook","Deflect","Sucker Punch","Backflip"],"picked":"Acrobatics+1","floor":31},{"not_picked":["Envenom","MostiFishMod:HiddenBlade","Corpse Explosion","Storm of Steel"],"picked":"MostiFishMod:WinterMarkForm","floor":33},{"not_picked":["Deadly Poison","Cloak And Dagger","Underhanded Strike","Deflect","Prepared+1"],"picked":"SKIP","floor":35},{"not_picked":["Slice","Blade Dance","Eviscerate","Acrobatics","Dagger Throw+1"],"picked":"SKIP","floor":36},{"not_picked":["Concentrate","Expertise","Reflex","Venomology","Dagger Spray"],"picked":"SKIP","floor":37},{"not_picked":["Deflect","Deadly Poison+1","Prepared+1","MostiFishMod:PoisonShield","Underhanded Strike"],"picked":"SKIP","floor":38},{"not_picked":["Deflect","Deadly Poison+1","Prepared+1","MostiFishMod:PoisonShield","Underhanded Strike"],"picked":"SKIP","floor":38},{"not_picked":["Die Die Die","Deadly Poison+1","Dodge and Roll","Acrobatics","Quick Slash"],"picked":"SKIP","floor":39},{"not_picked":["MostiFishMod:FrostNova","Backflip","Bouncing Flask+1","Underhanded Strike","Blade Dance+1"],"picked":"SKIP","floor":40},{"not_picked":["Quick Slash","Acrobatics","Bane","Storm of Steel"],"picked":"Adrenaline","floor":44},{"not_picked":["MostiFishMod:PreservedThorns","Terror+1","Sucker Punch","Slice","Outmaneuver+1"],"picked":"SKIP","floor":45},{"not_picked":["Venomology","Deadly Poison","MostiFishMod:FrostNova+1","Setup","Storm of Steel"],"picked":"SKIP","floor":47},{"not_picked":["Dash","All Out Attack","Noxious Fumes","Finisher","Eviscerate+1"],"picked":"SKIP","floor":48},{"not_picked":["Poisoned Stab","PiercingWail+1","Acrobatics","All Out Attack","Heel Hook+1"],"picked":"SKIP","floor":55}],"player_experience":1255780,"relics_obtained":[{"floor":1,"key":"SynthV:TestCard"},{"floor":9,"key":"Bag of Marbles"},{"floor":13,"key":"Bag of Preparation"},{"floor":23,"key":"MawBank"},{"floor":25,"key":"Orichalcum"},{"floor":26,"key":"Omamori"},{"floor":30,"key":"Regal Pillow"},{"floor":40,"key":"PreservedInsect"},{"floor":40,"key":"Pen Nib"},{"floor":44,"key":"Anchor"},{"floor":44,"key":"Boot"},{"floor":47,"key":"MealTicket"},{"floor":47,"key":"Strawberry"},{"floor":55,"key":"CombinedTypeHook"},{"floor":55,"key":"Oddly Smooth Stone"}],"event_choices":[{"cards_removed":["Defend_G"],"damage_healed":0,"gold_gain":0,"player_choice":"Offered Basic","damage_taken":0,"max_hp_gain":0,"max_hp_loss":0,"event_name":"Bonfire Elementals","floor":19,"gold_loss":0}],"is_beta":false,"boss_relics":[{"not_picked":["ExusiaiGun","WristBlade"],"picked":"Ring of the Serpent"},{"not_picked":["GreenFoldingFan","Runic Dome"],"picked":"Black Star"}],"items_purged_floors":[20,32,42,46],"is_endless":false,"potions_floor_spawned":[2,3,7,10,13,16,18,23,27,28,31,38,40,44,45,47],"ascension_level":20}}