{"host":"wwo1kwxjf4eyz37q","time":1610351491,"event":{"mods":["AchievementEnabler","BaseMod","Colored Map","Minty Spire (QoL Compilation)","Quick Restart","SuperFastMode"],"gold_per_floor":[111,111,111,130,143,143,160,160,183,183,160,6,6,18,18,116,116,133,133,149,161,174,174,193,2,2,15,15,15,45,56,56,152,152,168,168,183,199,199,199,211,211,279,308,332,344,371,73,73,73,73],"floor_reached":50,"playtime":3650,"items_purged":["Strike_G","Defend_G","Strike_G"],"score":765,"play_id":"7b7e00ef-6d6d-43bc-b412-cc7ec6e29855","local_time":"20210111165131","is_ascension_mode":true,"campfire_choices":[{"data":"Neutralize","floor":6.0,"key":"SMITH"},{"data":"Cloak And Dagger","floor":8.0,"key":"SMITH"},{"data":"Cloak And Dagger","floor":10.0,"key":"SMITH"},{"data":"Terror","floor":15.0,"key":"SMITH"},{"floor":23.0,"key":"REST"},{"floor":29.0,"key":"REST"},{"data":"Footwork","floor":32.0,"key":"SMITH"},{"data":"A Thousand Cuts","floor":40.0,"key":"SMITH"},{"floor":42.0,"key":"REST"},{"floor":49,"key":"REST"}],"circlet_count":0,"master_deck":["Strike_G","Strike_G","Defend_G","Defend_G","Defend_G","Defend_G","Survivor","Neutralize+1","Dramatic Entrance","Cloak And Dagger+1","Well Laid Plans","Cloak And Dagger+1","Slice","Backflip","Blur","Terror+1","Backstab","Heel Hook+1","Cloak And Dagger+1","Escape Plan","Escape Plan","Footwork+1","Slice","Blade Dance","Slice","Acrobatics+1","Burst","Tactician+1","Neutralize","A Thousand Cuts+1","Cloak And Dagger","Blur","Parasite","Blade Dance","Swift Strike","Backflip","Blade Dance","Caltrops"],"relics":["Ring of the Serpent","Akabeko","Pear","Cursed Key","Nunchaku","Bottled Tornado","MawBank"],"acts_visited":["Exordium","TheCity","TheBeyond"],"potions_floor_usage":[47,47,50],"damage_taken":[{"damage":0.0,"enemies":"Small Slimes","floor":1.0,"turns":4.0},{"damage":0.0,"enemies":"Cultist","floor":4.0,"turns":5.0},{"damage":0.0,"enemies":"2 Louse","floor":5.0,"turns":3.0},{"damage":0.0,"enemies":"Gremlin Gang","floor":7.0,"turns":5.0},{"damage":57.0,"enemies":"Blue Slaver","floor":14.0,"turns":7.0},{"damage":5.0,"enemies":"Hexaghost","floor":16.0,"turns":12.0},{"damage":6.0,"enemies":"2 Thieves","floor":18.0,"turns":4.0},{"damage":16.0,"enemies":"Spheric Guardian","floor":20.0,"turns":4.0},{"damage":11.0,"enemies":"Chosen and Byrds","floor":21.0,"turns":7.0},{"damage":0.0,"enemies":"Centurion and Healer","floor":22.0,"turns":7.0},{"damage":25.0,"enemies":"Cultist and Chosen","floor":24.0,"turns":7.0},{"damage":14.0,"enemies":"Shelled Parasite and Fungi","floor":27.0,"turns":5.0},{"damage":0.0,"enemies":"Slavers","floor":30.0,"turns":1.0},{"damage":5.0,"enemies":"Snecko","floor":31.0,"turns":5.0},{"damage":17.0,"enemies":"Champ","floor":33.0,"turns":21.0},{"damage":4.0,"enemies":"3 Shapes","floor":35.0,"turns":3.0},{"damage":11.0,"enemies":"3 Darklings","floor":37.0,"turns":6.0},{"damage":17.0,"enemies":"Jaw Worm Horde","floor":38.0,"turns":4.0},{"damage":3.0,"enemies":"4 Shapes","floor":41.0,"turns":8.0},{"damage":17.0,"enemies":"Giant Head","floor":44.0,"turns":9.0},{"damage":26.0,"enemies":"Transient","floor":45.0,"turns":5.0},{"damage":0,"enemies":"Sphere and 2 Shapes","floor":47,"turns":3},{"damage":53,"enemies":"Time Eater","floor":50,"turns":5}],"seed_played":"-2090430400166684214","potions_obtained":[{"floor":5.0,"key":"LiquidMemories"},{"floor":7.0,"key":"Poison Potion"},{"floor":14.0,"key":"Swift Potion"},{"floor":20.0,"key":"Fire Potion"},{"floor":22.0,"key":"AttackPotion"},{"floor":24.0,"key":"SkillPotion"},{"floor":31.0,"key":"Dexterity Potion"},{"floor":35.0,"key":"FearPotion"},{"floor":38.0,"key":"SpeedPotion"},{"floor":45.0,"key":"SkillPotion"},{"floor":47,"key":"FairyPotion"}],"is_trial":false,"path_per_floor":["M","?","?","M","M","R","M","R","T","R","$","$","T","M","R","B",null,"M","?","M","M","M","R","M","$","T","M","?","R","E","M","R","B",null,"M","?","M","M","$","R","M","R","T","E","M","?","M","$","R","B"],"character_chosen":"THE_SILENT","items_purchased":["Backflip","Blur","Footwork","Slice","Strength Potion","Backflip","Blade Dance","Caltrops"],"campfire_rested":4,"item_purchase_floors":[11,12,25,25,48,48,48,48],"current_hp_per_floor":[63,63,63,63,63,63,63,63,63,63,63,63,73,16,16,11,63,57,57,41,30,30,54,29,29,29,15,15,39,39,34,34,17,64,60,60,49,32,32,32,29,53,53,36,10,10,10,10,34,10,10],"gold":73,"neow_bonus":"RANDOM_COLORLESS","is_daily":false,"chose_seed":false,"campfire_upgraded":6,"win_rate":0.0,"timestamp":1610351491,"path_taken":["M","?","?","M","M","R","?","R","T","R","?","$","?","M","R","BOSS","M","?","M","M","M","R","?","$","T","M","?","R","E","M","R","BOSS","M","?","M","M","?","R","M","R","T","E","M","?","M","$","R","BOSS"],"items_purchased_type":["Card","Card","Card","Card","Potion","Card","Card","Card"],"build_version":"2020-12-22","purchased_purges":3,"victory":false,"max_hp_per_floor":[70,70,70,70,70,70,70,70,70,70,70,70,80,80,80,80,80,80,80,80,80,80,80,80,80,80,80,80,80,80,80,80,80,80,80,80,80,80,80,80,80,80,80,80,80,80,80,80,80,80,80],"card_choices":[{"not_picked":["Panacea","Good Instincts"],"picked":"Dramatic Entrance","floor":0.0},{"not_picked":["Outmaneuver","Bane"],"picked":"Cloak And Dagger","floor":1.0},{"not_picked":["Dagger Spray","Underhanded Strike"],"picked":"Well Laid Plans","floor":4.0},{"not_picked":["Dagger Throw","Well Laid Plans"],"picked":"Cloak And Dagger","floor":5.0},{"not_picked":["Sucker Punch","Envenom"],"picked":"Slice","floor":7.0},{"not_picked":["Deflect","Crippling Poison"],"picked":"Terror","floor":14.0},{"not_picked":["Acrobatics","Masterful Stab+1"],"picked":"Backstab","floor":18.0},{"not_picked":["Underhanded Strike","Finisher"],"picked":"Heel Hook+1","floor":20.0},{"not_picked":["Bane","Deadly Poison+1"],"picked":"Cloak And Dagger+1","floor":21.0},{"not_picked":["Skewer","Bouncing Flask"],"picked":"Escape Plan","floor":22.0},{"not_picked":["Underhanded Strike","Dagger Spray+1"],"picked":"Escape Plan","floor":24.0},{"not_picked":["Cloak And Dagger","Predator"],"picked":"Blade Dance","floor":27.0},{"not_picked":["Outmaneuver","Wraith Form v2"],"picked":"Slice","floor":30.0},{"not_picked":["Calculated Gamble+1","Deflect"],"picked":"Acrobatics+1","floor":31.0},{"not_picked":["Malaise","Phantasmal Killer"],"picked":"Burst","floor":33.0},{"not_picked":["Cloak And Dagger","Dagger Spray+1"],"picked":"Tactician+1","floor":35.0},{"not_picked":["Deadly Poison","Endless Agony"],"picked":"Cloak And Dagger","floor":37.0},{"not_picked":["Masterful Stab","Dagger Spray"],"picked":"Blur","floor":38.0},{"not_picked":["Poisoned Stab","Sucker Punch","Quick Slash"],"picked":"SKIP","floor":41.0},{"not_picked":["Predator+1","Die Die Die"],"picked":"Blade Dance","floor":44.0},{"not_picked":["Poisoned Stab","Outmaneuver","Flying Knee"],"picked":"SKIP","floor":45.0},{"not_picked":["Dramatic Entrance","Deep Breath"],"picked":"Swift Strike","floor":46.0},{"not_picked":["Dagger Throw","Predator","Skewer+1"],"picked":"SKIP","floor":47}],"player_experience":213763,"relics_obtained":[{"floor":9.0,"key":"Akabeko"},{"floor":13.0,"key":"Pear"},{"floor":30.0,"key":"Nunchaku"},{"floor":43.0,"key":"Bottled Tornado"},{"floor":44.0,"key":"MawBank"}],"event_choices":[{"damage_healed":0.0,"max_hp_gain":0.0,"max_hp_loss":0.0,"gold_gain":0.0,"event_name":"Liars Game","player_choice":"Ignored","floor":2.0,"gold_loss":0.0,"damage_taken":0.0},{"cards_removed":["Strike_G"],"damage_healed":0.0,"max_hp_gain":0.0,"max_hp_loss":0.0,"gold_gain":0.0,"event_name":"Wheel of Change","player_choice":"Card Removal","floor":3.0,"gold_loss":0.0,"damage_taken":0.0},{"damage_healed":0.0,"max_hp_gain":0.0,"max_hp_loss":0.0,"gold_gain":0.0,"event_name":"Match and Keep!","player_choice":"0 cards matched","floor":19.0,"gold_loss":0.0,"damage_taken":0.0,"cards_obtained":[]},{"damage_healed":0.0,"max_hp_gain":0.0,"max_hp_loss":0.0,"gold_gain":0.0,"event_name":"N\u0027loth","player_choice":"Ignored","floor":28.0,"gold_loss":0.0,"damage_taken":0.0},{"damage_healed":0.0,"max_hp_gain":0.0,"max_hp_loss":0.0,"gold_gain":0.0,"event_name":"Match and Keep!","player_choice":"2 cards matched","floor":36.0,"gold_loss":0.0,"damage_taken":0.0,"cards_obtained":["Neutralize","A Thousand Cuts"]},{"damage_healed":0.0,"max_hp_gain":0.0,"max_hp_loss":0.0,"gold_gain":0.0,"event_name":"SensoryStone","player_choice":"Memory 1","floor":46.0,"gold_loss":0.0,"damage_taken":0.0}],"is_beta":false,"boss_relics":[{"not_picked":["Tiny House","Snecko Eye"],"picked":"Cursed Key"},{"not_picked":["Black Star","SacredBark"],"picked":"Ring of the Serpent"}],"items_purged_floors":[12,25,48],"is_endless":false,"potions_floor_spawned":[5,7,14,20,22,24,31,35,38,45,47],"killed_by":"Time Eater","ascension_level":8}}