{"host":"jpcy2bclvs7juczu","time":1610336077,"event":{"mods":["AchievementEnabler","BaseMod","Block Reminder","Colored Powertips","Curses Come First","Minty Spire (QoL Compilation)","Quick Restart","Relic Stats","StSLib","ojb\u0027s Better Paths Mod","ojb\u0027s Info Mod","slay the spire mod where everything is the same but ironclad has a cowboy hat"],"gold_per_floor":[111,126,142,153,172,204,204,204,204,232,243,277,277,603,603,682,732,750,750,200,200,215,247,247,280,280,293,327,345,345,365,365,437,437,454,454,15,29,29,60,60,60,83,127,127,143,182,194,194,194,194,194,194,34,70,70,70],"floor_reached":56,"playtime":4180,"items_purged":["Strike_P"],"score":2125,"play_id":"1d0cde56-e682-48ce-931a-3454f6388d6a","local_time":"20210111033437","is_ascension_mode":true,"campfire_choices":[{"data":"WheelKick","floor":7.0,"key":"SMITH"},{"data":"DevaForm","floor":13.0,"key":"SMITH"},{"data":"Vigilance","floor":15.0,"key":"SMITH"},{"data":"Collect","floor":24.0,"key":"SMITH"},{"data":"Conclude","floor":30.0,"key":"SMITH"},{"data":"Wallop","floor":32.0,"key":"SMITH"},{"data":"MentalFortress","floor":42.0,"key":"SMITH"},{"data":"Meditate","floor":45.0,"key":"SMITH"},{"floor":49.0,"key":"RECALL"},{"data":"Devotion","floor":53.0,"key":"SMITH"}],"circlet_count":0,"master_deck":["AscendersBane","Defend_P","Defend_P","Defend_P","Defend_P","Eruption","Vigilance+1","CarveReality","CutThroughFate","WheelKick","WheelKick+1","BowlingBash+1","EmptyMind","Conclude+1","DevaForm+1","Vault","EmptyBody","MentalFortress+1","BattleHymn","Collect+1","Sanctity","Wallop+1","Devotion+1","Alpha+1","Omniscience+1","CrushJoints+1","Tantrum","Brilliance","Vault","Meditate+1","FearNoEvil","WheelKick+1"],"relics":["Snecko Eye","Anchor","Shuriken","Meat on the Bone","Matryoshka","Old Coin","Tiny House","Dead Branch","Lantern","Peace Pipe","Sundial","Yang","Whetstone","Astrolabe","WingedGreaves","Vajra","Damaru","CeramicFish","Art of War","Toy Ornithopter","Pocketwatch"],"acts_visited":["Exordium","TheCity","TheBeyond","TheEnding"],"potions_floor_usage":[56],"damage_taken":[{"damage":0.0,"enemies":"Small Slimes","floor":1.0,"turns":2.0},{"damage":7.0,"enemies":"Jaw Worm","floor":2.0,"turns":2.0},{"damage":0.0,"enemies":"Cultist","floor":3.0,"turns":2.0},{"damage":15.0,"enemies":"Exordium Wildlife","floor":4.0,"turns":5.0},{"damage":3.0,"enemies":"Exordium Thugs","floor":5.0,"turns":2.0},{"damage":10.0,"enemies":"3 Sentries","floor":6.0,"turns":5.0},{"damage":4.0,"enemies":"Gremlin Nob","floor":10.0,"turns":3.0},{"damage":0.0,"enemies":"Lots of Slimes","floor":11.0,"turns":1.0},{"damage":15.0,"enemies":"3 Sentries","floor":12.0,"turns":3.0},{"damage":0.0,"enemies":"Gremlin Nob","floor":14.0,"turns":2.0},{"damage":6.0,"enemies":"The Guardian","floor":16.0,"turns":5.0},{"damage":7.0,"enemies":"2 Thieves","floor":18.0,"turns":2.0},{"damage":0.0,"enemies":"Spheric Guardian","floor":22.0,"turns":3.0},{"damage":28.0,"enemies":"Gremlin Leader","floor":23.0,"turns":5.0},{"damage":18.0,"enemies":"Book of Stabbing","floor":25.0,"turns":3.0},{"damage":3.0,"enemies":"Centurion and Healer","floor":27.0,"turns":4.0},{"damage":24.0,"enemies":"Slavers","floor":28.0,"turns":3.0},{"damage":6.0,"enemies":"3 Cultists","floor":29.0,"turns":4.0},{"damage":7.0,"enemies":"Snake Plant","floor":31.0,"turns":6.0},{"damage":20.0,"enemies":"Collector","floor":33.0,"turns":7.0},{"damage":17.0,"enemies":"3 Darklings","floor":35.0,"turns":4.0},{"damage":0.0,"enemies":"3 Shapes","floor":38.0,"turns":4.0},{"damage":17.0,"enemies":"Nemesis","floor":40.0,"turns":6.0},{"damage":3.0,"enemies":"Reptomancer","floor":44.0,"turns":6.0},{"damage":0.0,"enemies":"Maw","floor":46.0,"turns":4.0},{"damage":9.0,"enemies":"Nemesis","floor":47.0,"turns":6.0},{"damage":17.0,"enemies":"3 Darklings","floor":48.0,"turns":5.0},{"damage":6.0,"enemies":"Awakened One","floor":50.0,"turns":9.0},{"damage":29.0,"enemies":"Time Eater","floor":51.0,"turns":7.0},{"damage":58.0,"enemies":"Shield and Spear","floor":55.0,"turns":6.0},{"damage":108,"enemies":"The Heart","floor":56,"turns":4}],"seed_played":"-5146158268796942132","potions_obtained":[{"floor":3.0,"key":"Swift Potion"},{"floor":4.0,"key":"Block Potion"},{"floor":6.0,"key":"Block Potion"},{"floor":11.0,"key":"Fruit Juice"},{"floor":12.0,"key":"Explosive Potion"},{"floor":17.0,"key":"GamblersBrew"},{"floor":18.0,"key":"Weak Potion"},{"floor":22.0,"key":"Strength Potion"},{"floor":25.0,"key":"LiquidBronze"},{"floor":33.0,"key":"Ancient Potion"},{"floor":47.0,"key":"CultistPotion"}],"is_trial":false,"path_per_floor":["M","M","M","M","M","E","R","?","T","E","M","E","R","E","R","B",null,"M","?","$","?","M","E","R","E","T","M","E","M","R","M","R","B",null,"M","?","$","M","?","E","$","R","T","E","R","M","E","M","R","B","B",null,"R","$","E","B"],"character_chosen":"WATCHER","items_purchased":["Dead Branch","BattleHymn","BottledMiracle","Tantrum","WingedGreaves","StancePotion","Toy Ornithopter"],"campfire_rested":0,"item_purchase_floors":[20,20,20,37,37,37,54],"current_hp_per_floor":[61,54,54,39,36,26,26,26,26,22,34,31,31,43,43,37,70,63,63,63,63,63,47,47,41,41,50,38,44,44,49,49,41,69,52,52,52,52,52,47,47,47,47,44,44,44,47,42,42,48,31,66,66,66,25,0,0],"gold":70,"neow_bonus":"BOSS_RELIC","is_daily":false,"chose_seed":false,"campfire_upgraded":9,"win_rate":0.0,"timestamp":1610336077,"path_taken":["M","M","M","M","M","E","R","?","T","E","M","E","R","E","R","BOSS","M","?","$","?","M","E","R","E","T","M","E","M","R","M","R","BOSS","M","?","$","?","?","E","?","R","T","E","R","?","E","M","R","BOSS","BOSS","R","$","E","BOSS"],"items_purchased_type":["Relic","Card","Potion","Card","Relic","Potion","Relic"],"build_version":"2020-12-22","purchased_purges":1,"victory":false,"max_hp_per_floor":[68,68,68,68,68,68,68,68,68,68,68,68,68,68,68,68,78,78,78,78,78,78,78,78,78,78,78,78,78,78,78,78,78,78,78,78,78,78,78,78,78,78,78,78,78,78,78,78,78,78,78,78,78,78,78,78,78],"relic_stats":{"counters":[31,130],"Dead Branch":[145],"Astrolabe":["Alpha","Omniscience","Crescendo"],"CeramicFish":27,"Yang":[195],"Whetstone":["Strike_P","Strike_P"],"Peace Pipe":0,"Shuriken":[51],"Sundial":[12],"Snecko Eye":[231,233,279,244],"Art of War":[4],"obtain_stats":[{"Lantern":23,"Tiny House":17,"Dead Branch":20,"Astrolabe":34,"CeramicFish":44,"Vajra":40,"Damaru":43,"Yang":26,"Whetstone":28,"Old Coin":14,"Peace Pipe":25,"Anchor":6,"Matryoshka":12,"Shuriken":9,"Sundial":26,"Snecko Eye":0,"WingedGreaves":37,"Art of War":47,"PureWater":0,"Toy Ornithopter":54,"Meat on the Bone":10,"Pocketwatch":55},{"Lantern":14,"Tiny House":11,"Dead Branch":12,"Astrolabe":20,"CeramicFish":24,"Vajra":23,"Damaru":23,"Yang":15,"Whetstone":17,"Old Coin":10,"Peace Pipe":15,"Anchor":6,"Matryoshka":9,"Shuriken":6,"Sundial":15,"Snecko Eye":0,"WingedGreaves":21,"Art of War":26,"PureWater":0,"Toy Ornithopter":29,"Meat on the Bone":7,"Pocketwatch":30},{"Lantern":42,"Tiny House":32,"Dead Branch":34,"Astrolabe":69,"CeramicFish":89,"Vajra":83,"Damaru":83,"Yang":45,"Whetstone":52,"Old Coin":27,"Peace Pipe":45,"Anchor":18,"Matryoshka":25,"Shuriken":18,"Sundial":45,"Snecko Eye":0,"WingedGreaves":73,"Art of War":99,"PureWater":0,"Toy Ornithopter":120,"Meat on the Bone":21,"Pocketwatch":126}],"Toy Ornithopter":10,"Meat on the Bone":192,"Pocketwatch":[4]},"card_choices":[{"not_picked":["Prostrate","Pray"],"picked":"CarveReality","floor":1.0},{"not_picked":["SignatureMove","WindmillStrike"],"picked":"CutThroughFate","floor":2.0},{"not_picked":["SashWhip","ClearTheMind"],"picked":"WheelKick","floor":3.0},{"not_picked":["InnerPeace","ThirdEye"],"picked":"WheelKick","floor":4.0},{"not_picked":["FlyingSleeves","Prostrate","Indignation"],"picked":"SKIP","floor":5.0},{"not_picked":["ClearTheMind","Vengeance"],"picked":"BowlingBash","floor":6.0},{"not_picked":["Fasting2","CutThroughFate"],"picked":"EmptyMind","floor":10.0},{"not_picked":["Vengeance","Weave"],"picked":"Conclude","floor":11.0},{"not_picked":["FollowUp","Prostrate"],"picked":"DevaForm","floor":12.0},{"not_picked":["EmptyFist","Halt","Vengeance"],"picked":"SKIP","floor":14.0},{"not_picked":["SpiritShield","Alpha"],"picked":"Vault","floor":16.0},{"not_picked":["JustLucky","Evaluate"],"picked":"EmptyBody","floor":17.0},{"not_picked":["WaveOfTheHand","BattleHymn"],"picked":"MentalFortress","floor":18.0},{"not_picked":["FlyingSleeves+1","Evaluate","JustLucky"],"picked":"SKIP","floor":22.0},{"not_picked":["FlyingSleeves","CutThroughFate+1","FollowUp"],"picked":"SKIP","floor":23.0},{"not_picked":["SashWhip+1","PathToVictory","CutThroughFate"],"picked":"SKIP","floor":25.0},{"not_picked":["CutThroughFate","BowlingBash"],"picked":"Sanctity","floor":27.0},{"not_picked":["EmptyMind","Prostrate+1","ClearTheMind"],"picked":"SKIP","floor":28.0},{"not_picked":["EmptyBody","ClearTheMind+1","Halt"],"picked":"SKIP","floor":29.0},{"not_picked":["ClearTheMind","Sanctity"],"picked":"Wallop","floor":31.0},{"not_picked":["Wish","ConjureBlade"],"picked":"Devotion","floor":33.0},{"not_picked":["MentalFortress","Halt+1"],"picked":"CrushJoints+1","floor":35.0},{"not_picked":["FlyingSleeves","SashWhip","EmptyFist"],"picked":"SKIP","floor":38.0},{"not_picked":["WheelKick","BowlingBash"],"picked":"Vault","floor":40.0},{"not_picked":["CutThroughFate","FlurryOfBlows"],"picked":"Meditate","floor":44.0},{"not_picked":["Halt","Brilliance","Prostrate"],"picked":"SKIP","floor":46.0},{"not_picked":["EmptyFist","Weave"],"picked":"FearNoEvil","floor":47.0},{"not_picked":["Meditate","Protect","Evaluate"],"picked":"SKIP","floor":48.0},{"not_picked":["ClearTheMind+1","ReachHeaven"],"picked":"WheelKick+1","floor":55.0}],"player_experience":377790,"relics_obtained":[{"floor":6.0,"key":"Anchor"},{"floor":9.0,"key":"Shuriken"},{"floor":10.0,"key":"Meat on the Bone"},{"floor":12.0,"key":"Matryoshka"},{"floor":14.0,"key":"Old Coin"},{"floor":23.0,"key":"Lantern"},{"floor":25.0,"key":"Peace Pipe"},{"floor":26.0,"key":"Sundial"},{"floor":26.0,"key":"Yang"},{"floor":28.0,"key":"Whetstone"},{"floor":40.0,"key":"Vajra"},{"floor":43.0,"key":"Damaru"},{"floor":44.0,"key":"CeramicFish"},{"floor":47.0,"key":"Art of War"},{"floor":55.0,"key":"Pocketwatch"}],"event_choices":[{"damage_healed":0.0,"max_hp_gain":0.0,"max_hp_loss":0.0,"gold_gain":0.0,"event_name":"Liars Game","player_choice":"Ignored","floor":8.0,"gold_loss":0.0,"damage_taken":0.0},{"damage_healed":0.0,"max_hp_gain":0.0,"max_hp_loss":0.0,"gold_gain":0.0,"event_name":"Vampires","player_choice":"Ignored","floor":19.0,"gold_loss":0.0,"damage_taken":0.0},{"damage_healed":0.0,"max_hp_gain":0.0,"max_hp_loss":0.0,"gold_gain":0.0,"event_name":"The Library","player_choice":"Read","floor":21.0,"gold_loss":0.0,"damage_taken":0.0,"cards_obtained":["Collect"]},{"cards_removed":["Crescendo"],"damage_healed":0.0,"max_hp_gain":0.0,"max_hp_loss":0.0,"gold_gain":0.0,"event_name":"Purifier","player_choice":"Purged","floor":36.0,"gold_loss":0.0,"damage_taken":0.0},{"damage_healed":0.0,"max_hp_gain":0.0,"max_hp_loss":0.0,"gold_gain":0.0,"event_name":"Match and Keep!","player_choice":"1 cards matched","floor":39.0,"gold_loss":0.0,"damage_taken":0.0,"cards_obtained":["Brilliance"]}],"is_beta":false,"boss_relics":[{"not_picked":["Calling Bell","Runic Pyramid"],"picked":"Tiny House"},{"not_picked":["SacredBark","Pandora\u0027s Box"],"picked":"Astrolabe"}],"items_purged_floors":[20],"is_endless":false,"potions_floor_spawned":[3,4,5,6,11,12,18,22,25,33,38,40,44,47],"killed_by":"The Heart","ascension_level":20}}