{"host":"bplbr8uekuotory4","time":1610355429,"event":{"mods":["Act Like it!","BaseMod","Custom Start","Gensokyo","GungeonMod","Hermit","KinomotoSakuraMod(木之本樱)","Koishi","Marisa（F雨　魔理沙）","Minty Spire (QoL Compilation)","Prisma Mod","Quick Restart","Reimu（博丽灵梦）","SOS（斯巴达之子）","Spicy Shops","StSLib","TestMod","The Alterego","The Blackbeard","The Cursed","The Marked","The Mystic","The Runesmith","The Saiyan","The Servant 0.9.4","Yuri Mod","[IsaacMod]以撒尖塔","vexMod"],"gold_per_floor":[117,117,140,206,56,56,56,56],"floor_reached":7,"playtime":183,"items_purged":["alterego_mod:Defend"],"score":41,"play_id":"463e176c-0d38-43bc-94ad-dbceaff05665","local_time":"20210111165709","is_ascension_mode":true,"campfire_choices":[{"data":"alterego_mod:Impale","floor":6,"key":"SMITH"}],"circlet_count":0,"master_deck":["alterego_mod:Strike","alterego_mod:Strike","alterego_mod:Strike","alterego_mod:Defend","alterego_mod:Defend","alterego_mod:Defend","alterego_mod:Impale+1","alterego_mod:BigMeatyClaws","alterego_mod:BrynhildrsRune","alterego_mod:Birthday"],"relics":["alterego_mod:MasochisticConstitution","testmod-TestBox","HushsDoor","SatanicBible","testmod-Nine","CeramicFish","GuppysTail"],"acts_visited":["Exordium"],"potions_floor_usage":[],"damage_taken":[{"damage":0,"enemies":"2 Louse","floor":1,"turns":4},{"damage":9,"enemies":"Small Slimes","floor":3,"turns":4},{"damage":9,"enemies":"3 Sentries","floor":7,"turns":2}],"seed_played":"1348810285251699396","potions_obtained":[{"floor":1,"key":"Weak Potion"}],"is_trial":false,"path_per_floor":["M","?","M","?","$","R","E"],"character_chosen":"The_Alterego","items_purchased":["GuppysTail"],"campfire_rested":0,"item_purchase_floors":[5],"current_hp_per_floor":[70,70,62,47,47,47,40,40],"gold":56,"neow_bonus":"RANDOM_COMMON_RELIC","is_daily":false,"chose_seed":false,"campfire_upgraded":1,"win_rate":0.0,"timestamp":1610355429,"path_taken":["M","?","M","?","?","R","E"],"items_purchased_type":["Relic"],"build_version":"2020-12-22","purchased_purges":1,"victory":false,"max_hp_per_floor":[70,70,71,71,71,71,71,71],"card_choices":[{"not_picked":["alterego_mod:Clones","alterego_mod:PurpleHair","alterego_mod:SuperDuperMasochism"],"picked":"SKIP","floor":1},{"not_picked":["alterego_mod:Clap","alterego_mod:BeGentle"],"picked":"alterego_mod:Birthday","floor":3}],"player_experience":1190291,"relics_obtained":[],"event_choices":[{"cards_removed":["alterego_mod:Strike"],"damage_healed":0,"gold_gain":0,"player_choice":"Forget","damage_taken":0,"max_hp_gain":0,"max_hp_loss":0,"event_name":"Living Wall","floor":2,"gold_loss":0}],"is_beta":false,"boss_relics":[],"items_purged_floors":[5],"is_endless":false,"potions_floor_spawned":[1],"killed_by":"3 Sentries","ascension_level":1}}