{"host":"dhlnk6yox2l1s6up","time":1610335479,"event":{"mods":["BaseMod","Colored Map","Highlight Path","Minty Spire (QoL Compilation)","Relic Stats","StSLib"],"gold_per_floor":[109,123,298,4,4,4,14,45,45,63,63,97,115,127,127,232,232,247,136,162,162,162,162,191,203,215,227,270,296,327,366,378,485,497,509,540,552,579,149,178,228,228,228,228,240,292,292,219,219,219,219,219,7,34,34],"floor_reached":56,"playtime":4552,"items_purged":["Doubt","Strike_G","Defend_G"],"score":1790,"play_id":"3404fecf-f80a-4f54-a522-3e0ba43d542f","local_time":"20210110212439","is_ascension_mode":true,"campfire_choices":[{"data":"Dagger Spray","floor":6.0,"key":"SMITH"},{"data":"Flying Knee","floor":11.0,"key":"SMITH"},{"data":"Glass Knife","floor":15.0,"key":"SMITH"},{"data":"Backflip","floor":23.0,"key":"SMITH"},{"data":"Noxious Fumes","floor":27.0,"key":"SMITH"},{"floor":32.0,"key":"RECALL"},{"data":"Tactician","floor":42.0,"key":"SMITH"},{"data":"1","floor":44.0,"key":"LIFT"},{"data":"2","floor":47.0,"key":"LIFT"},{"data":"3","floor":49.0,"key":"LIFT"},{"data":"After Image","floor":52.0,"key":"SMITH"}],"circlet_count":0,"master_deck":["Strike_G","Strike_G","Strike_G","Strike_G","Defend_G+1","Defend_G","Defend_G+1","Defend_G","Survivor","Neutralize","CurseOfTheBell","Blade Dance","Dagger Spray+1","Flying Knee+1","PiercingWail","Deadly Poison","Glass Knife+1","Crippling Poison","Die Die Die","Footwork+1","Backflip+1","Noxious Fumes+1","Acrobatics+1","Acrobatics","PiercingWail+1","Ghostly","Ghostly","Ghostly","Ghostly","Ghostly","Dagger Throw","Bullet Time","Dagger Spray+1","Tactician+1","Prepared+1","Distraction+1","Predator","After Image+1","All Out Attack+1","Envenom","Noxious Fumes","Acrobatics+1","Caltrops+1","Prepared+1","Acrobatics","Terror","Deadly Poison"],"relics":["Calling Bell","Toy Ornithopter","Letter Opener","Dead Branch","Membership Card","Lantern","War Paint","Lizard Tail","Juzu Bracelet","HoveringKite","Red Mask","MawBank","White Beast Statue","The Courier","Vajra","Philosopher\u0027s Stone","Orrery","Thread and Needle","Ninja Scroll","Oddly Smooth Stone","Calipers","Girya","MealTicket","Medical Kit","Incense Burner","Bag of Marbles"],"acts_visited":["Exordium","TheCity","TheBeyond","TheEnding"],"potions_floor_usage":[55,55],"damage_taken":[{"damage":10.0,"enemies":"Cultist","floor":1.0,"turns":6.0},{"damage":0.0,"enemies":"2 Louse","floor":2.0,"turns":4.0},{"damage":0.0,"enemies":"Small Slimes","floor":7.0,"turns":3.0},{"damage":2.0,"enemies":"3 Sentries","floor":8.0,"turns":5.0},{"damage":0.0,"enemies":"Gremlin Gang","floor":10.0,"turns":2.0},{"damage":16.0,"enemies":"Gremlin Nob","floor":12.0,"turns":4.0},{"damage":0.0,"enemies":"Exordium Wildlife","floor":13.0,"turns":3.0},{"damage":0.0,"enemies":"3 Louse","floor":14.0,"turns":3.0},{"damage":13.0,"enemies":"Hexaghost","floor":16.0,"turns":7.0},{"damage":0.0,"enemies":"2 Thieves","floor":18.0,"turns":2.0},{"damage":0.0,"enemies":"Masked Bandits","floor":20.0,"turns":2.0},{"damage":1.0,"enemies":"Chosen","floor":21.0,"turns":4.0},{"damage":11.0,"enemies":"Book of Stabbing","floor":24.0,"turns":7.0},{"damage":5.0,"enemies":"Slavers","floor":28.0,"turns":6.0},{"damage":3.0,"enemies":"Centurion and Healer","floor":29.0,"turns":7.0},{"damage":0.0,"enemies":"Snake Plant","floor":30.0,"turns":5.0},{"damage":6.0,"enemies":"Book of Stabbing","floor":31.0,"turns":7.0},{"damage":14.0,"enemies":"Collector","floor":33.0,"turns":11.0},{"damage":0.0,"enemies":"3 Shapes","floor":35.0,"turns":1.0},{"damage":1.0,"enemies":"Orb Walker","floor":36.0,"turns":4.0},{"damage":5.0,"enemies":"Writhing Mass","floor":38.0,"turns":7.0},{"damage":0.0,"enemies":"Nemesis","floor":40.0,"turns":5.0},{"damage":0.0,"enemies":"Mind Bloom Boss Battle","floor":41.0,"turns":6.0},{"damage":0.0,"enemies":"Transient","floor":45.0,"turns":5.0},{"damage":33.0,"enemies":"Awakened One","floor":50.0,"turns":12.0},{"damage":0.0,"enemies":"Shield and Spear","floor":54.0,"turns":4.0},{"damage":44,"enemies":"The Heart","floor":55,"turns":7}],"seed_played":"2362469908789161156","potions_obtained":[{"floor":2.0,"key":"SmokeBomb"},{"floor":14.0,"key":"Poison Potion"},{"floor":16.0,"key":"SkillPotion"},{"floor":20.0,"key":"GamblersBrew"},{"floor":28.0,"key":"Strength Potion"},{"floor":29.0,"key":"Block Potion"},{"floor":30.0,"key":"Fire Potion"},{"floor":31.0,"key":"Energy Potion"},{"floor":33.0,"key":"SmokeBomb"},{"floor":36.0,"key":"Energy Potion"},{"floor":40.0,"key":"ColorlessPotion"},{"floor":54.0,"key":"SteroidPotion"}],"is_trial":false,"path_per_floor":["M","M","?","$","?","R","M","E","T","M","R","E","M","M","R","B",null,"M","$","?","M","?","R","E","?","T","R","E","M","M","E","R","B",null,"M","M","?","M","$","E","?","R","T","R","M","T","R","$","R","B",null,"R","$","E","B",null],"character_chosen":"THE_SILENT","items_purchased":["Membership Card","Lantern","BlessingOfTheForge","Backflip","Noxious Fumes","Orrery","Thread and Needle","Ninja Scroll","Envenom","Noxious Fumes","Medical Kit","Acrobatics","Incense Burner","Terror","BlessingOfTheForge","EntropicBrew"],"campfire_rested":0,"item_purchase_floors":[4,4,4,19,19,39,39,39,39,39,48,48,53,53,53,53],"current_hp_per_floor":[53,53,53,53,53,53,53,51,51,51,51,35,35,35,35,22,58,63,63,68,70,70,70,59,35,35,35,30,27,27,26,26,17,31,35,34,29,24,24,24,24,24,24,24,24,24,24,35,35,10,29,29,35,35,12],"gold":34,"neow_bonus":"BOSS_RELIC","is_daily":false,"chose_seed":false,"campfire_upgraded":7,"win_rate":0.0,"timestamp":1610335479,"path_taken":["M","?","?","$","?","R","M","E","T","M","R","E","M","M","R","BOSS","M","$","?","M","?","R","E","?","T","R","E","M","M","E","R","BOSS","M","M","?","M","$","E","?","R","T","R","M","?","R","$","R","BOSS","R","$","E","BOSS"],"items_purchased_type":["Relic","Relic","Potion","Card","Card","Relic","Relic","Relic","Card","Card","Relic","Card","Relic","Card","Potion","Potion"],"build_version":"2020-12-22","purchased_purges":3,"victory":true,"max_hp_per_floor":[70,70,70,70,70,70,70,70,70,70,70,70,70,70,70,70,70,70,70,70,70,70,70,70,35,35,35,35,35,35,35,35,35,35,35,35,35,35,35,35,35,35,35,35,35,35,35,35,35,35,35,35,35,35,35],"relic_stats":{"Lizard Tail":17,"counters":[27,139],"Dead Branch":[243],"HoveringKite":[63],"MealTicket":17,"Juzu Bracelet":1,"Letter Opener":[443],"War Paint":["Defend_G","Defend_G"],"MawBank":180,"Medical Kit":[2],"obtain_stats":[{"Lantern":4,"Calipers":41,"HoveringKite":17,"Vajra":31,"Juzu Bracelet":12,"Incense Burner":53,"Lizard Tail":8,"Ninja Scroll":39,"Philosopher\u0027s Stone":34,"MealTicket":46,"Red Mask":20,"Ring of the Snake":0,"Girya":43,"Dead Branch":0,"Oddly Smooth Stone":40,"Thread and Needle":39,"The Courier":28,"Letter Opener":0,"War Paint":5,"MawBank":24,"Medical Kit":48,"White Beast Statue":26,"Calling Bell":0,"Orrery":39,"Bag of Marbles":54,"Membership Card":4,"Toy Ornithopter":0},{"Lantern":2,"Calipers":23,"HoveringKite":9,"Vajra":17,"Juzu Bracelet":6,"Incense Burner":25,"Lizard Tail":4,"Ninja Scroll":21,"Philosopher\u0027s Stone":18,"MealTicket":24,"Red Mask":11,"Ring of the Snake":0,"Girya":23,"Dead Branch":0,"Oddly Smooth Stone":22,"Thread and Needle":21,"The Courier":14,"Letter Opener":0,"War Paint":2,"MawBank":13,"Medical Kit":24,"White Beast Statue":13,"Calling Bell":0,"Orrery":21,"Bag of Marbles":26,"Membership Card":2,"Toy Ornithopter":0},{"Lantern":10,"Calipers":111,"HoveringKite":37,"Vajra":77,"Juzu Bracelet":24,"Incense Burner":128,"Lizard Tail":18,"Ninja Scroll":100,"Philosopher\u0027s Stone":88,"MealTicket":116,"Red Mask":41,"Ring of the Snake":0,"Girya":111,"Dead Branch":0,"Oddly Smooth Stone":105,"Thread and Needle":100,"The Courier":58,"Letter Opener":0,"War Paint":10,"MawBank":52,"Medical Kit":116,"White Beast Statue":52,"Calling Bell":0,"Orrery":100,"Bag of Marbles":132,"Membership Card":10,"Toy Ornithopter":0}],"Toy Ornithopter":36},"card_choices":[{"not_picked":["Flying Knee","Outmaneuver"],"picked":"Blade Dance","floor":1.0},{"not_picked":["Flechettes","Prepared"],"picked":"Dagger Spray","floor":2.0},{"not_picked":["Backflip","Wraith Form v2"],"picked":"Flying Knee","floor":7.0},{"not_picked":["Setup","Poisoned Stab","Outmaneuver"],"picked":"SKIP","floor":8.0},{"not_picked":["Accuracy","Blur"],"picked":"PiercingWail","floor":10.0},{"not_picked":["Poisoned Stab","Expertise"],"picked":"Deadly Poison","floor":12.0},{"not_picked":["Quick Slash","Sucker Punch"],"picked":"Glass Knife","floor":13.0},{"not_picked":["Dagger Throw","Blade Dance"],"picked":"Crippling Poison","floor":14.0},{"not_picked":["Unload","Storm of Steel"],"picked":"Die Die Die","floor":16.0},{"not_picked":["Predator","Underhanded Strike+1"],"picked":"Footwork+1","floor":18.0},{"not_picked":["Finisher","Caltrops"],"picked":"Acrobatics+1","floor":20.0},{"not_picked":["Slice","Riddle With Holes"],"picked":"PiercingWail+1","floor":24.0},{"not_picked":["Reflex","Backflip","Finisher"],"picked":"SKIP","floor":28.0},{"not_picked":["Eviscerate","Slice","Poisoned Stab"],"picked":"SKIP","floor":29.0},{"not_picked":["Eviscerate","Slice","Poisoned Stab"],"picked":"SKIP","floor":29.0},{"not_picked":["Sucker Punch","Dodge and Roll","PiercingWail"],"picked":"SKIP","floor":30.0},{"not_picked":["Reflex","Flechettes"],"picked":"Dagger Throw","floor":31.0},{"not_picked":["Storm of Steel","Venomology"],"picked":"Bullet Time","floor":33.0},{"not_picked":["Underhanded Strike","PiercingWail+1"],"picked":"Dagger Spray+1","floor":36.0},{"not_picked":["Backflip","Skewer"],"picked":"Tactician","floor":38.0},{"not_picked":["Venomology","Dodge and Roll"],"picked":"Prepared+1","floor":39.0},{"not_picked":["Quick Slash","Dagger Throw"],"picked":"Distraction+1","floor":39.0},{"not_picked":["Dagger Throw","Underhanded Strike+1"],"picked":"Predator","floor":39.0},{"not_picked":["Bane+1","Caltrops"],"picked":"After Image","floor":39.0},{"not_picked":["Crippling Poison","Glass Knife"],"picked":"All Out Attack+1","floor":39.0},{"not_picked":["Expertise+1","Cloak And Dagger+1"],"picked":"Acrobatics+1","floor":40.0},{"not_picked":["Skewer","Outmaneuver"],"picked":"Caltrops+1","floor":41.0},{"not_picked":["Backflip","Setup+1"],"picked":"Prepared+1","floor":45.0},{"not_picked":["Bane+1","Outmaneuver+1"],"picked":"Deadly Poison","floor":54.0}],"player_experience":5773219,"relics_obtained":[{"floor":0.0,"key":"Toy Ornithopter"},{"floor":0.0,"key":"Letter Opener"},{"floor":0.0,"key":"Dead Branch"},{"floor":8.0,"key":"Lizard Tail"},{"floor":12.0,"key":"Juzu Bracelet"},{"floor":20.0,"key":"Red Mask"},{"floor":24.0,"key":"MawBank"},{"floor":26.0,"key":"White Beast Statue"},{"floor":28.0,"key":"The Courier"},{"floor":31.0,"key":"Vajra"},{"floor":40.0,"key":"Oddly Smooth Stone"},{"floor":41.0,"key":"Calipers"},{"floor":43.0,"key":"Girya"},{"floor":46.0,"key":"MealTicket"},{"floor":54.0,"key":"Bag of Marbles"}],"event_choices":[{"damage_healed":0.0,"max_hp_gain":0.0,"max_hp_loss":0.0,"gold_gain":175.0,"event_name":"Liars Game","player_choice":"AGREE","floor":3.0,"gold_loss":0.0,"damage_taken":0.0,"cards_obtained":["Doubt"]},{"damage_healed":0.0,"max_hp_gain":0.0,"max_hp_loss":0.0,"gold_gain":0.0,"event_name":"WeMeetAgain","player_choice":"Gave Potion","floor":5.0,"gold_loss":0.0,"damage_taken":0.0,"relics_obtained":["War Paint"]},{"damage_healed":0.0,"max_hp_gain":0.0,"max_hp_loss":0.0,"gold_gain":0.0,"event_name":"Masked Bandits","player_choice":"Fought Bandits","floor":20.0,"gold_loss":0.0,"damage_taken":0.0},{"damage_healed":0.0,"max_hp_gain":0.0,"max_hp_loss":0.0,"gold_gain":0.0,"event_name":"The Library","player_choice":"Read","floor":22.0,"gold_loss":0.0,"damage_taken":0.0,"cards_obtained":["Acrobatics"]},{"damage_healed":0.0,"max_hp_gain":0.0,"max_hp_loss":35.0,"gold_gain":0.0,"event_name":"Ghosts","player_choice":"Became a Ghost","floor":25.0,"gold_loss":0.0,"damage_taken":0.0,"cards_obtained":["Ghostly","Ghostly","Ghostly","Ghostly","Ghostly"]},{"damage_healed":0.0,"max_hp_gain":0.0,"max_hp_loss":0.0,"gold_gain":0.0,"event_name":"SensoryStone","player_choice":"Memory 2","floor":37.0,"gold_loss":0.0,"damage_taken":5.0},{"damage_healed":0.0,"max_hp_gain":0.0,"max_hp_loss":0.0,"gold_gain":0.0,"event_name":"MindBloom","player_choice":"Fight","floor":41.0,"gold_loss":0.0,"damage_taken":0.0}],"is_beta":false,"boss_relics":[{"not_picked":["WristBlade","Ectoplasm"],"picked":"HoveringKite"},{"not_picked":["Empty Cage","Fusion Hammer"],"picked":"Philosopher\u0027s Stone"}],"items_purged_floors":[4,19,39],"is_endless":false,"potions_floor_spawned":[2,14,16,20,28,29,30,31,33,35,36,38,40,41,45,54],"ascension_level":8}}