{"host":"8i4doyxqctgl5qb0","time":1610400571,"event":{"mods":["AchievementEnabler","BaseMod","Block Reminder","Colored Powertips","Hermit","Minty Spire (QoL Compilation)","Permanent Neow","Potion Indicator Mod","Rare Cards Sparkle","StSLib","SuperFastMode","The Jungle"],"gold_per_floor":[113,132,307,307,327,342,360,635,635,660,610,637,661,679,679,792,792,806,228,428,428,428],"floor_reached":21,"playtime":1215,"items_purged":["Doubt","hermit:Defend_Hermit"],"score":208,"play_id":"ded4f0c4-5480-42aa-9740-a7d80dbefe88","local_time":"20210112052931","is_ascension_mode":false,"campfire_choices":[{"floor":15,"key":"REST"}],"circlet_count":0,"master_deck":["hermit:Strike_Hermit","hermit:Strike_Hermit","hermit:Strike_Hermit","hermit:Defend_Hermit","hermit:Defend_Hermit","hermit:Snapshot","hermit:Covet","hermit:Combo","hermit:RoundhouseKick","hermit:Dive","hermit:Coalescence","Regret","hermit:Deadeye","hermit:Malice","hermit:FatalDesire"],"relics":["hermit:Momento","Smiling Mask","CeramicFish","Singing Bowl","Empty Cage","Pantograph","Incense Burner"],"acts_visited":["Exordium","TheCity"],"potions_floor_usage":[14,14],"damage_taken":[{"damage":0.0,"enemies":"Small Slimes","floor":1.0,"turns":3.0},{"damage":1.0,"enemies":"Jaw Worm","floor":2.0,"turns":3.0},{"damage":1.0,"enemies":"Cultist","floor":5.0,"turns":3.0},{"damage":23.0,"enemies":"3 Louse","floor":6.0,"turns":5.0},{"damage":0.0,"enemies":"Lots of Slimes","floor":7.0,"turns":1.0},{"damage":7.0,"enemies":"2 Fungi Beasts","floor":10.0,"turns":4.0},{"damage":37.0,"enemies":"3 Sentries","floor":12.0,"turns":8.0},{"damage":12.0,"enemies":"Large Slime","floor":13.0,"turns":8.0},{"damage":0,"enemies":"Red Slaver","floor":14,"turns":1},{"damage":1,"enemies":"Slime Boss","floor":16,"turns":9},{"damage":39,"enemies":"3 Byrds","floor":18,"turns":6},{"damage":52,"enemies":"Spheric Guardian","floor":21,"turns":7}],"seed_played":"-7049287858752022392","potions_obtained":[{"floor":5.0,"key":"CultistPotion"},{"floor":6.0,"key":"hermit:BlackBile"},{"floor":10.0,"key":"SteroidPotion"}],"is_trial":false,"path_per_floor":["M","M","?","?","M","M","M","?","T","M","$","E","M","M","R","B",null,"M","$","?","M"],"character_chosen":"HERMIT","items_purchased":["Pantograph","Incense Burner"],"campfire_rested":1,"item_purchase_floors":[19,19],"current_hp_per_floor":[82,81,81,81,80,57,57,57,57,50,50,15,3,5,30,29,86,49,49,49,0,0],"gold":428,"neow_bonus":"TEN_PERCENT_HP_BONUS","is_daily":false,"chose_seed":false,"campfire_upgraded":0,"win_rate":0.0,"timestamp":1610400571,"path_taken":["M","M","?","?","?","M","M","?","T","M","$","E","?","M","R","BOSS","M","$","?","?"],"items_purchased_type":["Relic","Relic"],"build_version":"2020-12-22","purchased_purges":2,"victory":false,"max_hp_per_floor":[82,82,82,82,82,82,82,82,82,82,82,84,84,86,86,86,86,88,88,88,88,88],"card_choices":[{"not_picked":["hermit:Desperado","hermit:Deadeye"],"picked":"hermit:Snipe","floor":1.0},{"not_picked":["hermit:Glare","hermit:TrackingShot"],"picked":"hermit:Combo","floor":2.0},{"not_picked":["hermit:Vantage","hermit:Brawl"],"picked":"hermit:RoundhouseKick","floor":5.0},{"not_picked":["hermit:ItchyTrigger","hermit:SprayPray"],"picked":"hermit:Dive","floor":6.0},{"not_picked":["hermit:Feint","hermit:Spite"],"picked":"hermit:Coalescence","floor":7.0},{"not_picked":["hermit:HoleUp","hermit:Vantage"],"picked":"hermit:Deadeye","floor":10.0},{"not_picked":["hermit:Virtue","hermit:CalledShot","hermit:Ricochet"],"picked":"Singing Bowl","floor":12.0},{"not_picked":["hermit:Quickdraw","hermit:Manifest"],"picked":"hermit:Malice","floor":13.0},{"not_picked":["hermit:LoneWolf","hermit:Coalescence","hermit:Grudge"],"picked":"Singing Bowl","floor":14},{"not_picked":["hermit:EternalForm","hermit:OverwhelmingPower"],"picked":"hermit:FatalDesire","floor":16},{"not_picked":["hermit:SprayPray+1","hermit:Glare","hermit:TrackingShot"],"picked":"Singing Bowl","floor":18}],"player_experience":104168,"relics_obtained":[{"floor":9.0,"key":"CeramicFish"},{"floor":12.0,"key":"Singing Bowl"}],"event_choices":[{"damage_healed":0.0,"max_hp_gain":0.0,"max_hp_loss":0.0,"gold_gain":175.0,"event_name":"Liars Game","player_choice":"AGREE","floor":3.0,"gold_loss":0.0,"damage_taken":0.0,"cards_obtained":["Doubt"]},{"cards_removed":["hermit:Snipe"],"damage_healed":0.0,"max_hp_gain":0.0,"max_hp_loss":0.0,"gold_gain":0.0,"event_name":"WeMeetAgain","player_choice":"Gave Card","floor":4.0,"gold_loss":0.0,"damage_taken":0.0,"relics_obtained":["Smiling Mask"]},{"damage_healed":0.0,"max_hp_gain":0.0,"max_hp_loss":0.0,"gold_gain":275.0,"event_name":"Golden Shrine","player_choice":"Desecrate","floor":8.0,"gold_loss":0.0,"damage_taken":0.0,"cards_obtained":["Regret"]},{"damage_healed":0,"gold_gain":250,"player_choice":"Bet on Owner","damage_taken":0,"max_hp_gain":0,"max_hp_loss":0,"event_name":"The Joust","floor":20,"gold_loss":50}],"is_beta":false,"boss_relics":[{"not_picked":["Sozu","Black Star"],"picked":"Empty Cage"}],"items_purged_floors":[11,19],"is_endless":false,"potions_floor_spawned":[5,6,10],"killed_by":"Spheric Guardian","ascension_level":0}}