{"host":"6azrrw3tf7wb0f4b","time":1610364855,"event":{"mods":["BaseMod","DeckTracker","Minty Spire (QoL Compilation)","SuperFastMode"],"gold_per_floor":[113,113,113,133,147,182,195,195,195,211,242,265,265,265],"floor_reached":13,"playtime":182,"items_purged":[],"score":155,"play_id":"e90f0b14-4314-4b2e-8458-923a67adc1a6","local_time":"20210111203415","is_ascension_mode":true,"campfire_choices":[{"data":"Eruption","floor":8,"key":"SMITH"}],"circlet_count":0,"master_deck":["AscendersBane","Strike_P","Strike_P","Strike_P","Strike_P","Defend_P","Defend_P","Defend_P","Defend_P","Eruption+1","Vigilance","WheelKick","Wallop","FlurryOfBlows","InnerPeace"],"relics":["PureWater","NeowsBlessing","Golden Idol","StoneCalendar","Blue Candle","Darkstone Periapt","Sundial"],"acts_visited":["Exordium"],"potions_floor_usage":[6,13,13,13],"damage_taken":[{"damage":0,"enemies":"2 Louse","floor":1,"turns":1},{"damage":0,"enemies":"Small Slimes","floor":4,"turns":2},{"damage":0,"enemies":"Cultist","floor":5,"turns":1},{"damage":34,"enemies":"3 Sentries","floor":6,"turns":7},{"damage":10,"enemies":"Red Slaver","floor":7,"turns":2},{"damage":0,"enemies":"Large Slime","floor":10,"turns":2},{"damage":12,"enemies":"Lagavulin","floor":11,"turns":5},{"damage":0,"enemies":"Looter","floor":12,"turns":2},{"damage":10,"enemies":"Gremlin Nob","floor":13,"turns":2}],"seed_played":"-3182700292493801022","potions_obtained":[{"floor":4,"key":"DistilledChaos"},{"floor":10,"key":"Strength Potion"},{"floor":11,"key":"EntropicBrew"}],"is_trial":false,"path_per_floor":["M","?","?","M","M","E","M","R","T","M","E","M","E"],"character_chosen":"WATCHER","items_purchased":[],"campfire_rested":0,"item_purchase_floors":[],"current_hp_per_floor":[65,65,65,65,65,31,21,21,21,21,9,9,0,0],"gold":265,"neow_bonus":"THREE_ENEMY_KILL","is_daily":false,"chose_seed":false,"campfire_upgraded":1,"win_rate":0.0,"timestamp":1610364855,"path_taken":["M","?","?","M","M","E","M","R","T","?","E","M","E"],"items_purchased_type":[],"build_version":"2020-12-22","purchased_purges":0,"victory":false,"max_hp_per_floor":[72,67,67,67,67,67,67,67,67,67,67,67,67,67],"card_choices":[{"not_picked":["Evaluate","EmptyBody"],"picked":"PathToVictory","floor":1},{"not_picked":["BowlingBash","FlyingSleeves","SandsOfTime"],"picked":"SKIP","floor":4},{"not_picked":["CarveReality","FollowUp"],"picked":"WheelKick","floor":5},{"not_picked":["WindmillStrike","CrushJoints"],"picked":"Wallop","floor":6},{"not_picked":["SandsOfTime","Crescendo","Consecrate"],"picked":"SKIP","floor":7},{"not_picked":["WheelKick","Protect"],"picked":"FlurryOfBlows","floor":10},{"not_picked":["Blasphemy","Fasting2"],"picked":"InnerPeace","floor":11},{"not_picked":["WaveOfTheHand","Consecrate","CarveReality"],"picked":"SKIP","floor":12}],"player_experience":693613,"relics_obtained":[{"floor":6,"key":"Blue Candle"},{"floor":9,"key":"Darkstone Periapt"},{"floor":11,"key":"Sundial"}],"event_choices":[{"damage_healed":0,"gold_gain":0,"player_choice":"Lose Max HP","damage_taken":0,"relics_obtained":["Golden Idol"],"max_hp_gain":0,"max_hp_loss":5,"event_name":"Golden Idol","floor":2,"gold_loss":0},{"cards_removed":["PathToVictory"],"damage_healed":0,"gold_gain":0,"player_choice":"Gave Card","damage_taken":0,"relics_obtained":["StoneCalendar"],"max_hp_gain":0,"max_hp_loss":0,"event_name":"WeMeetAgain","floor":3,"gold_loss":0}],"is_beta":false,"boss_relics":[],"items_purged_floors":[],"is_endless":false,"potions_floor_spawned":[4,10,11,12],"killed_by":"Gremlin Nob","ascension_level":12}}