{"host":"eu5wvbbtjeiar27l","time":1610395942,"event":{"mods":["BaseMod","Colored Powertips","Conspire","Hubris","Infinite Spire","Minty Spire (QoL Compilation)","Rare Cards Sparkle","StSLib","vexMod"],"gold_per_floor":[129,163,163,198,53,88,88,148,175,175,239,254,294,335,335,435,435,446,446,486,527,571,571,571],"floor_reached":23,"playtime":1476,"items_purged":["Strike_B","Strike_B"],"score":207,"play_id":"6bbe0403-f88e-43f0-8c3e-978a23ba6b1c","local_time":"20210111201222","is_ascension_mode":false,"campfire_choices":[{"data":"Seek","floor":7,"key":"SMITH"},{"floor":10,"key":"REST"},{"floor":15,"key":"REST"}],"circlet_count":0,"master_deck":["Strike_B","Strike_B","Defend_B","Defend_B","Defend_B","Defend_B","Zap","Dualcast","HandOfGreed+1","Turbo","Loop","Hologram","Capacitor","Seek+1","Consume","Ball Lightning","Conserve Battery","Ball Lightning","Conserve Battery","Rainbow","infinitespire:UltimateForm","infinitespire:NeuralNetwork","Turbo","Glacier","Defragment"],"relics":["Cracked Core","Peace Pipe","Pen Nib","Art of War","conspire:SpecialSausage"],"acts_visited":["Exordium","TheCity"],"potions_floor_usage":[8,23,23],"damage_taken":[{"damage":5,"enemies":"Jaw Worm","floor":1,"turns":4},{"damage":1,"enemies":"Cultist","floor":2,"turns":3},{"damage":12,"enemies":"Small Slimes","floor":4,"turns":3},{"damage":31,"enemies":"Lagavulin","floor":6,"turns":6},{"damage":13,"enemies":"Gremlin Nob","floor":8,"turns":4},{"damage":8,"enemies":"3 Louse","floor":11,"turns":3},{"damage":13,"enemies":"Red Slaver","floor":12,"turns":2},{"damage":1,"enemies":"Exordium Thugs","floor":13,"turns":3},{"damage":3,"enemies":"Looter","floor":14,"turns":2},{"damage":15,"enemies":"The Guardian","floor":16,"turns":7},{"damage":3,"enemies":"Shell Parasite","floor":18,"turns":4},{"damage":15,"enemies":"2 Thieves","floor":20,"turns":3},{"damage":22,"enemies":"Snake Plant","floor":21,"turns":4},{"damage":13,"enemies":"Sentry and Sphere","floor":22,"turns":4},{"damage":18,"enemies":"Gremlin Leader","floor":23,"turns":5}],"seed_played":"7667479462554927131","potions_obtained":[{"floor":2,"key":"EssenceOfSteel"},{"floor":13,"key":"LiquidMemories"},{"floor":14,"key":"SneckoOil"},{"floor":16,"key":"Explosive Potion"},{"floor":20,"key":"Explosive Potion"}],"is_trial":false,"path_per_floor":["M","M","?","M","$","E","R","E","T","R","M","M","M","M","R","B",null,"M","AVR","M","M","M","E"],"character_chosen":"DEFECT","items_purchased":["Capacitor"],"campfire_rested":2,"item_purchase_floors":[5],"current_hp_per_floor":[63,62,62,50,50,19,19,6,6,26,18,5,4,1,21,6,68,65,65,50,28,15,0,0],"gold":571,"neow_bonus":"RANDOM_COLORLESS_2","is_daily":false,"chose_seed":false,"campfire_upgraded":1,"win_rate":0.0,"timestamp":1610395942,"path_taken":["M","M","?","M","$","E","R","E","T","R","?","M","M","M","R","BOSS","M","AVR","M","M","M","E"],"items_purchased_type":["Card"],"build_version":"2020-12-22","purchased_purges":2,"victory":false,"max_hp_per_floor":[68,68,68,68,68,68,68,68,68,68,68,68,68,68,68,68,68,68,68,68,68,68,68,68],"card_choices":[{"not_picked":["Chrysalis","Transmutation"],"picked":"HandOfGreed","floor":0},{"not_picked":["Beam Cell","Stack"],"picked":"Turbo","floor":1},{"not_picked":["Lockon","conspire:SharedLibrary"],"picked":"Loop","floor":2},{"not_picked":["Conserve Battery","Glacier"],"picked":"Hologram","floor":4},{"not_picked":["Capacitor","Multi-Cast"],"picked":"Seek","floor":6},{"not_picked":["Leap","Defragment"],"picked":"Consume","floor":8},{"not_picked":["Conserve Battery","Beam Cell"],"picked":"Ball Lightning","floor":11},{"not_picked":["Doom and Gloom","Redo"],"picked":"Conserve Battery","floor":12},{"not_picked":["Aggregate","Blizzard"],"picked":"Ball Lightning","floor":13},{"not_picked":["Gash","Leap"],"picked":"Conserve Battery","floor":14},{"not_picked":["Creative AI","Hyperbeam"],"picked":"Rainbow","floor":16},{"not_picked":["Stack","Melter","Cold Snap"],"picked":"SKIP","floor":18},{"not_picked":["Stack","Barrage"],"picked":"Turbo","floor":20},{"not_picked":["Compile Driver","Redo"],"picked":"Glacier","floor":21},{"not_picked":["Gash+1","conspire:SharedLibrary+1"],"picked":"Defragment","floor":22}],"player_experience":72293,"relics_obtained":[{"floor":6,"key":"Peace Pipe"},{"floor":8,"key":"Pen Nib"},{"floor":9,"key":"Art of War"}],"event_choices":[{"damage_healed":0,"gold_gain":0,"player_choice":"Forge","damage_taken":0,"max_hp_gain":0,"max_hp_loss":0,"event_name":"Accursed Blacksmith","floor":3,"gold_loss":0,"cards_upgraded":["HandOfGreed"]}],"is_beta":false,"boss_relics":[{"not_picked":["Inserter","vexMod:ImprovementManual"],"picked":"conspire:SpecialSausage"}],"items_purged_floors":[5,19],"is_endless":false,"potions_floor_spawned":[2,13,14,16,20],"killed_by":"Gremlin Leader","ascension_level":0}}