{"host":"ha6p5pdchuduffeg","time":1610323545,"event":{"mods":["Act Like it!","BaseMod","Gensokyo","KinomotoSakuraMod(ƒæ÷Æ±æ”£)","Koishi","Marisa£®ÏF”Í°°ƒß¿Ì…≥£©","Minty Spire (QoL Compilation)","Reimu£®≤©¿ˆ¡È√Œ£©","Remilia£®¿Ÿ√◊¿Ú—«£©","Replay The Spire","StSLib","The Servant 0.9.4","Youmu£®ªÍ∆«—˝√Œ£©"],"gold_per_floor":[113,113,131,131,149,181,181,212,239,271,271,285,285,285,285,382,382,354,374,374,390,20,48,65,65,65,65,65,94,94,150,150,251,251,263,263,263,282,301,301,301],"floor_reached":40,"playtime":2233,"items_purged":["Gluttony_TH"],"score":590,"play_id":"59ff8bb9-4b55-4498-809a-4f56130dc536","local_time":"20210111080545","is_ascension_mode":true,"campfire_choices":[{"floor":7.0,"key":"REST"},{"floor":11.0,"key":"REST"},{"floor":15.0,"key":"REST"},{"floor":25.0,"key":"REST"},{"data":"Ricochet","floor":28.0,"key":"SMITH"},{"floor":30.0,"key":"REST"},{"floor":32.0,"key":"REST"}],"circlet_count":0,"master_deck":["Strike_S","Strike_S","Strike_S","Strike_S","Defend_S","Defend_S","Defend_S","Defend_S+1","KidneyShot","Exchange","Spin","Ricochet+1","Contraction+1","FlawlessForm+1","Moonlight+1","Rearm","ShatteredReality","SilverMatrix","Contraction+1","Delirium","FanOfKnives","RealityMarble+1","CurseOfTheBell","Unruled+1","Wraith","KidneyShot+1","Spin+1"],"relics":["Uniform","NeowsBlessing","Broom","ReplayTheSpireMod:TigerMarble","Oddly Smooth Stone","Bag of Marbles","Lantern","War Paint","Blood Vial","Ring of Searing","ReplayTheSpireMod:Ring of Addiction","White Beast Statue","Toy Ornithopter","Ancient Tea Set","Replay:Bottled Snecko","Calling Bell","Orichalcum","Molten Egg 2","Replay:PocketPolymizer"],"acts_visited":["Exordium","TheCity","TheBeyond"],"potions_floor_usage":[33,35,39],"damage_taken":[{"damage":0.0,"enemies":"Cultist","floor":1.0,"turns":1.0},{"damage":0.0,"enemies":"Jaw Worm","floor":3.0,"turns":1.0},{"damage":0.0,"enemies":"Small Slimes","floor":5.0,"turns":1.0},{"damage":44.0,"enemies":"Lagavulin","floor":6.0,"turns":9.0},{"damage":25.0,"enemies":"3 Sentries","floor":8.0,"turns":5.0},{"damage":6.0,"enemies":"Lagavulin","floor":10.0,"turns":7.0},{"damage":0.0,"enemies":"Looter","floor":12.0,"turns":2.0},{"damage":45.0,"enemies":"The Guardian","floor":16.0,"turns":25.0},{"damage":23.0,"enemies":"2 Thieves","floor":18.0,"turns":5.0},{"damage":0.0,"enemies":"Spheric Guardian","floor":19.0,"turns":5.0},{"damage":12.0,"enemies":"Centurion and Healer","floor":21.0,"turns":8.0},{"damage":0.0,"enemies":"Gremlin Leader","floor":23.0,"turns":9.0},{"damage":0.0,"enemies":"Chosen and Byrds","floor":24.0,"turns":8.0},{"damage":48.0,"enemies":"Slavers","floor":29.0,"turns":7.0},{"damage":56,"enemies":"Automaton","floor":33,"turns":13},{"damage":38,"enemies":"3 Shapes","floor":35,"turns":4},{"damage":15,"enemies":"Orb Walker","floor":38,"turns":3},{"damage":7,"enemies":"Spire Growth","floor":39,"turns":6},{"damage":22,"enemies":"R_Hoarder","floor":40,"turns":10}],"seed_played":"2671551071844281317","potions_obtained":[{"floor":1.0,"key":"LiquidBronze"},{"floor":6.0,"key":"Block Potion"},{"floor":8.0,"key":"EntropicBrew"},{"floor":12.0,"key":"EntropicBrew"},{"floor":18.0,"key":"Energy Potion"},{"floor":24.0,"key":"Doom Potion"},{"floor":27.0,"key":"AttackPotion"},{"floor":33,"key":"Adrenaline Potion"},{"floor":35,"key":"EntropicBrew"},{"floor":39,"key":"Block Potion"}],"is_trial":false,"path_per_floor":["M","?","M","?","M","E","R","E","T","E","R","M","?","?","R","B",null,"M","M","?","M","$","E","M","R","T","?","R","E","R","?","R","B",null,"M","?","?","M","M","E"],"character_chosen":"THE_SERVANT","items_purchased":["Bag of Marbles","Lantern"],"campfire_rested":6,"item_purchase_floors":[22,22],"current_hp_per_floor":[65,65,65,65,65,21,40,15,15,9,28,28,28,28,47,2,65,42,42,57,45,45,50,50,74,74,74,74,28,52,33,56,7,78,45,45,45,32,32,12,12],"gold":301,"neow_bonus":"THREE_ENEMY_KILL","is_daily":false,"chose_seed":false,"campfire_upgraded":1,"win_rate":0.0,"timestamp":1610323545,"path_taken":["M","?","M","?","M","E","R","E","T","E","R","?","?","?","R","BOSS","M","M","?","M","$","E","M","R","T","?","R","E","R","?","R","BOSS","M","?","?","M","?","E"],"items_purchased_type":["Relic","Relic"],"build_version":"2020-12-22","purchased_purges":1,"victory":false,"max_hp_per_floor":[65,65,65,65,65,65,65,65,65,65,65,65,65,65,65,65,65,65,65,80,80,80,80,80,80,80,80,80,80,80,78,78,78,78,78,78,78,78,76,76,76],"card_choices":[{"not_picked":["Sabotage","Revamp","Starlight"],"picked":"SKIP","floor":1.0},{"not_picked":["Replace","BestPractice"],"picked":"Spin","floor":3.0},{"not_picked":["Unruled","Rearm"],"picked":"Ricochet","floor":5.0},{"not_picked":["GearUp","ForgedInTime"],"picked":"Contraction","floor":6.0},{"not_picked":["FanOfKnives","ShatteredReality"],"picked":"FlawlessForm","floor":8.0},{"not_picked":["Revamp","Alleviate","Rewind"],"picked":"SKIP","floor":10.0},{"not_picked":["DoubleEdge","Starlight"],"picked":"Moonlight","floor":12.0},{"not_picked":["ShatteredReality","Spin"],"picked":"Rearm","floor":18.0},{"not_picked":["Spin","Replace"],"picked":"ShatteredReality","floor":19.0},{"not_picked":["Spin","Defy"],"picked":"SilverMatrix","floor":21.0},{"not_picked":["Comet+1","Rearm","Gouge"],"picked":"SKIP","floor":23.0},{"not_picked":["Replace+1","Starlight"],"picked":"Contraction+1","floor":24.0},{"not_picked":["Potential","ForgedInTime"],"picked":"FanOfKnives","floor":29.0},{"not_picked":["FastForward","Collapse"],"picked":"RealityMarble+1","floor":31.0},{"not_picked":["ShiftingGears","TimeWarp+1"],"picked":"Unruled+1","floor":35},{"not_picked":["Replace","TimeTheft"],"picked":"Spin+1","floor":38},{"not_picked":["TimeTheft","Defy","FastForward+1"],"picked":"SKIP","floor":39}],"player_experience":56951,"relics_obtained":[{"floor":6.0,"key":"Broom"},{"floor":8.0,"key":"ReplayTheSpireMod:TigerMarble"},{"floor":9.0,"key":"Oddly Smooth Stone"},{"floor":23.0,"key":"War Paint"},{"floor":26.0,"key":"Blood Vial"},{"floor":27.0,"key":"Ring of Searing"},{"floor":27.0,"key":"ReplayTheSpireMod:Ring of Addiction"},{"floor":27.0,"key":"White Beast Statue"},{"floor":27.0,"key":"Toy Ornithopter"},{"floor":29.0,"key":"Ancient Tea Set"},{"floor":31.0,"key":"Replay:Bottled Snecko"},{"floor":34,"key":"Orichalcum"},{"floor":34,"key":"Molten Egg 2"},{"floor":34,"key":"Replay:PocketPolymizer"}],"event_choices":[{"damage_healed":0.0,"max_hp_gain":0.0,"max_hp_loss":0.0,"gold_gain":0.0,"event_name":"Shining Light","player_choice":"Ignored","floor":2.0,"gold_loss":0.0,"damage_taken":0.0},{"damage_healed":0.0,"max_hp_gain":0.0,"max_hp_loss":0.0,"gold_gain":0.0,"event_name":"Purifier","player_choice":"Ignored","floor":4.0,"gold_loss":0.0,"damage_taken":0.0},{"damage_healed":0.0,"max_hp_gain":0.0,"max_hp_loss":0.0,"gold_gain":0.0,"event_name":"Living Wall","player_choice":"Grow","floor":14.0,"gold_loss":0.0,"damage_taken":0.0,"cards_upgraded":["FlawlessForm"]},{"damage_healed":0,"gold_gain":0,"player_choice":"Ignored","damage_taken":0,"max_hp_gain":0,"max_hp_loss":0,"event_name":"OrinTheCat","floor":36,"gold_loss":0},{"damage_healed":0,"gold_gain":0,"player_choice":"1 cards matched","damage_taken":0,"max_hp_gain":0,"max_hp_loss":0,"event_name":"Match and Keep!","floor":37,"gold_loss":0,"cards_obtained":["KidneyShot"]}],"is_beta":false,"boss_relics":[{"not_picked":["Empty Cage","Ring of Chaos","Ectoplasm"]},{"not_picked":["MysterySword","Snecko Eye"],"picked":"Calling Bell"}],"items_purged_floors":[22],"is_endless":false,"potions_floor_spawned":[1,6,8,12,18,24,29,33,35,38,39],"killed_by":"R_Hoarder","ascension_level":4}}