{"host":"on8rz1ayhhz269sg","time":1610375602,"event":{"mods":["BaseMod","Downfall","Minty Spire (QoL Compilation)","Remilia£®¿Ÿ√◊¿Ú—«£©","StSLib","The Cursed"],"gold_per_floor":[99,274,274,274,274,374,374,387,387,398,417,430,430,460,479,576,576,576,595,136,236,236,247,247,262,280,280,296,316,316,25,39,39,39,39],"floor_reached":33,"playtime":3722,"items_purged":[],"score":274,"play_id":"e5d79e5d-3255-4fbc-99a3-002a6a0c8821","local_time":"20210111223322","is_ascension_mode":false,"campfire_choices":[{"data":"hexamod:Sear","floor":1,"key":"SMITH"},{"data":"hexamod:SoulSteal","floor":9,"key":"SMITH"},{"data":"hexamod:InspiringFlames","floor":13,"key":"SMITH"},{"data":"hexamod:EmpoweringStance","floor":18,"key":"SMITH"},{"floor":27,"key":"REST"},{"floor":30,"key":"REST"}],"circlet_count":0,"master_deck":["hexamod:Strike","hexamod:Strike","hexamod:Strike","hexamod:Strike","hexamod:Defend","hexamod:Defend","hexamod:Defend","hexamod:Sear+1","hexamod:Float","hexamod:SoulSteal+1","hexamod:GhostOfSpirePast","hexamod:StepThrough","hexamod:InspiringFlames+1","hexamod:HauntingEcho","hexamod:Incineration","hexamod:GhostflameInferno","hexamod:NightmareStrike","hexamod:ExtraCrispy","hexamod:EmpoweringStance+1","hexamod:FastForward","hexamod:GhostShield+1","hexamod:AdvancingGuard","hexamod:UnleashSpirits","hexamod:RadiantFlame","hexamod:NecessarySacrifice","hexamod:GhostOfSpirePast","hexamod:AdvancingGuard","hexamod:Hexaguard","hexamod:ThermalTransfer+1","hexamod:SkipABeat","hexamod:GhostLash+1","hexamod:SpectersWail","hexamod:Hexaguard","hexamod:EmpoweredFlame","hexamod:FirstSeal","Bandage Up","hexamod:Hexaguard+1"],"relics":["hexamod:SpiritBrand","downfall:HeartsMalice","Art of War","Potion Belt","The Courier","Vajra","Empty Cage","HandDrill","Bottled Lightning","Shovel","TheAbacus"],"acts_visited":["Exordium","TheCity"],"potions_floor_usage":[12,14,16,16,26,26,29,32],"damage_taken":[{"damage":0,"enemies":"Jaw Worm","floor":3,"turns":1},{"damage":0,"enemies":"Small Slimes","floor":4,"turns":1},{"damage":0,"enemies":"downfall:LadyInBlue","floor":6,"turns":1},{"damage":0,"enemies":"Cultist","floor":8,"turns":3},{"damage":4,"enemies":"2 Fungi Beasts","floor":10,"turns":3},{"damage":7,"enemies":"Exordium Wildlife","floor":11,"turns":3},{"damage":4,"enemies":"Lots of Slimes","floor":12,"turns":3},{"damage":18,"enemies":"Lagavulin","floor":14,"turns":7},{"damage":12,"enemies":"Exordium Thugs","floor":15,"turns":3},{"damage":29,"enemies":"downfall:Ironclad","floor":16,"turns":8},{"damage":45,"enemies":"3 Byrds","floor":19,"turns":6},{"damage":0,"enemies":"downfall:FleeingMerchant","floor":20,"turns":4},{"damage":2,"enemies":"Shell Parasite","floor":23,"turns":5},{"damage":4,"enemies":"Chosen and Byrds","floor":25,"turns":5},{"damage":17,"enemies":"3 Cultists","floor":26,"turns":6},{"damage":0,"enemies":"Centurion and Healer","floor":28,"turns":6},{"damage":0,"enemies":"Snecko","floor":29,"turns":5},{"damage":1,"enemies":"downfall:FleeingMerchant","floor":31,"turns":4},{"damage":7,"enemies":"Snake Plant","floor":32,"turns":3},{"damage":46,"enemies":"downfall:Silent","floor":33,"turns":9}],"seed_played":"-4895598031032164501","potions_obtained":[{"floor":6,"key":"Swift Potion"},{"floor":6,"key":"ColorlessPotion"},{"floor":6,"key":"FearPotion"},{"floor":6,"key":"Regen Potion"},{"floor":8,"key":"Block Potion"},{"floor":11,"key":"SpeedPotion"},{"floor":14,"key":"Explosive Potion"},{"floor":15,"key":"BlessingOfTheForge"},{"floor":23,"key":"Fire Potion"},{"floor":26,"key":"champ:CounterPotion"},{"floor":28,"key":"Block Potion"}],"is_trial":false,"path_per_floor":["R","?","M","M","?","?","T","M","R","M","M","M","R","E","M","B",null,"R","M","$","?","T","M","T","M","M","R","M","M","R","$","M","B"],"character_chosen":"THE_SPIRIT","items_purchased":["HandDrill","hexamod:AdvancingGuard","hexamod:UnleashSpirits","hexamod:RadiantFlame","hexamod:NecessarySacrifice","hexamod:GhostOfSpirePast","hexamod:AdvancingGuard","hexamod:EmpoweredFlame","hexamod:FirstSeal","Bandage Up","TheAbacus"],"campfire_rested":2,"item_purchase_floors":[20,20,20,20,20,20,20,31,31,31,31],"current_hp_per_floor":[70,70,70,70,70,70,70,70,70,66,59,67,67,49,37,8,70,70,25,25,25,25,23,23,19,2,23,23,23,44,43,40,0,0,0],"gold":39,"neow_bonus":"THREE_ENEMY_KILL","is_daily":false,"chose_seed":false,"campfire_upgraded":4,"win_rate":0.0,"timestamp":1610375602,"path_taken":["R","?","M","M","?","?","T","M","R","M","M","?","R","E","M","BOSS","R","M","$","?","?","?","T","M","M","R","M","M","R","?","M","BOSS"],"items_purchased_type":["Relic","Card","Card","Card","Card","Card","Card","Card","Card","Card","Relic"],"build_version":"2020-12-22","purchased_purges":0,"victory":false,"max_hp_per_floor":[70,70,70,70,70,70,70,70,70,70,70,70,70,70,70,70,70,70,70,70,70,70,70,70,70,70,70,70,70,70,70,70,70,70,70],"card_choices":[{"not_picked":["hexamod:ShieldOfDarkness","hexamod:GhostLash"],"picked":"hexamod:SoulSteal","floor":3},{"not_picked":["hexamod:ThermalTransfer","hexamod:NightmareGuise"],"picked":"hexamod:GhostOfSpirePast","floor":4},{"not_picked":["hexamod:SecondSeal","hexamod:SwordOfDarkness"],"picked":"hexamod:StepThrough","floor":6},{"not_picked":["hexamod:SecondSeal","hexamod:GhostLash"],"picked":"hexamod:InspiringFlames","floor":8},{"not_picked":["hexamod:InspiringFlames","hexamod:GhostLash"],"picked":"hexamod:HauntingEcho","floor":10},{"not_picked":["hexamod:HauntingEcho","hexamod:RecurringNightmare"],"picked":"hexamod:Incineration","floor":11},{"not_picked":["hexamod:Again","hexamod:ShieldOfDarkness"],"picked":"hexamod:GhostflameInferno","floor":12},{"not_picked":["hexamod:InspiringFlames","hexamod:GhostShield"],"picked":"hexamod:NightmareStrike","floor":14},{"not_picked":["hexamod:Firestarter","hexamod:FastForward"],"picked":"hexamod:ExtraCrispy","floor":15},{"not_picked":["hexamod:CrushingStance","hexamod:SixthSeal"],"picked":"hexamod:EmpoweringStance","floor":16},{"not_picked":["hexamod:GhostflameBarrier","hexamod:BacktrackSmack"],"picked":"hexamod:FastForward","floor":19},{"not_picked":["hexamod:ExtraCrispy","hexamod:DynamicBlow+1"],"picked":"hexamod:GhostShield+1","floor":20},{"not_picked":["hexamod:BacktrackSmack","hexamod:BurningTouch"],"picked":"hexamod:Hexaguard","floor":23},{"not_picked":["hexamod:Firestarter","hexamod:InspiringFlames"],"picked":"hexamod:ThermalTransfer+1","floor":25},{"not_picked":["hexamod:GhostOfSpireFuture","hexamod:RainOfEmbers"],"picked":"hexamod:SkipABeat","floor":26},{"not_picked":["hexamod:HeatCrush+1","hexamod:DynamicBlow"],"picked":"hexamod:GhostLash+1","floor":28},{"not_picked":["hexamod:BurningTouch","hexamod:CrushingStance"],"picked":"hexamod:SpectersWail","floor":29},{"not_picked":["hexamod:InspiringFlames","hexamod:FourthSeal"],"picked":"hexamod:Hexaguard","floor":31},{"not_picked":["hexamod:SkipABeat","hexamod:BacktrackSmack+1"],"picked":"hexamod:Hexaguard+1","floor":32}],"player_experience":173113,"relics_obtained":[{"floor":6,"key":"Potion Belt"},{"floor":7,"key":"The Courier"},{"floor":14,"key":"Vajra"},{"floor":22,"key":"Bottled Lightning"},{"floor":24,"key":"Shovel"}],"event_choices":[],"is_beta":false,"boss_relics":[{"not_picked":["Black Star","Pandora\u0027s Box"],"picked":"Empty Cage"}],"items_purged_floors":[],"is_endless":false,"potions_floor_spawned":[6,8,11,14,15,23,26,28],"killed_by":"downfall:Silent","ascension_level":0}}