{"host":"337p6miwxbqfki03","time":1610345532,"event":{"mods":["BaseMod","Better Third Choice","Colored Map","Conspire","Downfall","Hubris","Minty Spire (QoL Compilation)","Replay The Spire","Somnambulant","StSLib","The Cursed","The Hierophant","Unceasing Turn Reminder"],"gold_per_floor":[113,113,123,98,44,69,90,90,90,90,116,116,124,47,47,120,120,110,124,124,52,52,86,128,128,181,181,36,32,32],"floor_reached":29,"playtime":1872,"items_purged":[],"score":248,"play_id":"906e7219-4dd8-4e69-a16f-70309fa1196a","local_time":"20210111001212","is_ascension_mode":false,"campfire_choices":[{"floor":8.0,"key":"REST"},{"floor":12.0,"key":"REST"},{"floor":15.0,"key":"REST"}],"circlet_count":0,"master_deck":["hierophant:Strike_Hierophant+1","hierophant:Strike_Hierophant+1","hierophant:Strike_Hierophant+1","hierophant:Strike_Hierophant+1","hierophant:Punish","hierophant:Defend_Hierophant+1","hierophant:Defend_Hierophant+1","hierophant:Defend_Hierophant+1","hierophant:Defend_Hierophant+1","hierophant:ChurchCoffers+1","hierophant:MorningPrayer","hierophant:Bribe","hierophant:RepressedViolence","hierophant:Doubloon","hierophant:HammerAndAnvil","hierophant:Shelter","hierophant:EyeForCoin","hierophant:Doubloon","hierophant:Doubloon","hierophant:Dazzle","hierophant:Charity","hierophant:Doubloon","hierophant:Doubloon","hierophant:Kindle","hierophant:Doubloon","hierophant:Patience","hierophant:Doubloon","hierophant:OrnateJavelin","hierophant:Martyrdom","hierophant:Doubloon","hierophant:Martyrdom+1","hierophant:Kindle"],"relics":["Philosopher\u0027s Stone","betterThird:SlimedRelic","Centennial Puzzle","Replay:Bottled Flurry","SlaversCollar","conspire:TopHat","Toolbox"],"acts_visited":["Exordium","TheCity"],"potions_floor_usage":[23,24,29],"damage_taken":[{"damage":0.0,"enemies":"Small Slimes","floor":1.0,"turns":2.0},{"damage":0.0,"enemies":"Cultist","floor":3.0,"turns":3.0},{"damage":41.0,"enemies":"Lagavulin","floor":6.0,"turns":11.0},{"damage":3.0,"enemies":"Jaw Worm","floor":7.0,"turns":5.0},{"damage":0.0,"enemies":"Exordium Wildlife","floor":11.0,"turns":4.0},{"damage":4.0,"enemies":"Lots of Slimes","floor":13.0,"turns":2.0},{"damage":53,"enemies":"The Guardian","floor":16,"turns":25},{"damage":12,"enemies":"3 Byrds","floor":18,"turns":10},{"damage":24,"enemies":"Chosen","floor":19,"turns":13},{"damage":16,"enemies":"Shelled Parasite and Fungi","floor":23,"turns":12},{"damage":15,"enemies":"Snake Plant","floor":24,"turns":6},{"damage":8,"enemies":"Snecko","floor":29,"turns":2}],"seed_played":"7309947066227606205","potions_obtained":[{"floor":1.0,"key":"Explosive Potion"},{"floor":6.0,"key":"Slimebound:ThreeZeroPotion"},{"floor":13.0,"key":"Swift Potion"},{"floor":19,"key":"Toxic Potion"},{"floor":23,"key":"Block Potion"}],"is_trial":false,"path_per_floor":["M","?","M","?","$","E","M","R","T","?","M","R","M","$","R","B",null,"M","M","?","$","?","M","M","?","T","?","$","M"],"character_chosen":"HIEROPHANT","items_purchased":["hierophant:RepressedViolence","hierophant:Charity","hierophant:Martyrdom","Toolbox"],"campfire_rested":3,"item_purchase_floors":[5,14,21,28],"current_hp_per_floor":[75,75,75,64,64,23,20,42,42,42,42,64,60,60,75,22,75,63,39,39,39,33,17,2,2,2,2,2,0,0],"gold":32,"neow_bonus":"BOSS_RELIC","is_daily":false,"chose_seed":false,"campfire_upgraded":0,"win_rate":0.0,"timestamp":1610345532,"path_taken":["M","?","?","?","?","E","M","R","T","?","M","R","M","$","R","BOSS","M","M","?","?","?","?","M","?","T","?","$","M"],"items_purchased_type":["Card","Card","Card","Relic"],"build_version":"2020-12-22","purchased_purges":0,"victory":false,"max_hp_per_floor":[75,75,75,75,75,75,75,75,75,75,75,75,75,75,75,75,75,75,75,75,75,75,75,75,75,75,75,75,75,75],"card_choices":[{"not_picked":["hierophant:Mercenaries","hierophant:Purify"],"picked":"hierophant:MorningPrayer","floor":1.0},{"not_picked":["hierophant:FaithHealing","hierophant:Mercenaries"],"picked":"hierophant:Bribe","floor":3.0},{"not_picked":["hierophant:AuricBeam","hierophant:HolyVerse"],"picked":"hierophant:Doubloon","floor":6.0},{"not_picked":["hierophant:DisplayOfPower","hierophant:AuricBeam"],"picked":"hierophant:HammerAndAnvil","floor":7.0},{"not_picked":["hierophant:Purify","hierophant:Doubloon"],"picked":"hierophant:EyeForCoin","floor":11.0},{"not_picked":["hierophant:Blessing","hierophant:HolyVerse"],"picked":"hierophant:Dazzle","floor":13.0},{"not_picked":["hierophant:WrathOfGod","hierophant:Batter"],"picked":"hierophant:Kindle","floor":16},{"not_picked":["hierophant:Smite","hierophant:DisplayOfPower"],"picked":"hierophant:Patience","floor":18},{"not_picked":["hierophant:OrnateBuckler+1","hierophant:RustyCrate"],"picked":"hierophant:OrnateJavelin","floor":19},{"not_picked":["hierophant:Community","hierophant:PassingBell"],"picked":"hierophant:Martyrdom+1","floor":23},{"not_picked":["hierophant:Zeal","hierophant:Mercenaries"],"picked":"hierophant:Kindle","floor":24}],"player_experience":265406,"relics_obtained":[{"floor":6.0,"key":"Centennial Puzzle"},{"floor":9.0,"key":"Replay:Bottled Flurry"},{"floor":26,"key":"conspire:TopHat"}],"event_choices":[{"damage_healed":0.0,"max_hp_gain":0.0,"max_hp_loss":0.0,"gold_gain":0.0,"event_name":"Accursed Blacksmith","player_choice":"Forge","floor":2.0,"gold_loss":0.0,"damage_taken":0.0,"cards_upgraded":["hierophant:ChurchCoffers"]},{"damage_healed":0.0,"max_hp_gain":0.0,"max_hp_loss":0.0,"gold_gain":0.0,"event_name":"betterThird:BetterGoop","player_choice":"Slimed","floor":4.0,"gold_loss":25.0,"damage_taken":11.0},{"damage_healed":0,"gold_gain":0,"player_choice":"Leave","damage_taken":0,"max_hp_gain":0,"max_hp_loss":0,"event_name":"conspire:Investor","floor":20,"gold_loss":0},{"damage_healed":0,"gold_gain":0,"player_choice":"","damage_taken":6,"max_hp_gain":0,"max_hp_loss":0,"event_name":"Knowing Skull","floor":22,"potions_obtained":[],"gold_loss":0,"cards_obtained":[]},{"damage_healed":0,"gold_gain":0,"player_choice":"Simplicity","damage_taken":0,"max_hp_gain":0,"max_hp_loss":8,"event_name":"betterThird:BetterWriting","floor":27,"gold_loss":0}],"is_beta":false,"boss_relics":[{"not_picked":["Replay:Bronze Core","Velvet Choker"],"picked":"SlaversCollar"}],"items_purged_floors":[],"is_endless":false,"potions_floor_spawned":[1,6,13,19,23],"killed_by":"Snecko","ascension_level":0}}