{"host":"5gc11emcm5chfr5t","time":1610361326,"event":{"mods":["2.2 Compatiblity","AchievementEnabler","BaseMod","Bestiary","Better Note","Colored Map","Colored Powertips","Downfall","Googly Eyes","Minty Spire (QoL Compilation)","Rare Cards Sparkle","StSLib"],"gold_per_floor":[117,192,192,206,481,512,512,530,554,211,239,239,74,89,89,164,164,174,144,156,206,206,206,238,254,325,325,49,66,66,66],"floor_reached":30,"playtime":839,"items_purged":["Regret"],"score":666,"play_id":"1416fe4b-d4c0-40b7-9351-ace685b5d8cc","local_time":"20210111053526","is_ascension_mode":true,"campfire_choices":[{"floor":7,"key":"REST"},{"floor":12,"key":"RECALL"},{"floor":15,"key":"REST"},{"floor":23,"key":"REST"},{"floor":27,"key":"REST"}],"circlet_count":0,"master_deck":["AscendersBane","sneckomod:Strike","sneckomod:Strike","sneckomod:Strike+1","sneckomod:Defend","sneckomod:Defend","sneckomod:Defend","sneckomod:TailWhip","sneckomod:SnekBite","sneckomod:Unknown+1","sneckomod:Unknown","sneckomod:WideSting","sneckomod:Bewildered","sneckomod:SoulRoll+1","sneckomod:SoulRoll","sneckomod:DiceBlock","expansioncontent:PrepareCrush","sneckomod:UnknownColorless","sneckomod:DangerNoodle+1","sneckomod:UnknownRareAttack","CurseOfTheBell","sneckomod:DiceBlock+1","sneckomod:UnknownRareSkill","sneckomod:QuickBite","sneckomod:Bewildered","sneckomod:UnknownExhaust","sneckomod:QuickMove","sneckomod:QuickMove+1"],"relics":["sneckomod:SneckoSoul","NeowsBlessing","sneckomod:LoadedDie","PreservedInsect","War Paint","Whetstone","Calling Bell","Happy Flower","Pear","Gambling Chip","sneckomod:BabySnecko","Bag of Preparation","StrikeDummy","Toxic Egg 2"],"acts_visited":["Exordium","TheCity"],"potions_floor_usage":[16,16,19,20,24,29],"damage_taken":[{"damage":0,"enemies":"Jaw Worm","floor":1,"turns":1},{"damage":0,"enemies":"2 Louse","floor":4,"turns":1},{"damage":0,"enemies":"Gremlin Nob","floor":6,"turns":1},{"damage":8,"enemies":"Cultist","floor":8,"turns":4},{"damage":10,"enemies":"3 Sentries","floor":11,"turns":4},{"damage":6,"enemies":"2 Fungi Beasts","floor":14,"turns":4},{"damage":0,"enemies":"Slime Boss","floor":16,"turns":3},{"damage":15,"enemies":"Shell Parasite","floor":18,"turns":2},{"damage":19,"enemies":"2 Thieves","floor":19,"turns":5},{"damage":26,"enemies":"Chosen and Byrds","floor":20,"turns":4},{"damage":41,"enemies":"Slavers","floor":24,"turns":4},{"damage":0,"enemies":"Snecko","floor":25,"turns":3},{"damage":0,"enemies":"Snake Plant","floor":29,"turns":3},{"damage":55,"enemies":"Gremlin Leader","floor":30,"turns":5}],"seed_played":"519224004329645213","potions_obtained":[{"floor":4,"key":"Strength Potion"},{"floor":6,"key":"BlessingOfTheForge"},{"floor":16,"key":"Weak Potion"},{"floor":19,"key":"SneckoOil"},{"floor":25,"key":"SkillPotion"}],"is_trial":false,"path_per_floor":["M","?","?","M","?","E","R","M","T","$","E","R","$","M","R","B",null,"M","M","M","?","?","R","E","M","T","R","$","M","E"],"character_chosen":"THE_SNECKO","items_purchased":["expansioncontent:PrepareCrush","sneckomod:UnknownColorless","Whetstone","Toxic Egg 2"],"campfire_rested":4,"item_purchase_floors":[10,10,13,28],"current_hp_per_floor":[75,64,64,64,64,64,83,75,75,76,66,66,66,60,84,85,95,80,62,36,36,36,64,24,24,24,53,53,53,0,0],"gold":66,"neow_bonus":"THREE_ENEMY_KILL","is_daily":false,"chose_seed":false,"campfire_upgraded":0,"win_rate":0.0,"timestamp":1610361326,"path_taken":["M","?","?","M","?","E","R","M","T","$","E","R","$","M","R","BOSS","M","M","?","?","?","R","E","M","T","R","$","?","E"],"items_purchased_type":["Card","Card","Relic","Relic"],"build_version":"2020-12-22","purchased_purges":1,"victory":false,"max_hp_per_floor":[83,83,83,83,83,83,83,83,83,84,84,84,84,84,84,85,95,95,96,96,96,96,96,97,97,97,97,97,97,97,97],"card_choices":[{"not_picked":["sneckomod:RainOfDice","sneckomod:UnknownClassBLUE"],"picked":"sneckomod:WideSting","floor":1},{"not_picked":["sneckomod:UnknownCommonSkill","sneckomod:SoulDraw"],"picked":"sneckomod:SoulRoll","floor":4},{"not_picked":["sneckomod:UnknownClassHEXA_GHOST_PURPLE","sneckomod:Nope"],"picked":"sneckomod:SoulRoll","floor":6},{"not_picked":["sneckomod:QuickBite","sneckomod:UnknownCommonAttack"],"picked":"sneckomod:DiceBlock","floor":8},{"not_picked":["sneckomod:UnknownClassHEXA_GHOST_PURPLE","sneckomod:DiceCrush"],"picked":"sneckomod:DangerNoodle","floor":11},{"not_picked":["sneckomod:DiceCrush","sneckomod:Unknown2Cost","sneckomod:UnknownVulnerable"],"picked":"SKIP","floor":14},{"not_picked":["sneckomod:UnlimitedRolls","sneckomod:UnknownRarePower"],"picked":"sneckomod:UnknownRareAttack","floor":16},{"not_picked":["sneckomod:IronFang","sneckomod:SoulRoll"],"picked":"sneckomod:DiceBlock+1","floor":18},{"not_picked":["sneckomod:Nope","sneckomod:UnknownUncommonPower"],"picked":"sneckomod:UnknownRareSkill","floor":19},{"not_picked":["sneckomod:UnknownWeak","sneckomod:DiceCrush"],"picked":"sneckomod:QuickBite","floor":20},{"not_picked":["sneckomod:SoulExchange","sneckomod:UnknownBlock"],"picked":"sneckomod:UnknownExhaust","floor":24},{"not_picked":["sneckomod:Unknown1Cost","sneckomod:Unknown0Cost"],"picked":"sneckomod:QuickMove","floor":25},{"not_picked":["sneckomod:MasterEye+1","sneckomod:DefensiveFlair+1"],"picked":"sneckomod:QuickMove+1","floor":29}],"player_experience":544477,"relics_obtained":[{"floor":6,"key":"PreservedInsect"},{"floor":11,"key":"War Paint"},{"floor":17,"key":"Happy Flower"},{"floor":17,"key":"Pear"},{"floor":17,"key":"Gambling Chip"},{"floor":24,"key":"Bag of Preparation"},{"floor":26,"key":"StrikeDummy"}],"event_choices":[{"damage_healed":0,"gold_gain":75,"player_choice":"Gather Gold","damage_taken":11,"max_hp_gain":0,"max_hp_loss":0,"event_name":"World of Goop","floor":2,"gold_loss":0},{"damage_healed":0,"gold_gain":275,"player_choice":"Desecrate","damage_taken":0,"max_hp_gain":0,"max_hp_loss":0,"event_name":"Golden Shrine","floor":5,"gold_loss":0,"cards_obtained":["Regret"]},{"damage_healed":0,"gold_gain":50,"player_choice":"Stole From Cult","damage_taken":0,"max_hp_gain":0,"max_hp_loss":0,"event_name":"Nest","floor":21,"gold_loss":0}],"is_beta":false,"boss_relics":[{"not_picked":["Busted Crown","sneckomod:SuperSneckoSoul"],"picked":"Calling Bell"}],"items_purged_floors":[10],"is_endless":false,"potions_floor_spawned":[4,6,11,16,19,25],"killed_by":"Gremlin Leader","ascension_level":20}}