{"host":"Timothy","time":1610378867,"event":{"mods":["AchievementEnabler","BaseMod","Bestiary","Highlight Path","Minty Spire (QoL Compilation)","Quick Restart","Slay-I"],"gold_per_floor":[119,69,69,69,144,144,171,171,171,182,26,39,53,53,53,157,157,170,70,89,103,116,126,126,126],"floor_reached":24,"playtime":444,"items_purged":["Defend_R","Defend_R"],"score":273,"play_id":"110b6918-c9f7-4ca8-8ce9-f0d4601386d4","local_time":"20210111072747","is_ascension_mode":false,"campfire_choices":[{"floor":6,"key":"REST"},{"data":"Flex","floor":8,"key":"SMITH"},{"data":"Fiend Fire","floor":15,"key":"SMITH"}],"circlet_count":0,"master_deck":["Strike_R","Strike_R","Strike_R","Strike_R","Strike_R","Bash","Flex+1","Thunderclap","Inflame","Fiend Fire+1","Fiend Fire","Clash","Twin Strike+1"],"relics":["Burning Blood","NeowsBlessing","Happy Flower","Blue Candle","Cursed Key"],"acts_visited":["Exordium","TheCity"],"potions_floor_usage":[16,21,22,24,24],"damage_taken":[{"damage":0,"enemies":"2 Louse","floor":1,"turns":1},{"damage":0,"enemies":"3 Sentries","floor":7,"turns":2},{"damage":0,"enemies":"Small Slimes","floor":10,"turns":1},{"damage":11,"enemies":"Jaw Worm","floor":12,"turns":2},{"damage":9,"enemies":"2 Fungi Beasts","floor":13,"turns":2},{"damage":0,"enemies":"Slime Boss","floor":16,"turns":5},{"damage":10,"enemies":"Chosen","floor":18,"turns":3},{"damage":10,"enemies":"Spheric Guardian","floor":20,"turns":3},{"damage":30,"enemies":"Snecko","floor":21,"turns":4},{"damage":6,"enemies":"3 Cultists","floor":22,"turns":3},{"damage":40,"enemies":"Centurion and Healer","floor":23,"turns":5},{"damage":42,"enemies":"Shelled Parasite and Fungi","floor":24,"turns":3}],"seed_played":"6720286999116378534","potions_obtained":[{"floor":10,"key":"CultistPotion"},{"floor":12,"key":"BloodPotion"},{"floor":16,"key":"Strength Potion"},{"floor":20,"key":"Fire Potion"},{"floor":21,"key":"Regen Potion"}],"is_trial":false,"path_per_floor":["M","?","?","$","?","R","E","R","T","M","$","M","M","?","R","B",null,"M","$","M","M","M","M","M"],"character_chosen":"IRONCLAD","items_purchased":["Inflame"],"campfire_rested":1,"item_purchase_floors":[11],"current_hp_per_floor":[80,80,73,73,62,80,80,80,80,80,80,75,72,80,80,80,80,76,76,72,64,64,30,0,0],"gold":126,"neow_bonus":"THREE_ENEMY_KILL","is_daily":false,"chose_seed":false,"campfire_upgraded":2,"win_rate":0.0,"timestamp":1610378867,"path_taken":["M","?","?","$","?","R","E","R","T","M","$","M","?","?","R","BOSS","M","?","M","M","M","M","M"],"items_purchased_type":["Card"],"build_version":"2020-12-18","purchased_purges":2,"victory":false,"max_hp_per_floor":[80,80,80,80,80,80,80,80,80,80,80,80,80,80,80,80,80,80,80,80,80,80,80,80,80],"card_choices":[{"not_picked":["Perfected Strike","Headbutt"],"picked":"Flex","floor":1},{"not_picked":["Armaments","Cleave","Sever Soul"],"picked":"SKIP","floor":7},{"not_picked":["Pommel Strike","True Grit"],"picked":"Thunderclap","floor":10},{"not_picked":["Armaments","Sword Boomerang"],"picked":"Fiend Fire","floor":12},{"not_picked":["Sentinel","Searing Blow","Clothesline"],"picked":"SKIP","floor":13},{"not_picked":["Feed","Corruption"],"picked":"Fiend Fire","floor":16},{"not_picked":["Iron Wave","Uppercut+1"],"picked":"Clash","floor":18},{"not_picked":["Armaments+1","Thunderclap+1","True Grit"],"picked":"SKIP","floor":20},{"not_picked":["Infernal Blade","Headbutt"],"picked":"Twin Strike+1","floor":21},{"not_picked":["Thunderclap+1","Iron Wave+1","Bloodletting"],"picked":"SKIP","floor":22},{"not_picked":["Wild Strike","Thunderclap","Warcry"],"picked":"SKIP","floor":23}],"player_experience":804115,"relics_obtained":[{"floor":7,"key":"Happy Flower"},{"floor":9,"key":"Blue Candle"}],"event_choices":[{"cards_removed":["Defend_R"],"damage_healed":0,"gold_gain":0,"player_choice":"Card Removal","damage_taken":0,"max_hp_gain":0,"max_hp_loss":0,"event_name":"The Cleric","floor":2,"gold_loss":50},{"cards_removed":["Defend_R"],"damage_healed":0,"gold_gain":0,"player_choice":"Card Removal","damage_taken":7,"max_hp_gain":0,"max_hp_loss":0,"event_name":"Golden Wing","floor":3,"gold_loss":0},{"damage_healed":0,"gold_gain":75,"player_choice":"Gather Gold","damage_taken":11,"max_hp_gain":0,"max_hp_loss":0,"event_name":"World of Goop","floor":5,"gold_loss":0},{"damage_healed":8,"gold_gain":0,"player_choice":"Full Heal","damage_taken":0,"max_hp_gain":0,"max_hp_loss":0,"event_name":"Wheel of Change","floor":14,"gold_loss":0}],"is_beta":true,"boss_relics":[{"not_picked":["Tiny House","Philosopher\u0027s Stone"],"picked":"Cursed Key"}],"items_purged_floors":[11,19],"is_endless":false,"potions_floor_spawned":[10,12,16,20,21],"killed_by":"Shelled Parasite and Fungi","ascension_level":0}}