{"host":"uc9rcmnrswh1l0kc","time":1610402796,"event":{"mods":["2.2 Compatiblity","A Magickal Journey","Aspiration","BaseMod","Bestiary","Better Altar","Better Third Choice","BetterRewards","Block Reminder","Colorless Booster Pack","Conspire","Defective Defect","Defuse TimeMaze Blight","Displayed Cursed Tome","Ekko","Energized Spire","GifTheSpireLib","Infinite Spire","Ironclad Rager","Minty Spire (QoL Compilation)","Rare Cards Sparkle","Red Circlet Mod","Relic Stats","Replay The Spire","SacredBarkPlus","Shop Mod","Spicy Shops","StSLib","Stuff the Spire","The Blackbeard","The Bladedancer","The Blue Laboratory","The Cursed","The Death Knight","The Edgeheg","The Necromancer","Uncapped","Watcher Patcher","everything is the same but u backflip on backflip","vexMod"],"gold_per_floor":[117,217,235,247,247,263,282,294,370,370,383,399,411,438,438,538,538,549,567,167,167,167,193,193,207,207,238,253,253,253],"floor_reached":29,"playtime":1389,"items_purged":["Clumsy"],"score":270,"play_id":"bf4db921-2745-4e27-94b4-a94ec02b7404","local_time":"20210111170636","is_ascension_mode":false,"campfire_choices":[{"floor":10,"key":"REST"},{"data":"StuffTheSpire:Rend","floor":15,"key":"SMITH"},{"data":"ReplayGash","floor":24,"key":"SMITH"}],"circlet_count":0,"master_deck":["Strike_B","Strike_B","Strike_B","Strike_B","Defend_B","Defend_B","Defend_B","Defend_B","Zap","Dualcast","All For One","ReplayGash+1","ReplayGash+1","JustLucky","StuffTheSpire:Rend+1","JustLucky","JustLucky","ReplayTheSpireMod:Dual Polarity","Scrawl","Auto Shields+1","Replay:Dark Deal","ReplayGash+1","Beam Cell+1"],"relics":["Cracked Core","Spirit Poop","aspiration:FrozenJewel","infinitespire:PuzzleCube","Replay:Grab Bag","ReplayTheSpireMod:DimensionalGlitch","energizedSpire:NeverEndingSparkler","Snecko Heart","ReplayTheSpireMod:CursedCoin","vexMod:PaidLearning","Tiny Chest","NlothsMask","vexMod:BerryBomb","Ancient Tea Set"],"acts_visited":["Exordium","TheCity"],"potions_floor_usage":[14,14,16,29],"damage_taken":[{"damage":3,"enemies":"Small Slimes","floor":1,"turns":2},{"damage":0,"enemies":"Cultist","floor":3,"turns":3},{"damage":3,"enemies":"Jaw Worm","floor":4,"turns":3},{"damage":39,"enemies":"Gremlin Gang","floor":6,"turns":4},{"damage":2,"enemies":"Blue Slaver","floor":7,"turns":4},{"damage":21,"enemies":"3 Louse","floor":8,"turns":3},{"damage":0,"enemies":"Exordium Thugs","floor":11,"turns":4},{"damage":1,"enemies":"Looter","floor":12,"turns":2},{"damage":2,"enemies":"2 Fungi Beasts","floor":13,"turns":3},{"damage":8,"enemies":"Gremlin Nob","floor":14,"turns":3},{"damage":12,"enemies":"Fading Forest","floor":16,"turns":11},{"damage":1,"enemies":"3 Byrds","floor":18,"turns":4},{"damage":6,"enemies":"Chosen","floor":19,"turns":3},{"damage":6,"enemies":"conspire:SneckoGhost","floor":23,"turns":4},{"damage":0,"enemies":"Snecko","floor":25,"turns":4},{"damage":51,"enemies":"Nightmare","floor":27,"turns":7},{"damage":14,"enemies":"conspire:HollyBat","floor":28,"turns":5},{"damage":11,"enemies":"Cultist and Chosen","floor":29,"turns":4}],"seed_played":"2661098860016271918","potions_obtained":[{"floor":6,"key":"Strength Potion"},{"floor":7,"key":"Toxic Potion"},{"floor":11,"key":"blueLaboratory:RecallPotion"},{"floor":16,"key":"blueLaboratory:StoneskinPotion"},{"floor":18,"key":"FearPotion"},{"floor":19,"key":"DuplicationPotion"}],"is_trial":false,"path_per_floor":["M","?","M","M","?","M","M","M","T","R","M","M","M","E","R","B",null,"M","M","$","?","?","E","R","M","T","NM","M","M"],"character_chosen":"DEFECT","items_purchased":["ReplayTheSpireMod:CursedCoin","vexMod:PaidLearning","Tiny Chest","Replay:Dark Deal"],"campfire_rested":1,"item_purchase_floors":[20,20,20,20],"current_hp_per_floor":[72,72,72,69,69,30,28,7,7,29,29,28,26,18,18,28,75,74,68,68,68,68,68,68,68,68,17,3,0,0],"gold":253,"neow_bonus":"THREE_RARE_CARDS","is_daily":false,"chose_seed":false,"campfire_upgraded":2,"win_rate":0.0,"timestamp":1610402796,"path_taken":["M","?","?","M","?","M","M","?","T","R","M","M","M","E","R","BOSS","M","?","$","?","?","E","R","?","T","NM","M","M"],"items_purchased_type":["Relic","Relic","Relic","Card"],"build_version":"2020-12-22","purchased_purges":1,"victory":false,"max_hp_per_floor":[75,75,75,75,75,75,75,75,75,75,75,75,75,75,75,75,75,75,75,75,75,75,81,81,81,81,81,81,81,81],"relic_stats":{"counters":[18,73],"Tiny Chest":0,"obtain_stats":[{"Snecko Heart":17,"ReplayTheSpireMod:CursedCoin":20,"Replay:Grab Bag":17,"Spirit Poop":5,"vexMod:BerryBomb":23,"vexMod:PaidLearning":20,"Ancient Tea Set":27,"aspiration:FrozenJewel":9,"energizedSpire:NeverEndingSparkler":17,"Tiny Chest":20,"Cracked Core":0,"ReplayTheSpireMod:DimensionalGlitch":17,"infinitespire:PuzzleCube":14,"NlothsMask":22},{"Snecko Heart":11,"ReplayTheSpireMod:CursedCoin":13,"Replay:Grab Bag":11,"Spirit Poop":3,"vexMod:BerryBomb":14,"vexMod:PaidLearning":13,"Ancient Tea Set":16,"aspiration:FrozenJewel":6,"energizedSpire:NeverEndingSparkler":11,"Tiny Chest":13,"Cracked Core":0,"ReplayTheSpireMod:DimensionalGlitch":11,"infinitespire:PuzzleCube":10,"NlothsMask":13},{"Snecko Heart":42,"ReplayTheSpireMod:CursedCoin":49,"Replay:Grab Bag":42,"Spirit Poop":8,"vexMod:BerryBomb":53,"vexMod:PaidLearning":49,"Ancient Tea Set":64,"aspiration:FrozenJewel":19,"energizedSpire:NeverEndingSparkler":42,"Tiny Chest":49,"Cracked Core":0,"ReplayTheSpireMod:DimensionalGlitch":42,"infinitespire:PuzzleCube":31,"NlothsMask":49}]},"card_choices":[{"not_picked":["Multi-Cast","StuffTheSpire:Purify"],"picked":"All For One","floor":0},{"not_picked":["Aggregate","Panic Button","Barrage"],"picked":"SKIP","floor":1},{"not_picked":["ReplayTheSpireMod:GoodbyeWorld","Cold Snap"],"picked":"ReplayGash","floor":3},{"not_picked":["Sanctity","Cold Snap"],"picked":"ReplayGash","floor":4},{"not_picked":["Panic Button","Protect"],"picked":"JustLucky","floor":6},{"not_picked":["StuffTheSpire:LaunchingStrike","StuffTheSpire:LoadUp"],"picked":"StuffTheSpire:Rend","floor":7},{"not_picked":["Streamline","Crescendo"],"picked":"JustLucky","floor":8},{"not_picked":["Coolheaded","StuffTheSpire:SnapShoot"],"picked":"JustLucky","floor":11},{"not_picked":["StuffTheSpire:Rend","ReplayTheSpireMod:GoodbyeWorld"],"picked":"ReplayTheSpireMod:Dual Polarity","floor":12},{"not_picked":["Undo","Barrage","Protect"],"picked":"SKIP","floor":13},{"not_picked":["White Noise","Redo","Loop"],"picked":"SKIP","floor":14},{"not_picked":["Amplify","Meteor Strike"],"picked":"Scrawl","floor":16},{"not_picked":["Streamline","StuffTheSpire:SnapShoot"],"picked":"Auto Shields+1","floor":18},{"not_picked":["Aggregate","Compile Driver","Ball Lightning"],"picked":"SKIP","floor":19},{"not_picked":["StuffTheSpire:Plugnplay+1","Steam","Aggregate+1"],"picked":"SKIP","floor":23},{"not_picked":["StuffTheSpire:Synthwave","BasicCrystalCard+1"],"picked":"Beam Cell+1","floor":25},{"not_picked":["Undo","Steam","Compile Driver"],"picked":"SKIP","floor":27},{"not_picked":["Undo","Steam","Compile Driver"],"picked":"SKIP","floor":27},{"not_picked":["Undo","Protect","Evaluate"],"picked":"SKIP","floor":28}],"player_experience":457921,"relics_obtained":[{"floor":9,"key":"aspiration:FrozenJewel"},{"floor":14,"key":"infinitespire:PuzzleCube"},{"floor":23,"key":"vexMod:BerryBomb"},{"floor":27,"key":"Ancient Tea Set"}],"event_choices":[{"damage_healed":0,"gold_gain":100,"player_choice":"Gold","damage_taken":0,"max_hp_gain":0,"max_hp_loss":0,"event_name":"Wheel of Change","floor":2,"gold_loss":0},{"cards_removed":["blademaster:WrongfulFootwork"],"damage_healed":0,"gold_gain":0,"player_choice":"Offered Curse","damage_taken":0,"relics_obtained":["Spirit Poop"],"max_hp_gain":0,"max_hp_loss":0,"event_name":"Bonfire Elementals","floor":5,"gold_loss":0},{"damage_healed":0,"gold_gain":0,"player_choice":"Read","damage_taken":0,"max_hp_gain":0,"max_hp_loss":0,"event_name":"The Library","floor":21,"gold_loss":0,"cards_obtained":["ReplayGash"]},{"damage_healed":0,"gold_gain":0,"player_choice":"Trade","damage_taken":0,"relics_obtained":["NlothsMask"],"max_hp_gain":0,"max_hp_loss":0,"event_name":"FaceTrader","floor":22,"gold_loss":0}],"is_beta":false,"boss_relics":[{"not_picked":["conspire:SpecialSausage","Kintsugi"],"picked":"Replay:Grab Bag"},{"not_picked":["Painkiller Herb","infinitespire:Cupcake"],"picked":"ReplayTheSpireMod:DimensionalGlitch"},{"not_picked":["energizedSpire:EnergizedDie","vexMod:CursedCompass"],"picked":"energizedSpire:NeverEndingSparkler"},{"not_picked":["vexMod:MegatonBomb","Astrolabe"],"picked":"Snecko Heart"}],"items_purged_floors":[20],"is_endless":true,"potions_floor_spawned":[6,7,11,13,16,18,19,23,28],"killed_by":"Cultist and Chosen","ascension_level":0}}