{"host":"u1dfzl6o6mfmauc3","time":1610386328,"event":{"mods":["2.2 Compatiblity","AchievementEnabler","BaseMod","Block Reminder","Dark Map","Hermit","Minty Spire (QoL Compilation)","Relic Stats","StSLib"],"gold_per_floor":[109,109,122,48,60,94,94,119,173,186,147,147,167,167,167,263,263,280,305,318,18,18,18],"floor_reached":22,"playtime":2042,"items_purged":["Strike_G"],"score":204,"play_id":"77ba1a90-e4b9-4ba4-ba60-f02bea3e0193","local_time":"20210111123208","is_ascension_mode":true,"campfire_choices":[{"data":"Blade Dance","floor":7,"key":"SMITH"},{"data":"A Thousand Cuts","floor":15,"key":"SMITH"}],"circlet_count":0,"master_deck":["Strike_G","Strike_G","Strike_G","Strike_G","Defend_G","Defend_G","Defend_G","Defend_G","Defend_G","Survivor","Neutralize","Infinite Blades","Heel Hook","Blade Dance+1","Dash","Dagger Throw","A Thousand Cuts+1","Dagger Spray","Blur","Parasite","After Image","Quick Slash","Prepared","Blade Dance","Footwork","Backflip"],"relics":["Ring of the Snake","Bottled Flame","Tiny Chest","Boot","Fusion Hammer","Bag of Preparation"],"acts_visited":["Exordium","TheCity"],"potions_floor_usage":[8,16,16,22],"damage_taken":[{"damage":1,"enemies":"Jaw Worm","floor":1,"turns":5},{"damage":0,"enemies":"2 Louse","floor":3,"turns":3},{"damage":6,"enemies":"Small Slimes","floor":5,"turns":4},{"damage":24,"enemies":"Gremlin Nob","floor":6,"turns":4},{"damage":15,"enemies":"3 Sentries","floor":8,"turns":7},{"damage":7,"enemies":"Looter","floor":10,"turns":2},{"damage":5,"enemies":"Gremlin Gang","floor":13,"turns":6},{"damage":25,"enemies":"Hexaghost","floor":16,"turns":11},{"damage":0,"enemies":"Spheric Guardian","floor":18,"turns":3},{"damage":27,"enemies":"2 Thieves","floor":20,"turns":3},{"damage":64,"enemies":"Centurion and Healer","floor":22,"turns":22}],"seed_played":"4671531639035150267","potions_obtained":[{"floor":1,"key":"SkillPotion"},{"floor":6,"key":"Block Potion"},{"floor":8,"key":"Ancient Potion"},{"floor":13,"key":"Energy Potion"},{"floor":20,"key":"SpeedPotion"}],"is_trial":false,"path_per_floor":["M","?","M","$","M","E","R","E","T","M","?","?","M","?","R","B",null,"M","T","M","$","M"],"character_chosen":"THE_SILENT","items_purchased":["Dash","Blade Dance","Footwork","Backflip","Regen Potion"],"campfire_rested":0,"item_purchase_floors":[4,21,21,21,21],"current_hp_per_floor":[69,69,69,69,63,39,39,24,24,17,17,40,35,52,52,27,70,70,70,43,43,0,0],"gold":18,"neow_bonus":"THREE_CARDS","is_daily":false,"chose_seed":false,"campfire_upgraded":2,"win_rate":0.0,"timestamp":1610386328,"path_taken":["M","?","M","$","M","E","R","E","T","M","?","?","M","?","R","BOSS","M","?","M","$","?"],"items_purchased_type":["Card","Card","Card","Card","Potion"],"build_version":"2020-12-22","purchased_purges":1,"victory":false,"max_hp_per_floor":[70,70,70,70,70,70,70,70,70,70,70,70,70,70,70,70,70,70,70,70,70,70,70],"relic_stats":{"counters":[11,70],"Tiny Chest":1,"Bag of Preparation":[4],"Boot":[97],"obtain_stats":[{"Bottled Flame":6,"Tiny Chest":8,"Fusion Hammer":17,"Bag of Preparation":19,"Boot":9,"Ring of the Snake":0},{"Bottled Flame":4,"Tiny Chest":5,"Fusion Hammer":8,"Bag of Preparation":9,"Boot":5,"Ring of the Snake":0},{"Bottled Flame":16,"Tiny Chest":23,"Fusion Hammer":42,"Bag of Preparation":45,"Boot":23,"Ring of the Snake":0}],"Ring of the Snake":[22]},"card_choices":[{"not_picked":["Deadly Poison","Blade Dance"],"picked":"Infinite Blades","floor":0},{"not_picked":["Bane","Reflex"],"picked":"Heel Hook","floor":1},{"not_picked":["Sucker Punch","Leg Sweep"],"picked":"Blade Dance","floor":3},{"not_picked":["Prepared","Underhanded Strike"],"picked":"Dagger Throw","floor":5},{"not_picked":["Poisoned Stab","Prepared"],"picked":"A Thousand Cuts","floor":6},{"not_picked":["Poisoned Stab","Infinite Blades"],"picked":"Dagger Spray","floor":8},{"not_picked":["Quick Slash","Slice","All Out Attack"],"picked":"SKIP","floor":10},{"not_picked":["Endless Agony","Slice"],"picked":"Blur","floor":13},{"not_picked":["A Thousand Cuts","Corpse Explosion"],"picked":"After Image","floor":16},{"not_picked":["Calculated Gamble","Catalyst"],"picked":"Quick Slash","floor":18},{"not_picked":["Masterful Stab","Calculated Gamble"],"picked":"Prepared","floor":20}],"player_experience":57842,"relics_obtained":[{"floor":6,"key":"Bottled Flame"},{"floor":8,"key":"Tiny Chest"},{"floor":9,"key":"Boot"},{"floor":19,"key":"Bag of Preparation"}],"event_choices":[{"damage_healed":0,"gold_gain":0,"player_choice":"Leave","damage_taken":0,"max_hp_gain":0,"max_hp_loss":0,"event_name":"The Cleric","floor":2,"gold_loss":0},{"damage_healed":0,"gold_gain":0,"player_choice":"Left Gold","damage_taken":0,"max_hp_gain":0,"max_hp_loss":0,"event_name":"World of Goop","floor":11,"gold_loss":39},{"damage_healed":23,"gold_gain":0,"player_choice":"Banana","damage_taken":0,"max_hp_gain":0,"max_hp_loss":0,"event_name":"Big Fish","floor":12,"gold_loss":0},{"damage_healed":17,"gold_gain":0,"player_choice":"Healed and dodged fight","damage_taken":0,"max_hp_gain":0,"max_hp_loss":0,"event_name":"Mushrooms","floor":14,"gold_loss":0,"cards_obtained":["Parasite"]}],"is_beta":false,"boss_relics":[{"not_picked":["Tiny House","Cursed Key"],"picked":"Fusion Hammer"}],"items_purged_floors":[21],"is_endless":false,"potions_floor_spawned":[1,6,8,13,20],"killed_by":"Centurion and Healer","ascension_level":1}}