{"host":"8o45mh5p3pp1o2mi","time":1610324785,"event":{"mods":["BaseMod","Better Match","Better Third Choice","BetterRewards","Minty Spire (QoL Compilation)","Rare Cards Sparkle","Relic Stats","Replay The Spire","Shop Mod","StSLib","everything is the same but u backflip on backflip"],"gold_per_floor":[114,133,47,64,82,116,71,71,71],"floor_reached":8,"playtime":720,"items_purged":["Strike_R"],"score":64,"play_id":"9ed2b796-7fdc-42f4-8ac8-5c78d69a20f8","local_time":"20210111002625","is_ascension_mode":true,"campfire_choices":[],"circlet_count":0,"master_deck":["Strike_R","Strike_R","Strike_R","Strike_R","Defend_R","Defend_R","Defend_R","Defend_R","Bash","Entrench+1","Armaments","Headbutt","Replay:BasicMightCard+1","ReplayTheSpireMod:Corrosion Curse","Body Slam","Barricade+1","Shrug It Off+1"],"relics":["Burning Blood","Golden Egg","Pet Ghost","Regal Pillow"],"acts_visited":["Exordium"],"potions_floor_usage":[5,6,6],"damage_taken":[{"damage":1,"enemies":"Cultist","floor":1,"turns":4},{"damage":0,"enemies":"Small Slimes","floor":2,"turns":4},{"damage":0,"enemies":"2 Louse","floor":4,"turns":3},{"damage":13,"enemies":"Blue Slaver","floor":5,"turns":4},{"damage":45,"enemies":"Lagavulin","floor":6,"turns":10},{"damage":36,"enemies":"Gremlin Nob","floor":8,"turns":4}],"seed_played":"-48746289770351867","potions_obtained":[{"floor":1,"key":"Weak Potion"},{"floor":4,"key":"PowerPotion"},{"floor":5,"key":"SneckoOil"}],"is_trial":false,"path_per_floor":["M","M","$","M","M","E","$","E"],"character_chosen":"IRONCLAD","items_purchased":["Golden Egg","Entrench","Pet Ghost","MerchantsRug","Replay:BasicMightCard","Shrug It Off"],"campfire_rested":0,"item_purchase_floors":[0,0,0,0,3,7],"current_hp_per_floor":[80,80,80,80,73,34,34,0,0],"gold":71,"neow_bonus":"","is_daily":false,"chose_seed":false,"campfire_upgraded":0,"win_rate":0.0,"timestamp":1610324785,"path_taken":["M","M","$","M","M","E","?","E"],"items_purchased_type":["Relic","Card","Relic","Relic","Card","Card"],"build_version":"2020-12-22","purchased_purges":1,"victory":false,"max_hp_per_floor":[80,80,80,80,80,80,80,80,80],"relic_stats":{"Regal Pillow":0,"counters":[33,158],"obtain_stats":[{"Darkstone Periapt":2,"Golden Egg":0,"Regal Pillow":6,"Calipers":13,"Gremlin Horn":26,"Blue Doll":29,"Burning Blood":0,"Pet Ghost":0,"Centennial Puzzle":9,"Strawberry":14,"Red Mask":46,"MerchantsRug":29,"Replay:Towering Pillar of Hats":36,"Eternal Feather":30,"White Beast Statue":23,"Du-Vu Doll":8,"Pondfish Scales":0,"Bottled Flame":43,"Brimstone":38,"ChewingGum":34,"Mark of Pain":17,"Another Sword":40,"Bag of Marbles":29,"Garlic":48,"Membership Card":8,"Meat on the Bone":11},{"Darkstone Periapt":1,"Golden Egg":27,"Regal Pillow":32,"Calipers":7,"Gremlin Horn":14,"Blue Doll":16,"Burning Blood":0,"Pet Ghost":27,"Centennial Puzzle":4,"Strawberry":8,"Red Mask":25,"MerchantsRug":16,"Replay:Towering Pillar of Hats":20,"Eternal Feather":17,"White Beast Statue":13,"Du-Vu Doll":4,"Pondfish Scales":0,"Bottled Flame":23,"Brimstone":21,"ChewingGum":18,"Mark of Pain":9,"Another Sword":22,"Bag of Marbles":16,"Garlic":26,"Membership Card":4,"Meat on the Bone":5},{"Darkstone Periapt":5,"Golden Egg":129,"Regal Pillow":154,"Calipers":38,"Gremlin Horn":72,"Blue Doll":82,"Burning Blood":0,"Pet Ghost":129,"Centennial Puzzle":21,"Strawberry":43,"Red Mask":120,"MerchantsRug":82,"Replay:Towering Pillar of Hats":101,"Eternal Feather":85,"White Beast Statue":69,"Du-Vu Doll":21,"Pondfish Scales":0,"Bottled Flame":114,"Brimstone":103,"ChewingGum":94,"Mark of Pain":50,"Another Sword":108,"Bag of Marbles":82,"Garlic":124,"Membership Card":21,"Meat on the Bone":31}],"Burning Blood":161},"card_choices":[{"not_picked":["Iron Wave","Cleave"],"picked":"Armaments","floor":1},{"not_picked":["ReplayTheSpireMod:Stacked","Armaments"],"picked":"Headbutt","floor":2},{"not_picked":["Metallicize","Warcry"],"picked":"ReplayTheSpireMod:Corrosion Curse","floor":4},{"not_picked":["Iron Wave","Headbutt"],"picked":"Body Slam","floor":5},{"not_picked":["Anger","ReplayTheSpireMod:Strike From Hell"],"picked":"Barricade","floor":6}],"player_experience":54359,"relics_obtained":[{"floor":6,"key":"Regal Pillow"}],"event_choices":[],"is_beta":false,"boss_relics":[],"items_purged_floors":[0],"is_endless":false,"potions_floor_spawned":[1,4,5],"killed_by":"Gremlin Nob","ascension_level":2}}