{"host":"xt3o4iokwksypl90","time":1610402213,"event":{"mods":["AchievementEnabler","BaseMod","Highlight Path","Minty Spire (QoL Compilation)","Permanent Neow"],"gold_per_floor":[113,188,200,218,234,266,283,308,334,359,359,378,378,393,393,492,492,505,23,23,23,40,40,68,79,79,79,79,90,90,40,40,144,144,158,178,178,188,188,188],"floor_reached":39,"playtime":2299,"items_purged":["Strike_R","Strike_R"],"score":554,"play_id":"471bbb21-65da-42fd-815f-048bedebf99c","local_time":"20210111225653","is_ascension_mode":true,"campfire_choices":[{"data":"Evolve","floor":11,"key":"SMITH"},{"floor":15,"key":"REST"},{"data":"RitualDagger","floor":23,"key":"SMITH"},{"data":"Battle Trance","floor":27,"key":"SMITH"},{"data":"Fire Breathing","floor":30,"key":"SMITH"},{"floor":32,"key":"REST"}],"circlet_count":0,"master_deck":["Strike_R","Defend_R","Defend_R","Defend_R","Defend_R","Bash","Anger","Power Through","Inflame","True Grit","Evolve+1","Offering","Battle Trance+1","Sever Soul","Corruption","Clothesline","RitualDagger+1","Shrug It Off","Fire Breathing+1","Immolate","Dual Wield","Heavy Blade","Madness","Madness"],"relics":["Runic Dome","Singing Bowl","Art of War","Smiling Mask","Potion Belt","Philosopher\u0027s Stone","Paper Frog","Brimstone","Omamori","Bottled Lightning","Vajra","SlaversCollar"],"acts_visited":["Exordium","TheCity","TheBeyond"],"potions_floor_usage":[6,10,24,29],"damage_taken":[{"damage":2,"enemies":"Jaw Worm","floor":1,"turns":3},{"damage":0,"enemies":"Cultist","floor":3,"turns":2},{"damage":0,"enemies":"2 Louse","floor":4,"turns":2},{"damage":6,"enemies":"Large Slime","floor":5,"turns":8},{"damage":12,"enemies":"Lagavulin","floor":6,"turns":5},{"damage":6,"enemies":"Blue Slaver","floor":7,"turns":4},{"damage":10,"enemies":"3 Sentries","floor":8,"turns":8},{"damage":16,"enemies":"Gremlin Nob","floor":10,"turns":3},{"damage":10,"enemies":"Gremlin Gang","floor":12,"turns":5},{"damage":9,"enemies":"2 Fungi Beasts","floor":14,"turns":3},{"damage":7,"enemies":"Hexaghost","floor":16,"turns":8},{"damage":0,"enemies":"Chosen","floor":18,"turns":4},{"damage":22,"enemies":"Spheric Guardian","floor":22,"turns":4},{"damage":37,"enemies":"Slavers","floor":24,"turns":4},{"damage":11,"enemies":"Snake Plant","floor":25,"turns":3},{"damage":0,"enemies":"Centurion and Healer","floor":29,"turns":5},{"damage":28,"enemies":"Collector","floor":33,"turns":5},{"damage":30,"enemies":"3 Darklings","floor":35,"turns":4},{"damage":13,"enemies":"Orb Walker","floor":36,"turns":4},{"damage":4,"enemies":"4 Shapes","floor":38,"turns":3},{"damage":33,"enemies":"Writhing Mass","floor":39,"turns":2}],"seed_played":"3687024923683111073","potions_obtained":[{"floor":1,"key":"Strength Potion"},{"floor":3,"key":"BlessingOfTheForge"},{"floor":4,"key":"Block Potion"},{"floor":8,"key":"Fruit Juice"},{"floor":16,"key":"Explosive Potion"},{"floor":22,"key":"AttackPotion"},{"floor":25,"key":"BloodPotion"}],"is_trial":false,"path_per_floor":["M","?","M","M","M","E","M","E","T","E","R","M","?","M","R","B",null,"M","$","?","?","M","R","E","M","T","R","?","M","R","$","R","B",null,"M","M","?","M","M"],"character_chosen":"IRONCLAD","items_purchased":["Paper Frog","Brimstone","Clothesline"],"campfire_rested":2,"item_purchase_floors":[19,19,19],"current_hp_per_floor":[78,70,70,70,64,54,48,38,38,29,29,19,19,12,39,32,76,78,78,72,72,50,50,15,6,6,6,6,25,25,25,54,26,79,49,36,24,22,0,0],"gold":188,"neow_bonus":"BOSS_RELIC","is_daily":false,"chose_seed":false,"campfire_upgraded":4,"win_rate":0.0,"timestamp":1610402213,"path_taken":["M","?","M","M","M","E","M","E","T","E","R","?","?","M","R","BOSS","M","$","?","?","M","R","E","M","T","R","?","M","R","?","R","BOSS","M","?","?","M","M"],"items_purchased_type":["Relic","Relic","Card"],"build_version":"2020-12-22","purchased_purges":2,"victory":false,"max_hp_per_floor":[80,80,80,80,80,82,82,82,82,89,89,89,89,91,91,91,91,93,93,93,93,93,93,95,97,97,97,97,97,97,97,97,97,97,97,97,97,99,99,99],"card_choices":[{"not_picked":["Body Slam","Reckless Charge"],"picked":"Anger","floor":1},{"not_picked":["Seeing Red","Dark Embrace"],"picked":"Power Through","floor":3},{"not_picked":["Armaments","Pommel Strike"],"picked":"Inflame","floor":4},{"not_picked":["Warcry","Pummel"],"picked":"True Grit","floor":5},{"not_picked":["Clothesline","Sword Boomerang","Body Slam"],"picked":"Singing Bowl","floor":6},{"not_picked":["Bloodletting","Wild Strike"],"picked":"Evolve","floor":7},{"not_picked":["True Grit","Burning Pact"],"picked":"Offering","floor":8},{"not_picked":["Clothesline","Reckless Charge","Searing Blow"],"picked":"Singing Bowl","floor":10},{"not_picked":["Reckless Charge","Flex"],"picked":"Battle Trance","floor":12},{"not_picked":["Sword Boomerang","Clash","Pommel Strike"],"picked":"Singing Bowl","floor":14},{"not_picked":["Offering","Reaper"],"picked":"Corruption","floor":16},{"not_picked":["Intimidate","Body Slam","Warcry+1"],"picked":"Singing Bowl","floor":18},{"not_picked":["Sever Soul","Body Slam+1"],"picked":"Shrug It Off","floor":22},{"not_picked":["Twin Strike","Iron Wave","Sword Boomerang"],"picked":"Singing Bowl","floor":24},{"not_picked":["Combust","Pummel+1","Clash"],"picked":"Singing Bowl","floor":25},{"not_picked":["Dark Embrace","Battle Trance+1"],"picked":"Fire Breathing","floor":29},{"not_picked":["Corruption","Feed"],"picked":"Immolate","floor":33},{"not_picked":["Inflame+1","Thunderclap+1"],"picked":"Dual Wield","floor":35},{"not_picked":["Battle Trance+1","Thunderclap+1"],"picked":"Heavy Blade","floor":36},{"not_picked":["Demon Form","Armaments","Wild Strike+1"],"picked":"Singing Bowl","floor":38}],"player_experience":272262,"relics_obtained":[{"floor":6,"key":"Singing Bowl"},{"floor":8,"key":"Art of War"},{"floor":9,"key":"Smiling Mask"},{"floor":10,"key":"Potion Belt"},{"floor":24,"key":"Omamori"},{"floor":26,"key":"Bottled Lightning"}],"event_choices":[{"damage_healed":0,"gold_gain":75,"player_choice":"Touch","damage_taken":8,"max_hp_gain":0,"max_hp_loss":0,"event_name":"FaceTrader","floor":2,"gold_loss":0},{"damage_healed":0,"gold_gain":0,"cards_transformed":["Strike_R"],"player_choice":"Change","damage_taken":0,"max_hp_gain":0,"max_hp_loss":0,"event_name":"Living Wall","floor":13,"gold_loss":0,"cards_obtained":["Sever Soul"]},{"damage_healed":0,"gold_gain":0,"player_choice":"Joined the Cult","damage_taken":6,"max_hp_gain":0,"max_hp_loss":0,"event_name":"Nest","floor":20,"gold_loss":0,"cards_obtained":["RitualDagger"]},{"cards_removed":["Strike_R"],"damage_healed":0,"gold_gain":0,"player_choice":"Elegance","damage_taken":0,"max_hp_gain":0,"max_hp_loss":0,"event_name":"Back to Basics","floor":21,"gold_loss":0},{"damage_healed":0,"gold_gain":0,"player_choice":"Opened","damage_taken":0,"relics_obtained":["Vajra"],"max_hp_gain":0,"max_hp_loss":0,"event_name":"The Mausoleum","floor":28,"gold_loss":0},{"damage_healed":0,"gold_gain":0,"player_choice":"Embrace Madness","damage_taken":12,"max_hp_gain":0,"max_hp_loss":0,"event_name":"Winding Halls","floor":37,"gold_loss":0,"cards_obtained":["Madness","Madness"]}],"is_beta":false,"boss_relics":[{"not_picked":["Snecko Eye","Runic Cube"],"picked":"Philosopher\u0027s Stone"},{"not_picked":["Busted Crown","Fusion Hammer"],"picked":"SlaversCollar"}],"items_purged_floors":[19,31],"is_endless":false,"potions_floor_spawned":[1,3,4,8,16,22,25],"killed_by":"Writhing Mass","ascension_level":5}}