{"host":"981nlwu0905dw1bz","time":1610385766,"event":{"mods":["AchievementEnabler","BaseMod","DeckTracker","Minty Spire (QoL Compilation)","Rare Cards Sparkle","SuperFastMode"],"gold_per_floor":[113,126,126,141,114,114,145,46,69,69,69,82,82,98,98,193,193,212,56,56,56,67,67,87,122,122,122,135,154,154,169,169,264,264,264],"floor_reached":34,"playtime":1102,"items_purged":["Strike_G"],"score":577,"play_id":"1bbe5317-9695-4587-8a05-54f740c67617","local_time":"20210112022246","is_ascension_mode":true,"campfire_choices":[{"data":"Dagger Spray","floor":6.0,"key":"SMITH"},{"floor":10.0,"key":"REST"},{"data":"Terror","floor":15.0,"key":"SMITH"},{"floor":23.0,"key":"REST"},{"data":"Blade Dance","floor":27.0,"key":"SMITH"},{"floor":30.0,"key":"REST"},{"floor":32.0,"key":"REST"}],"circlet_count":0,"master_deck":["AscendersBane","Strike_G","Strike_G","Strike_G","Defend_G","Defend_G","Defend_G","Defend_G","Defend_G","Survivor","Neutralize","Dagger Spray+1","All Out Attack","Acrobatics","After Image","Blade Dance+1","Terror","Terror+1","Die Die Die","Cloak And Dagger+1","Storm of Steel","PiercingWail","Glass Knife"],"relics":["Ring of the Snake","NeowsBlessing","Juzu Bracelet","WristBlade","Nunchaku","Blue Candle","Nloth\u0027s Gift","Incense Burner","Eternal Feather","HoveringKite"],"acts_visited":["Exordium","TheCity","TheBeyond"],"potions_floor_usage":[],"damage_taken":[{"damage":0.0,"enemies":"Small Slimes","floor":1.0,"turns":1.0},{"damage":0.0,"enemies":"Cultist","floor":2.0,"turns":1.0},{"damage":0.0,"enemies":"Jaw Worm","floor":4.0,"turns":1.0},{"damage":37.0,"enemies":"Lagavulin","floor":7.0,"turns":8.0},{"damage":7.0,"enemies":"Lots of Slimes","floor":12.0,"turns":2.0},{"damage":0.0,"enemies":"Exordium Wildlife","floor":14.0,"turns":2.0},{"damage":27.0,"enemies":"Slime Boss","floor":16.0,"turns":10.0},{"damage":9.0,"enemies":"3 Byrds","floor":18.0,"turns":4.0},{"damage":9.0,"enemies":"Spheric Guardian","floor":22.0,"turns":4.0},{"damage":0.0,"enemies":"Cultist and Chosen","floor":24.0,"turns":4.0},{"damage":25.0,"enemies":"Book of Stabbing","floor":25.0,"turns":5.0},{"damage":9.0,"enemies":"Centurion and Healer","floor":28.0,"turns":5.0},{"damage":31.0,"enemies":"Sentry and Sphere","floor":29.0,"turns":6.0},{"damage":1.0,"enemies":"Snake Plant","floor":31.0,"turns":3.0},{"damage":77.0,"enemies":"Automaton","floor":33.0,"turns":10.0}],"seed_played":"-7596627056860154125","potions_obtained":[{"floor":12.0,"key":"FairyPotion"},{"floor":14.0,"key":"Block Potion"},{"floor":24.0,"key":"ColorlessPotion"},{"floor":25.0,"key":"Weak Potion"},{"floor":28.0,"key":"GamblersBrew"},{"floor":33.0,"key":"DuplicationPotion"}],"is_trial":false,"path_per_floor":["M","M","?","M","?","R","E","$","T","R","?","M","?","M","R","B",null,"M","$","T","?","M","R","M","E","T","R","M","M","R","M","R","B",null],"character_chosen":"THE_SILENT","items_purchased":["Blade Dance","Nunchaku"],"campfire_rested":4,"item_purchase_floors":[8,19],"current_hp_per_floor":[63,63,63,63,63,63,26,26,26,47,47,40,40,40,40,13,56,47,47,47,47,38,59,59,34,34,46,37,6,39,38,70,21,58,58],"gold":264,"neow_bonus":"THREE_ENEMY_KILL","is_daily":false,"chose_seed":false,"campfire_upgraded":3,"win_rate":0.0,"timestamp":1610385766,"path_taken":["M","M","?","?","?","R","E","?","T","R","?","M","?","M","R","BOSS","M","$","?","?","M","R","M","E","T","R","M","M","R","M","R","BOSS"],"items_purchased_type":["Card","Relic"],"build_version":"2020-12-22","purchased_purges":1,"victory":false,"max_hp_per_floor":[70,70,70,70,70,70,70,70,70,70,70,70,70,70,70,70,70,70,70,70,70,70,70,70,70,70,70,70,70,70,70,70,70,70,70],"card_choices":[{"not_picked":["Blade Dance","Blur"],"picked":"Dagger Spray","floor":1.0},{"not_picked":["Deadly Poison","Poisoned Stab"],"picked":"All Out Attack","floor":2.0},{"not_picked":["Underhanded Strike","All Out Attack"],"picked":"Acrobatics","floor":4.0},{"not_picked":["Quick Slash","Prepared"],"picked":"After Image","floor":7.0},{"not_picked":["Crippling Poison","Deadly Poison"],"picked":"Terror","floor":10.0},{"not_picked":["Slice","PiercingWail","Masterful Stab"],"picked":"SKIP","floor":12.0},{"not_picked":["Backflip","Deadly Poison"],"picked":"Terror","floor":14.0},{"not_picked":["Bullet Time","Wraith Form v2"],"picked":"Die Die Die","floor":16.0},{"not_picked":["Bane","Underhanded Strike"],"picked":"Cloak And Dagger+1","floor":18.0},{"not_picked":["PiercingWail","Eviscerate","Expertise"],"picked":"SKIP","floor":22.0},{"not_picked":["Dagger Throw+1","Underhanded Strike+1","Sucker Punch"],"picked":"SKIP","floor":24.0},{"not_picked":["Burst","Masterful Stab+1"],"picked":"Storm of Steel","floor":25.0},{"not_picked":["Reflex+1","Flechettes","Dagger Spray+1"],"picked":"SKIP","floor":28.0},{"not_picked":["Poisoned Stab","Reflex+1"],"picked":"PiercingWail","floor":29.0},{"not_picked":["Poisoned Stab","Outmaneuver","Dagger Spray"],"picked":"SKIP","floor":31.0},{"not_picked":["Wraith Form v2","After Image"],"picked":"Glass Knife","floor":33.0}],"player_experience":539763,"relics_obtained":[{"floor":7.0,"key":"Juzu Bracelet"},{"floor":9.0,"key":"Dream Catcher"},{"floor":20.0,"key":"Blue Candle"},{"floor":25.0,"key":"Incense Burner"},{"floor":26.0,"key":"Eternal Feather"}],"event_choices":[{"damage_healed":0.0,"max_hp_gain":0.0,"max_hp_loss":0.0,"gold_gain":0.0,"event_name":"FaceTrader","player_choice":"Leave","floor":3.0,"gold_loss":0.0,"damage_taken":0.0},{"damage_healed":0.0,"max_hp_gain":0.0,"max_hp_loss":0.0,"gold_gain":0.0,"event_name":"World of Goop","player_choice":"Left Gold","floor":5.0,"gold_loss":27.0,"damage_taken":0.0},{"damage_healed":0.0,"max_hp_gain":0.0,"max_hp_loss":0.0,"gold_gain":0.0,"event_name":"Dead Adventurer","player_choice":"Searched \u00270\u0027 times","floor":11.0,"gold_loss":0.0,"damage_taken":0.0},{"cards_removed":["Strike_G"],"damage_healed":0.0,"max_hp_gain":0.0,"max_hp_loss":0.0,"gold_gain":0.0,"event_name":"Purifier","player_choice":"Purged","floor":13.0,"gold_loss":0.0,"damage_taken":0.0},{"damage_healed":0.0,"max_hp_gain":0.0,"max_hp_loss":0.0,"gold_gain":0.0,"event_name":"N\u0027loth","player_choice":"Traded Relic","floor":21.0,"relics_lost":["Dream Catcher"],"gold_loss":0.0,"damage_taken":0.0,"relics_obtained":["Nloth\u0027s Gift"]}],"is_beta":false,"boss_relics":[{"not_picked":["Astrolabe","Calling Bell"],"picked":"WristBlade"},{"not_picked":["Sozu","Pandora\u0027s Box"],"picked":"HoveringKite"}],"items_purged_floors":[8],"is_endless":false,"potions_floor_spawned":[12,14,16,24,25,28,33],"ascension_level":11}}