{"host":"i4eavuqabbk5mi94","time":1610402630,"event":{"mods":["BaseMod","Googly Eyes","Minty Spire (QoL Compilation)"],"gold_per_floor":[111,111,111,130,143,183,283,45,45,45,83,83,104,119,119,239,239,264,33,52,4,20,20,61,84,109,152,185,209,250,271,271,397,397,422,422,422,447,474,505,107,440,464,464,483,31,61,91,91,91],"floor_reached":51,"playtime":1675,"items_purged":["Injury","Defend_R","Strike_R"],"score":1123,"play_id":"f5218e63-5907-49f9-af9b-518d373f608b","local_time":"20210111220350","is_ascension_mode":true,"campfire_choices":[{"floor":10,"key":"REST"},{"floor":12,"key":"REST"},{"data":"Rampage","floor":15,"key":"SMITH"},{"data":"Whirlwind","floor":23,"key":"SMITH"},{"floor":32,"key":"REST"},{"data":"Flex","floor":44,"key":"SMITH"},{"data":"Whirlwind","floor":49,"key":"SMITH"}],"circlet_count":0,"master_deck":["Strike_R","Defend_R","Defend_R","Defend_R+1","Bash","Whirlwind+1","Rampage+1","Thunderclap+1","Rampage+1","Battle Trance","Double Tap","Flex+1","Spot Weakness","Armaments+1","Burning Pact+1","Bloodletting","Limit Break","Shrug It Off+1","Whirlwind+1"],"relics":["Burning Blood","WingedGreaves","Thread and Needle","Incense Burner","Meat on the Bone","Shuriken","Centennial Puzzle","Velvet Choker","Chemical X","Matryoshka","War Paint","Anchor","Sundial","Eternal Feather","Blood Vial","Empty Cage","Art of War","Oddly Smooth Stone","Bag of Marbles","Brimstone","Pen Nib","Toy Ornithopter","Kunai","Bronze Scales","Whetstone"],"acts_visited":["Exordium","TheCity","TheBeyond"],"potions_floor_usage":[5,16,29,33,40,47,50,50],"damage_taken":[{"damage":1,"enemies":"2 Louse","floor":1,"turns":3},{"damage":3,"enemies":"Jaw Worm","floor":4,"turns":4},{"damage":0,"enemies":"Cultist","floor":5,"turns":3},{"damage":37,"enemies":"3 Sentries","floor":6,"turns":7},{"damage":37,"enemies":"Lagavulin","floor":11,"turns":7},{"damage":2,"enemies":"2 Fungi Beasts","floor":13,"turns":2},{"damage":0,"enemies":"3 Louse","floor":14,"turns":3},{"damage":38,"enemies":"The Guardian","floor":16,"turns":13},{"damage":14,"enemies":"Shell Parasite","floor":18,"turns":5},{"damage":3,"enemies":"Chosen","floor":20,"turns":3},{"damage":3,"enemies":"3 Cultists","floor":22,"turns":3},{"damage":17,"enemies":"Slavers","floor":24,"turns":2},{"damage":0,"enemies":"Cultist and Chosen","floor":25,"turns":4},{"damage":27,"enemies":"Book of Stabbing","floor":27,"turns":4},{"damage":2,"enemies":"Slavers","floor":28,"turns":3},{"damage":20,"enemies":"Snake Plant","floor":29,"turns":3},{"damage":2,"enemies":"Gremlin Leader","floor":30,"turns":4},{"damage":14,"enemies":"Snecko","floor":31,"turns":3},{"damage":48,"enemies":"Collector","floor":33,"turns":5},{"damage":0,"enemies":"Orb Walker","floor":35,"turns":3},{"damage":3,"enemies":"3 Shapes","floor":38,"turns":2},{"damage":29,"enemies":"Nemesis","floor":40,"turns":5},{"damage":3,"enemies":"3 Darklings","floor":45,"turns":1},{"damage":24,"enemies":"Reptomancer","floor":47,"turns":3},{"damage":3,"enemies":"Giant Head","floor":48,"turns":3},{"damage":74,"enemies":"Time Eater","floor":50,"turns":5}],"seed_played":"7272492310299297689","potions_obtained":[{"floor":1,"key":"BlessingOfTheForge"},{"floor":13,"key":"BloodPotion"},{"floor":14,"key":"Strength Potion"},{"floor":20,"key":"Weak Potion"},{"floor":25,"key":"BloodPotion"},{"floor":27,"key":"Block Potion"},{"floor":30,"key":"ColorlessPotion"},{"floor":35,"key":"PowerPotion"},{"floor":40,"key":"Block Potion"},{"floor":48,"key":"LiquidMemories"}],"is_trial":false,"path_per_floor":["M","?","?","M","M","E","?","$","T","R","E","R","M","M","R","B",null,"M","$","M","$","M","R","E","M","T","E","E","M","E","M","R","B",null,"M","?","?","M","T","E","$","?","T","R","M","$","E","E","R","B",null],"character_chosen":"IRONCLAD","items_purchased":["Meat on the Bone","Chemical X","Flex","Brimstone","Pen Nib","Kunai","Whirlwind"],"campfire_rested":3,"item_purchase_floors":[8,19,21,41,41,46,46],"current_hp_per_floor":[61,58,58,61,67,36,36,36,36,60,41,65,69,75,75,55,74,66,66,69,69,72,72,61,67,67,58,62,48,52,58,80,50,73,80,80,80,80,80,57,57,57,57,66,71,71,60,65,74,50],"gold":91,"neow_bonus":"ONE_RARE_RELIC","is_daily":false,"chose_seed":false,"campfire_upgraded":4,"win_rate":0.0,"timestamp":1610402630,"path_taken":["M","?","?","M","?","E","?","$","T","R","E","R","?","M","R","BOSS","M","$","M","$","M","R","E","M","T","E","E","M","E","M","R","BOSS","M","?","?","?","?","E","$","?","T","R","M","$","E","E","R","BOSS"],"items_purchased_type":["Relic","Relic","Card","Relic","Relic","Relic","Card"],"build_version":"2020-12-22","purchased_purges":3,"victory":true,"max_hp_per_floor":[80,80,80,80,80,80,80,80,80,80,80,80,80,80,80,80,80,80,80,80,80,80,80,80,80,80,80,80,80,80,80,80,80,80,80,80,80,80,80,80,80,80,80,80,80,80,80,80,80,80],"card_choices":[{"not_picked":["Havoc","Iron Wave"],"picked":"Whirlwind","floor":1},{"not_picked":["Cleave","Pommel Strike"],"picked":"Rampage","floor":4},{"not_picked":["Wild Strike","Clash"],"picked":"Thunderclap","floor":5},{"not_picked":["Second Wind","Evolve","Warcry"],"picked":"SKIP","floor":6},{"not_picked":["Corruption","Reaper","Infernal Blade"],"picked":"SKIP","floor":11},{"not_picked":["Second Wind","Havoc"],"picked":"Rampage","floor":13},{"not_picked":["Iron Wave","Wild Strike"],"picked":"Battle Trance","floor":14},{"not_picked":["Reaper","Fiend Fire"],"picked":"Double Tap","floor":16},{"not_picked":["Feel No Pain+1","Rupture+1","Whirlwind"],"picked":"SKIP","floor":18},{"not_picked":["Blood for Blood","Sword Boomerang","Reckless Charge"],"picked":"SKIP","floor":20},{"not_picked":["Shrug It Off+1","Burning Pact"],"picked":"Spot Weakness","floor":22},{"not_picked":["True Grit","Sword Boomerang+1"],"picked":"Armaments","floor":24},{"not_picked":["Wild Strike","Feel No Pain","Clothesline+1"],"picked":"SKIP","floor":25},{"not_picked":["Iron Wave","Twin Strike","Dual Wield"],"picked":"SKIP","floor":27},{"not_picked":["Pummel","Pommel Strike+1","Iron Wave"],"picked":"SKIP","floor":28},{"not_picked":["Second Wind","Body Slam","Ghostly Armor"],"picked":"SKIP","floor":29},{"not_picked":["Heavy Blade","Brutality"],"picked":"Burning Pact+1","floor":30},{"not_picked":["Sentinel","Cleave"],"picked":"Bloodletting","floor":31},{"not_picked":["Reaper","Exhume"],"picked":"Limit Break","floor":33},{"not_picked":["Heavy Blade","Flex"],"picked":"Shrug It Off+1","floor":35},{"not_picked":["Shrug It Off+1","Sever Soul","Second Wind+1"],"picked":"SKIP","floor":38},{"not_picked":["Metallicize","Armaments+1","Intimidate"],"picked":"SKIP","floor":40},{"not_picked":["Heavy Blade+1","Shrug It Off+1","Sword Boomerang+1"],"picked":"SKIP","floor":45},{"not_picked":["Anger+1","Second Wind+1","Dropkick+1"],"picked":"SKIP","floor":47},{"not_picked":["Second Wind+1","Body Slam","Feel No Pain+1"],"picked":"SKIP","floor":48}],"player_experience":392763,"relics_obtained":[{"floor":6,"key":"Incense Burner"},{"floor":9,"key":"Shuriken"},{"floor":11,"key":"Centennial Puzzle"},{"floor":24,"key":"Matryoshka"},{"floor":26,"key":"War Paint"},{"floor":26,"key":"Anchor"},{"floor":27,"key":"Sundial"},{"floor":28,"key":"Eternal Feather"},{"floor":30,"key":"Blood Vial"},{"floor":39,"key":"Art of War"},{"floor":39,"key":"Oddly Smooth Stone"},{"floor":40,"key":"Bag of Marbles"},{"floor":43,"key":"Toy Ornithopter"},{"floor":47,"key":"Bronze Scales"},{"floor":48,"key":"Whetstone"}],"event_choices":[{"damage_healed":0,"gold_gain":0,"player_choice":"Success","damage_taken":3,"relics_obtained":["Thread and Needle"],"max_hp_gain":0,"max_hp_loss":0,"event_name":"Scrap Ooze","floor":2,"gold_loss":0},{"damage_healed":0,"gold_gain":0,"player_choice":"Take Wound","damage_taken":0,"relics_obtained":["Golden Idol"],"max_hp_gain":0,"max_hp_loss":0,"event_name":"Golden Idol","floor":3,"gold_loss":0,"cards_obtained":["Injury"]},{"damage_healed":0,"gold_gain":100,"player_choice":"Gold","damage_taken":0,"max_hp_gain":0,"max_hp_loss":0,"event_name":"Wheel of Change","floor":7,"gold_loss":0},{"damage_healed":0,"gold_gain":0,"player_choice":"Ignored","damage_taken":0,"max_hp_gain":0,"max_hp_loss":0,"event_name":"Tomb of Lord Red Mask","floor":36,"gold_loss":0},{"cards_removed":["Strike_R"],"damage_healed":0,"gold_gain":0,"player_choice":"Removed Attack","damage_taken":0,"max_hp_gain":0,"max_hp_loss":0,"event_name":"Falling","floor":37,"gold_loss":0},{"damage_healed":0,"gold_gain":333,"player_choice":"Gave Idol","damage_taken":0,"max_hp_gain":0,"max_hp_loss":0,"event_name":"The Moai Head","floor":42,"relics_lost":["Golden Idol"],"gold_loss":0}],"is_beta":false,"boss_relics":[{"not_picked":["Black Star","Mark of Pain"],"picked":"Velvet Choker"},{"not_picked":["Coffee Dripper","Black Blood"],"picked":"Empty Cage"}],"items_purged_floors":[19,41,46],"is_endless":false,"potions_floor_spawned":[1,13,14,20,25,27,30,35,40,48],"ascension_level":5}}