{"host":"sjj8vlgjxyarc0at","time":1610328396,"event":{"mods":["BaseMod","Colored Powertips","Minty Spire (QoL Compilation)","Replay The Spire","SOS（斯巴达之子）","StSLib","The Administrix","The Construct","The Servant 0.9.4","【功能Mod】聪明的最终Boss"],"gold_per_floor":[147,147,72,72,117,117,131,131,131],"floor_reached":8,"playtime":809,"items_purged":["Defend_Dante"],"score":48,"play_id":"ad30acbc-e4e6-40b4-ad29-e71b046ff58a","local_time":"20210111092636","is_ascension_mode":true,"campfire_choices":[{"data":"Crow Ritual","floor":6,"key":"SMITH"}],"circlet_count":0,"master_deck":["Attack_a","Attack_a","Attack_b","Shoot","Shoot","Provocation","Defend_Dante","Defend_Dante","Redorb","Crow Ritual+1","Stinger","Dash2","SSScard"],"relics":["SSS","Combocheck","Regal Pillow"],"acts_visited":["Exordium"],"potions_floor_usage":[],"damage_taken":[{"damage":0,"enemies":"2 Louse","floor":1,"turns":3},{"damage":12,"enemies":"Small Slimes","floor":5,"turns":5},{"damage":3,"enemies":"Jaw Worm","floor":7,"turns":4},{"damage":43,"enemies":"Gremlin Nob","floor":8,"turns":4}],"seed_played":"8489450241506887313","potions_obtained":[{"floor":1,"key":"Energy Potion"}],"is_trial":false,"path_per_floor":["M","?","$","?","M","R","M","E"],"character_chosen":"DANTE","items_purchased":[],"campfire_rested":0,"item_purchase_floors":[],"current_hp_per_floor":[72,65,65,47,35,35,32,0,0],"gold":131,"neow_bonus":"RANDOM_COLORLESS_2","is_daily":false,"chose_seed":false,"campfire_upgraded":1,"win_rate":0.0,"timestamp":1610328396,"path_taken":["M","?","$","?","M","R","?","E"],"items_purchased_type":[],"build_version":"2020-12-22","purchased_purges":1,"victory":false,"max_hp_per_floor":[72,72,72,72,72,72,72,72,72],"card_choices":[{"not_picked":["ReplayTheSpireMod:Necrogeddon","Poisoned Strike"],"picked":"Crow Ritual","floor":0},{"not_picked":["Millionkick","Chargeshoot2"],"picked":"Stinger","floor":1},{"not_picked":["Doubleshoot","VitalstarM"],"picked":"Dash2","floor":5},{"not_picked":["DevilstarS","VitalstarS"],"picked":"SSScard","floor":7}],"player_experience":31501,"relics_obtained":[],"event_choices":[{"cards_removed":["Defend_Dante"],"damage_healed":0,"gold_gain":0,"player_choice":"Card Removal","damage_taken":7,"max_hp_gain":0,"max_hp_loss":0,"event_name":"Golden Wing","floor":2,"gold_loss":0},{"damage_healed":0,"gold_gain":0,"player_choice":"Success","damage_taken":18,"relics_obtained":["Regal Pillow"],"max_hp_gain":0,"max_hp_loss":0,"event_name":"Scrap Ooze","floor":4,"gold_loss":0}],"is_beta":false,"boss_relics":[],"items_purged_floors":[3],"is_endless":false,"potions_floor_spawned":[1],"killed_by":"Gremlin Nob","ascension_level":1}}