{"host":"yecadp3kwkksam5a","time":1610373360,"event":{"mods":["BaseMod","Minty Spire (QoL Compilation)","StSLib","The Cursed"],"gold_per_floor":[119,119,138,155,105,105,118,118,144,144,94,94,94,118,118,242,242,242],"floor_reached":17,"playtime":649,"items_purged":["TheCursedMod:Defend_TheCursed"],"score":242,"play_id":"3820807f-ec2d-4abd-b2a9-2cc1ec4b1df4","local_time":"20210111225600","is_ascension_mode":true,"campfire_choices":[{"data":"TheCursedMod:CleanUpWorkshop","floor":6,"key":"SMITH"},{"data":"TheCursedMod:CursedSpellbook","floor":12,"key":"SMITH"},{"data":"TheCursedMod:SpitefulStrike","floor":15,"key":"SMITH"}],"circlet_count":0,"master_deck":["TheCursedMod:Strike_TheCursed","TheCursedMod:Defend_TheCursed","TheCursedMod:Defend_TheCursed","TheCursedMod:Defend_TheCursed","TheCursedMod:CursedWand","TheCursedMod:CleanUpWorkshop+1","TheCursedMod:Dregs","TheCursedMod:CursedSpellbook+1","TheCursedMod:SpitefulPray","TheCursedMod:SurpriseAttack","TheCursedMod:SpitefulStrike+1"],"relics":["TheCursedMod:BlackMagic101","Golden Idol","Smiling Mask","White Beast Statue","SlaversCollar","CultistMask"],"acts_visited":["Exordium","TheCity"],"potions_floor_usage":[],"damage_taken":[{"damage":0,"enemies":"Small Slimes","floor":1,"turns":3},{"damage":3,"enemies":"Cultist","floor":3,"turns":4},{"damage":4,"enemies":"Jaw Worm","floor":4,"turns":4},{"damage":1,"enemies":"3 Louse","floor":7,"turns":4},{"damage":6,"enemies":"2 Fungi Beasts","floor":14,"turns":4},{"damage":3,"enemies":"Hexaghost","floor":16,"turns":2}],"seed_played":"-5270509340874946057","potions_obtained":[{"floor":3,"key":"Regen Potion"},{"floor":4,"key":"SneckoOil"},{"floor":14,"key":"GamblersBrew"}],"is_trial":false,"path_per_floor":["M","?","M","M","?","R","M","?","T","?","$","R","T","M","R","B",null],"character_chosen":"THE_CURSED","items_purchased":[],"campfire_rested":0,"item_purchase_floors":[],"current_hp_per_floor":[82,82,79,75,75,75,74,54,54,54,54,54,54,48,48,45,82,82],"gold":242,"neow_bonus":"TEN_PERCENT_HP_BONUS","is_daily":false,"chose_seed":false,"campfire_upgraded":3,"win_rate":0.0,"timestamp":1610373360,"path_taken":["M","?","?","M","?","R","M","?","T","?","?","R","?","M","R","BOSS"],"items_purchased_type":[],"build_version":"2020-12-22","purchased_purges":1,"victory":false,"max_hp_per_floor":[82,82,82,82,82,82,82,82,82,82,82,82,82,82,82,82,82,82],"card_choices":[{"not_picked":["TheCursedMod:Stretching","TheCursedMod:CursedBlade"],"picked":"TheCursedMod:CursedSpellbook","floor":1},{"not_picked":["TheCursedMod:AbyssShockwave","TheCursedMod:FuryStrike","TheCursedMod:CursedBoomerang"],"picked":"SKIP","floor":3},{"not_picked":["TheCursedMod:SpreadPlague","TheCursedMod:CursedShiv"],"picked":"TheCursedMod:SpitefulPray","floor":4},{"not_picked":["TheCursedMod:Torture","TheCursedMod:Obscuration"],"picked":"TheCursedMod:SurpriseAttack","floor":7},{"not_picked":["TheCursedMod:LuckyCharm","TheCursedMod:SpitefulPray"],"picked":"TheCursedMod:SpitefulStrike","floor":14}],"player_experience":495392,"relics_obtained":[{"floor":9,"key":"Smiling Mask"},{"floor":13,"key":"White Beast Statue"}],"event_choices":[{"cards_removed":["TheCursedMod:Strike_TheCursed"],"damage_healed":0,"gold_gain":0,"player_choice":"Offered Basic","damage_taken":0,"max_hp_gain":0,"max_hp_loss":0,"event_name":"Bonfire Elementals","floor":2,"gold_loss":0},{"cards_removed":["TheCursedMod:Strike_TheCursed"],"damage_healed":0,"gold_gain":0,"player_choice":"Card Removal","damage_taken":0,"max_hp_gain":0,"max_hp_loss":0,"event_name":"The Cleric","floor":5,"gold_loss":50},{"damage_healed":0,"gold_gain":0,"player_choice":"Take Damage","damage_taken":20,"relics_obtained":["Golden Idol"],"max_hp_gain":0,"max_hp_loss":0,"event_name":"Golden Idol","floor":8,"gold_loss":0},{"cards_removed":["TheCursedMod:Strike_TheCursed"],"damage_healed":0,"gold_gain":0,"player_choice":"Forget","damage_taken":0,"max_hp_gain":0,"max_hp_loss":0,"event_name":"Living Wall","floor":10,"gold_loss":0}],"is_beta":false,"boss_relics":[{"not_picked":["Snecko Eye","Busted Crown"],"picked":"SlaversCollar"}],"items_purged_floors":[11],"is_endless":false,"potions_floor_spawned":[3,4,14,16],"ascension_level":2}}