{"host":"ss2ocoam53r2lno0","time":1610385886,"event":{"mods":["Act Like it!","BaseMod","ChefMod","Clockwork Mod","Colored Powertips","Curses Come First","Displayed Cursed Tome","Downfall","Evolution","Googly Eyes","Hallownest","Highlight Path","Minty Spire (QoL Compilation)","Poor People Problems","Rare Cards Sparkle","Robot Space Explorer","Shade Mod","Shop Mod","Spicy Shops","StSLib","The Marked"],"gold_per_floor":[109,59,69,86,86,113,113,113,140,126,149,184,184,210,210,321,371,396,396,405,605,628,665,665,665,665],"floor_reached":25,"playtime":1961,"items_purged":[],"score":243,"play_id":"eda8573b-22e3-41c1-81e5-5360420a695b","local_time":"20210111182446","is_ascension_mode":true,"campfire_choices":[{"data":"Clockwork:ChargingBlade","floor":7,"key":"SMITH"},{"data":"Clockwork:ChargingBlade","floor":13,"key":"SMITH"},{"data":"Clockwork:CraftBloodPhial","floor":15,"key":"SMITH"},{"floor":24,"key":"REST"}],"circlet_count":0,"master_deck":["Clockwork:ChargingBlade+1","Clockwork:ChargingBlade+1","Clockwork:Shield","Clockwork:Shield+1","Clockwork:Shield","Clockwork:Shield","Clockwork:Tinker","Clockwork:WarmUp","Clockwork:AeonShield","Clockwork:ZeroPointEnergy","Clockwork:Clone+1","Clockwork:ChargingShield","Clockwork:EnthusiasticStrike+1","Clockwork:CraftQuicksilverHourglass"],"relics":["Clockwork:MomentumEngine","EVO:Axolotl","Orichalcum","CeramicFish","Clockwork:SomewhatSmoothStone","PreservedInsect","Clockwork:BloodPhial","Tiny House","Bottled Flame"],"acts_visited":["Exordium","TheCity"],"potions_floor_usage":[10,18,18,22,23,23,23,23],"damage_taken":[{"damage":0,"enemies":"Small Slimes","floor":1,"turns":6},{"damage":3,"enemies":"Jaw Worm","floor":3,"turns":13},{"damage":0,"enemies":"2 Louse","floor":4,"turns":7},{"damage":5,"enemies":"Lagavulin","floor":6,"turns":20},{"damage":0,"enemies":"Exordium Thugs","floor":10,"turns":4},{"damage":21,"enemies":"Gremlin Gang","floor":11,"turns":13},{"damage":14,"enemies":"3 Sentries","floor":12,"turns":8},{"damage":1,"enemies":"3 Louse","floor":14,"turns":4},{"damage":22,"enemies":"The Guardian","floor":16,"turns":13},{"damage":8,"enemies":"2 Thieves","floor":18,"turns":5},{"damage":10,"enemies":"Spheric Guardian","floor":22,"turns":3},{"damage":89,"enemies":"Slavers","floor":23,"turns":11},{"damage":37,"enemies":"Book of Stabbing","floor":25,"turns":5}],"seed_played":"-4170355697693892966","potions_obtained":[{"floor":3,"key":"SteroidPotion"},{"floor":4,"key":"Explosive Potion"},{"floor":12,"key":"FearPotion"},{"floor":16,"key":"EntropicBrew"},{"floor":18,"key":"ColorlessPotion"}],"is_trial":false,"path_per_floor":["M","?","M","M","?","E","R","?","T","M","M","E","R","M","R","B",null,"M","?","?","?","M","E","R","E"],"character_chosen":"CLOCKWORK","items_purchased":[],"campfire_rested":1,"item_purchase_floors":[],"current_hp_per_floor":[85,85,82,82,82,77,77,85,85,85,64,50,50,49,49,33,90,82,82,82,82,74,2,29,0,0],"gold":665,"neow_bonus":"REMOVE_CARD","is_daily":false,"chose_seed":false,"campfire_upgraded":3,"win_rate":0.0,"timestamp":1610385886,"path_taken":["M","?","M","M","?","E","R","?","T","?","M","E","R","?","R","BOSS","M","?","?","?","?","E","R","E"],"items_purchased_type":[],"build_version":"2020-12-22","purchased_purges":0,"victory":false,"max_hp_per_floor":[85,85,85,85,85,85,85,85,85,85,85,85,85,85,85,85,90,90,90,90,90,90,90,90,90,90],"card_choices":[{"not_picked":["Clockwork:Enhance","Clockwork:MechanicalMass","Clockwork:Selectivity"],"picked":"SKIP","floor":1},{"not_picked":["Clockwork:CogToss","Clockwork:SearingStrike","Clockwork:SystemScan"],"picked":"SKIP","floor":3},{"not_picked":["Clockwork:Friction","Clockwork:CogShield"],"picked":"Clockwork:HeadStart","floor":4},{"not_picked":["Clockwork:ForgeStrike","Clockwork:MechanicalBulk"],"picked":"Clockwork:CraftSomewhatSmoothStone","floor":6},{"not_picked":["Clockwork:LiteraryArmor","Clockwork:HoardingStrike","Clockwork:PerfectedStrike"],"picked":"SKIP","floor":10},{"not_picked":["Clockwork:ReserveSystems","Clockwork:Roundhouse"],"picked":"Clockwork:AeonShield","floor":11},{"not_picked":["Clockwork:MechanicalMass","Clockwork:SystemScan","Clockwork:PerfectedStrike"],"picked":"SKIP","floor":12},{"not_picked":["Clockwork:SpringShield","Clockwork:SpurOn"],"picked":"Clockwork:CraftBloodPhial","floor":14},{"not_picked":["Clockwork:UnlimitedCogworks","Clockwork:Randomization"],"picked":"Clockwork:ZeroPointEnergy","floor":16},{"not_picked":["Clockwork:Enhance","Clockwork:AdaptiveCannon+1"],"picked":"Clockwork:Clone+1","floor":18},{"not_picked":["Clockwork:AdaptiveCannon","Clockwork:Selectivity"],"picked":"Clockwork:EnthusiasticStrike+1","floor":22},{"not_picked":["Clockwork:Enhance","Clockwork:SystemScan"],"picked":"Clockwork:CraftQuicksilverHourglass","floor":23}],"player_experience":664354,"relics_obtained":[{"floor":6,"key":"Orichalcum"},{"floor":9,"key":"CeramicFish"},{"floor":12,"key":"PreservedInsect"},{"floor":23,"key":"Bottled Flame"}],"event_choices":[{"cards_removed":["Clockwork:Strike"],"damage_healed":0,"gold_gain":0,"player_choice":"Card Removal","damage_taken":0,"max_hp_gain":0,"max_hp_loss":0,"event_name":"The Cleric","floor":2,"gold_loss":50},{"damage_healed":0,"gold_gain":0,"player_choice":"Ignored","damage_taken":0,"max_hp_gain":0,"max_hp_loss":0,"event_name":"Liars Game","floor":5,"gold_loss":0},{"cards_removed":["Clockwork:HeadStart"],"damage_healed":8,"gold_gain":0,"player_choice":"Offered Uncommon","damage_taken":0,"max_hp_gain":0,"max_hp_loss":0,"event_name":"Bonfire Elementals","floor":8,"gold_loss":0},{"damage_healed":0,"gold_gain":0,"player_choice":"Read","damage_taken":0,"max_hp_gain":0,"max_hp_loss":0,"event_name":"The Library","floor":20,"gold_loss":0,"cards_obtained":["Clockwork:ChargingShield"]},{"damage_healed":0,"gold_gain":250,"player_choice":"Bet on Owner","damage_taken":0,"max_hp_gain":0,"max_hp_loss":0,"event_name":"The Joust","floor":21,"gold_loss":50}],"is_beta":false,"boss_relics":[{"not_picked":["SacredBark","expansioncontent:StudyCardRelic"],"picked":"Tiny House"}],"items_purged_floors":[],"is_endless":false,"potions_floor_spawned":[3,4,12,16,18],"killed_by":"Book of Stabbing","ascension_level":1}}