{"host":"k7udt7atmcuzf6l0","time":1610386124,"event":{"mods":["AchievementEnabler","BaseMod","Colored Map","Colored Powertips","Highlight Path","Minty Spire (QoL Compilation)","Quick Restart","Rare Cards Sparkle","StSLib","UnlockEverythingMod"],"gold_per_floor":[118,131,131,141,152,152,162,9,9,34,34,59,59,75,75,175,175,189,205,127,87,103,128,128,147,173,196,196,216,216,216,216,314,314,327,327,343,391,3,3,31,44,67,67,67,0,34,46,46,46],"floor_reached":51,"playtime":1582,"items_purged":[],"score":885,"play_id":"cdc664e7-f3c9-4ff2-901f-aa3f1cacd14f","local_time":"20210112012844","is_ascension_mode":false,"campfire_choices":[{"data":"Flex","floor":6,"key":"SMITH"},{"data":"Armaments","floor":13,"key":"SMITH"},{"data":"Limit Break","floor":15,"key":"SMITH"},{"data":"Offering","floor":24,"key":"SMITH"},{"data":"Whirlwind","floor":28,"key":"SMITH"},{"data":"Inflame","floor":32,"key":"SMITH"},{"data":"Limit Break","floor":40,"key":"SMITH"},{"floor":45,"key":"REST"},{"floor":49,"key":"REST"}],"circlet_count":0,"master_deck":["Strike_R+1","Strike_R+1","Strike_R+1","Strike_R+1","Strike_R+1","Defend_R+1","Defend_R+1","Bash","Clash","Armaments+1","Flex+1","Battle Trance","Shockwave+1","Battle Trance","Cleave","Finesse+1","Intimidate","Limit Break+1","Feed","Cleave+1","Twin Strike+1","Whirlwind+1","Clash","Offering+1","Headbutt","Inflame+1","Limit Break+1","Pommel Strike+1","Dramatic Entrance","Enlightenment","Iron Wave+1","Twin Strike+1","Pommel Strike+1"],"relics":["Burning Blood","NeowsBlessing","Vajra","Tiny Chest","Potion Belt","White Beast Statue","Runic Cube","Blood Vial","War Paint","Regal Pillow","Runic Pyramid","Boot","Chemical X","Orichalcum","Anchor","Art of War","Red Mask","Happy Flower"],"acts_visited":["Exordium","TheCity","TheBeyond"],"potions_floor_usage":[7,10,16,18,22,22,23,23,23,23,23,23,25,25,33,33,35,37,41,42,50,50,50],"damage_taken":[{"damage":0,"enemies":"Small Slimes","floor":1,"turns":1},{"damage":0,"enemies":"Cultist","floor":2,"turns":1},{"damage":0,"enemies":"Jaw Worm","floor":4,"turns":1},{"damage":14,"enemies":"Exordium Thugs","floor":5,"turns":5},{"damage":15,"enemies":"Lots of Slimes","floor":7,"turns":5},{"damage":39,"enemies":"3 Sentries","floor":10,"turns":9},{"damage":7,"enemies":"Gremlin Nob","floor":12,"turns":3},{"damage":5,"enemies":"Red Slaver","floor":14,"turns":4},{"damage":0,"enemies":"Slime Boss","floor":16,"turns":5},{"damage":11,"enemies":"Shell Parasite","floor":18,"turns":5},{"damage":11,"enemies":"Chosen","floor":19,"turns":5},{"damage":21,"enemies":"Snake Plant","floor":22,"turns":2},{"damage":16,"enemies":"Slavers","floor":23,"turns":3},{"damage":10,"enemies":"Snecko","floor":25,"turns":4},{"damage":7,"enemies":"Cultist and Chosen","floor":29,"turns":3},{"damage":0,"enemies":"Collector","floor":33,"turns":4},{"damage":12,"enemies":"3 Shapes","floor":35,"turns":4},{"damage":21,"enemies":"3 Darklings","floor":37,"turns":3},{"damage":82,"enemies":"Reptomancer","floor":41,"turns":4},{"damage":16,"enemies":"Jaw Worm Horde","floor":42,"turns":4},{"damage":31,"enemies":"Nemesis","floor":47,"turns":3},{"damage":32,"enemies":"Spire Growth","floor":48,"turns":3},{"damage":54,"enemies":"Time Eater","floor":50,"turns":7}],"seed_played":"-8974083544547744990","potions_obtained":[{"floor":2,"key":"Fruit Juice"},{"floor":7,"key":"Swift Potion"},{"floor":14,"key":"Strength Potion"},{"floor":16,"key":"SkillPotion"},{"floor":18,"key":"SteroidPotion"},{"floor":19,"key":"Fruit Juice"},{"floor":21,"key":"EntropicBrew"},{"floor":21,"key":"SmokeBomb"},{"floor":21,"key":"Dexterity Potion"},{"floor":22,"key":"ColorlessPotion"},{"floor":23,"key":"PowerPotion"},{"floor":25,"key":"Energy Potion"},{"floor":29,"key":"Dexterity Potion"},{"floor":33,"key":"Fire Potion"},{"floor":35,"key":"AttackPotion"},{"floor":37,"key":"CultistPotion"},{"floor":41,"key":"BloodPotion"},{"floor":42,"key":"Strength Potion"},{"floor":47,"key":"EssenceOfSteel"},{"floor":48,"key":"Weak Potion"}],"is_trial":false,"path_per_floor":["M","M","?","M","M","R","M","$","T","E","?","E","R","M","R","B",null,"M","M","$","?","M","E","R","M","T","T","R","M","?","?","R","B",null,"M","?","M","T","$","R","E","M","T","?","R","?","E","M","R","B",null],"character_chosen":"IRONCLAD","items_purchased":["Vajra","Whirlwind","Chemical X","Orichalcum","Enlightenment"],"campfire_rested":2,"item_purchase_floors":[8,20,39,39,39],"current_hp_per_floor":[80,80,80,80,72,72,68,68,68,35,35,34,34,35,35,41,85,80,79,79,79,72,62,62,60,60,60,60,61,61,61,61,69,97,95,95,85,85,85,85,14,27,27,27,74,74,51,30,78,32],"gold":46,"neow_bonus":"THREE_ENEMY_KILL","is_daily":false,"chose_seed":false,"campfire_upgraded":7,"win_rate":0.0,"timestamp":1610386124,"path_taken":["M","M","?","?","M","R","M","$","T","E","?","E","R","M","R","BOSS","M","M","$","?","?","E","R","M","T","?","R","M","?","?","R","BOSS","M","?","M","?","?","R","E","M","T","?","R","?","E","M","R","BOSS"],"items_purchased_type":["Relic","Card","Relic","Relic","Card"],"build_version":"2020-12-22","purchased_purges":0,"victory":true,"max_hp_per_floor":[80,80,80,80,80,80,85,85,85,85,85,85,85,85,85,85,85,85,89,89,89,97,97,97,97,97,97,97,97,97,97,97,97,97,101,101,104,104,104,104,107,107,107,107,107,107,107,110,110,110],"card_choices":[{"not_picked":["Cleave","Thunderclap"],"picked":"Clash","floor":1},{"not_picked":["Perfected Strike","Warcry"],"picked":"Armaments","floor":2},{"not_picked":["Shrug It Off","Pommel Strike"],"picked":"Battle Trance","floor":4},{"not_picked":["Blood for Blood","Reckless Charge"],"picked":"Shockwave","floor":5},{"not_picked":["Thunderclap","Uppercut"],"picked":"Battle Trance","floor":7},{"not_picked":["Fire Breathing","Body Slam"],"picked":"Cleave","floor":10},{"not_picked":["Reckless Charge","Blood for Blood"],"picked":"Intimidate","floor":12},{"not_picked":["Headbutt","Inflame"],"picked":"Limit Break","floor":14},{"not_picked":["Impervious","Fiend Fire"],"picked":"Feed","floor":16},{"not_picked":["Wild Strike","Clash"],"picked":"Cleave+1","floor":18},{"not_picked":["Wild Strike+1","Shrug It Off"],"picked":"Twin Strike+1","floor":19},{"not_picked":["Sentinel+1","Intimidate"],"picked":"Clash","floor":22},{"not_picked":["Fiend Fire","Whirlwind"],"picked":"Offering","floor":23},{"not_picked":["Perfected Strike","Dark Embrace","Anger"],"picked":"SKIP","floor":25},{"not_picked":["Searing Blow+1","Burning Pact"],"picked":"Headbutt","floor":29},{"not_picked":["Offering","Immolate"],"picked":"Limit Break","floor":33},{"not_picked":["Clash","Uppercut+1"],"picked":"Pommel Strike+1","floor":35},{"not_picked":["Dark Shackles","Deep Breath"],"picked":"Dramatic Entrance","floor":36},{"not_picked":["True Grit","Power Through","Fire Breathing"],"picked":"SKIP","floor":37},{"not_picked":["Rupture","Flex","Power Through"],"picked":"SKIP","floor":41},{"not_picked":["Headbutt+1","Havoc+1"],"picked":"Iron Wave+1","floor":42},{"not_picked":["Barricade","Rupture"],"picked":"Twin Strike+1","floor":47},{"not_picked":["Cleave+1","Twin Strike+1"],"picked":"Pommel Strike+1","floor":48}],"player_experience":53790,"relics_obtained":[{"floor":9,"key":"Tiny Chest"},{"floor":10,"key":"Potion Belt"},{"floor":12,"key":"White Beast Statue"},{"floor":23,"key":"Blood Vial"},{"floor":26,"key":"War Paint"},{"floor":27,"key":"Regal Pillow"},{"floor":38,"key":"Boot"},{"floor":41,"key":"Anchor"},{"floor":43,"key":"Art of War"},{"floor":47,"key":"Happy Flower"}],"event_choices":[{"damage_healed":0,"gold_gain":0,"cards_transformed":["Defend_R"],"player_choice":"Transformed","damage_taken":0,"max_hp_gain":0,"max_hp_loss":0,"event_name":"Transmorgrifier","floor":3,"gold_loss":0,"cards_obtained":["Flex"]},{"damage_healed":0,"gold_gain":0,"player_choice":"1 cards matched","damage_taken":0,"max_hp_gain":0,"max_hp_loss":0,"event_name":"Match and Keep!","floor":11,"gold_loss":0,"cards_obtained":["Finesse"]},{"damage_healed":0,"gold_gain":0,"player_choice":"Bought 3 Potions","damage_taken":0,"max_hp_gain":0,"max_hp_loss":0,"event_name":"The Woman in Blue","floor":21,"gold_loss":0},{"damage_healed":0,"gold_gain":0,"player_choice":"Read","damage_taken":0,"max_hp_gain":0,"max_hp_loss":0,"event_name":"The Library","floor":30,"gold_loss":0,"cards_obtained":["Inflame"]},{"damage_healed":0,"gold_gain":0,"player_choice":"Simplicity","damage_taken":0,"max_hp_gain":0,"max_hp_loss":0,"event_name":"Back to Basics","floor":31,"gold_loss":0,"cards_upgraded":["Strike_R","Strike_R","Strike_R","Strike_R","Strike_R","Defend_R","Defend_R","Defend_R"]},{"damage_healed":0,"gold_gain":0,"player_choice":"Memory 1","damage_taken":0,"max_hp_gain":0,"max_hp_loss":0,"event_name":"SensoryStone","floor":36,"gold_loss":0},{"cards_removed":["Defend_R"],"damage_healed":0,"gold_gain":0,"player_choice":"Removed Skill","damage_taken":0,"max_hp_gain":0,"max_hp_loss":0,"event_name":"Falling","floor":44,"gold_loss":0},{"damage_healed":0,"gold_gain":0,"player_choice":"Paid","damage_taken":0,"relics_obtained":["Red Mask"],"max_hp_gain":0,"max_hp_loss":0,"event_name":"Tomb of Lord Red Mask","floor":46,"gold_loss":67}],"is_beta":false,"boss_relics":[{"not_picked":["Snecko Eye","Calling Bell"],"picked":"Runic Cube"},{"not_picked":["Astrolabe","SacredBark"],"picked":"Runic Pyramid"}],"items_purged_floors":[],"is_endless":false,"potions_floor_spawned":[2,7,14,16,18,19,22,23,25,29,33,35,37,41,42,47,48],"ascension_level":0}}