{"host":"ci7cmvrwpmzqnw7e","time":1610345509,"event":{"mods":["BaseMod","BetterRewards","Colored Map","Downfall","GungeonMod","Highlight Path","Hubris","Infinite Spire","Minty Spire (QoL Compilation)","Random Character Button","Rare Cards Sparkle","Replay The Spire","Shop Mod","StSLib","The Disciple","The Forsaken","The Necromancer"],"gold_per_floor":[118,118,118,118,138,138,163,163,163,6,31,31,54,9,9,130,193,214,239,260,280,300,300,300,129,129,129,129],"floor_reached":27,"playtime":932,"items_purged":[],"score":228,"play_id":"bad4d695-5744-4bfe-bdc3-480d61dea2d7","local_time":"20210110231149","is_ascension_mode":false,"campfire_choices":[{"data":"Blur","floor":6,"key":"SMITH"},{"data":"Blade Dance","floor":8,"key":"SMITH"},{"data":"Noxious Fumes","floor":12,"key":"SMITH"},{"data":"Blade Dance","floor":15,"key":"SMITH"},{"floor":23,"key":"REST"}],"circlet_count":0,"master_deck":["Strike_G","Strike_G","Strike_G+1","Strike_G","Strike_G","Defend_G","Defend_G+1","Defend_G","Defend_G","Defend_G","Survivor","Neutralize","Poisoned Stab+1","Blur+1","Blade Dance+1","Noxious Fumes+1","Blade Dance+1","Tools of the Trade","Blade Dance","Dagger Spray","Hidden Blade","Blade Dance+1"],"relics":["Ring of the Snake","NeowsBlessing","Bloody Idol","Bottled Flame","Boot","Tiny House","Replay:Wax Seal","DollysMirror","Pear"],"acts_visited":["Exordium","TheCity"],"potions_floor_usage":[13,21,22,27],"damage_taken":[{"damage":0,"enemies":"Small Slimes","floor":1,"turns":1},{"damage":0,"enemies":"2 Louse","floor":5,"turns":1},{"damage":0,"enemies":"Jaw Worm","floor":7,"turns":1},{"damage":5,"enemies":"Gremlin Gang","floor":11,"turns":3},{"damage":5,"enemies":"Exordium Thugs","floor":13,"turns":4},{"damage":24,"enemies":"Hexaghost","floor":16,"turns":9},{"damage":35,"enemies":"Spheric Guardian","floor":18,"turns":6},{"damage":11,"enemies":"Shell Parasite","floor":20,"turns":5},{"damage":1,"enemies":"3 Cultists","floor":21,"turns":4},{"damage":15,"enemies":"Snake Plant","floor":22,"turns":5},{"damage":31,"enemies":"Gremlin Leader","floor":27,"turns":6}],"seed_played":"7295883974037330337","potions_obtained":[{"floor":5,"key":"Energy Potion"},{"floor":11,"key":"BlessingOfTheForge"},{"floor":13,"key":"hexamod:EctoCoolerPotion"},{"floor":16,"key":"champ:CounterPotion"},{"floor":17,"key":"Toxic Potion"},{"floor":22,"key":"Milkshake"}],"is_trial":false,"path_per_floor":["M","?","?","?","M","R","M","R","T","$","M","R","M","$","R","B",null,"M","T","M","M","M","R","?","$","T","E"],"character_chosen":"THE_SILENT","items_purchased":["Boot","Blade Dance","Hidden Blade","DollysMirror"],"campfire_rested":1,"item_purchase_floors":[10,14,25,25],"current_hp_per_floor":[70,65,65,65,65,65,65,65,65,65,60,60,55,55,55,31,70,35,35,24,23,8,29,29,29,39,8,8],"gold":129,"neow_bonus":"THREE_ENEMY_KILL","is_daily":false,"chose_seed":false,"campfire_upgraded":4,"win_rate":0.0,"timestamp":1610345509,"path_taken":["M","?","?","?","?","R","M","R","T","$","M","R","?","?","R","BOSS","M","?","M","M","M","R","?","?","T","E"],"items_purchased_type":["Relic","Card","Card","Relic"],"build_version":"2020-12-22","purchased_purges":0,"victory":false,"max_hp_per_floor":[70,65,65,65,65,65,65,65,65,65,65,65,65,65,65,65,70,70,70,70,70,70,70,70,70,80,80,80],"card_choices":[{"not_picked":["Bane","Quick Slash"],"picked":"Poisoned Stab","floor":1},{"not_picked":["Slice","Flying Knee"],"picked":"Blur","floor":5},{"not_picked":["Bane","Dodge and Roll"],"picked":"Blade Dance","floor":7},{"not_picked":["Flechettes","hubris:SlightOfHand"],"picked":"Noxious Fumes","floor":11},{"not_picked":["hubris:SlightOfHand","Backflip","Catalyst"],"picked":"SKIP","floor":13},{"not_picked":["Malaise","Corpse Explosion"],"picked":"Tools of the Trade","floor":16},{"not_picked":["ReplayTheSpireMod:Tripwire","Heel Hook","hubris:TrickCloak"],"picked":"SKIP","floor":18},{"not_picked":["Outmaneuver+1","Noxious Fumes","Quick Slash+1"],"picked":"SKIP","floor":20},{"not_picked":["Predator","Eviscerate"],"picked":"Blade Dance","floor":21},{"not_picked":["ReplayTheSpireMod:Tripwire","Dagger Throw"],"picked":"Dagger Spray","floor":22}],"player_experience":49816,"relics_obtained":[{"floor":9,"key":"Bottled Flame"},{"floor":19,"key":"Replay:Wax Seal"},{"floor":26,"key":"Pear"}],"event_choices":[{"damage_healed":0,"gold_gain":0,"player_choice":"Lose Max HP","damage_taken":0,"relics_obtained":["Golden Idol"],"max_hp_gain":0,"max_hp_loss":5,"event_name":"Golden Idol","floor":2,"gold_loss":0},{"damage_healed":0,"gold_gain":0,"player_choice":"Grow","damage_taken":0,"max_hp_gain":0,"max_hp_loss":0,"event_name":"Living Wall","floor":4,"gold_loss":0,"cards_upgraded":["Defend_G"]},{"damage_healed":0,"gold_gain":0,"player_choice":"Gave Idol","damage_taken":0,"relics_obtained":["Bloody Idol"],"max_hp_gain":0,"max_hp_loss":0,"event_name":"Forgotten Altar","floor":24,"relics_lost":["Golden Idol"],"gold_loss":0}],"is_beta":false,"boss_relics":[{"not_picked":["hubris:CrackedHourglass","ChewingGum"],"picked":"Tiny House"}],"items_purged_floors":[],"is_endless":false,"potions_floor_spawned":[5,11,13,16,18,22],"killed_by":"Gremlin Leader","ascension_level":0}}