{"host":"fnk117zi8wf5078t","time":1610355984,"event":{"mods":["AchievementEnabler","BaseMod","Colored Map","Minty Spire (QoL Compilation)","Rare Cards Sparkle","SuperFastMode","everything is the same but u backflip on backflip"],"gold_per_floor":[19,39,57,332,1,21,21,48,125,125,144,144,164,223,223,302,302,316,336,347,358,11,40,50,50,98,98,98,116,116,130,130,205,205,224,299,319,344,214,214,234,262,262,278,290,323,323,373,373,373,373,373,19,44,44,44],"floor_reached":55,"playtime":1924,"items_purged":["Regret","Searing Blow","Defend_R"],"score":1538,"play_id":"930a7cfb-e3c6-40ab-8a7a-601c744d2a3b","local_time":"20210111180624","is_ascension_mode":true,"campfire_choices":[{"data":"Limit Break","floor":7.0,"key":"SMITH"},{"data":"Armaments","floor":10.0,"key":"SMITH"},{"data":"Uppercut","floor":12.0,"key":"SMITH"},{"data":"Sword Boomerang","floor":15.0,"key":"SMITH"},{"data":"Limit Break","floor":25.0,"key":"SMITH"},{"data":"Bandage Up","floor":28.0,"key":"SMITH"},{"data":"Offering","floor":32.0,"key":"SMITH"},{"floor":40.0,"key":"RECALL"},{"data":"Limit Break","floor":47.0,"key":"SMITH"},{"data":"Battle Trance","floor":49.0,"key":"SMITH"},{"data":"Fiend Fire","floor":52.0,"key":"SMITH"}],"circlet_count":0,"master_deck":["AscendersBane","Strike_R","Strike_R","Strike_R","Strike_R","Defend_R","Defend_R","Defend_R","Bash","Carnage","Limit Break+1","Armaments+1","Uppercut+1","Sword Boomerang+1","Fiend Fire","Anger","Bandage Up+1","Limit Break+1","Fiend Fire","Offering+1","Limit Break+1","Battle Trance+1","Spot Weakness+1","Fiend Fire+1","Battle Trance","Heavy Blade"],"relics":["Black Blood","Ginger","Brimstone","Thread and Needle","HornCleat","Bag of Marbles","Membership Card","Eternal Feather","Tiny Chest","SlaversCollar","Meat on the Bone","Unceasing Top","Centennial Puzzle","Bottled Flame","Torii","Shuriken","Toolbox","Mummified Hand"],"acts_visited":["Exordium","TheCity","TheBeyond","TheEnding"],"potions_floor_usage":[55,55],"damage_taken":[{"damage":9.0,"enemies":"2 Louse","floor":1.0,"turns":2.0},{"damage":6.0,"enemies":"Cultist","floor":2.0,"turns":3.0},{"damage":12.0,"enemies":"Jaw Worm","floor":3.0,"turns":3.0},{"damage":7.0,"enemies":"Looter","floor":6.0,"turns":2.0},{"damage":12.0,"enemies":"Gremlin Nob","floor":8.0,"turns":3.0},{"damage":2.0,"enemies":"Lots of Slimes","floor":11.0,"turns":5.0},{"damage":3.0,"enemies":"3 Louse","floor":13.0,"turns":4.0},{"damage":3.0,"enemies":"Gremlin Nob","floor":14.0,"turns":3.0},{"damage":41.0,"enemies":"The Guardian","floor":16.0,"turns":8.0},{"damage":24.0,"enemies":"Spheric Guardian","floor":18.0,"turns":4.0},{"damage":3.0,"enemies":"Chosen","floor":19.0,"turns":2.0},{"damage":26.0,"enemies":"Snake Plant","floor":20.0,"turns":4.0},{"damage":27.0,"enemies":"Shelled Parasite and Fungi","floor":21.0,"turns":4.0},{"damage":4.0,"enemies":"Book of Stabbing","floor":23.0,"turns":3.0},{"damage":9.0,"enemies":"Centurion and Healer","floor":24.0,"turns":4.0},{"damage":16.0,"enemies":"Cultist and Chosen","floor":29.0,"turns":4.0},{"damage":32.0,"enemies":"Snake Plant","floor":31.0,"turns":3.0},{"damage":41.0,"enemies":"Champ","floor":33.0,"turns":4.0},{"damage":6.0,"enemies":"3 Darklings","floor":35.0,"turns":4.0},{"damage":9.0,"enemies":"Orb Walker","floor":37.0,"turns":2.0},{"damage":6.0,"enemies":"Mind Bloom Boss Battle","floor":38.0,"turns":3.0},{"damage":8.0,"enemies":"Writhing Mass","floor":41.0,"turns":3.0},{"damage":6.0,"enemies":"Giant Head","floor":42.0,"turns":4.0},{"damage":6.0,"enemies":"Spire Growth","floor":44.0,"turns":2.0},{"damage":18.0,"enemies":"4 Shapes","floor":45.0,"turns":5.0},{"damage":6.0,"enemies":"Reptomancer","floor":46.0,"turns":3.0},{"damage":67.0,"enemies":"Awakened One","floor":50.0,"turns":4.0},{"damage":38.0,"enemies":"Shield and Spear","floor":54.0,"turns":3.0},{"damage":88,"enemies":"The Heart","floor":55,"turns":3}],"seed_played":"-4192646349589563603","potions_obtained":[{"floor":1.0,"key":"Regen Potion"},{"floor":2.0,"key":"BlessingOfTheForge"},{"floor":14.0,"key":"HeartOfIron"},{"floor":21.0,"key":"SpeedPotion"},{"floor":31.0,"key":"BlessingOfTheForge"},{"floor":33.0,"key":"SteroidPotion"},{"floor":37.0,"key":"DistilledChaos"}],"is_trial":false,"path_per_floor":["M","M","M","?","$","M","R","E","T","R","M","R","M","?","R","B",null,"M","M","M","M","$","E","M","R","T","?","R","M","?","M","R","B",null,"M","T","M","?","$","R","M","E","T","M","M","E","R","?","R","B",null,"R","$","E","B"],"character_chosen":"IRONCLAD","items_purchased":["Brimstone","Limit Break","Membership Card","Bandage Up","Limit Break","Centennial Puzzle","Shuriken","Toolbox","GamblersBrew","SpeedPotion"],"campfire_rested":0,"item_purchase_floors":[5,5,22,22,22,39,53,53,53,53],"current_hp_per_floor":[65,65,59,59,59,58,58,52,52,52,70,70,73,75,75,40,66,54,63,49,34,34,46,53,65,65,65,75,71,71,51,63,40,66,75,75,75,75,75,75,75,75,75,75,69,75,75,75,75,38,66,75,75,61,0,0],"gold":44,"neow_bonus":"ONE_RARE_RELIC","is_daily":false,"chose_seed":false,"campfire_upgraded":10,"win_rate":0.0,"timestamp":1610355984,"path_taken":["M","M","M","?","$","M","R","E","T","R","?","R","M","?","R","BOSS","M","M","M","M","$","E","M","R","T","?","R","?","?","M","R","BOSS","M","?","M","?","?","R","M","E","T","M","M","E","R","?","R","BOSS","R","$","E","BOSS"],"items_purchased_type":["Relic","Card","Relic","Card","Card","Relic","Relic","Relic","Potion","Potion"],"build_version":"2020-12-22","purchased_purges":3,"victory":false,"max_hp_per_floor":[75,75,75,75,75,75,75,75,75,75,75,75,75,75,75,75,75,75,75,75,75,75,75,75,75,75,75,75,75,75,75,75,75,75,75,75,75,75,75,75,75,75,75,75,75,75,75,75,75,75,75,75,75,75,75,75],"card_choices":[{"not_picked":["Sentinel","Flame Barrier"],"picked":"Searing Blow","floor":1.0},{"not_picked":["Warcry","Shrug It Off"],"picked":"Carnage","floor":2.0},{"not_picked":["Shrug It Off","Dropkick","Clothesline"],"picked":"SKIP","floor":3.0},{"not_picked":["Power Through","Second Wind"],"picked":"Armaments","floor":6.0},{"not_picked":["Power Through","Demon Form"],"picked":"Uppercut","floor":8.0},{"not_picked":["Evolve","Body Slam","Clothesline"],"picked":"SKIP","floor":11.0},{"not_picked":["Second Wind","Thunderclap"],"picked":"Sword Boomerang","floor":13.0},{"not_picked":["Exhume","Feed"],"picked":"Fiend Fire","floor":16.0},{"not_picked":["Entrench","Perfected Strike+1","Havoc"],"picked":"SKIP","floor":18.0},{"not_picked":["Clash+1","Sever Soul","Shrug It Off"],"picked":"SKIP","floor":19.0},{"not_picked":["Uppercut","Clothesline","Havoc"],"picked":"SKIP","floor":20.0},{"not_picked":["Twin Strike","Perfected Strike+1"],"picked":"Anger","floor":21.0},{"not_picked":["Intimidate","Flex"],"picked":"Fiend Fire","floor":23.0},{"not_picked":["Pommel Strike","Cleave","Clash"],"picked":"SKIP","floor":24.0},{"not_picked":["Perfected Strike","True Grit","Dark Embrace"],"picked":"SKIP","floor":29.0},{"not_picked":["Iron Wave","Armaments","Warcry"],"picked":"SKIP","floor":31.0},{"not_picked":["Corruption","Fiend Fire"],"picked":"Limit Break","floor":33.0},{"not_picked":["Headbutt","Iron Wave"],"picked":"Battle Trance","floor":35.0},{"not_picked":["Flex","Cleave"],"picked":"Spot Weakness+1","floor":37.0},{"not_picked":["Dual Wield","Perfected Strike","Body Slam"],"picked":"SKIP","floor":41.0},{"not_picked":["Rupture","Rampage"],"picked":"Fiend Fire","floor":42.0},{"not_picked":["Anger","Perfected Strike","Body Slam"],"picked":"SKIP","floor":44.0},{"not_picked":["Dual Wield","Reckless Charge","Feel No Pain"],"picked":"SKIP","floor":45.0},{"not_picked":["Armaments","Reckless Charge"],"picked":"Battle Trance","floor":46.0},{"not_picked":["Hemokinesis","Blood for Blood"],"picked":"Heavy Blade","floor":54.0}],"player_experience":373208,"relics_obtained":[{"floor":8.0,"key":"Thread and Needle"},{"floor":9.0,"key":"HornCleat"},{"floor":14.0,"key":"Bag of Marbles"},{"floor":23.0,"key":"Eternal Feather"},{"floor":26.0,"key":"Tiny Chest"},{"floor":36.0,"key":"Meat on the Bone"},{"floor":38.0,"key":"Unceasing Top"},{"floor":42.0,"key":"Bottled Flame"},{"floor":46.0,"key":"Torii"},{"floor":54.0,"key":"Mummified Hand"}],"event_choices":[{"damage_healed":0.0,"max_hp_gain":0.0,"max_hp_loss":0.0,"gold_gain":275.0,"event_name":"Golden Shrine","player_choice":"Desecrate","floor":4.0,"gold_loss":0.0,"damage_taken":0.0,"cards_obtained":["Regret"]},{"damage_healed":0.0,"max_hp_gain":0.0,"max_hp_loss":0.0,"gold_gain":30.0,"event_name":"Dead Adventurer","player_choice":"Searched \u00272\u0027 times","floor":14.0,"gold_loss":0.0,"damage_taken":0.0},{"cards_removed":["Strike_R"],"damage_healed":0.0,"max_hp_gain":0.0,"max_hp_loss":0.0,"gold_gain":0.0,"event_name":"Purifier","player_choice":"Purged","floor":27.0,"gold_loss":0.0,"damage_taken":0.0},{"damage_healed":0.0,"max_hp_gain":0.0,"max_hp_loss":0.0,"gold_gain":0.0,"event_name":"The Library","player_choice":"Read","floor":30.0,"gold_loss":0.0,"damage_taken":0.0,"cards_obtained":["Offering"]},{"damage_healed":0.0,"max_hp_gain":0.0,"max_hp_loss":0.0,"gold_gain":0.0,"event_name":"MindBloom","player_choice":"Fight","floor":38.0,"gold_loss":0.0,"damage_taken":0.0},{"damage_healed":0.0,"max_hp_gain":0.0,"max_hp_loss":0.0,"gold_gain":50.0,"event_name":"Golden Shrine","player_choice":"Pray","floor":48.0,"gold_loss":0.0,"damage_taken":0.0}],"is_beta":false,"boss_relics":[{"not_picked":["Runic Dome","Mark of Pain"],"picked":"Black Blood"},{"not_picked":["Snecko Eye","Runic Cube"],"picked":"SlaversCollar"}],"items_purged_floors":[22,39,53],"is_endless":false,"potions_floor_spawned":[1,2,8,14,18,21,31,33,37,38],"killed_by":"The Heart","ascension_level":19}}