{"host":"ji1fk25fd1ga4ji1","time":1610379941,"event":{"mods":["2.2 Compatiblity","BaseMod","Colored Map","DeckTracker","Minty Spire (QoL Compilation)","Permanent Neow","Quick Restart","StSLib","SuperFastMode"],"gold_per_floor":[113,129,54,54,68,68,79,79,79,105,5,32,32,67,67,180,180,195,207,207,235,66,66,89,89,89,114,131,158,168,18,18,123,123,138,160,160,175,190,218,239,13,13,13,28,0,0,37,37,37],"floor_reached":51,"playtime":1041,"items_purged":["Strike_G","Defend_G","Strike_G","Strike_G","Strike_G+1"],"score":985,"play_id":"8100e923-b214-4792-a9ff-1982023ef235","local_time":"20210112004541","is_ascension_mode":true,"campfire_choices":[{"data":"Backstab","floor":6.0,"key":"SMITH"},{"data":"Poisoned Stab","floor":8.0,"key":"SMITH"},{"data":"Catalyst","floor":13.0,"key":"SMITH"},{"data":"Footwork","floor":15.0,"key":"SMITH"},{"data":"Deadly Poison","floor":23.0,"key":"SMITH"},{"data":"Die Die Die","floor":25.0,"key":"SMITH"},{"data":"Backflip","floor":32.0,"key":"SMITH"},{"floor":44,"key":"REST"},{"floor":47,"key":"REST"},{"floor":49,"key":"REST"}],"circlet_count":0,"master_deck":["Defend_G","Defend_G","Defend_G","Survivor","Neutralize+1","Backstab+1","Catalyst+1","Backflip+1","Poisoned Stab+1","Backstab","Footwork+1","Die Die Die+1","Blur+1","Deadly Poison+1","Calculated Gamble+1","Corpse Explosion","Catalyst","Backflip","Apotheosis","PiercingWail+1"],"relics":["Black Star","Ninja Scroll","Gambling Chip","Mercury Hourglass","Kunai","Bottled Lightning","CeramicFish","Pear","Empty Cage","Mummified Hand","Nunchaku","Turnip","Centennial Puzzle","Du-Vu Doll","Fusion Hammer","Smiling Mask","Calipers","Bag of Marbles","Red Mask","PreservedInsect","Oddly Smooth Stone"],"acts_visited":["Exordium","TheCity","TheBeyond"],"potions_floor_usage":[39,50,50,50,50,50,50],"damage_taken":[{"damage":4.0,"enemies":"Small Slimes","floor":1.0,"turns":5.0},{"damage":0.0,"enemies":"Jaw Worm","floor":2.0,"turns":5.0},{"damage":2.0,"enemies":"2 Louse","floor":5.0,"turns":2.0},{"damage":0.0,"enemies":"Large Slime","floor":7.0,"turns":8.0},{"damage":3.0,"enemies":"Lagavulin","floor":10.0,"turns":5.0},{"damage":8.0,"enemies":"3 Sentries","floor":12.0,"turns":6.0},{"damage":0.0,"enemies":"Gremlin Nob","floor":14.0,"turns":3.0},{"damage":6.0,"enemies":"Hexaghost","floor":16.0,"turns":8.0},{"damage":5.0,"enemies":"Shell Parasite","floor":18.0,"turns":3.0},{"damage":3.0,"enemies":"3 Byrds","floor":19.0,"turns":4.0},{"damage":1.0,"enemies":"Centurion and Healer","floor":21.0,"turns":4.0},{"damage":0.0,"enemies":"Snake Plant","floor":24.0,"turns":3.0},{"damage":6.0,"enemies":"Book of Stabbing","floor":27.0,"turns":5.0},{"damage":0.0,"enemies":"Cultist and Chosen","floor":28.0,"turns":4.0},{"damage":0.0,"enemies":"Slavers","floor":29.0,"turns":4.0},{"damage":0.0,"enemies":"Chosen and Byrds","floor":30.0,"turns":4.0},{"damage":23,"enemies":"Collector","floor":33,"turns":6},{"damage":0,"enemies":"Orb Walker","floor":35,"turns":2},{"damage":8,"enemies":"3 Darklings","floor":36,"turns":2},{"damage":10,"enemies":"Spire Growth","floor":38,"turns":3},{"damage":0,"enemies":"Jaw Worm Horde","floor":39,"turns":3},{"damage":5,"enemies":"Nemesis","floor":40,"turns":6},{"damage":6,"enemies":"3 Darklings","floor":41,"turns":2},{"damage":0,"enemies":"Sphere and 2 Shapes","floor":45,"turns":4},{"damage":0,"enemies":"Giant Head","floor":48,"turns":5},{"damage":0,"enemies":"Donu and Deca","floor":50,"turns":4}],"seed_played":"-767315122742818697","potions_obtained":[{"floor":1.0,"key":"Fire Potion"},{"floor":7.0,"key":"PowerPotion"},{"floor":14.0,"key":"Ancient Potion"},{"floor":19.0,"key":"EssenceOfSteel"},{"floor":21.0,"key":"Dexterity Potion"},{"floor":36,"key":"Block Potion"},{"floor":38,"key":"EntropicBrew"},{"floor":41,"key":"Strength Potion"}],"is_trial":false,"path_per_floor":["M","M","$","?","M","R","M","R","T","E","$","E","R","E","R","B",null,"M","M","?","M","$","R","M","R","T","E","M","E","M","$","R","B",null,"M","M","$","M","M","E","M","$","T","R","M","?","R","E","R","B",null],"character_chosen":"THE_SILENT","items_purchased":["Deadly Poison","Apotheosis"],"campfire_rested":3,"item_purchase_floors":[22,42],"current_hp_per_floor":[66,66,66,52,50,50,50,50,50,47,47,39,39,49,49,43,80,75,72,57,56,56,56,56,56,56,50,50,50,50,50,50,27,85,85,77,77,67,67,62,56,56,56,81,81,81,85,85,85,85],"gold":37,"neow_bonus":"BOSS_RELIC","is_daily":false,"chose_seed":false,"campfire_upgraded":7,"win_rate":0.0,"timestamp":1610379941,"path_taken":["M","M","$","?","M","R","M","R","T","E","$","E","R","E","R","BOSS","M","M","?","M","$","R","M","R","T","E","M","E","M","$","R","BOSS","M","M","$","M","M","E","M","$","T","R","M","?","R","E","R","BOSS"],"items_purchased_type":["Card","Card"],"build_version":"2020-12-22","purchased_purges":5,"victory":true,"max_hp_per_floor":[70,70,70,70,70,70,70,70,70,70,70,70,70,80,80,80,80,80,80,85,85,85,85,85,85,85,85,85,85,85,85,85,85,85,85,85,85,85,85,85,85,85,85,85,85,85,85,85,85,85],"card_choices":[{"not_picked":["Caltrops","Cloak And Dagger"],"picked":"Backstab","floor":1.0},{"not_picked":["Well Laid Plans","Tactician"],"picked":"Catalyst","floor":2.0},{"not_picked":["Accuracy","Prepared"],"picked":"Backflip","floor":5.0},{"not_picked":["Dash","Cloak And Dagger"],"picked":"Poisoned Stab","floor":7.0},{"not_picked":["Sucker Punch","Accuracy","Storm of Steel"],"picked":"SKIP","floor":10.0},{"not_picked":["Acrobatics","Accuracy"],"picked":"Backstab","floor":12.0},{"not_picked":["Venomology","Poisoned Stab"],"picked":"Footwork","floor":14.0},{"not_picked":["Wraith Form v2","Unload"],"picked":"Die Die Die","floor":16.0},{"not_picked":["Choke+1","Flying Knee","Accuracy"],"picked":"SKIP","floor":18.0},{"not_picked":["Flying Knee","Dagger Throw","Dodge and Roll"],"picked":"SKIP","floor":19.0},{"not_picked":["Flying Knee","Dagger Throw","Dodge and Roll"],"picked":"SKIP","floor":19.0},{"not_picked":["Slice","All Out Attack"],"picked":"Blur+1","floor":21.0},{"not_picked":["Endless Agony","Expertise"],"picked":"Calculated Gamble+1","floor":24.0},{"not_picked":["Flying Knee","Bullet Time","Reflex+1"],"picked":"SKIP","floor":27.0},{"not_picked":["Cloak And Dagger","Calculated Gamble","Dodge and Roll"],"picked":"SKIP","floor":28.0},{"not_picked":["Quick Slash","All Out Attack","Dodge and Roll"],"picked":"SKIP","floor":29.0},{"not_picked":["Deflect+1","Flying Knee","Blade Dance+1"],"picked":"SKIP","floor":30.0},{"not_picked":["Phantasmal Killer","Unload"],"picked":"Corpse Explosion","floor":33},{"not_picked":["Poisoned Stab+1","Finisher","Bane"],"picked":"SKIP","floor":35},{"not_picked":["Underhanded Strike","Expertise+1"],"picked":"Catalyst","floor":36},{"not_picked":["Deadly Poison","Infinite Blades+1","Masterful Stab+1"],"picked":"SKIP","floor":38},{"not_picked":["Flying Knee+1","Accuracy","Calculated Gamble+1"],"picked":"SKIP","floor":39},{"not_picked":["Concentrate","Leg Sweep+1","Cloak And Dagger+1"],"picked":"SKIP","floor":40},{"not_picked":["Prepared+1","Endless Agony"],"picked":"Backflip","floor":41},{"not_picked":["Concentrate+1","Deadly Poison","Dodge and Roll+1"],"picked":"SKIP","floor":45},{"not_picked":["Setup+1","Flechettes+1"],"picked":"PiercingWail+1","floor":48}],"player_experience":469458,"relics_obtained":[{"floor":9.0,"key":"Ninja Scroll"},{"floor":10.0,"key":"Gambling Chip"},{"floor":10.0,"key":"Mercury Hourglass"},{"floor":12.0,"key":"Kunai"},{"floor":12.0,"key":"Bottled Lightning"},{"floor":14.0,"key":"CeramicFish"},{"floor":14.0,"key":"Pear"},{"floor":26.0,"key":"Mummified Hand"},{"floor":27.0,"key":"Nunchaku"},{"floor":27.0,"key":"Turnip"},{"floor":29.0,"key":"Centennial Puzzle"},{"floor":29.0,"key":"Du-Vu Doll"},{"floor":40,"key":"Smiling Mask"},{"floor":40,"key":"Calipers"},{"floor":43,"key":"Bag of Marbles"},{"floor":48,"key":"PreservedInsect"},{"floor":48,"key":"Oddly Smooth Stone"}],"event_choices":[{"damage_healed":0.0,"max_hp_gain":0.0,"max_hp_loss":0.0,"gold_gain":0.0,"event_name":"Shining Light","player_choice":"Entered Light","floor":4.0,"gold_loss":0.0,"damage_taken":14.0,"cards_upgraded":["Neutralize","Strike_G"]},{"damage_healed":0.0,"max_hp_gain":5.0,"max_hp_loss":0.0,"gold_gain":0.0,"event_name":"Forgotten Altar","player_choice":"Shed Blood","floor":20.0,"gold_loss":0.0,"damage_taken":20.0},{"damage_healed":0,"gold_gain":0,"player_choice":"Paid","damage_taken":0,"relics_obtained":["Red Mask"],"max_hp_gain":0,"max_hp_loss":0,"event_name":"Tomb of Lord Red Mask","floor":46,"gold_loss":28}],"is_beta":false,"boss_relics":[{"not_picked":["Pandora\u0027s Box","Runic Dome"],"picked":"Empty Cage"},{"not_picked":["Runic Pyramid","Calling Bell"],"picked":"Fusion Hammer"}],"items_purged_floors":[3,11,22,31,42],"is_endless":false,"potions_floor_spawned":[1,7,14,19,21,27,36,38,41,45],"ascension_level":1}}