{"host":"kdt6w7ix8lwe69i9","time":1610375674,"event":{"mods":["100% Spire Juice","Bartender","BaseMod","ChefMod","Downfall","Evolution","Fiend Mod","Jorbs\u0027s Wanderer Trilogy","Minty Spire (QoL Compilation)","Reimu（博丽灵梦）","Robot Space Explorer","Shade Mod","StSLib","The Caster","The Cursed","The Disciple","The Dragon Tamer","The Druid","The Fake Hero","The Forsaken","The Gatherer","The Marked","TheBandit","TheSwordswoman"],"gold_per_floor":[17,17,17,31,49,49,84,84,84,259,279,279,40,40,40,135,135,148,148,161,141,157,157,157,157,183,194,220,220,4,12,12,106,106,118,129,129,176,186,186,183,183],"floor_reached":41,"playtime":4037,"items_purged":["Poor:ReiMu"],"score":434,"play_id":"a305cf80-a283-4acd-8d47-676078641b30","local_time":"20210111093434","is_ascension_mode":false,"campfire_choices":[{"data":"1","floor":6,"key":"LIFT"},{"data":"2","floor":8,"key":"LIFT"},{"floor":15,"key":"REST"},{"data":"3","floor":23,"key":"LIFT"},{"data":"Shade:FingerOfDeath","floor":25,"key":"SMITH"},{"floor":29,"key":"RECALL"},{"data":"Shade:Asphyxiate","floor":32,"key":"SMITH"},{"data":"Shade:SkeletonArmy","floor":40,"key":"SMITH"}],"circlet_count":0,"master_deck":["Shade:Bonestorm","Shade:Strike_Shade","Shade:Strike_Shade","Shade:Strike_Shade","Shade:Defend_Shade","Shade:AnimateDead","Shade:CarefulCut","Shade:Frenzy","Shade:ClawBack","Shade:CommandSoldier","Shade:WallOfFlesh","Shade:ExtraLimbs","Shade:GoDigging","Shade:SpectralStrikes","Shade:FuneraryArmor","Shade:RitualOffering","Shade:SoulPierce","Shade:FleshOffering","Shade:FingerOfDeath+1","Shade:AncientSpear+1","Shade:DangerousRitual","Shade:GraveStillness","Shade:Bite_Shade","Writhe","Shade:SkeletonArmy+1","Shade:GraveStillness","Shade:SoulPierce","Shade:Asphyxiate+1","Shade:StitchTogether","Shade:SanguineRitual+1","Shade:DarkOfNight","Shade:LastGasp+1","Shade:OneIsEnough+1","Shade:LoseControl+1","Shade:ExtraLimbs+1","Shade:PressTheAttack","Shade:Trample","Shade:Asphyxiate+1","Shade:SkeletonArmy+1","Shade:WallOfFlesh"],"relics":["Shade:YorickSkull","EVO:Axolotl","Girya","Shade:Thing","Tiny Chest","Prayer Wheel","YidongShenshe:ReiMu","Black Star","Gremlin Horn","Vajra","CrazyTorch:ReiMu","Power_Wrist","Oddly Smooth Stone","Astrolabe","Darkstone Periapt","Mango"],"acts_visited":["Exordium","TheCity","TheBeyond"],"potions_floor_usage":[16,16,20,27,33,33,41],"damage_taken":[{"damage":0,"enemies":"Jaw Worm","floor":1,"turns":3},{"damage":0,"enemies":"2 Louse","floor":4,"turns":2},{"damage":0,"enemies":"Small Slimes","floor":5,"turns":2},{"damage":23,"enemies":"3 Sentries","floor":7,"turns":5},{"damage":0,"enemies":"2 Fungi Beasts","floor":11,"turns":3},{"damage":13,"enemies":"Hexaghost","floor":16,"turns":11},{"damage":0,"enemies":"3 Byrds","floor":18,"turns":7},{"damage":0,"enemies":"Spheric Guardian","floor":20,"turns":4},{"damage":8,"enemies":"Snake Plant","floor":22,"turns":5},{"damage":1,"enemies":"3 Cultists","floor":27,"turns":4},{"damage":16,"enemies":"Gremlin Leader","floor":28,"turns":5},{"damage":1,"enemies":"Sentry and Sphere","floor":31,"turns":4},{"damage":33,"enemies":"Collector","floor":33,"turns":7},{"damage":0,"enemies":"3 Shapes","floor":35,"turns":1},{"damage":0,"enemies":"Orb Walker","floor":36,"turns":3},{"damage":12,"enemies":"Mind Bloom Boss Battle","floor":38,"turns":6},{"damage":13,"enemies":"Jaw Worm Horde","floor":39,"turns":4},{"damage":66,"enemies":"Nemesis","floor":41,"turns":4}],"seed_played":"-7699032351586245266","potions_obtained":[{"floor":4,"key":"Swift Potion"},{"floor":11,"key":"Fire Potion"},{"floor":16,"key":"Fire Potion"},{"floor":22,"key":"champ:CounterPotion"},{"floor":28,"key":"Swift Potion"},{"floor":31,"key":"DistilledChaos"},{"floor":39,"key":"Guardian:BlockOnCardUsePotion"}],"is_trial":false,"path_per_floor":["M","?","?","M","M","R","E","R","T","?","M","?","$","?","R","B",null,"M","T","M","?","M","R","?","R","T","M","E","R","$","M","R","B",null,"M","M","T","?","M","R","E"],"character_chosen":"SHADE","items_purchased":["Shade:SpectralStrikes","Shade:FuneraryArmor","Shade:RitualOffering","Oddly Smooth Stone","Shade:Asphyxiate"],"campfire_rested":1,"item_purchase_floors":[13,13,13,30,30],"current_hp_per_floor":[65,65,53,53,53,53,30,30,30,30,30,30,30,23,42,29,65,65,65,65,65,57,57,57,57,57,58,46,46,46,45,45,14,65,65,65,65,67,54,54,0,0],"gold":183,"neow_bonus":"ONE_RARE_RELIC","is_daily":false,"chose_seed":false,"campfire_upgraded":3,"win_rate":0.0,"timestamp":1610375674,"path_taken":["M","?","?","M","?","R","E","R","T","?","M","?","$","?","R","BOSS","M","?","M","?","M","R","?","R","T","M","E","R","?","M","R","BOSS","M","M","?","?","M","R","E"],"items_purchased_type":["Card","Card","Card","Relic","Card"],"build_version":"2020-12-22","purchased_purges":1,"victory":false,"max_hp_per_floor":[65,65,65,65,65,65,65,65,65,65,65,65,65,65,65,65,65,65,65,65,65,65,65,65,65,65,65,65,65,65,65,65,65,65,65,65,65,79,79,79,79,79],"card_choices":[{"not_picked":["Shade:FingerOfDeath","Shade:LyeBath"],"picked":"Shade:Frenzy","floor":1},{"not_picked":["Shade:SkeletonHug","Shade:RitualOffering"],"picked":"Shade:ClawBack","floor":4},{"not_picked":["Shade:FingerOfDeath","Shade:ScuttlingHand"],"picked":"Shade:CommandSoldier","floor":5},{"not_picked":["Shade:TouchOfTheGrave","Shade:Awaken"],"picked":"Shade:WallOfFlesh","floor":7},{"not_picked":["Shade:Trample","Shade:Frenzy"],"picked":"Shade:ExtraLimbs","floor":11},{"not_picked":["Shade:SkeletonHug","Shade:Trample"],"picked":"Shade:GoDigging","floor":11},{"not_picked":["Shade:LastGasp","Shade:LoseControl"],"picked":"Shade:SoulPierce","floor":16},{"not_picked":["Shade:ExtraLimbs","Shade:Trample"],"picked":"Shade:FleshOffering","floor":18},{"not_picked":["Shade:SkeletonHug","Shade:SensePrey"],"picked":"Shade:FingerOfDeath","floor":18},{"not_picked":["Shade:DangerousRitual+1","Shade:SpectralStrikes"],"picked":"Shade:AncientSpear+1","floor":20},{"not_picked":["Shade:LyeBath+1","Shade:Bite_Shade"],"picked":"Shade:DangerousRitual","floor":20},{"not_picked":["Shade:PotionOfRestlessness","Shade:CoffinDance"],"picked":"Shade:GraveStillness","floor":22},{"not_picked":["Shade:BoneShards","Shade:Trample"],"picked":"Shade:Bite_Shade","floor":22},{"not_picked":["Shade:Brains","Shade:GreyBargain"],"picked":"Shade:SkeletonArmy+1","floor":27},{"not_picked":["Shade:AncientSpear","Shade:PoundOfFlesh"],"picked":"Shade:GraveStillness","floor":27},{"not_picked":["Shade:AblativeArmor","Shade:AncientSpear"],"picked":"Shade:SoulPierce","floor":28},{"not_picked":["Shade:AblativeArmor+1","Shade:FingerOfDeath+1"],"picked":"Shade:StitchTogether","floor":31},{"not_picked":["Shade:FleshToFlesh","Shade:CommandSoldier"],"picked":"Shade:SanguineRitual+1","floor":31},{"not_picked":["Shade:Tombstone","Shade:SelfBurial"],"picked":"Shade:DarkOfNight","floor":33},{"not_picked":["Shade:FuneraryArmor+1","Shade:CloudOfShrapnel+1"],"picked":"Shade:ExtraLimbs+1","floor":35},{"not_picked":["Shade:SpectralStrikes","Shade:SoulToxin"],"picked":"Shade:PressTheAttack","floor":35},{"not_picked":["Shade:AblativeArmor+1","Shade:CloudOfShrapnel+1"],"picked":"Shade:Trample","floor":36},{"not_picked":["Shade:CommandSoldier+1","Shade:FeralStrike+1"],"picked":"Shade:Asphyxiate+1","floor":36},{"not_picked":["Shade:AncientSpear","Shade:ExtraLimbs+1"],"picked":"Shade:SkeletonArmy","floor":38},{"not_picked":["Shade:Frenzy+1","Shade:FeralStrike+1"],"picked":"Shade:WallOfFlesh","floor":39},{"not_picked":["Shade:OpenGraves","Shade:Bonestorm","Shade:Brains+1"],"picked":"SKIP","floor":39}],"player_experience":1742466,"relics_obtained":[{"floor":7,"key":"Tiny Chest"},{"floor":9,"key":"Prayer Wheel"},{"floor":19,"key":"Gremlin Horn"},{"floor":28,"key":"CrazyTorch:ReiMu"},{"floor":28,"key":"Power_Wrist"},{"floor":37,"key":"Darkstone Periapt"},{"floor":38,"key":"Mango"}],"event_choices":[{"damage_healed":0,"gold_gain":0,"player_choice":"Success","damage_taken":12,"relics_obtained":["Shade:Thing"],"max_hp_gain":0,"max_hp_loss":0,"event_name":"Scrap Ooze","floor":3,"gold_loss":0},{"damage_healed":0,"gold_gain":175,"player_choice":"AGREE","damage_taken":0,"max_hp_gain":0,"max_hp_loss":0,"event_name":"Liars Game","floor":10,"gold_loss":0,"cards_obtained":["Doubt"]},{"damage_healed":0,"gold_gain":0,"player_choice":"Take Tiny Shrine away","damage_taken":0,"relics_obtained":["YidongShenshe:ReiMu"],"max_hp_gain":0,"max_hp_loss":0,"event_name":"yidonshenshe","floor":12,"gold_loss":0,"cards_obtained":["Poor:ReiMu"]},{"cards_removed":["Doubt"],"damage_healed":0,"gold_gain":0,"player_choice":"Card Removal","damage_taken":7,"max_hp_gain":0,"max_hp_loss":0,"event_name":"Golden Wing","floor":14,"gold_loss":0},{"damage_healed":0,"gold_gain":0,"player_choice":"Opened","damage_taken":0,"relics_obtained":["Vajra"],"max_hp_gain":0,"max_hp_loss":0,"event_name":"The Mausoleum","floor":24,"gold_loss":0,"cards_obtained":["Writhe"]},{"damage_healed":0,"gold_gain":0,"player_choice":"Fight","damage_taken":0,"max_hp_gain":0,"max_hp_loss":0,"event_name":"MindBloom","floor":38,"gold_loss":0}],"is_beta":false,"boss_relics":[{"not_picked":["Fusion Hammer","Fiend:Scarf"],"picked":"Black Star"},{"not_picked":["theForsaken:PaleLantern","Coffee Dripper"],"picked":"Astrolabe"}],"items_purged_floors":[13],"is_endless":false,"potions_floor_spawned":[4,11,16,22,28,31,39],"killed_by":"Nemesis","ascension_level":0}}