{"host":"dcluas0589pmvbjs","time":1610361165,"event":{"mods":["BaseMod","BetterRewards","Downfall","Infinite Spire","Minty Spire (QoL Compilation)","StSLib"],"gold_per_floor":[99,117,117,117,267,153,153,179,179,193,209,229,262,297,314,410,410,410,428,439,439,490,524,524,44,44,44,59,59,59,159,212,312,312,312,368,368,508,63,121,121,147,147,22,122,122,122,212,229,332,332,332,350,350,350,410,410,410,445,545,573,633,633,633,183,236,339,339,189,200,200,200,259,84,111,111,111,162,190,190,190,208,268,373,373,373,390,440,440,457,476,546,546,392,392,461,261,290,316,331,432,432,432,446,463,172,172,172,197,297,327,380,437,507,657,670,680,776,776,776,776,796,796,646,700,729,761,761,829,829,854,854,887,945,1046,1046,1046,1058,1074,1132,1132,1132,1197,1226,1226,570,570,598,615,668,718,718,718,750,94,94,192],"floor_reached":158,"playtime":9255,"items_purged":["Strike_G","Reflex","Injury","Slimebound:Icky","Dash","expansioncontent:Collect","Dodge and Roll","Underhanded Strike","Slimebound:Icky","Slice","Setup+1","Corpse Explosion"],"score":4698,"play_id":"b2c79815-876d-46bc-b0b1-e4858428ae84","local_time":"20210111160245","daily_mods":["Heirloom","Time Dilation","Flight","downfall:ChampStances","downfall:Lament"],"is_ascension_mode":false,"campfire_choices":[{"floor":1.0,"key":"RECALL"},{"data":"expansioncontent:DashGenerateEvil","floor":9.0,"key":"SMITH"},{"data":"Accuracy","floor":18.0,"key":"SMITH"},{"floor":29.0,"key":"REST"},{"data":"infinitespire:Collect","floor":29.0,"key":"SMITH"},{"data":"expansioncontent:Corrupt","floor":30.0,"key":"SMITH"},{"data":"Finisher","floor":35.0,"key":"SMITH"},{"floor":47.0,"key":"REST"},{"data":"infinitespire:Menacing","floor":47.0,"key":"SMITH"},{"data":"Phantasmal Killer","floor":52.0,"key":"SMITH"},{"data":"infinitespire:FutureSight","floor":57.0,"key":"SMITH"},{"data":"infinitespire:TheBestDefense","floor":69.0,"key":"SMITH"},{"data":"infinitespire:Punishment","floor":76.0,"key":"SMITH"},{"data":"infinitespire:Execution","floor":86.0,"key":"SMITH"},{"data":"Wraith Form v2","floor":95,"key":"SMITH"},{"data":"infinitespire:NeuralNetwork","floor":103,"key":"SMITH"},{"floor":120,"key":"REST"},{"floor":132,"key":"REST"},{"floor":137,"key":"REST"},{"floor":142,"key":"REST"},{"floor":156,"key":"REST"}],"circlet_count":0,"master_deck":["Survivor","Neutralize","Blade Dance","expansioncontent:DashGenerateEvil+1","PiercingWail+1","Finisher+1","After Image","Die Die Die","Corpse Explosion","Poisoned Stab","Flying Knee","Accuracy+1","Catalyst","Cloak And Dagger","expansioncontent:Corrupt+1","Necronomicurse","infinitespire:Collect+1","Catalyst+1","Storm of Steel","Finisher","expansioncontent:AwakenDeath","Prepared","Blur","infinitespire:Menacing+1","infinitespire:Fortify","Calculated Gamble+1","Phantasmal Killer+1","PiercingWail","infinitespire:FutureSight+1","infinitespire:DeathsTouch","Eviscerate","Venomology","Bullet Time","infinitespire:TheBestDefense+1","infinitespire:Execution+1","Calculated Gamble","infinitespire:Punishment+1","Wraith Form v2+1","infinitespire:Neurotoxin+1","PiercingWail+1","infinitespire:NeuralNetwork+1","Concentrate+1","Adrenaline+1","infinitespire:Punishment","Bullet Time","Cloak And Dagger","Ghostly","Acrobatics","Backflip+1","Deadly Poison+1","infinitespire:NeuralNetwork","Apotheosis","Prepared","Escape Plan+1"],"relics":["Ring of the Snake","champ:ChampStancesModRelic","NeowsBlessing","Ice Cream","Potion Belt","Medical Kit","Eternal Feather","Centennial Puzzle","Anchor","PreservedInsect","Pandora\u0027s Box","downfall:KnowingSkull","StoneCalendar","Pocketwatch","infinitespire:Magic Flask","Necronomicon","champ:DeflectingBracers","infinitespire:Eraser","Black Star","downfall:GremlinSack","Guardian:BottledAnomaly","sneckomod:BlankCard","Paper Crane","Mercury Hourglass","infinitespire:CursedDice","Turnip","FossilizedHelix","Philosopher\u0027s Stone","champ:ChampStancesModRelic","NeowsBlessing","Oddly Smooth Stone","InkBottle","Toy Ornithopter","Pen Nib","ClockworkSouvenir","SacredBark","downfall:HeartBlessingRed","downfall:HeartBlessingGreen","Ornamental Fan","Busted Crown","infinitespire:Lychee Nut","Strange Spoon","WristBlade","champ:ChampStancesModRelic","NeowsBlessing","infinitespire:Golems Mask","White Beast Statue","Fusion Hammer","The Specimen","Astrolabe","Lizard Tail","infinitespire:BottledMercury","TungstenRod","SlaversCollar","Lantern","Darkstone Periapt"],"acts_visited":["Exordium","TheCity","TheBeyond","Exordium","TheCity","TheBeyond","Exordium","TheCity","TheBeyond","TheEnding"],"potions_floor_usage":[98,99,109,109,118,122,135,140,143,152,157,157],"damage_taken":[{"damage":0.0,"enemies":"Jaw Worm","floor":2.0,"turns":1.0},{"damage":0.0,"enemies":"downfall:FleeingMerchant","floor":6.0,"turns":1.0},{"damage":0.0,"enemies":"Lagavulin","floor":8.0,"turns":2.0},{"damage":0.0,"enemies":"Small Slimes","floor":10.0,"turns":2.0},{"damage":0.0,"enemies":"2 Louse","floor":11.0,"turns":1.0},{"damage":0.0,"enemies":"Lots of Slimes","floor":12.0,"turns":3.0},{"damage":12.0,"enemies":"3 Sentries","floor":13.0,"turns":7.0},{"damage":2.0,"enemies":"Gremlin Nob","floor":14.0,"turns":3.0},{"damage":7.0,"enemies":"Exordium Wildlife","floor":15.0,"turns":3.0},{"damage":3.0,"enemies":"downfall:Silent","floor":16.0,"turns":6.0},{"damage":0.0,"enemies":"Spheric Guardian","floor":19.0,"turns":2.0},{"damage":3.0,"enemies":"Shell Parasite","floor":20.0,"turns":3.0},{"damage":5.0,"enemies":"Centurion and Healer","floor":22.0,"turns":3.0},{"damage":32.0,"enemies":"Nightmare","floor":23.0,"turns":6.0},{"damage":3.0,"enemies":"Chosen and Byrds","floor":28.0,"turns":1.0},{"damage":1.0,"enemies":"Colosseum Nobs","floor":31.0,"turns":2.0},{"damage":3.0,"enemies":"Snake Plant","floor":32.0,"turns":2.0},{"damage":34.0,"enemies":"downfall:Watcher","floor":33.0,"turns":5.0},{"damage":17.0,"enemies":"3 Shapes","floor":36.0,"turns":4.0},{"damage":3.0,"enemies":"3 Shapes","floor":38.0,"turns":1.0},{"damage":3.0,"enemies":"Orb Walker","floor":40.0,"turns":2.0},{"damage":0.0,"enemies":"Nightmare","floor":42.0,"turns":1.0},{"damage":6.0,"enemies":"infinitespire:Three Voidlings","floor":45.0,"turns":2.0},{"damage":82.0,"enemies":"Nightmare_Alpha","floor":45.0,"turns":7.0},{"damage":3.0,"enemies":"Mind Bloom Boss Battle","floor":48.0,"turns":5.0},{"damage":0.0,"enemies":"Transient","floor":49.0,"turns":5.0},{"damage":13.0,"enemies":"downfall:Ironclad","floor":50.0,"turns":8.0},{"damage":0.0,"enemies":"Jaw Worm","floor":53.0,"turns":1.0},{"damage":0.0,"enemies":"Gremlin Nob","floor":56.0,"turns":1.0},{"damage":0.0,"enemies":"3 Sentries","floor":59.0,"turns":1.0},{"damage":0.0,"enemies":"downfall:LadyInBlue","floor":60.0,"turns":1.0},{"damage":0.0,"enemies":"Nightmare","floor":61.0,"turns":3.0},{"damage":0.0,"enemies":"2 Louse","floor":62.0,"turns":2.0},{"damage":15.0,"enemies":"infinitespire:Voidling","floor":66.0,"turns":1.0},{"damage":0.0,"enemies":"Hexaghost","floor":67.0,"turns":4.0},{"damage":15.0,"enemies":"3 Byrds","floor":70.0,"turns":3.0},{"damage":0.0,"enemies":"Centurion and Healer","floor":73.0,"turns":2.0},{"damage":6.0,"enemies":"Nightmare_Alpha","floor":75.0,"turns":4.0},{"damage":0.0,"enemies":"3 Cultists","floor":78.0,"turns":2.0},{"damage":0.0,"enemies":"Slavers","floor":79.0,"turns":1.0},{"damage":0.0,"enemies":"Sentry and Sphere","floor":82.0,"turns":1.0},{"damage":0.0,"enemies":"Snake Plant","floor":83.0,"turns":2.0},{"damage":25.0,"enemies":"Collector","floor":84.0,"turns":6.0},{"damage":0.0,"enemies":"3 Darklings","floor":87.0,"turns":1.0},{"damage":0.0,"enemies":"Mind Bloom Boss Battle","floor":88.0,"turns":4.0},{"damage":0.0,"enemies":"Orb Walker","floor":90.0,"turns":1.0},{"damage":21.0,"enemies":"Writhing Mass","floor":91.0,"turns":2.0},{"damage":0.0,"enemies":"Giant Head","floor":92.0,"turns":2.0},{"damage":0,"enemies":"Nemesis","floor":96,"turns":3},{"damage":0,"enemies":"Reptomancer","floor":98,"turns":1},{"damage":0,"enemies":"Nightmare_Alpha","floor":99,"turns":5},{"damage":0,"enemies":"Maw","floor":100,"turns":1},{"damage":19,"enemies":"infinitespire:MassOfShapes","floor":101,"turns":2},{"damage":0,"enemies":"Jaw Worm","floor":104,"turns":1},{"damage":0,"enemies":"Small Slimes","floor":105,"turns":1},{"damage":0,"enemies":"Nightmare","floor":109,"turns":1},{"damage":0,"enemies":"downfall:LadyInBlue","floor":110,"turns":1},{"damage":0,"enemies":"3 Sentries","floor":111,"turns":2},{"damage":0,"enemies":"2 Louse","floor":112,"turns":2},{"damage":0,"enemies":"2 Fungi Beasts","floor":113,"turns":1},{"damage":0,"enemies":"Lagavulin","floor":114,"turns":2},{"damage":9,"enemies":"Exordium Wildlife","floor":116,"turns":1},{"damage":0,"enemies":"3 Louse","floor":117,"turns":1},{"damage":21,"enemies":"Slime Boss","floor":118,"turns":2},{"damage":3,"enemies":"Shell Parasite","floor":122,"turns":1},{"damage":0,"enemies":"Chosen","floor":125,"turns":1},{"damage":0,"enemies":"Gremlin Leader","floor":126,"turns":1},{"damage":0,"enemies":"Book of Stabbing","floor":127,"turns":1},{"damage":0,"enemies":"Gremlin Leader","floor":129,"turns":1},{"damage":0,"enemies":"Book of Stabbing","floor":131,"turns":2},{"damage":5,"enemies":"Slavers","floor":133,"turns":2},{"damage":26,"enemies":"3 Cultists","floor":134,"turns":2},{"damage":76,"enemies":"Automaton","floor":135,"turns":3},{"damage":0,"enemies":"3 Shapes","floor":138,"turns":1},{"damage":0,"enemies":"Orb Walker","floor":139,"turns":1},{"damage":0,"enemies":"Transient","floor":140,"turns":2},{"damage":0,"enemies":"Nemesis","floor":143,"turns":1},{"damage":0,"enemies":"Reptomancer","floor":144,"turns":2},{"damage":46,"enemies":"Giant Head","floor":148,"turns":3},{"damage":0,"enemies":"Maw","floor":149,"turns":2},{"damage":20,"enemies":"2 Orb Walkers","floor":150,"turns":2},{"damage":26,"enemies":"4 Shapes","floor":151,"turns":2},{"damage":133,"enemies":"infinitespire:LordOfFortification","floor":152,"turns":7},{"damage":34,"enemies":"downfall:CharBossMerchant","floor":154,"turns":3},{"damage":76,"enemies":"downfall:NeowBoss","floor":157,"turns":12}],"seed_played":"128164313831331735","potions_obtained":[{"floor":8.0,"key":"DistilledChaos"},{"floor":10.0,"key":"champ:CounterPotion"},{"floor":11.0,"key":"SkillPotion"},{"floor":13.0,"key":"sneckomod:MuddlingPotion"},{"floor":15.0,"key":"SpeedPotion"},{"floor":22.0,"key":"PowerPotion"},{"floor":31.0,"key":"FairyPotion"},{"floor":36.0,"key":"CunningPotion"},{"floor":48.0,"key":"DuplicationPotion"},{"floor":50.0,"key":"EntropicBrew"},{"floor":61.0,"key":"CunningPotion"},{"floor":78.0,"key":"FearPotion"},{"floor":82.0,"key":"Fire Potion"},{"floor":83.0,"key":"Poison Potion"},{"floor":90.0,"key":"LiquidMemories"},{"floor":92.0,"key":"Regen Potion"},{"floor":98,"key":"Strength Potion"},{"floor":101,"key":"Block Potion"},{"floor":109,"key":"Fruit Juice"},{"floor":110,"key":"EssenceOfSteel"},{"floor":110,"key":"Swift Potion"},{"floor":110,"key":"DuplicationPotion"},{"floor":112,"key":"Guardian:BlockOnCardUsePotion"},{"floor":113,"key":"Guardian:BlockOnCardUsePotion"},{"floor":118,"key":"Strength Potion"},{"floor":122,"key":"LiquidMemories"},{"floor":126,"key":"SpeedPotion"},{"floor":127,"key":"GamblersBrew"},{"floor":139,"key":"LiquidMemories"},{"floor":143,"key":"LiquidMemories"},{"floor":150,"key":"CunningPotion"},{"floor":152,"key":"Dexterity Potion"},{"floor":157,"key":"Slimebound:ThreeZeroPotion"}],"is_trial":true,"path_per_floor":["R","M","?","?","?","$","T","E","R","M","M","M","E","E","M","B",null,"R","M","M","?","M","NM","T","$","?","AVR","M","R","R","?","M","B",null,"R","M","AVR","?","$","M","T","NM","?","$","?","?","R","?","M","B",null,"R","M","AVR","?","?","R","T","E","?","NM","M","?","?","$","M","B",null,"R","M","AVR","?","M","$","NM","R","?","M","E","?","?","M","M","B",null,"R","M","?","?","M","M","E","AVR","$","R","E","?","E","NM","M","B",null,"R","M","M","$","?","AVR","NM","?","E","M","M","E","?","M","M","B",null,"R","?","M","?","?","M","E","E","AVR","E","?","E","R","E","M","B",null,"R","M","M","M","AVR","R","E","E","?","$","?","E","M","?","M","B",null,"E","$","R","B",null],"character_chosen":"THE_SILENT","items_purchased":["expansioncontent:DashGenerateEvil","Medical Kit","expansioncontent:Corrupt","infinitespire:Magic Flask","Guardian:BottledAnomaly","sneckomod:BlankCard","Prepared","Pen Nib","ClockworkSouvenir","Strange Spoon","infinitespire:Golems Mask","Apotheosis","infinitespire:BottledMercury","Lantern","Darkstone Periapt"],"campfire_rested":7,"item_purchase_floors":[6,6,25,25,39,39,39,65,65,94,106,146,146,155,155],"current_hp_per_floor":[70,70,63,63,63,63,63,63,70,70,70,70,58,56,52,49,70,70,70,67,63,58,32,32,32,16,16,16,52,67,66,63,41,70,70,53,53,50,50,47,47,47,47,47,20,20,62,59,59,49,70,70,70,70,53,53,70,70,70,70,70,70,70,70,70,70,70,70,70,70,70,70,70,70,64,70,70,70,70,70,70,70,70,69,70,70,70,52,52,52,52,52,52,52,52,52,52,52,52,52,52,52,52,52,52,52,57,57,67,67,67,67,67,67,67,67,67,67,67,67,67,64,64,64,64,64,64,64,64,64,67,67,62,67,67,67,67,67,67,67,67,67,67,67,67,67,59,67,67,67,67,55,67,67,67,67,67],"gold":192,"neow_bonus":"","is_daily":false,"chose_seed":false,"campfire_upgraded":13,"win_rate":0.0,"timestamp":1610361165,"path_taken":["R","M","?","?","?","$","T","E","R","M","M","M","E","E","M","BOSS","R","M","M","?","?","NM","T","$","?","AVR","M","R","R","?","M","BOSS","R","M","AVR","?","$","?","T","NM","?","?","?","?","R","?","M","BOSS","R","M","AVR","?","?","R","T","E","?","NM","?","?","?","$","M","BOSS","R","M","AVR","?","M","$","NM","R","?","M","E","?","?","?","M","BOSS","R","M","?","?","M","?","E","AVR","$","R","?","?","E","NM","M","BOSS","R","M","M","$","?","AVR","NM","?","E","?","M","E","?","M","M","BOSS","R","?","M","?","?","M","E","E","AVR","E","?","E","R","E","M","BOSS","R","M","M","M","AVR","R","E","?","?","$","?","E","?","?","M","BOSS","E","$","R","BOSS"],"items_purchased_type":["Card","Relic","Card","Relic","Relic","Relic","Card","Relic","Relic","Relic","Relic","Card","Relic","Relic","Relic"],"build_version":"2020-12-22","purchased_purges":12,"victory":true,"max_hp_per_floor":[70,70,70,70,70,70,70,70,70,70,70,70,70,70,70,70,70,70,70,70,70,70,70,70,70,70,70,70,70,70,70,70,70,70,70,70,70,70,70,70,70,70,70,70,70,70,70,70,70,70,70,70,70,70,70,70,70,70,70,70,70,70,70,70,70,70,70,70,70,70,70,70,70,70,70,70,70,70,70,70,70,70,70,70,70,70,70,52,52,52,52,52,52,52,52,52,52,52,52,52,52,52,52,52,52,52,57,57,67,67,67,67,67,67,67,67,67,67,67,67,67,67,67,67,67,67,67,67,67,67,67,67,67,67,67,67,67,67,67,67,67,67,67,67,67,67,67,67,67,67,67,67,67,67,67,67,67],"card_choices":[{"not_picked":["Terror","Finisher"],"picked":"Blade Dance","floor":2.0},{"not_picked":["Poisoned Stab","Outmaneuver"],"picked":"Dash","floor":6.0},{"not_picked":["Dodge and Roll","All Out Attack"],"picked":"PiercingWail","floor":8.0},{"not_picked":["Quick Slash","Heel Hook"],"picked":"Slice","floor":10.0},{"not_picked":["Leg Sweep","Dagger Throw"],"picked":"Finisher","floor":11.0},{"not_picked":["Tactician","Terror","Skewer"],"picked":"SKIP","floor":12.0},{"not_picked":["Caltrops","Quick Slash"],"picked":"After Image","floor":13.0},{"not_picked":["Deadly Poison","Expertise"],"picked":"Envenom","floor":14.0},{"not_picked":["Outmaneuver","Flying Knee","Poisoned Stab"],"picked":"SKIP","floor":15.0},{"not_picked":["Malaise","A Thousand Cuts"],"picked":"Die Die Die","floor":16.0},{"not_picked":["Sucker Punch","Dagger Spray","Outmaneuver"],"picked":"SKIP","floor":19.0},{"not_picked":["Expertise","Backflip"],"picked":"Catalyst","floor":20.0},{"not_picked":["All Out Attack","Outmaneuver","Acrobatics"],"picked":"SKIP","floor":22.0},{"not_picked":["PiercingWail+1","Poisoned Stab"],"picked":"Cloak And Dagger","floor":23.0},{"not_picked":["Finisher","Flying Knee+1"],"picked":"Deadly Poison","floor":28.0},{"not_picked":["Deadly Poison+1","Flying Knee","Concentrate+1"],"picked":"SKIP","floor":32.0},{"not_picked":["Cloak And Dagger","Slice"],"picked":"Catalyst+1","floor":36.0},{"not_picked":["Cloak And Dagger","Escape Plan"],"picked":"Blur","floor":40.0},{"not_picked":["infinitespire:UltimateForm","infinitespire:FinalStrike"],"picked":"infinitespire:Menacing","floor":42.0},{"not_picked":["Distraction+1","Dodge and Roll","Unload"],"picked":"SKIP","floor":42.0},{"not_picked":["infinitespire:UltimateForm","infinitespire:SealOfDarkness+"],"picked":"infinitespire:Fortify","floor":45.0},{"not_picked":["expansioncontent:PrepareCrush","expansioncontent:ManipulateTime"],"picked":"expansioncontent:Collect","floor":46.0},{"not_picked":["Acrobatics","Cloak And Dagger+1"],"picked":"Calculated Gamble+1","floor":49.0},{"not_picked":["Doppelganger","Die Die Die"],"picked":"Phantasmal Killer","floor":50.0},{"not_picked":["Noxious Fumes","Setup"],"picked":"PiercingWail","floor":53.0},{"not_picked":["infinitespire:Gouge","infinitespire:Execution"],"picked":"infinitespire:DeathsTouch","floor":55.0},{"not_picked":["Acrobatics","Flying Knee","Slice"],"picked":"SKIP","floor":59.0},{"not_picked":["Catalyst","PiercingWail"],"picked":"Eviscerate","floor":60.0},{"not_picked":["Escape Plan","Skewer"],"picked":"Venomology","floor":61.0},{"not_picked":["Deflect","Quick Slash","Dagger Spray"],"picked":"SKIP","floor":62.0},{"not_picked":["Quick Slash","Underhanded Strike","Sucker Punch"],"picked":"SKIP","floor":66.0},{"not_picked":["Wraith Form v2","Doppelganger"],"picked":"Bullet Time","floor":67.0},{"not_picked":["infinitespire:Punishment","infinitespire:Menacing"],"picked":"infinitespire:TheBestDefense","floor":68.0},{"not_picked":["Backflip","Leg Sweep+1"],"picked":"Deflect","floor":70.0},{"not_picked":["Flying Knee","Bane"],"picked":"Calculated Gamble","floor":73.0},{"not_picked":["infinitespire:NeuralNetwork","infinitespire:Fortify"],"picked":"infinitespire:Punishment","floor":75.0},{"not_picked":["Underhanded Strike","Poisoned Stab","Backstab"],"picked":"SKIP","floor":75.0},{"not_picked":["Leg Sweep","Finisher","Dodge and Roll"],"picked":"SKIP","floor":78.0},{"not_picked":["Distraction","Slice","Quick Slash"],"picked":"SKIP","floor":79.0},{"not_picked":["Backflip","Bane","Deadly Poison"],"picked":"SKIP","floor":82.0},{"not_picked":["Dagger Spray","Escape Plan"],"picked":"Wraith Form v2","floor":83.0},{"not_picked":["Bullet Time","Malaise"],"picked":"infinitespire:Neurotoxin","floor":84.0},{"not_picked":["Infinite Blades"],"picked":"SKIP","floor":87.0},{"not_picked":[],"picked":"PiercingWail+1","floor":90.0},{"not_picked":["Deflect+1"],"picked":"SKIP","floor":91.0},{"not_picked":["Infinite Blades"],"picked":"SKIP","floor":92.0},{"not_picked":["Catalyst+1"],"picked":"SKIP","floor":96},{"not_picked":["Outmaneuver"],"picked":"SKIP","floor":98},{"not_picked":["infinitespire:TheBestDefense","infinitespire:SealOfDarkness+"],"picked":"infinitespire:NeuralNetwork","floor":99},{"not_picked":["PiercingWail+1"],"picked":"SKIP","floor":99},{"not_picked":[],"picked":"Concentrate+1","floor":100},{"not_picked":[],"picked":"Adrenaline","floor":101},{"not_picked":["Slice"],"picked":"SKIP","floor":104},{"not_picked":["Dodge and Roll"],"picked":"SKIP","floor":105},{"not_picked":["PiercingWail"],"picked":"SKIP","floor":109},{"not_picked":[],"picked":"Bullet Time","floor":110},{"not_picked":["Finisher"],"picked":"SKIP","floor":111},{"not_picked":["Quick Slash"],"picked":"SKIP","floor":112},{"not_picked":["Masterful Stab"],"picked":"SKIP","floor":113},{"not_picked":["Backstab"],"picked":"SKIP","floor":114},{"not_picked":["Flying Knee"],"picked":"SKIP","floor":116},{"not_picked":["Dagger Spray"],"picked":"SKIP","floor":117},{"not_picked":[],"picked":"Corpse Explosion","floor":118},{"not_picked":[],"picked":"Cloak And Dagger","floor":122},{"not_picked":["Bane"],"picked":"SKIP","floor":125},{"not_picked":["Quick Slash+1"],"picked":"SKIP","floor":126},{"not_picked":["Backstab"],"picked":"SKIP","floor":127},{"not_picked":[],"picked":"Acrobatics","floor":129},{"not_picked":["Underhanded Strike"],"picked":"SKIP","floor":131},{"not_picked":["Choke+1"],"picked":"SKIP","floor":133},{"not_picked":["Outmaneuver"],"picked":"SKIP","floor":134},{"not_picked":["Flying Knee+1"],"picked":"SKIP","floor":138},{"not_picked":["Bane+1"],"picked":"SKIP","floor":139},{"not_picked":["PiercingWail+1"],"picked":"SKIP","floor":140},{"not_picked":["Slice"],"picked":"SKIP","floor":143},{"not_picked":["Poisoned Stab"],"picked":"SKIP","floor":144},{"not_picked":["Flechettes"],"picked":"SKIP","floor":148},{"not_picked":[],"picked":"Prepared","floor":149},{"not_picked":[],"picked":"Escape Plan+1","floor":150},{"not_picked":["Sucker Punch+1"],"picked":"SKIP","floor":151},{"not_picked":["Dagger Spray"],"picked":"SKIP","floor":154}],"player_experience":66055,"relics_obtained":[{"floor":7.0,"key":"Eternal Feather"},{"floor":8.0,"key":"Centennial Puzzle"},{"floor":13.0,"key":"Anchor"},{"floor":14.0,"key":"PreservedInsect"},{"floor":23.0,"key":"StoneCalendar"},{"floor":24.0,"key":"Pocketwatch"},{"floor":26.0,"key":"Necronomicon"},{"floor":31.0,"key":"champ:DeflectingBracers"},{"floor":31.0,"key":"infinitespire:Eraser"},{"floor":38.0,"key":"downfall:GremlinSack"},{"floor":41.0,"key":"Paper Crane"},{"floor":42.0,"key":"Mercury Hourglass"},{"floor":42.0,"key":"infinitespire:CursedDice"},{"floor":45.0,"key":"Turnip"},{"floor":48.0,"key":"FossilizedHelix"},{"floor":56.0,"key":"Oddly Smooth Stone"},{"floor":58.0,"key":"InkBottle"},{"floor":60.0,"key":"Toy Ornithopter"},{"floor":88.0,"key":"infinitespire:Lychee Nut"},{"floor":110,"key":"White Beast Statue"},{"floor":150,"key":"TungstenRod"}],"event_choices":[{"damage_healed":0.0,"max_hp_gain":0.0,"max_hp_loss":0.0,"gold_gain":0.0,"event_name":"Scrap Ooze","player_choice":"Success","floor":3.0,"gold_loss":0.0,"damage_taken":7.0,"relics_obtained":["Potion Belt"]},{"cards_removed":["Strike_G"],"damage_healed":0.0,"max_hp_gain":0.0,"max_hp_loss":0.0,"gold_gain":0.0,"event_name":"The Cleric","player_choice":"Card Removal","floor":4.0,"gold_loss":0.0,"damage_taken":0.0},{"cards_removed":["Grand Finale"],"damage_healed":0.0,"max_hp_gain":0.0,"max_hp_loss":0.0,"gold_gain":0.0,"event_name":"Purifier","player_choice":"Purged","floor":43.0,"gold_loss":0.0,"damage_taken":0.0},{"cards_removed":["Well Laid Plans"],"damage_healed":0.0,"max_hp_gain":0.0,"max_hp_loss":0.0,"gold_gain":0.0,"event_name":"Purifier","player_choice":"Purged","floor":45.0,"gold_loss":0.0,"damage_taken":0.0},{"damage_healed":0.0,"max_hp_gain":0.0,"max_hp_loss":0.0,"gold_gain":0.0,"event_name":"The Library","player_choice":"Read","floor":72.0,"gold_loss":0.0,"damage_taken":0.0,"cards_obtained":["Dodge and Roll"]},{"damage_healed":0.0,"max_hp_gain":0.0,"max_hp_loss":0.0,"gold_gain":0.0,"event_name":"Vampires","player_choice":"Ignored","floor":77.0,"gold_loss":0.0,"damage_taken":0.0},{"damage_healed":0.0,"max_hp_gain":0.0,"max_hp_loss":0.0,"gold_gain":0.0,"event_name":"Accursed Blacksmith","player_choice":"Forge","floor":89.0,"gold_loss":0.0,"damage_taken":0.0,"cards_upgraded":["infinitespire:Neurotoxin"]},{"damage_healed":0,"gold_gain":0,"player_choice":"Donut","damage_taken":0,"max_hp_gain":5,"max_hp_loss":0,"event_name":"Big Fish","floor":107,"gold_loss":0},{"damage_healed":0,"gold_gain":0,"player_choice":"Ignored","damage_taken":0,"max_hp_gain":0,"max_hp_loss":0,"event_name":"Vampires","floor":123,"gold_loss":0},{"damage_healed":0,"gold_gain":0,"player_choice":"Upgraded","damage_taken":0,"max_hp_gain":0,"max_hp_loss":0,"event_name":"Upgrade Shrine","floor":130,"gold_loss":0,"cards_upgraded":["Adrenaline"]},{"cards_removed":["Deadly Poison"],"damage_healed":0,"gold_gain":0,"player_choice":"Removed Skill","damage_taken":0,"max_hp_gain":0,"max_hp_loss":0,"event_name":"Falling","floor":145,"gold_loss":0},{"damage_healed":0,"gold_gain":0,"player_choice":"Fight","damage_taken":0,"max_hp_gain":0,"max_hp_loss":0,"event_name":"Mysterious Sphere","floor":150,"gold_loss":0}],"is_beta":false,"boss_relics":[{"not_picked":["Velvet Choker","Calling Bell"],"picked":"Pandora\u0027s Box"},{"not_picked":["SlaversCollar","Tiny House"],"picked":"Black Star"},{"not_picked":["Sozu","Runic Dome"],"picked":"Philosopher\u0027s Stone"},{"not_picked":["Runic Dome","Snecko Eye"],"picked":"SacredBark"},{"not_picked":["Velvet Choker","Sozu"],"picked":"Busted Crown"},{"not_picked":["sneckomod:SneckoTalon","Runic Pyramid"],"picked":"WristBlade"},{"not_picked":["Runic Dome","Snecko Eye"],"picked":"Fusion Hammer"},{"not_picked":["Sozu","Coffee Dripper"],"picked":"Astrolabe"},{"not_picked":["Tiny House","Runic Pyramid"],"picked":"SlaversCollar"}],"items_purged_floors":[6,27,39,44,54,65,74,97,128,141,146,155],"is_endless":true,"potions_floor_spawned":[8,10,11,13,15,22,23,31,36,42,45,48,50,53,56,61,78,82,83,87,90,92,98,101,109,110,111,112,113,114,116,117,118,122,125,126,127,129,131,133,134,135,138,139,140,143,144,148,149,150,151,152,154,157],"ascension_level":0}}