{"host":"oy4pyvr762z5n0bb","time":1610390121,"event":{"mods":["AchievementEnabler","BaseMod","Colored Map","Colored Powertips","Googly Eyes","Key Reminder","Minty Spire (QoL Compilation)","Quick Restart","Relic Sorter","Slay the Relics Exporter","StSLib","SuperFastMode","Unceasing Turn Reminder","slay the spire mod where everything is the same but ironclad has a cowboy hat"],"gold_per_floor":[110,58,75,150,162,162,187,187,234,269,444,472,472,147,147,252,252,267,267,267],"floor_reached":19,"playtime":355,"items_purged":["Doubt"],"score":265,"play_id":"f42b0698-4eff-4678-af21-5eff6b8429b5","local_time":"20210111103521","is_ascension_mode":true,"campfire_choices":[{"data":"Perfected Strike","floor":6,"key":"SMITH"},{"data":"Bash","floor":8,"key":"SMITH"},{"data":"Bludgeon","floor":15,"key":"SMITH"}],"circlet_count":0,"master_deck":["Strike_R","Strike_R","Strike_R","Strike_R","Strike_R","Defend_R","Defend_R","Defend_R","Defend_R","Bash+1","Clothesline","Cleave","Perfected Strike+1","Reckless Charge","Bludgeon+1","Sword Boomerang","Burning Pact","Bludgeon","Cleave+1"],"relics":["Black Blood","PreservedInsect","Ancient Tea Set","Oddly Smooth Stone","Art of War","Matryoshka","Boot"],"acts_visited":["Exordium","TheCity"],"potions_floor_usage":[7],"damage_taken":[{"damage":0,"enemies":"Small Slimes","floor":1,"turns":3},{"damage":7,"enemies":"Jaw Worm","floor":3,"turns":3},{"damage":5,"enemies":"Cultist","floor":5,"turns":4},{"damage":20,"enemies":"Lagavulin","floor":7,"turns":6},{"damage":12,"enemies":"Gremlin Nob","floor":10,"turns":3},{"damage":8,"enemies":"3 Sentries","floor":12,"turns":5},{"damage":14,"enemies":"Slime Boss","floor":16,"turns":10},{"damage":39,"enemies":"2 Thieves","floor":18,"turns":5},{"damage":51,"enemies":"Shell Parasite","floor":19,"turns":4}],"seed_played":"-9037070680225532622","potions_obtained":[{"floor":3,"key":"SteroidPotion"},{"floor":7,"key":"Dexterity Potion"},{"floor":16,"key":"CultistPotion"}],"is_trial":false,"path_per_floor":["M","$","M","?","M","R","E","R","T","E","?","E","T","$","R","B",null,"M","M"],"character_chosen":"IRONCLAD","items_purchased":["Cleave","Boot","Sword Boomerang","Burning Pact"],"campfire_rested":0,"item_purchase_floors":[2,14,14,14],"current_hp_per_floor":[86,86,85,74,75,75,61,61,61,55,55,53,53,53,53,45,77,50,0,0],"gold":267,"neow_bonus":"TEN_PERCENT_HP_BONUS","is_daily":false,"chose_seed":false,"campfire_upgraded":3,"win_rate":0.0,"timestamp":1610390121,"path_taken":["M","$","M","?","M","R","E","R","T","E","?","E","?","$","R","BOSS","M","M"],"items_purchased_type":["Card","Relic","Card","Card"],"build_version":"2020-12-22","purchased_purges":1,"victory":false,"max_hp_per_floor":[88,88,88,88,88,88,88,88,88,88,88,88,88,88,88,88,88,88,88,88],"card_choices":[{"not_picked":["Headbutt","Wild Strike"],"picked":"Clothesline","floor":1},{"not_picked":["Havoc","Wild Strike","Headbutt"],"picked":"SKIP","floor":3},{"not_picked":["Rage","Flame Barrier"],"picked":"Perfected Strike","floor":5},{"not_picked":["Dual Wield","Blood for Blood"],"picked":"Reckless Charge","floor":7},{"not_picked":["Thunderclap","Havoc"],"picked":"Bludgeon","floor":10},{"not_picked":["Clash","Pommel Strike","Flex"],"picked":"SKIP","floor":12},{"not_picked":["Corruption","Exhume"],"picked":"Bludgeon","floor":16},{"not_picked":["Wild Strike","Perfected Strike"],"picked":"Cleave+1","floor":18}],"player_experience":729926,"relics_obtained":[{"floor":7,"key":"PreservedInsect"},{"floor":9,"key":"Ancient Tea Set"},{"floor":10,"key":"Oddly Smooth Stone"},{"floor":12,"key":"Art of War"},{"floor":13,"key":"Matryoshka"}],"event_choices":[{"damage_healed":0,"gold_gain":75,"player_choice":"Gather Gold","damage_taken":11,"max_hp_gain":0,"max_hp_loss":0,"event_name":"World of Goop","floor":4,"gold_loss":0},{"damage_healed":0,"gold_gain":175,"player_choice":"AGREE","damage_taken":0,"max_hp_gain":0,"max_hp_loss":0,"event_name":"Liars Game","floor":11,"gold_loss":0,"cards_obtained":["Doubt"]}],"is_beta":false,"boss_relics":[{"not_picked":["Runic Dome","Pandora\u0027s Box"],"picked":"Black Blood"}],"items_purged_floors":[14],"is_endless":false,"potions_floor_spawned":[3,7,16],"killed_by":"Shell Parasite","ascension_level":9}}