{"host":"l2dnabsh5e0fsksb","time":1610370151,"event":{"mods":["2.2 Compatiblity","BaseMod","Downfall","Minty Spire (QoL Compilation)","Quick Restart","StSLib"],"gold_per_floor":[99,114,114,126,70,70,70,95,111,122,47,73,73,58,69,174,174,99,117,130,230,246,273,354,354,367,385,385,398,398,428,439,541,541,541,551,598,14,25,25,72,82,113,113,113,123,136,186,206,206],"floor_reached":51,"playtime":2774,"items_purged":[],"score":1230,"play_id":"a99155d6-0d1a-4438-ab24-8dc303c7bb35","local_time":"20210111233231","is_ascension_mode":true,"campfire_choices":[{"floor":1.0,"key":"RECALL"},{"data":"champ:IronFortress","floor":6.0,"key":"SMITH"},{"data":"champ:StrikeOfGenius","floor":11.0,"key":"SMITH"},{"data":"champ:EnchantSword","floor":18.0,"key":"SMITH"},{"data":"champ:Improvising","floor":28.0,"key":"SMITH"},{"data":"champ:Lariat","floor":30.0,"key":"SMITH"},{"data":"champ:EnchantCrown","floor":35.0,"key":"SMITH"},{"data":"champ:RecklessLeap","floor":40.0,"key":"SMITH"},{"data":"champ:Duel","floor":44.0,"key":"SMITH"}],"circlet_count":0,"master_deck":["champ:Defend","champ:Defend","champ:Execute","champ:Taunt","champ:ArenaPreparation","champ:AdrenalArmor","champ:Control","champ:IronFortress+1","champ:StrikeOfGenius+1","champ:BringItOn","champ:GladiatorsShout","champ:Duel+1","champ:FlashCut","champ:RecklessLeap+1","champ:EnchantSword+1","champ:TornadoPunch+1","champ:CrookedStrike","champ:FaceSlap","Bite","Bite","Bite","Bite","Bite","champ:ViciousMockery+1","champ:Improvising+1","champ:Lariat+1","champ:BerserkerStyle+1","champ:FlashCut","champ:EnchantCrown+1","champ:Backstep+1","champ:IronFortress","champ:DefensiveStyle","champ:FanOfKnives","champ:StanceDance+1","champ:Duel","champ:FlashCut+1","champ:IronFortress","champ:Circumvent+1","champ:HoldFirm","champ:FalseCounter+1"],"relics":["champ:ChampionCrown","CaptainsWheel","Spirit Poop","Mummified Hand","Art of War","downfall:HeartBlessingRed","Omamori","Cursed Key","downfall:HeartBlessingBlue","champ:BlackKnightHelmet","Pear","champ:DeflectingBracers","StrikeDummy","champ:FightingForDummies","Empty Cage","Pocketwatch","Turnip","Blood Vial","Centennial Puzzle","Sundial","Ginger"],"acts_visited":["Exordium","TheCity","TheBeyond"],"potions_floor_usage":[48,48,50],"damage_taken":[{"damage":13.0,"enemies":"2 Louse","floor":2.0,"turns":3.0},{"damage":26.0,"enemies":"Cultist","floor":4.0,"turns":3.0},{"damage":19.0,"enemies":"downfall:FleeingMerchant","floor":5.0,"turns":4.0},{"damage":40.0,"enemies":"Lagavulin","floor":8.0,"turns":4.0},{"damage":33.0,"enemies":"Small Slimes","floor":9.0,"turns":4.0},{"damage":25.0,"enemies":"2 Fungi Beasts","floor":10.0,"turns":3.0},{"damage":17.0,"enemies":"Gremlin Nob","floor":12.0,"turns":3.0},{"damage":38.0,"enemies":"downfall:FleeingMerchant","floor":14.0,"turns":4.0},{"damage":22.0,"enemies":"Exordium Thugs","floor":15.0,"turns":4.0},{"damage":53.0,"enemies":"downfall:Silent","floor":16.0,"turns":9.0},{"damage":27.0,"enemies":"Spheric Guardian","floor":19.0,"turns":3.0},{"damage":32.0,"enemies":"3 Byrds","floor":20.0,"turns":5.0},{"damage":32.0,"enemies":"3 Byrds","floor":21.0,"turns":7.0},{"damage":49.0,"enemies":"Shelled Parasite and Fungi","floor":22.0,"turns":4.0},{"damage":55.0,"enemies":"Gremlin Leader","floor":23.0,"turns":6.0},{"damage":42.0,"enemies":"Snecko","floor":26.0,"turns":3.0},{"damage":27.0,"enemies":"3 Cultists","floor":27.0,"turns":4.0},{"damage":30.0,"enemies":"Chosen and Byrds","floor":29.0,"turns":3.0},{"damage":34.0,"enemies":"Book of Stabbing","floor":31.0,"turns":3.0},{"damage":33.0,"enemies":"Snecko","floor":32.0,"turns":3.0},{"damage":46.0,"enemies":"downfall:Defect","floor":33.0,"turns":6.0},{"damage":29.0,"enemies":"3 Shapes","floor":36.0,"turns":3.0},{"damage":16.0,"enemies":"2 Orb Walkers","floor":37.0,"turns":4.0},{"damage":28.0,"enemies":"downfall:FleeingMerchant","floor":38.0,"turns":4.0},{"damage":16.0,"enemies":"Orb Walker","floor":39.0,"turns":2.0},{"damage":32.0,"enemies":"Writhing Mass","floor":42.0,"turns":4.0},{"damage":77.0,"enemies":"Giant Head","floor":43.0,"turns":6.0},{"damage":36,"enemies":"Sphere and 2 Shapes","floor":46,"turns":3},{"damage":54,"enemies":"Spire Growth","floor":47,"turns":4},{"damage":65,"enemies":"Mind Bloom Boss Battle","floor":48,"turns":5},{"damage":46,"enemies":"Writhing Mass","floor":49,"turns":4},{"damage":48,"enemies":"downfall:Watcher","floor":50,"turns":5}],"seed_played":"8738316824336986775","potions_obtained":[{"floor":2.0,"key":"FearPotion"},{"floor":9.0,"key":"SpeedPotion"},{"floor":12.0,"key":"Energy Potion"},{"floor":16.0,"key":"Swift Potion"},{"floor":27.0,"key":"Regen Potion"},{"floor":31.0,"key":"PowerPotion"},{"floor":36.0,"key":"Dexterity Potion"},{"floor":42.0,"key":"EssenceOfSteel"}],"is_trial":false,"path_per_floor":["R","M","?","M","$","R","T","E","M","M","R","E","T","$","M","B",null,"R","M","M","?","M","E","T","?","M","M","R","M","R","E","M","B",null,"R","M","?","$","M","R","T","M","E","R","?","M","M","?","M","B",null],"character_chosen":"THE_CHAMP","items_purchased":["champ:IronFortress","champ:DefensiveStyle","Turnip","champ:FanOfKnives","Blood Vial"],"campfire_rested":0,"item_purchase_floors":[5,38,38,38,38],"current_hp_per_floor":[81,78,78,77,77,77,77,77,70,67,67,67,67,67,64,38,77,87,87,87,90,88,88,88,77,77,77,77,77,77,77,67,72,76,76,77,75,77,77,77,77,77,64,64,64,60,61,51,45,49],"gold":206,"neow_bonus":"ONE_RARE_RELIC","is_daily":false,"chose_seed":false,"campfire_upgraded":8,"win_rate":0.0,"timestamp":1610370151,"path_taken":["R","M","?","?","$","R","T","E","M","M","R","E","?","?","M","BOSS","R","M","M","?","M","E","T","?","M","M","R","M","R","E","M","BOSS","R","M","?","$","M","R","T","M","E","R","?","M","M","?","M","BOSS"],"items_purchased_type":["Card","Card","Relic","Card","Relic"],"build_version":"2020-12-22","purchased_purges":0,"victory":true,"max_hp_per_floor":[90,90,90,90,90,90,90,90,90,90,90,90,90,90,90,90,90,100,100,100,110,110,110,110,77,77,77,77,77,77,77,77,77,77,77,77,77,77,77,77,77,77,82,82,82,82,82,82,82,82],"card_choices":[{"not_picked":["champ:BladeFlurry","champ:ShieldSigil"],"picked":"champ:ArenaPreparation","floor":2.0},{"not_picked":["champ:PerfectedStrike","champ:DefensiveShout"],"picked":"champ:AdrenalArmor","floor":4.0},{"not_picked":["champ:GutPunch","champ:PerfectedStrike"],"picked":"champ:Control","floor":5.0},{"not_picked":["champ:ShieldSigil","champ:RageSigil"],"picked":"champ:StrikeOfGenius","floor":8.0},{"not_picked":["champ:RecklessLeap","champ:PerfectedStrike"],"picked":"champ:BringItOn","floor":9.0},{"not_picked":["champ:Circumvent","champ:FalseCounter"],"picked":"champ:GladiatorsShout","floor":10.0},{"not_picked":["champ:EnragedBash","champ:MurderStrike"],"picked":"champ:Duel","floor":12.0},{"not_picked":["champ:BringItOn","champ:FaceSlap"],"picked":"champ:FlashCut","floor":14.0},{"not_picked":["champ:GutPunch","champ:RageSigil"],"picked":"champ:RecklessLeap","floor":15.0},{"not_picked":["champ:EnchantCrown","champ:ShieldSlam"],"picked":"champ:EnchantSword","floor":16.0},{"not_picked":["champ:TornadoPunch","champ:Encircle","champ:GutPunch"],"picked":"SKIP","floor":19.0},{"not_picked":["champ:DefensiveShout","champ:BerserkersShout+1"],"picked":"champ:TornadoPunch+1","floor":20.0},{"not_picked":["champ:TornadoPunch+1","champ:Lariat+1"],"picked":"champ:CrookedStrike","floor":22.0},{"not_picked":["champ:DefensiveShout","champ:EndlessRage"],"picked":"champ:FaceSlap","floor":23.0},{"not_picked":["champ:Backstep","champ:EndlessRage"],"picked":"champ:ViciousMockery+1","floor":26.0},{"not_picked":["champ:Circumvent","champ:PerfectedStrike"],"picked":"champ:Improvising","floor":27.0},{"not_picked":["champ:GladiatorsShout","champ:EndlessRage+1"],"picked":"champ:Lariat","floor":29.0},{"not_picked":["champ:Circumvent","champ:BringItOn"],"picked":"champ:BerserkerStyle+1","floor":31.0},{"not_picked":["champ:Backstep","champ:Circumvent"],"picked":"champ:FlashCut","floor":32.0},{"not_picked":["champ:HeavySlash","champ:Devastate"],"picked":"champ:EnchantCrown","floor":33.0},{"not_picked":["champ:RageSigil+1","champ:Circumvent"],"picked":"champ:Backstep+1","floor":36.0},{"not_picked":["champ:AdrenalArmor","champ:GutPunch"],"picked":"champ:IronFortress","floor":37.0},{"not_picked":["champ:Control","champ:DefensiveShout+1"],"picked":"champ:FightOn","floor":38.0},{"not_picked":["champ:MurderStrike","champ:CrookedStrike+1"],"picked":"champ:StanceDance+1","floor":39.0},{"not_picked":["champ:RapidStrikes","champ:StanceDance"],"picked":"champ:Duel","floor":42.0},{"not_picked":["champ:GutPunch+1","champ:BladeFlurry+1"],"picked":"champ:FlashCut+1","floor":43.0},{"not_picked":["champ:BringItOn","champ:Balance"],"picked":"champ:IronFortress","floor":46},{"not_picked":["champ:BerserkersShout","champ:CrookedStrike+1"],"picked":"champ:Circumvent+1","floor":47},{"not_picked":["champ:GladiatorsShout+1","champ:FlashCut"],"picked":"champ:HoldFirm","floor":48},{"not_picked":["champ:Haymaker","champ:PerfectedStrike"],"picked":"champ:FalseCounter+1","floor":49}],"player_experience":1757844,"relics_obtained":[{"floor":7.0,"key":"Mummified Hand"},{"floor":8.0,"key":"Art of War"},{"floor":12.0,"key":"Omamori"},{"floor":21.0,"key":"champ:BlackKnightHelmet"},{"floor":21.0,"key":"Pear"},{"floor":23.0,"key":"champ:DeflectingBracers"},{"floor":24.0,"key":"StrikeDummy"},{"floor":31.0,"key":"champ:FightingForDummies"},{"floor":37.0,"key":"Pocketwatch"},{"floor":41.0,"key":"Centennial Puzzle"},{"floor":43.0,"key":"Sundial"},{"floor":48,"key":"Ginger"}],"event_choices":[{"cards_removed":["Clumsy"],"damage_healed":0.0,"max_hp_gain":0.0,"max_hp_loss":0.0,"gold_gain":0.0,"event_name":"Bonfire Elementals","player_choice":"Offered Curse","floor":3.0,"gold_loss":0.0,"damage_taken":0.0,"relics_obtained":["Spirit Poop"]},{"damage_healed":0.0,"max_hp_gain":0.0,"max_hp_loss":33.0,"gold_gain":0.0,"event_name":"Vampires","player_choice":"Became a vampire","floor":25.0,"gold_loss":0.0,"damage_taken":0.0,"cards_obtained":["Bite","Bite","Bite","Bite","Bite"]},{"damage_healed":0.0,"max_hp_gain":0.0,"max_hp_loss":0.0,"gold_gain":0.0,"event_name":"Mysterious Sphere","player_choice":"Fight","floor":37.0,"gold_loss":0.0,"damage_taken":0.0}],"is_beta":false,"boss_relics":[{"not_picked":["Astrolabe","Velvet Choker"],"picked":"Cursed Key"},{"not_picked":["Tiny House","Calling Bell"],"picked":"Empty Cage"}],"items_purged_floors":[],"is_endless":false,"potions_floor_spawned":[2,9,12,16,21,27,29,31,36,42,46,47],"ascension_level":7}}