{"host":"yvxwvf4t2vu8n8lg","time":1610369740,"event":{"mods":["BaseMod","Downfall","Hermit","Marisa£®ÏF”Í°°ƒß¿Ì…≥£©","Minty Spire (QoL Compilation)","Prisma Mod","Reimu£®≤©¿ˆ¡È√Œ£©","Remilia£®¿Ÿ√◊¿Ú—«£©","Replay The Spire","StSLib","The Alterego","The Cursed","The Servant 0.9.4","WarShipGirlsR/’ΩΩ¢…Ÿ≈ÆR mod","Yakumo Yukari mod","Youmu£®ªÍ∆«—˝√Œ£©","Yuyuko"],"gold_per_floor":[129,129,129,183,183,258,258,360,431,70,172,250,331,409,409,697,697,739,739,304,304,27,129,129,228,228,312,348,450,450,543,543,852,852,912,156,216,246,297,378,480,579,579,684,121,223,310,409,409,409],"floor_reached":51,"playtime":1632,"items_purged":["ReplayTheSpireMod:Stacked","Infernal Blade"],"score":1316,"play_id":"75fb9427-446b-48e2-80b4-fe5effb6a2ae","local_time":"20210111205540","daily_mods":["SealedDeck","Vintage","Heirloom","Time Dilation","Flight","downfall:Jewelcrafting","downfall:ChampStances","downfall:Lament","DeadlyEvents","Elite Swarm","Lethality","Midas","downfall:Enraging","downfall:ExchangeController","Binary"],"is_ascension_mode":false,"campfire_choices":[{"floor":32,"key":"DIG"}],"circlet_count":0,"master_deck":["Guardian:ExploitGems","Guardian:ExploitGems","Rampage","Flex","Pommel Strike+1","Twin Strike+1","Twin Strike","Perfected Strike","Perfected Strike","ReplayTheSpireMod:Muscle Training","Pummel","Perfected Strike","Demon Form+1","Guardian:Gem_Orange","Guardian:Gem_Fragmented","Pommel Strike","Life Link"],"relics":["Black Blood","Busted Crown","Guardian:PickAxe","champ:ChampStancesModRelic","downfall:NeowBlessing_Player","NeowsBlessing","replay:Trail_Library","Mango","Nunchaku","ReplayTheSpireMod:Spearhead","ReplayTheSpireMod:Ninjato","Bag of Marbles","Replay:Bottled Flurry","Whetstone","Sling","Centennial Puzzle","Replay:WaspNest","Dream Catcher","Self Forming Clay","Coffee Dripper","Bottled Flame","Ancient Tea Set","Frozen Eye","ClockworkSouvenir","champ:DeflectingBracers","Replay:PocketPolymizer","Pocketwatch","Replay:Bottled Snecko","Happy Flower","Meat on the Bone","Sundial","Replay:Accelerometer","CrazyTorch:ReiMu","Replay:Bottled Steam","Orrery","Durian","RuthlessExorcism:ReiMu","PureWhite:ReiMu","ScarletDevilRocket","MealTicket","Blue Doll","Replay:Baseball","Boot","Tea:ReiMu","Letter Opener","Replay:Wax Seal","Strange Spoon","Onion Ring","Vajra","FossilizedHelix"],"acts_visited":["Exordium","TheCity","TheBeyond"],"potions_floor_usage":[],"damage_taken":[{"damage":1,"enemies":"Small Slimes","floor":1,"turns":1},{"damage":0,"enemies":"Cultist","floor":4,"turns":1},{"damage":1,"enemies":"Lagavulin","floor":6,"turns":1},{"damage":7,"enemies":"Gremlin Nob","floor":8,"turns":2},{"damage":1,"enemies":"3 Sentries","floor":11,"turns":2},{"damage":7,"enemies":"Gremlin Nob","floor":12,"turns":1},{"damage":1,"enemies":"3 Sentries","floor":13,"turns":2},{"damage":7,"enemies":"Lagavulin","floor":14,"turns":1},{"damage":132,"enemies":"Hexaghost","floor":16,"turns":3},{"damage":1,"enemies":"Spheric Guardian","floor":18,"turns":1},{"damage":7,"enemies":"Book of Stabbing","floor":23,"turns":1},{"damage":0,"enemies":"Replay:Snechameleon","floor":25,"turns":2},{"damage":7,"enemies":"Gremlin Leader","floor":27,"turns":2},{"damage":5,"enemies":"2 Thieves","floor":28,"turns":2},{"damage":43,"enemies":"Book of Stabbing","floor":29,"turns":2},{"damage":26,"enemies":"Gremlin Leader","floor":31,"turns":3},{"damage":7,"enemies":"Champ","floor":33,"turns":1},{"damage":24,"enemies":"Orb Walker","floor":35,"turns":2},{"damage":11,"enemies":"3 Shapes","floor":37,"turns":1},{"damage":6,"enemies":"3 Darklings","floor":38,"turns":1},{"damage":9,"enemies":"4 Shapes","floor":39,"turns":1},{"damage":1,"enemies":"R_Hoarder","floor":40,"turns":2},{"damage":3,"enemies":"Nemesis","floor":41,"turns":1},{"damage":1,"enemies":"R_Hoarder","floor":42,"turns":1},{"damage":1,"enemies":"Giant Head","floor":44,"turns":2},{"damage":1,"enemies":"Nemesis","floor":46,"turns":1},{"damage":4,"enemies":"R_Hoarder","floor":47,"turns":1},{"damage":0,"enemies":"Reptomancer","floor":48,"turns":1},{"damage":30,"enemies":"Replay:Hell Engine","floor":50,"turns":2}],"seed_played":"8447739281536412420","potions_obtained":[{"floor":1,"key":"SkillPotion"},{"floor":8,"key":"Weak Potion"},{"floor":12,"key":"FairyPotion"},{"floor":13,"key":"LifebloodPotion"},{"floor":16,"key":"PowerPotion"},{"floor":18,"key":"EssenceOfSteel"},{"floor":25,"key":"AttackPotion"},{"floor":29,"key":"SneckoOil"},{"floor":31,"key":"champ:CounterPotion"},{"floor":37,"key":"SkillPotion"},{"floor":38,"key":"Flashbang"},{"floor":40,"key":"Swift Potion"},{"floor":41,"key":"EssenceOfSteel"},{"floor":44,"key":"Energy Potion"}],"is_trial":true,"path_per_floor":["M","WH","WH","M","?","E","R","E","T","$","E","E","E","E","R","B",null,"M","WH","$","WH","$","E","R","E","T","E","M","E","WH","E","R","B",null,"M","$","M","M","M","E","E","E","T","E","$","E","E","E","R","B",null],"character_chosen":"IRONCLAD","items_purchased":["Whetstone","Sling","Pummel","Perfected Strike","Ancient Tea Set","Frozen Eye","Demon Form+1","ClockworkSouvenir","Replay:Bottled Steam","Orrery","Durian","Pommel Strike","Letter Opener","Replay:Wax Seal","Strange Spoon"],"campfire_rested":0,"item_purchase_floors":[10,10,10,20,20,20,22,22,36,36,36,36,45,45,45],"current_hp_per_floor":[194,213,234,234,234,234,234,234,234,234,234,234,234,234,234,117,334,334,367,367,403,403,403,403,403,403,402,403,366,406,386,386,391,543,531,536,537,548,548,548,548,548,548,548,548,548,548,548,548,530],"gold":409,"neow_bonus":"TEN_PERCENT_HP_BONUS","is_daily":false,"chose_seed":false,"campfire_upgraded":0,"win_rate":0.0,"timestamp":1610369740,"path_taken":["M","WH","WH","M","?","E","R","E","T","$","E","E","E","E","R","BOSS","M","WH","$","WH","$","E","R","E","T","E","M","E","WH","E","R","BOSS","M","$","M","M","M","E","E","E","T","E","$","E","E","E","R","BOSS"],"items_purchased_type":["Relic","Relic","Card","Card","Relic","Relic","Card","Relic","Relic","Relic","Relic","Card","Relic","Relic","Relic"],"build_version":"2020-12-22","purchased_purges":2,"victory":true,"max_hp_per_floor":[194,213,234,234,234,234,234,234,234,234,234,234,234,234,234,234,334,334,367,367,403,403,403,403,403,403,403,403,403,443,443,443,443,543,543,548,548,548,548,548,548,548,548,548,548,548,548,548,548,548],"card_choices":[],"player_experience":21402,"relics_obtained":[{"floor":1,"key":"Nunchaku"},{"floor":4,"key":"ReplayTheSpireMod:Spearhead"},{"floor":6,"key":"ReplayTheSpireMod:Ninjato"},{"floor":8,"key":"Bag of Marbles"},{"floor":9,"key":"Replay:Bottled Flurry"},{"floor":11,"key":"Centennial Puzzle"},{"floor":12,"key":"Replay:WaspNest"},{"floor":13,"key":"Dream Catcher"},{"floor":14,"key":"Self Forming Clay"},{"floor":18,"key":"Bottled Flame"},{"floor":23,"key":"champ:DeflectingBracers"},{"floor":25,"key":"Replay:PocketPolymizer"},{"floor":26,"key":"Pocketwatch"},{"floor":27,"key":"Replay:Bottled Snecko"},{"floor":28,"key":"Happy Flower"},{"floor":29,"key":"Meat on the Bone"},{"floor":31,"key":"Sundial"},{"floor":32,"key":"Replay:Accelerometer"},{"floor":35,"key":"CrazyTorch:ReiMu"},{"floor":37,"key":"RuthlessExorcism:ReiMu"},{"floor":38,"key":"PureWhite:ReiMu"},{"floor":39,"key":"ScarletDevilRocket"},{"floor":40,"key":"MealTicket"},{"floor":41,"key":"Blue Doll"},{"floor":42,"key":"Replay:Baseball"},{"floor":43,"key":"Boot"},{"floor":44,"key":"Tea:ReiMu"},{"floor":46,"key":"Onion Ring"},{"floor":47,"key":"Vajra"},{"floor":48,"key":"FossilizedHelix"}],"event_choices":[{"damage_healed":0,"gold_gain":0,"player_choice":"Ignored","damage_taken":0,"max_hp_gain":0,"max_hp_loss":0,"event_name":"Transmorgrifier","floor":5,"gold_loss":0}],"is_beta":false,"boss_relics":[{"not_picked":["Empty Cage","Painkiller Herb"],"picked":"Coffee Dripper"},{"not_picked":["Runic Pyramid","Mark of Pain"],"picked":"Black Blood"}],"items_purged_floors":[20,45],"is_endless":false,"potions_floor_spawned":[1,8,12,13,16,18,25,29,31,37,38,40,41,44],"ascension_level":0}}