{"host":"drrjwv4o5ms3zsrm","time":1610333269,"event":{"mods":["100% Spire Juice","ATMod(阿瑾Mod)","Act Like it!","Aspiration","BaseMod","CapriCore","Colored Powertips","Conspire","Friendly Minions","Gensokyo","Jedi Mod","Lobotomy","LobotomyExtend","Minty Spire (QoL Compilation)","MostiFishMod","Reimu（博丽灵梦）","Replay The Spire","RumiaBox-露米娅的神秘盒子","StSLib","TestMod","The Alterego","The Immortal","The Jungle","Waifu the Spire","WarShipGirlsR/战舰少女R mod","[IsaacMod]以撒尖塔","vexMod","【遗物卡牌】REMEMod","残留之物","篝火指南"],"gold_per_floor":[213,226,237,237,12,46,66,66,66,98,98,109,122,153,153,236,236,255,255,255,266,12,37,37,37,37,63,78,109,109,124,124,223,223,223],"floor_reached":34,"playtime":1798,"items_purged":["Strike_Lin:ReiMu","Defend_Lin:ReiMu"],"score":825,"play_id":"04ae2231-126a-472d-8e8d-d359fa86a084","local_time":"20210111104749","is_ascension_mode":true,"campfire_choices":[{"data":"CleanRite:ReiMu","floor":8.0,"key":"SMITH"},{"data":"KamiRite:ReiMu","floor":15.0,"key":"SMITH"},{"data":"YinYang:ReiMu","floor":24,"key":"SMITH"},{"data":"BlastKick2:ReiMu","floor":30,"key":"SMITH"},{"floor":32,"key":"DIG"}],"circlet_count":0,"master_deck":["AscendersBane","Strike_Lin:ReiMu","Strike_Lin:ReiMu","Defend_Lin:ReiMu","Defend_Lin:ReiMu","Defend_Lin:ReiMu","NB:ReiMu","Stagnation:ReiMu","AT_FamilyPortrait","Secret Technique","FantasyMoon:ReiMu","RainPray2:ReiMu","UpKicking:ReiMu","FoulBorder2:ReiMu","CleanRite:ReiMu+1","RainPray2:ReiMu","EmergencyTakeOff:ReiMu","SubAcupoint:ReiMu","SubAcupoint:ReiMu","KamiRite:ReiMu+1","YinYang:ReiMu+1","EmergencyTakeOff:ReiMu","BlastKick2:ReiMu+1","RainPray2:ReiMu","PrayRite:ReiMu","Revelation:ReiMu","PrayRite:ReiMu","PassingAway:ReiMu","SubAcupoint:ReiMu","KamiRite:ReiMu"],"relics":["FlyPower:ReiMu","testmod-TestBox","DaveBox","HushsDoor","AT_ATBox","REME_ComplimentaryCards","testmod-Mahjong","DianDianMeat","BookOfRevelations","SynthV:TestCard","LastBattle","Quantum Egg","aspiration:AnachronicSnailShell","AT_ArchangelStaff","REME_ChargedStone","alterego_mod:MasochisticConstitution","vexMod:MemoryStick","testmod-BouquetWithThorns","Prayer Wheel","Replay:Ringing Soul","Strawberry","SlaversCollar"],"acts_visited":["Gensokyo:Gensokyo","Gensokyo:Gensokyoer","Gensokyo:Gensokyoest"],"potions_floor_usage":[],"damage_taken":[{"damage":3.0,"enemies":"Gensokyo:2_Kodama","floor":1.0,"turns":2.0},{"damage":0.0,"enemies":"Gensokyo:Python","floor":2.0,"turns":4.0},{"damage":0.0,"enemies":"Gensokyo:3_Fairies","floor":3.0,"turns":6.0},{"damage":60.0,"enemies":"Gensokyo:Mamizou","floor":6.0,"turns":13.0},{"damage":8.0,"enemies":"Gensokyo:3_Kodama","floor":7.0,"turns":4.0},{"damage":0.0,"enemies":"Gensokyo:Cirno","floor":10.0,"turns":5.0},{"damage":4.0,"enemies":"Gensokyo:Gryphon_and_Rabbit","floor":12.0,"turns":6.0},{"damage":1.0,"enemies":"Gensokyo:Kitsune","floor":13.0,"turns":3.0},{"damage":0.0,"enemies":"Gensokyo:Mamizou","floor":14.0,"turns":9.0},{"damage":14.0,"enemies":"Gensokyo:Yukari","floor":16.0,"turns":5.0},{"damage":2.0,"enemies":"Gensokyo:Chomper","floor":18.0,"turns":4.0},{"damage":13.0,"enemies":"Gensokyo:AngelMirror","floor":21.0,"turns":5.0},{"damage":16,"enemies":"Gensokyo:Reisen","floor":23,"turns":5},{"damage":2,"enemies":"Gensokyo:Tenshi","floor":27,"turns":2},{"damage":8,"enemies":"Gensokyo:Swordslinger","floor":28,"turns":3},{"damage":0,"enemies":"Gensokyo:Koishi","floor":29,"turns":4},{"damage":10,"enemies":"Gensokyo:Mirror_and_Dog","floor":31,"turns":3},{"damage":33,"enemies":"Gensokyo:Eternal_Rivals","floor":33,"turns":9}],"seed_played":"-8409093683781194324","potions_obtained":[{"floor":7.0,"key":"Explosive Potion"},{"floor":12.0,"key":"SpeedPotion"},{"floor":13.0,"key":"LiquidFlight:ReiMu"},{"floor":14.0,"key":"Block Potion"},{"floor":27,"key":"PinkPotion:ReiMu"}],"is_trial":false,"path_per_floor":["M","M","M","?","$","E","M","R","T","E","?","M","M","E","R","B",null,"M","?","?","M","$","E","R","COS","T","E","M","E","R","M","R","B",null],"character_chosen":"REIMU","items_purchased":["UpKicking:ReiMu","FoulBorder2:ReiMu","BlastKick2:ReiMu"],"campfire_rested":0,"item_purchase_floors":[5,5,22],"current_hp_per_floor":[62,66,66,66,77,24,24,24,24,33,33,39,49,65,65,64,133,131,131,131,133,148,152,152,152,152,168,198,221,221,236,243,236,314,314],"gold":223,"neow_bonus":"HUNDRED_GOLD","is_daily":false,"chose_seed":false,"campfire_upgraded":4,"win_rate":0.0,"timestamp":1610333269,"path_taken":["M","M","M","?","$","E","M","R","T","E","?","M","M","E","R","BOSS","M","?","?","M","?","E","R","COS","T","E","M","E","R","M","R","BOSS"],"items_purchased_type":["Card","Card","Card"],"build_version":"2020-12-22","purchased_purges":2,"victory":false,"max_hp_per_floor":[71,75,75,75,86,93,101,101,101,110,110,120,131,143,143,156,156,156,156,156,171,186,203,203,203,203,221,259,282,282,307,314,340,340,340],"card_choices":[{"not_picked":["SpreadBorder2:ReiMu","FineLineFantasy:ReiMu"],"picked":"FantasyMoon:ReiMu","floor":1.0},{"not_picked":["Mountainwind:ReiMu","PrepareRite:ReiMu","Determination:ReiMu","EmergencyTakeOff:ReiMu"],"picked":"RainPray2:ReiMu","floor":2.0},{"not_picked":["Enchanting:ReiMu","PrepareRite:ReiMu","TightArray:ReiMu","Meditation:ReiMu","AlertArray:ReiMu"],"picked":"SKIP","floor":3.0},{"not_picked":["TakeOff:ReiMu","AirStrike:ReiMu","Gathering:ReiMu","FantasyMoon:ReiMu"],"picked":"CleanRite:ReiMu","floor":6.0},{"not_picked":["OrbThrow:ReiMu","SubcavityInstant:ReiMu","SpiritualOutbreak2:ReiMu","AlertArray:ReiMu"],"picked":"RainPray2:ReiMu","floor":7.0},{"not_picked":["Intuition:ReiMu","DependentForm:ReiMu","SpreadBorder2:ReiMu","InherentArray:ReiMu"],"picked":"EmergencyTakeOff:ReiMu","floor":10.0},{"not_picked":["Intuition:ReiMu","Crusade:ReiMu","Enchanting:ReiMu","SubcavityInstant:ReiMu"],"picked":"SubAcupoint:ReiMu","floor":12.0},{"not_picked":["CareerPray:ReiMu","TakeOff:ReiMu","EmergencyTakeOff:ReiMu","Intuition:ReiMu"],"picked":"SubAcupoint:ReiMu","floor":13.0},{"not_picked":["FantasyMoon:ReiMu","Revelation:ReiMu","PassingAway:ReiMu","Free:ReiMu"],"picked":"KamiRite:ReiMu","floor":14.0},{"not_picked":["KyokaiOfKami:ReiMu","Shading:ReiMu","SubcavityFantasy:ReiMu","OctopathSalyBorderN:ReiMu"],"picked":"YinYang:ReiMu","floor":16.0},{"not_picked":["PrepareRite:ReiMu","Dreaming2:ReiMu","Enchanting:ReiMu","Conquer:ReiMu","OrbThrow:ReiMu+1"],"picked":"SKIP","floor":18.0},{"not_picked":["InherentArray:ReiMu","SafetyPray:ReiMu","Intuition:ReiMu","Conquer:ReiMu"],"picked":"EmergencyTakeOff:ReiMu","floor":21.0},{"not_picked":["AirStrike:ReiMu","TightArray:ReiMu+1","SpringWay:ReiMu","ManaGlint:ReiMu"],"picked":"RainPray2:ReiMu","floor":23},{"not_picked":["TightArray:ReiMu+1","AirStrike:ReiMu","Intuition:ReiMu","SubcavityInstant:ReiMu+1"],"picked":"PrayRite:ReiMu","floor":27},{"not_picked":["SubcavityInstant:ReiMu","SpringWay:ReiMu","SafetyPray:ReiMu","OrbThrow:ReiMu"],"picked":"Revelation:ReiMu","floor":28},{"not_picked":["TightArray:ReiMu+1","InherentArray:ReiMu","ManaGlint:ReiMu","FoulBorder2:ReiMu"],"picked":"PrayRite:ReiMu","floor":28},{"not_picked":["FantasyBorder:ReiMu","SafetyPray:ReiMu","BarrageOfMoneybags:ReiMu+1","TightArray:ReiMu"],"picked":"PassingAway:ReiMu","floor":29},{"not_picked":["UniversalSpiritual:ReiMu","YinYang:ReiMu","Gathering:ReiMu","ManaGlint:ReiMu"],"picked":"SubAcupoint:ReiMu","floor":31},{"not_picked":["Amulet:ReiMu","WonderfulDomain:ReiMu+1","Enchanting:ReiMu","SubcavityInstant:ReiMu+1","CareerPray:ReiMu+1"],"picked":"SKIP","floor":31},{"not_picked":["DependentForm:ReiMu","Shading:ReiMu","SubcavityFantasy:ReiMu","Determination:ReiMu"],"picked":"KamiRite:ReiMu","floor":33}],"player_experience":316230,"relics_obtained":[{"floor":1.0,"key":"SynthV:TestCard"},{"floor":6.0,"key":"LastBattle"},{"floor":9.0,"key":"Quantum Egg"},{"floor":10.0,"key":"aspiration:AnachronicSnailShell"},{"floor":14.0,"key":"AT_ArchangelStaff"},{"floor":23,"key":"vexMod:MemoryStick"},{"floor":26,"key":"testmod-BouquetWithThorns"},{"floor":27,"key":"Prayer Wheel"},{"floor":29,"key":"Replay:Ringing Soul"},{"floor":32,"key":"Strawberry"}],"event_choices":[{"damage_healed":0.0,"max_hp_gain":0.0,"max_hp_loss":0.0,"gold_gain":0.0,"event_name":"conspire:Investor","player_choice":"Leave","floor":11.0,"gold_loss":0.0,"damage_taken":0.0},{"damage_healed":0.0,"max_hp_gain":0.0,"max_hp_loss":0.0,"gold_gain":0.0,"event_name":"给自己的盒子","player_choice":"Swap Relic","floor":19.0,"relics_lost":["aspiration:Nostalgia"],"gold_loss":0.0,"damage_taken":0.0,"relics_obtained":["aspiration:Nostalgia"]}],"is_beta":false,"boss_relics":[{"not_picked":["EE1DDrone","vexMod:FluxCapacitor"],"picked":"REME_ChargedStone"},{"not_picked":[]},{"not_picked":["testmod-CardMagician","Astrolabe"],"picked":"SlaversCollar"},{"not_picked":[]}],"items_purged_floors":[5,22],"is_endless":false,"potions_floor_spawned":[7,12,13,14,16,21,23,27,31],"ascension_level":13}}