{"host":"uv231blk40vjdojr","time":1610391435,"event":{"mods":["AchievementEnabler","BaseMod","Bestiary","Minty Spire (QoL Compilation)","Relic Stats"],"gold_per_floor":[117,192,212,63,82,82,82,98,98,109,119,131,31,65,65,164,164,177,177,52,67,67,99,114,114,137,137,164,181,192,208,208,208,208],"floor_reached":33,"playtime":1312,"items_purged":["Strike_R","Strike_R","Strike_R"],"score":316,"play_id":"570748cd-9b56-47ce-8146-398c3a3f746b","local_time":"20210111195715","is_ascension_mode":false,"campfire_choices":[{"data":"Bash","floor":7.0,"key":"SMITH"},{"data":"Demon Form","floor":15.0,"key":"SMITH"},{"data":"Dropkick","floor":27,"key":"SMITH"},{"floor":32,"key":"REST"}],"circlet_count":0,"master_deck":["Strike_R","Strike_R","Defend_R","Defend_R","Defend_R","Defend_R","Bash+1","Clumsy","Demon Form+1","Dropkick","Feed","Dropkick+1"],"relics":["Burning Blood","Lantern","Kunai","Bag of Preparation","Busted Crown","Red Skull","Bronze Scales","Tiny Chest"],"acts_visited":["Exordium","TheCity"],"potions_floor_usage":[16,23,33,33],"damage_taken":[{"damage":12.0,"enemies":"Small Slimes","floor":1.0,"turns":6.0},{"damage":6.0,"enemies":"Jaw Worm","floor":3.0,"turns":5.0},{"damage":1.0,"enemies":"Cultist","floor":5.0,"turns":4.0},{"damage":21.0,"enemies":"Lots of Slimes","floor":8.0,"turns":4.0},{"damage":7.0,"enemies":"2 Fungi Beasts","floor":10.0,"turns":3.0},{"damage":0.0,"enemies":"Large Slime","floor":11.0,"turns":4.0},{"damage":12.0,"enemies":"Gremlin Gang","floor":12.0,"turns":5.0},{"damage":21.0,"enemies":"Lagavulin","floor":14.0,"turns":6.0},{"damage":20,"enemies":"Slime Boss","floor":16,"turns":9},{"damage":23,"enemies":"Spheric Guardian","floor":18,"turns":5},{"damage":4,"enemies":"Shell Parasite","floor":21,"turns":3},{"damage":5,"enemies":"Gremlin Leader","floor":23,"turns":4},{"damage":27,"enemies":"Shelled Parasite and Fungi","floor":24,"turns":6},{"damage":39,"enemies":"Book of Stabbing","floor":28,"turns":5},{"damage":8,"enemies":"Centurion and Healer","floor":29,"turns":4},{"damage":2,"enemies":"Snecko","floor":30,"turns":3},{"damage":12,"enemies":"3 Cultists","floor":31,"turns":5},{"damage":60,"enemies":"Automaton","floor":33,"turns":6}],"seed_played":"8846928065241634541","potions_obtained":[{"floor":5.0,"key":"DistilledChaos"},{"floor":11.0,"key":"ColorlessPotion"},{"floor":14.0,"key":"FearPotion"},{"floor":18,"key":"Block Potion"},{"floor":23,"key":"PowerPotion"},{"floor":24,"key":"EssenceOfSteel"},{"floor":28,"key":"DuplicationPotion"}],"is_trial":false,"path_per_floor":["M","?","M","$","M","?","R","M","T","M","M","M","$","E","R","B",null,"M","?","$","M","$","E","M","$","T","R","E","M","M","M","R","B"],"character_chosen":"IRONCLAD","items_purchased":["Dropkick"],"campfire_rested":1,"item_purchase_floors":[4],"current_hp_per_floor":[74,63,63,63,68,56,56,41,41,40,46,40,40,25,25,14,83,69,69,69,74,74,78,60,60,60,60,27,28,35,29,59,0,0],"gold":208,"neow_bonus":"THREE_RARE_CARDS","is_daily":false,"chose_seed":false,"campfire_upgraded":3,"win_rate":0.0,"timestamp":1610391435,"path_taken":["M","?","M","$","M","?","R","M","T","M","M","M","$","E","R","BOSS","M","?","$","?","?","E","M","$","T","R","E","M","M","M","R","BOSS"],"items_purchased_type":["Card"],"build_version":"2020-12-22","purchased_purges":3,"victory":false,"max_hp_per_floor":[80,80,80,80,80,80,80,80,80,80,80,80,80,80,80,83,83,86,86,86,89,89,92,95,95,95,95,95,98,101,101,101,101,101],"relic_stats":{"Busted Crown":16,"counters":[18,87],"Bronze Scales":[75],"Tiny Chest":0,"Bag of Preparation":[20],"Kunai":[18],"obtain_stats":[{"Lantern":6,"Busted Crown":17,"Bronze Scales":26,"Tiny Chest":28,"Bag of Preparation":14,"Kunai":9,"Burning Blood":0,"Red Skull":23},{"Lantern":3,"Busted Crown":9,"Bronze Scales":13,"Tiny Chest":14,"Bag of Preparation":8,"Kunai":4,"Burning Blood":0,"Red Skull":12},{"Lantern":15,"Busted Crown":46,"Bronze Scales":64,"Tiny Chest":69,"Bag of Preparation":37,"Kunai":19,"Burning Blood":0,"Red Skull":58}],"Burning Blood":102},"card_choices":[{"not_picked":["Berserk","Bludgeon"],"picked":"Demon Form","floor":0.0},{"not_picked":["Perfected Strike","Pommel Strike","Headbutt"],"picked":"SKIP","floor":1.0},{"not_picked":["Perfected Strike","Sword Boomerang","Sever Soul"],"picked":"SKIP","floor":3.0},{"not_picked":["Clash","Armaments","Wild Strike"],"picked":"SKIP","floor":5.0},{"not_picked":["Thunderclap","Twin Strike","Headbutt"],"picked":"SKIP","floor":8.0},{"not_picked":["Ghostly Armor","Rupture","Burning Pact"],"picked":"SKIP","floor":10.0},{"not_picked":["True Grit","Clothesline","Disarm"],"picked":"SKIP","floor":11.0},{"not_picked":["Wild Strike","Havoc","Cleave"],"picked":"SKIP","floor":12.0},{"not_picked":["Iron Wave","Feel No Pain"],"picked":"Feed","floor":14.0},{"not_picked":["Warcry"],"picked":"SKIP","floor":18},{"not_picked":["Bloodletting"],"picked":"SKIP","floor":21},{"not_picked":["Twin Strike"],"picked":"SKIP","floor":23},{"not_picked":["Rupture"],"picked":"SKIP","floor":24},{"not_picked":["Body Slam"],"picked":"SKIP","floor":28},{"not_picked":["Armaments+1"],"picked":"SKIP","floor":29},{"not_picked":["Power Through"],"picked":"SKIP","floor":30},{"not_picked":["Rage"],"picked":"SKIP","floor":31}],"player_experience":662524,"relics_obtained":[{"floor":9.0,"key":"Kunai"},{"floor":14.0,"key":"Bag of Preparation"},{"floor":23,"key":"Red Skull"},{"floor":26,"key":"Bronze Scales"},{"floor":28,"key":"Tiny Chest"}],"event_choices":[{"damage_healed":0.0,"max_hp_gain":0.0,"max_hp_loss":0.0,"gold_gain":75.0,"event_name":"World of Goop","player_choice":"Gather Gold","floor":2.0,"gold_loss":0.0,"damage_taken":11.0},{"damage_healed":0.0,"max_hp_gain":0.0,"max_hp_loss":0.0,"gold_gain":0.0,"event_name":"Scrap Ooze","player_choice":"Success","floor":6.0,"gold_loss":0.0,"damage_taken":12.0,"relics_obtained":["Lantern"]},{"damage_healed":0,"gold_gain":0,"player_choice":"Copied","damage_taken":0,"max_hp_gain":0,"max_hp_loss":0,"event_name":"Duplicator","floor":19,"gold_loss":0,"cards_obtained":["Dropkick"]}],"is_beta":false,"boss_relics":[{"not_picked":["Mark of Pain","Cursed Key"],"picked":"Busted Crown"}],"items_purged_floors":[4,13,20],"is_endless":false,"potions_floor_spawned":[5,11,14,18,23,24,28],"killed_by":"Automaton","ascension_level":0}}