{"host":"y193d0agu1dp5x1y","time":1610343274,"event":{"mods":["BaseMod","Googly Eyes","Minty Spire (QoL Compilation)"],"gold_per_floor":[117,117,127,144,161,192,19,19,19,19,19,19,19,33,33,154,154,169,184,184,205,205,205,229,229,284,409,359,57,82,107,107,107,107],"floor_reached":33,"playtime":1674,"items_purged":["Survivor"],"score":247,"play_id":"8cbeeaed-096d-4e33-99e2-19e6e485db98","local_time":"20210110233434","is_ascension_mode":false,"campfire_choices":[{"data":"Terror","floor":8,"key":"SMITH"},{"floor":11,"key":"REST"},{"data":"A Thousand Cuts","floor":12,"key":"SMITH"},{"data":"Endless Agony","floor":13,"key":"SMITH"},{"data":"Endless Agony","floor":15,"key":"SMITH"},{"data":"Defend_G","floor":23,"key":"SMITH"},{"floor":25,"key":"REST"},{"floor":32,"key":"REST"}],"circlet_count":0,"master_deck":["Strike_G","Strike_G","Strike_G","Strike_G","Strike_G","Defend_G","Defend_G","Defend_G","Defend_G","Defend_G+1","Neutralize","Endless Agony+1","Endless Agony+1","Terror+1","A Thousand Cuts+1","Deadly Poison","Dramatic Entrance","Acrobatics","Corpse Explosion","Dodge and Roll+1","Deflect","Quick Slash+1","Slice+1","Terror"],"relics":["Ring of the Snake","Boot","FaceOfCleric","Bottled Flame","WingedGreaves","Golden Idol","Runic Pyramid","Enchiridion","Centennial Puzzle","Lizard Tail","Darkstone Periapt","Bronze Scales","Sling"],"acts_visited":["Exordium","TheCity"],"potions_floor_usage":[3,31],"damage_taken":[{"damage":0,"enemies":"2 Louse","floor":1,"turns":5},{"damage":0,"enemies":"Cultist","floor":3,"turns":2},{"damage":0,"enemies":"Jaw Worm","floor":4,"turns":2},{"damage":0,"enemies":"3 Louse","floor":5,"turns":3},{"damage":31,"enemies":"Gremlin Nob","floor":6,"turns":5},{"damage":0,"enemies":"2 Fungi Beasts","floor":14,"turns":2},{"damage":58,"enemies":"The Guardian","floor":16,"turns":11},{"damage":1,"enemies":"3 Byrds","floor":18,"turns":4},{"damage":12,"enemies":"2 Thieves","floor":19,"turns":2},{"damage":9,"enemies":"Cultist and Chosen","floor":21,"turns":4},{"damage":25,"enemies":"Snake Plant","floor":24,"turns":3},{"damage":0,"enemies":"Colosseum Slavers","floor":27,"turns":1},{"damage":6,"enemies":"Colosseum Nobs","floor":27,"turns":3},{"damage":16,"enemies":"Centurion and Healer","floor":30,"turns":2},{"damage":27,"enemies":"Cultist and Chosen","floor":31,"turns":4},{"damage":77,"enemies":"Collector","floor":33,"turns":7}],"seed_played":"-2560489228203086827","potions_obtained":[{"floor":1,"key":"DuplicationPotion"},{"floor":6,"key":"Weak Potion"},{"floor":14,"key":"ColorlessPotion"},{"floor":19,"key":"BlessingOfTheForge"}],"is_trial":false,"path_per_floor":["M","?","M","M","M","E","$","R","T","?","R","R","R","M","R","B",null,"M","M","?","M","?","R","M","R","T","?","?","$","M","M","R","B"],"character_chosen":"THE_SILENT","items_purchased":["Dramatic Entrance","Bronze Scales","Sling"],"campfire_rested":3,"item_purchase_floors":[7,29,29],"current_hp_per_floor":[70,70,71,72,73,43,43,43,43,43,65,65,65,66,66,9,76,76,65,49,41,41,41,17,41,41,37,37,37,22,42,67,0,0],"gold":107,"neow_bonus":"RANDOM_COMMON_RELIC","is_daily":false,"chose_seed":false,"campfire_upgraded":5,"win_rate":0.0,"timestamp":1610343274,"path_taken":["M","?","M","?","?","E","$","R","T","?","R","R","R","M","R","BOSS","M","M","?","M","?","R","?","R","T","?","?","$","?","M","R","BOSS"],"items_purchased_type":["Card","Relic","Relic"],"build_version":"2020-12-22","purchased_purges":1,"victory":false,"max_hp_per_floor":[70,70,71,72,73,74,74,74,74,74,74,74,74,75,75,76,76,77,78,78,79,79,79,80,80,80,82,82,82,83,84,84,84,84],"card_choices":[{"not_picked":["Underhanded Strike","Quick Slash"],"picked":"Endless Agony","floor":1},{"not_picked":["Poisoned Stab","Calculated Gamble"],"picked":"Endless Agony","floor":3},{"not_picked":["Underhanded Strike","Outmaneuver"],"picked":"Terror","floor":4},{"not_picked":["Endless Agony","PiercingWail"],"picked":"A Thousand Cuts","floor":5},{"not_picked":["Predator","Expertise"],"picked":"Deadly Poison","floor":6},{"not_picked":["Underhanded Strike","Predator"],"picked":"Acrobatics","floor":14},{"not_picked":["Storm of Steel","Doppelganger"],"picked":"Corpse Explosion","floor":16},{"not_picked":["Prepared","Choke","Predator"],"picked":"SKIP","floor":18},{"not_picked":["Heel Hook","Backflip"],"picked":"Dodge and Roll+1","floor":19},{"not_picked":["Dodge and Roll","Poisoned Stab+1","Cloak And Dagger"],"picked":"SKIP","floor":21},{"not_picked":["Escape Plan","Dodge and Roll+1"],"picked":"Deflect","floor":24},{"not_picked":["Dash","Deadly Poison"],"picked":"Quick Slash+1","floor":27},{"not_picked":["Tactician","Quick Slash"],"picked":"Slice+1","floor":30},{"not_picked":["Accuracy","Deadly Poison"],"picked":"Terror","floor":31}],"player_experience":57912,"relics_obtained":[{"floor":6,"key":"Bottled Flame"},{"floor":9,"key":"WingedGreaves"},{"floor":20,"key":"Enchiridion"},{"floor":26,"key":"Centennial Puzzle"},{"floor":27,"key":"Lizard Tail"},{"floor":27,"key":"Darkstone Periapt"}],"event_choices":[{"damage_healed":0,"gold_gain":0,"player_choice":"Trade","damage_taken":0,"relics_obtained":["FaceOfCleric"],"max_hp_gain":0,"max_hp_loss":0,"event_name":"FaceTrader","floor":2,"gold_loss":0},{"damage_healed":0,"gold_gain":0,"player_choice":"Take Wound","damage_taken":0,"relics_obtained":["Golden Idol"],"max_hp_gain":0,"max_hp_loss":0,"event_name":"Golden Idol","floor":10,"gold_loss":0,"cards_obtained":["Injury"]},{"damage_healed":0,"gold_gain":0,"player_choice":"Obtained Book","damage_taken":16,"max_hp_gain":0,"max_hp_loss":0,"event_name":"Cursed Tome","floor":20,"gold_loss":0},{"cards_removed":["Injury"],"damage_healed":0,"gold_gain":0,"player_choice":"Elegance","damage_taken":0,"max_hp_gain":0,"max_hp_loss":0,"event_name":"Back to Basics","floor":22,"gold_loss":0},{"damage_healed":0,"gold_gain":0,"player_choice":"Fight","damage_taken":0,"max_hp_gain":0,"max_hp_loss":0,"event_name":"Colosseum","floor":27,"gold_loss":0},{"damage_healed":0,"gold_gain":0,"player_choice":"Fought Nobs","damage_taken":0,"max_hp_gain":0,"max_hp_loss":0,"event_name":"Colosseum","floor":27,"gold_loss":0},{"damage_healed":0,"gold_gain":0,"player_choice":"Bet on Murderer","damage_taken":0,"max_hp_gain":0,"max_hp_loss":0,"event_name":"The Joust","floor":28,"gold_loss":50}],"is_beta":false,"boss_relics":[{"not_picked":["HoveringKite","Ring of the Serpent"],"picked":"Runic Pyramid"}],"items_purged_floors":[7],"is_endless":false,"potions_floor_spawned":[1,6,14,19,27,30],"killed_by":"Collector","ascension_level":0}}