{"host":"b0l902yh1rk3g5bq","time":1610361734,"event":{"mods":["AchievementEnabler","Act Like it!","Aspiration","BaseMod","Better Match","Better Sensory Stone","Better Skull","Better Third Choice","BetterRewards","Challenge The Spire","Colored Map","Colored Powertips","Conspire","Downfall","Energized Spire","GifTheSpireLib","Halation","Hubris","Infinite Spire","Minty Spire (QoL Compilation)","Quick Restart","Rare Cards Sparkle","Replay The Spire","StSLib","Stuff the Spire","Trackpad","Virulent Crown","Wandering Minibosses","egg","everything is the same but u backflip on backflip","vexMod"],"gold_per_floor":[116,39,39,39,64,64,64],"floor_reached":6,"playtime":160,"items_purged":[],"score":36,"play_id":"11db2706-097d-4689-898b-a30ea2090af6","local_time":"20210111114214","daily_mods":["Draft","Heirloom","Flight","DeadlyEvents","Elite Swarm"],"is_ascension_mode":true,"campfire_choices":[],"circlet_count":0,"master_deck":["Leap","Rebound","ReplayGash","Conserve Battery","Cold Snap","Compile Driver","Coolheaded","Sweeping Beam","Coolheaded","Conserve Battery","Cold Snap","Streamline","Sweeping Beam","Coolheaded","StuffTheSpire:Snapshot+1","FIFO Queue","Undo"],"relics":["Cracked Core","halation:OrihimeAndHikoboshiSamaAndTears","Golden Idol"],"acts_visited":["Exordium"],"potions_floor_usage":[],"damage_taken":[{"damage":2,"enemies":"Small Slimes","floor":1,"turns":5},{"damage":0,"enemies":"2 Louse","floor":5,"turns":2},{"damage":0,"enemies":"Gremlin Nob","floor":6,"turns":1}],"seed_played":"-3626698119817359759","potions_obtained":[{"floor":1,"key":"LifebloodPotion"},{"floor":5,"key":"SkillPotion"}],"is_trial":true,"path_per_floor":["M","$","?","?","M","E"],"character_chosen":"DEFECT","items_purchased":["FIFO Queue"],"campfire_rested":0,"item_purchase_floors":[2],"current_hp_per_floor":[73,73,55,55,55,55,55],"gold":64,"neow_bonus":"","is_daily":false,"chose_seed":false,"campfire_upgraded":0,"win_rate":0.0,"timestamp":1610361734,"path_taken":["M","$","?","?","?","E"],"items_purchased_type":["Card"],"build_version":"2020-12-22","purchased_purges":0,"victory":false,"max_hp_per_floor":[75,75,75,75,75,75,75],"card_choices":[{"not_picked":["Coolheaded","BasicCrystalCard"],"picked":"Leap","floor":0},{"not_picked":["Beam Cell","ReplayTheSpireMod:Repulse"],"picked":"Rebound","floor":0},{"not_picked":["Redo","Ball Lightning"],"picked":"ReplayGash","floor":0},{"not_picked":["StuffTheSpire:Plugnplay","Hologram"],"picked":"Conserve Battery","floor":0},{"not_picked":["Streamline","Leap"],"picked":"Cold Snap","floor":0},{"not_picked":["Static Discharge","StuffTheSpire:ShieldGenerator"],"picked":"StuffTheSpire:SnapShoot","floor":0},{"not_picked":["StuffTheSpire:LoadUp","Panic Button"],"picked":"Compile Driver","floor":0},{"not_picked":["Steam","conspire:SharedLibrary"],"picked":"Coolheaded","floor":0},{"not_picked":["Steam","Storm"],"picked":"Sweeping Beam","floor":0},{"not_picked":["Streamline","Go for the Eyes"],"picked":"Coolheaded","floor":0},{"not_picked":["Turbo","Redo"],"picked":"Conserve Battery","floor":0},{"not_picked":["hubris:PowerSurge","Storm"],"picked":"Cold Snap","floor":0},{"not_picked":["Consume","Compile Driver"],"picked":"Streamline","floor":0},{"not_picked":["StuffTheSpire:SnapShoot","Stack"],"picked":"Sweeping Beam","floor":0},{"not_picked":["StuffTheSpire:Coldhearted","Panic Button"],"picked":"Coolheaded","floor":0},{"not_picked":["Barrage","Redo","Heatsinks"],"picked":"SKIP","floor":1},{"not_picked":["Ball Lightning","Leap"],"picked":"Undo","floor":5}],"player_experience":639582,"relics_obtained":[],"event_choices":[{"damage_healed":0,"gold_gain":0,"player_choice":"Take Damage","damage_taken":18,"relics_obtained":["Golden Idol"],"max_hp_gain":0,"max_hp_loss":0,"event_name":"Golden Idol","floor":3,"gold_loss":0},{"damage_healed":0,"gold_gain":0,"player_choice":"Upgraded","damage_taken":0,"max_hp_gain":0,"max_hp_loss":0,"event_name":"Upgrade Shrine","floor":4,"gold_loss":0,"cards_upgraded":["StuffTheSpire:Snapshot"]}],"is_beta":false,"boss_relics":[],"items_purged_floors":[],"is_endless":false,"potions_floor_spawned":[1,5],"killed_by":"Gremlin Nob","ascension_level":1}}