{"host":"Rich","time":1610380354,"event":{"mods":["AchievementEnabler","BaseMod","Highlight Path","Minty Spire (QoL Compilation)","Relic Stats"],"gold_per_floor":[112,112,182,199,124,155,220,220,220],"floor_reached":8,"playtime":306,"items_purged":["Strike_B"],"score":116,"play_id":"e4f1a210-5bfb-40ee-9b59-393d149959c1","local_time":"20210111105234","is_ascension_mode":true,"campfire_choices":[],"circlet_count":0,"master_deck":["AscendersBane","Strike_B","Strike_B","Strike_B","Defend_B","Defend_B","Defend_B","Defend_B","Zap","Dualcast","Cold Snap","Beam Cell","Defragment","Coolheaded","Electrodynamics","Conserve Battery"],"relics":["Cracked Core","NeowsBlessing","SsserpentHead","The Courier"],"acts_visited":["Exordium"],"potions_floor_usage":[7],"damage_taken":[{"damage":0,"enemies":"Cultist","floor":1,"turns":1},{"damage":0,"enemies":"Jaw Worm","floor":3,"turns":1},{"damage":0,"enemies":"Small Slimes","floor":4,"turns":1},{"damage":21,"enemies":"3 Sentries","floor":6,"turns":16},{"damage":14,"enemies":"Exordium Thugs","floor":7,"turns":3},{"damage":41,"enemies":"Gremlin Nob","floor":8,"turns":4}],"seed_played":"6180477722112091989","potions_obtained":[{"floor":6,"key":"LiquidMemories"}],"is_trial":false,"path_per_floor":["M","?","M","M","$","E","M","E"],"character_chosen":"DEFECT","items_purchased":["Coolheaded"],"campfire_rested":0,"item_purchase_floors":[5],"current_hp_per_floor":[64,64,64,64,64,43,29,0,0],"gold":220,"neow_bonus":"THREE_ENEMY_KILL","is_daily":false,"chose_seed":false,"campfire_upgraded":0,"win_rate":0.0,"timestamp":1610380354,"path_taken":["M","?","?","M","?","E","?","E"],"items_purchased_type":["Card"],"build_version":"2020-12-18","purchased_purges":1,"victory":false,"max_hp_per_floor":[71,71,71,71,71,71,71,71,71],"relic_stats":{"SsserpentHead":150,"counters":[6,26],"obtain_stats":[{"SsserpentHead":2,"NeowsBlessing":0,"The Courier":6,"Cracked Core":0},{"SsserpentHead":1,"NeowsBlessing":0,"The Courier":4,"Cracked Core":0},{"SsserpentHead":1,"NeowsBlessing":0,"The Courier":19,"Cracked Core":0}]},"card_choices":[{"not_picked":["Hologram","Barrage"],"picked":"Cold Snap","floor":1},{"not_picked":["Blizzard","Scrape"],"picked":"Beam Cell","floor":3},{"not_picked":["Beam Cell","Heatsinks"],"picked":"Defragment","floor":4},{"not_picked":["Streamline","Static Discharge"],"picked":"Electrodynamics","floor":6},{"not_picked":["Barrage","FTL"],"picked":"Conserve Battery","floor":7}],"player_experience":1981063,"relics_obtained":[{"floor":6,"key":"The Courier"}],"event_choices":[{"damage_healed":0,"gold_gain":0,"player_choice":"Trade","damage_taken":0,"relics_obtained":["SsserpentHead"],"max_hp_gain":0,"max_hp_loss":0,"event_name":"FaceTrader","floor":2,"gold_loss":0}],"is_beta":true,"boss_relics":[],"items_purged_floors":[5],"is_endless":false,"potions_floor_spawned":[6],"killed_by":"Gremlin Nob","ascension_level":20}}