{"host":"ojme7g6xlqwffsso","time":1610379428,"event":{"mods":["Act Like it!","BaseMod","Downfall","Hermit","MarisaÅiñ∂âJÅ@ñÇóùçπÅj","Minty Spire (QoL Compilation)","Replay The Spire","Shade Mod","Shop Mod","StSLib","The Alterego","The Cursed","Yuri Mod"],"gold_per_floor":[118,206,217,217,230,257,257,271,271,271,304,304,337,347,347,443,443,456,456,456,472,55,81,81,114,114,148,73,73,87,105,105,203,203,216,216,36,48,65,65,65],"floor_reached":40,"playtime":1547,"items_purged":[],"score":863,"play_id":"a1b309ab-758e-45f4-855a-c31e23a824f6","local_time":"20210112003708","is_ascension_mode":true,"campfire_choices":[{"data":"TheCursedMod:CircleOfWindfury","floor":7.0,"key":"SMITH"},{"data":"TheCursedMod:CleanUpWorkshop","floor":10.0,"key":"SMITH"},{"data":"TheCursedMod:CursedWand","floor":12.0,"key":"SMITH"},{"data":"TheCursedMod:SpitefulPlan","floor":15.0,"key":"SMITH"},{"data":"TheCursedMod:CircleOfAbyss","floor":24,"key":"SMITH"}],"circlet_count":0,"master_deck":["TheCursedMod:CursedWand+1","TheCursedMod:CleanUpWorkshop+1","TheCursedMod:CursedShiv","TheCursedMod:Wield","TheCursedMod:ManaBullet+1","TheCursedMod:CircleOfFlame","TheCursedMod:CircleOfWindfury+1","TheCursedMod:CircleOfCorruption+1","TheCursedMod:CircleOfAbyss+1","Finesse","TheCursedMod:SpitefulPray","TheCursedMod:CircleOfCorruption","TheCursedMod:CursedBoomerang","TheCursedMod:SpitefulPlan+1","TheCursedMod:Stretching","TheCursedMod:SpitefulStrike","TheCursedMod:RapidMovement","TheCursedMod:EmpowerCircles","TheCursedMod:ReleasedKnowledge","TheCursedMod:SurpriseAttack+1","TheCursedMod:TroublousMinions","Madness","Madness","TheCursedMod:CursedShiv+1","TheCursedMod:Evocation","TheCursedMod:Wield+1"],"relics":["TheCursedMod:MagicCandle","Oddly Smooth Stone","Nunchaku","yuri:PortableGlitches","Runic Dome","Ice Cream","MerchantsRug","Molten Egg 2","Blood Vial","TheCursedMod:DemonicMark","Pondfish Scales","Calipers","Coffee Dripper","TheCursedMod:Tack"],"acts_visited":["Exordium","TheCity","TheBeyond"],"potions_floor_usage":[25,27,31],"damage_taken":[{"damage":0.0,"enemies":"Jaw Worm","floor":1.0,"turns":2.0},{"damage":0.0,"enemies":"Small Slimes","floor":3.0,"turns":1.0},{"damage":4.0,"enemies":"Cultist","floor":5.0,"turns":3.0},{"damage":0.0,"enemies":"Replay:BlueRogue","floor":6.0,"turns":1.0},{"damage":0.0,"enemies":"Looter","floor":8.0,"turns":1.0},{"damage":0.0,"enemies":"Gremlin Nob","floor":11.0,"turns":4.0},{"damage":11.0,"enemies":"Lagavulin","floor":13.0,"turns":3.0},{"damage":0.0,"enemies":"Exordium Wildlife","floor":14.0,"turns":2.0},{"damage":0.0,"enemies":"Slime Boss","floor":16.0,"turns":6.0},{"damage":0.0,"enemies":"3 Byrds","floor":18.0,"turns":2.0},{"damage":14.0,"enemies":"2 Thieves","floor":21.0,"turns":3.0},{"damage":0,"enemies":"Replay:Snechameleon","floor":23,"turns":3},{"damage":27,"enemies":"Book of Stabbing","floor":25,"turns":4},{"damage":25,"enemies":"Gremlin Leader","floor":27,"turns":4},{"damage":0,"enemies":"Centurion and Healer","floor":30,"turns":2},{"damage":5,"enemies":"Shelled Parasite and Fungi","floor":31,"turns":3},{"damage":0,"enemies":"Automaton","floor":33,"turns":2},{"damage":0,"enemies":"Orb Walker","floor":35,"turns":1},{"damage":12,"enemies":"3 Darklings","floor":38,"turns":4},{"damage":31,"enemies":"Jaw Worm Horde","floor":39,"turns":4},{"damage":55,"enemies":"Nemesis","floor":40,"turns":4}],"seed_played":"-6969540830156585075","potions_obtained":[{"floor":0.0,"key":"LifebloodPotion"},{"floor":0.0,"key":"LiquidBronze"},{"floor":0.0,"key":"Fire Potion"},{"floor":1.0,"key":"Adrenaline Potion"},{"floor":6.0,"key":"Flashbang"},{"floor":13.0,"key":"Weak Potion"},{"floor":18.0,"key":"DuplicationPotion"},{"floor":23,"key":"AttackPotion"},{"floor":25,"key":"Block Potion"},{"floor":27,"key":"Weak Potion"}],"is_trial":false,"path_per_floor":["M","?","M","?","M","E","R","M","T","R","E","R","E","M","R","B",null,"M","?","?","M","$","E","R","E","T","E","$","?","M","M","R","B",null,"M","?","$","M","M","E"],"character_chosen":"THE_CURSED","items_purchased":["Ice Cream","MerchantsRug","TheCursedMod:EmpowerCircles","TheCursedMod:CursedShiv+1","TheCursedMod:Tack"],"campfire_rested":0,"item_purchase_floors":[22,22,28,37,37],"current_hp_per_floor":[68,50,50,50,46,46,46,46,46,46,46,46,49,49,49,49,79,79,79,89,75,75,75,75,48,48,25,25,25,27,24,50,52,80,82,71,71,61,32,0,0],"gold":65,"neow_bonus":"THREE_SMALL_POTIONS","is_daily":false,"chose_seed":false,"campfire_upgraded":5,"win_rate":0.0,"timestamp":1610379428,"path_taken":["M","?","M","?","M","E","R","M","T","R","E","R","E","M","R","BOSS","M","?","?","?","$","E","R","E","T","E","$","?","M","M","R","BOSS","M","?","$","M","M","E"],"items_purchased_type":["Relic","Relic","Card","Card","Relic"],"build_version":"2020-12-22","purchased_purges":0,"victory":false,"max_hp_per_floor":[75,75,75,75,75,75,75,75,75,75,75,75,89,89,89,89,89,89,89,89,89,89,89,89,89,89,89,89,89,89,89,89,89,89,89,89,89,89,89,89,89],"card_choices":[{"not_picked":["TheCursedMod:SpitefulStrike","TheCursedMod:SmokeScreen"],"picked":"TheCursedMod:SpitefulPray","floor":1.0},{"not_picked":["TheCursedMod:HellsGateOpen","TheCursedMod:CircleOfFocus"],"picked":"TheCursedMod:AshesToAshes","floor":2.0},{"not_picked":["TheCursedMod:WearCloak","TheCursedMod:FleshFromBone"],"picked":"TheCursedMod:CircleOfCorruption","floor":3.0},{"not_picked":["TheCursedMod:CircleOfCorruption","TheCursedMod:Obscuration","TheCursedMod:CursedBoomerang"],"picked":"SKIP","floor":5.0},{"not_picked":["TheCursedMod:CircleOfCorruption","TheCursedMod:Obscuration"],"picked":"TheCursedMod:CursedBoomerang","floor":5.0},{"not_picked":["TheCursedMod:LuckyCharm","TheCursedMod:CircleOfFlame"],"picked":"TheCursedMod:SpitefulPlan","floor":6.0},{"not_picked":["TheCursedMod:SmokeScreen","TheCursedMod:FleshFromBone"],"picked":"TheCursedMod:WearCloak","floor":8.0},{"not_picked":["TheCursedMod:SoulReap","TheCursedMod:BloodBarrier","TheCursedMod:CursedRelics"],"picked":"SKIP","floor":11.0},{"not_picked":["TheCursedMod:SpitefulStrike","TheCursedMod:DoubleShield"],"picked":"TheCursedMod:Stretching","floor":13.0},{"not_picked":["TheCursedMod:SpitefulStrike","TheCursedMod:Torture","TheCursedMod:SpitefulPray"],"picked":"SKIP","floor":14.0},{"not_picked":["TheCursedMod:RavingStaff+1","TheCursedMod:DoubleShield+1","TheCursedMod:SpitefulStrike"],"picked":"SKIP","floor":18.0},{"not_picked":["TheCursedMod:RavingStaff+1","TheCursedMod:DoubleShield+1"],"picked":"TheCursedMod:SpitefulStrike","floor":18.0},{"not_picked":["TheCursedMod:Evocation","TheCursedMod:CursedBlade+1","TheCursedMod:SpreadPlague"],"picked":"SKIP","floor":21.0},{"not_picked":["TheCursedMod:SaltUponWound+1","TheCursedMod:CircleOfCorruption","TheCursedMod:CursedAmulet"],"picked":"SKIP","floor":23},{"not_picked":["TheCursedMod:CursedBoomerang+1","TheCursedMod:CursedAmulet+1","TheCursedMod:DoubleShield"],"picked":"SKIP","floor":25},{"not_picked":["TheCursedMod:Stretching+1","TheCursedMod:CursedBlade+1"],"picked":"TheCursedMod:RapidMovement","floor":27},{"not_picked":["TheCursedMod:SpitefulPray+1","TheCursedMod:CircleOfFlame"],"picked":"TheCursedMod:ReleasedKnowledge","floor":30},{"not_picked":["TheCursedMod:Neurasthenia","TheCursedMod:Stretching"],"picked":"TheCursedMod:SurpriseAttack+1","floor":31},{"not_picked":["TheCursedMod:Stigma+1","TheCursedMod:RavingStaff+1"],"picked":"TheCursedMod:TroublousMinions","floor":35},{"not_picked":["TheCursedMod:Obscuration+1","TheCursedMod:CursedAmulet"],"picked":"TheCursedMod:Evocation","floor":38},{"not_picked":["TheCursedMod:WearCloak","TheCursedMod:Torture"],"picked":"TheCursedMod:Wield+1","floor":39}],"player_experience":923540,"relics_obtained":[{"floor":6.0,"key":"Oddly Smooth Stone"},{"floor":9.0,"key":"Nunchaku"},{"floor":11.0,"key":"yuri:PortableGlitches"},{"floor":13.0,"key":"Mango"},{"floor":23,"key":"Molten Egg 2"},{"floor":25,"key":"Blood Vial"},{"floor":26,"key":"TheCursedMod:DemonicMark"},{"floor":27,"key":"Pondfish Scales"}],"event_choices":[{"cards_removed":["TheCursedMod:WearCloak"],"damage_healed":0.0,"max_hp_gain":0.0,"max_hp_loss":0.0,"gold_gain":0.0,"event_name":"Back to Basics","player_choice":"Elegance","floor":19.0,"gold_loss":0.0,"damage_taken":0.0},{"cards_removed":["TheCursedMod:AshesToAshes"],"damage_healed":10.0,"max_hp_gain":0.0,"max_hp_loss":0.0,"gold_gain":0.0,"event_name":"Bonfire Elementals","player_choice":"Offered Uncommon","floor":20.0,"gold_loss":0.0,"damage_taken":0.0},{"damage_healed":0,"gold_gain":0,"player_choice":"Embrace Madness","damage_taken":11,"max_hp_gain":0,"max_hp_loss":0,"event_name":"Winding Halls","floor":36,"gold_loss":0,"cards_obtained":["Madness","Madness"]}],"is_beta":false,"boss_relics":[{"not_picked":["Busted Crown","Snecko Eye"],"picked":"Runic Dome"},{"not_picked":["Kintsugi","Velvet Choker"],"picked":"Coffee Dripper"}],"items_purged_floors":[],"is_endless":false,"potions_floor_spawned":[1,6,13,18,23,25,27],"killed_by":"Nemesis","ascension_level":6}}