{"host":"126yiuos2nq86se7","time":1610351916,"event":{"mods":["AchievementEnabler","Act Like it!","BaseMod","Colored Map","Colored Powertips","Downfall","Friendly Minions","Halation","Highlight Path","Jorbs\u0027s Wanderer Trilogy","Marisa????????","Minty Spire (QoL Compilation)","Replay The Spire","StSLib","SuperFastMode","The Animator"],"gold_per_floor":[14,63,11,11,23,23,42,42,42,7,7,38,38,52,52,52,52],"floor_reached":16,"playtime":465,"items_purged":[],"score":98,"play_id":"f9b57dc7-30cb-493f-8219-c30cb980ceaa","local_time":"20210111185836","is_ascension_mode":false,"campfire_choices":[{"data":"Vigilance","floor":6,"key":"SMITH"},{"data":"ClearTheMind","floor":11,"key":"SMITH"},{"floor":15,"key":"REST"}],"circlet_count":0,"master_deck":["Strike_P","Strike_P","Strike_P","Strike_P","Defend_P","Defend_P","Defend_P","Defend_P","Vigilance+1","EmptyFist","Protect","EmptyBody","ThirdEye","ClearTheMind+1","InnerPeace"],"relics":["PureWater","Unceasing Top","Matryoshka","halation:EternalFortune","Centennial Puzzle","Replay:Bottled Flurry","Blue Doll"],"acts_visited":["Exordium"],"potions_floor_usage":[12,12,16],"damage_taken":[{"damage":1,"enemies":"Jaw Worm","floor":1,"turns":5},{"damage":2,"enemies":"Small Slimes","floor":5,"turns":4},{"damage":0,"enemies":"2 Louse","floor":7,"turns":3},{"damage":44,"enemies":"Lagavulin","floor":12,"turns":11},{"damage":2,"enemies":"2 Fungi Beasts","floor":14,"turns":6},{"damage":53,"enemies":"Fading Forest","floor":16,"turns":11}],"seed_played":"4478473421478133316","potions_obtained":[{"floor":2,"key":"Languid Potion"},{"floor":7,"key":"hexamod:EctoCoolerPotion"},{"floor":12,"key":"Dexterity Potion"}],"is_trial":false,"path_per_floor":["M","?","$","?","M","R","M","?","T","?","R","E","?","M","R","B"],"character_chosen":"WATCHER","items_purchased":["EmptyBody"],"campfire_rested":1,"item_purchase_floors":[3],"current_hp_per_floor":[71,53,53,56,54,54,54,54,54,72,72,28,28,26,48,0,0],"gold":52,"neow_bonus":"ONE_RARE_RELIC","is_daily":false,"chose_seed":false,"campfire_upgraded":2,"win_rate":0.0,"timestamp":1610351916,"path_taken":["M","?","$","?","M","R","M","?","T","?","R","E","?","M","R","BOSS"],"items_purchased_type":["Card"],"build_version":"2020-12-22","purchased_purges":0,"victory":false,"max_hp_per_floor":[72,72,72,75,75,75,75,75,75,75,75,75,75,75,75,75,75],"card_choices":[{"not_picked":["Replay:AtTheReady","Crescendo"],"picked":"EmptyFist","floor":1},{"not_picked":["ReachHeaven","BowlingBash"],"picked":"Protect","floor":2},{"not_picked":["Vengeance","Prostrate"],"picked":"ThirdEye","floor":5},{"not_picked":["Replay:ManipulateFuture","Protect"],"picked":"ClearTheMind","floor":7},{"not_picked":["Blasphemy","Replay:Hum","EmptyFist"],"picked":"SKIP","floor":12},{"not_picked":["EmptyFist","Crescendo"],"picked":"InnerPeace","floor":14}],"player_experience":1693724,"relics_obtained":[{"floor":2,"key":"Matryoshka"},{"floor":9,"key":"Centennial Puzzle"},{"floor":9,"key":"Replay:Bottled Flurry"},{"floor":12,"key":"Blue Doll"}],"event_choices":[{"damage_healed":0,"gold_gain":0,"player_choice":"Ignored","damage_taken":0,"max_hp_gain":0,"max_hp_loss":0,"event_name":"Liars Game","floor":8,"gold_loss":0},{"damage_healed":18,"gold_gain":0,"player_choice":"Healed","damage_taken":0,"max_hp_gain":0,"max_hp_loss":0,"event_name":"The Cleric","floor":10,"gold_loss":35},{"cards_removed":["Eruption"],"damage_healed":0,"gold_gain":0,"player_choice":"Forget","damage_taken":0,"max_hp_gain":0,"max_hp_loss":0,"event_name":"Living Wall","floor":13,"gold_loss":0}],"is_beta":false,"boss_relics":[],"items_purged_floors":[],"is_endless":false,"potions_floor_spawned":[7,12],"killed_by":"Fading Forest","ascension_level":0}}