{"host":"bhhjkloc4kd9nqc5","time":1610384575,"event":{"mods":["Act Like it!","BaseMod","Chen","Gensokyo","Infinite Spire","Koishi","Lobotomy","LobotomyExtend","Marisa????????","Minty Spire (QoL Compilation)","Onozuka Komachi Mod","Remilia??????","Replay The Spire","RumiaBox-????????","StSLib","The Administrix","The Cursed","Youmu??????","slay the spire mod where everything is the same but ironclad has a cowboy hat"],"gold_per_floor":[109,109,124,143,90,182,182,213,213,213,229,255,269,295,295,390,390,407,427,0,0,10,43,43,92,92,105,120,147,164,130,130,225,225,240,250,250,261,279,307,307,321,321,123,123,123,123,140,140,241,241,247,247,230,234,234,208,161,161,242,219,219,208,127,129,129,205,205,206,206,118,118,118,139,139,137,163,163,163,146,146,133,133,110,110,104,20,20,20,23,26,26,321,321,293,293],"floor_reached":95,"playtime":12386,"items_purged":[],"score":1838,"play_id":"b52e269f-3d7a-4e33-9270-7e354b14da17","local_time":"20210112020255","is_ascension_mode":false,"campfire_choices":[{"floor":7,"key":"RECALL"},{"data":"Koishi:GhostParty","floor":15,"key":"SMITH"},{"data":"Koishi:SilentAndRestless","floor":32,"key":"SMITH"},{"data":"Koishi:MassHysteria","floor":41,"key":"SMITH"},{"data":"Koishi:FreudianInstinct","floor":45,"key":"SMITH"},{"data":"Koishi:DNAsFlaw","floor":59,"key":"SMITH"},{"data":"Koishi:UnconsciousUrges","floor":75,"key":"SMITH"},{"data":"infinitespire:Execution","floor":78,"key":"SMITH"},{"data":"Koishi:ReleaseOfTheId","floor":83,"key":"SMITH"},{"data":"Koishi:Untouchable","floor":92,"key":"SMITH"}],"circlet_count":0,"master_deck":["Koishi:BasicStrike","Koishi:BasicStrike","Koishi:BasicStrike","Koishi:BasicStrike","Koishi:BasicDefend+1","Koishi:BasicDefend","Koishi:BasicDefend+1","Koishi:BasicDefend","Koishi:Provoke","Koishi:HauntingSlash","Koishi:RacingHeart","Koishi:StingingMind","Koishi:Untouchable+1","Koishi:UnseenTerror","Koishi:ReflexRadar","Koishi:CatchAndRose","Koishi:FidgetySnatcher+1","Koishi:GhostParty+1","Koishi:PhantomStrike+1","Koishi:SprinkleStarAndHeart","Koishi:FreudianInstinct+1","Koishi:GrowingPain","Koishi:Untouchable+1","Koishi:FleetingPhantom","Koishi:HeartfeltFancy","Koishi:SilentAndRestless+1","Koishi:FourthEye+1","Koishi:PerfectMindControl","Koishi:BramblyRoseGarden","Koishi:RacingHeart+1","Koishi:HeartfeltFancy","Koishi:SubterraneanRose+1","Koishi:MassHysteria+1","Koishi:SubconsciousSweep+1","Gensokyo:LifeSpringInfinity+1","Koishi:Vanish+1","Koishi:EmbersOfLove","Koishi:RuptureMind","Koishi:HeartfeltFancy","Koishi:CatchAndRose","Koishi:SpiritedAway","Koishi:DNAsFlaw+1","Koishi:Possession","Koishi:FreudianInstinct","Koishi:UnconsciousUprising","infinitespire:Execution+1","Koishi:MindStellarRelief","Koishi:UnconsciousUrges+1","Koishi:ReleaseOfTheId+1","Koishi:UnseenTerror","Koishi:PhantomBarrier","Koishi:YoukaiPolygraph","Koishi:ConfinedInnocent","Koishi:ReleaseOfTheId","Koishi:SprinkleStarAndHeart","Koishi:SilentAndRestless","Koishi:UnansweredLove+1","Koishi:SubconsciousSweep+1"],"relics":["Koishi:ImaginaryFriend","AddBug","SecretRecord","SecretRecord","SecretRecord","SecretRecord","SecretRecord","SecretRecord","SecretRecord","SecretRecord","SecretRecord","SecretRecord","SecretRecord","SecretRecord","SecretRecord","SecretRecord"],"acts_visited":["Gensokyo:Gensokyo","Gensokyo:Gensokyoer","Gensokyo:Gensokyoest","Gensokyo:Gensokyo","Gensokyo:Gensokyoer","Gensokyo:Gensokyoest"],"potions_floor_usage":[14,14,14],"damage_taken":[{"damage":6,"enemies":"Gensokyo:2_Kodama","floor":1,"turns":4},{"damage":1,"enemies":"Gensokyo:Gryphon","floor":3,"turns":4},{"damage":0,"enemies":"Gensokyo:3_Fairies","floor":4,"turns":4},{"damage":29,"enemies":"Gensokyo:Cirno","floor":8,"turns":7},{"damage":6,"enemies":"Gensokyo:VengefulSpirit","floor":11,"turns":6},{"damage":22,"enemies":"Gensokyo:Aya","floor":12,"turns":6},{"damage":20,"enemies":"Gensokyo:3_Kodama","floor":13,"turns":5},{"damage":14,"enemies":"Gensokyo:Mamizou","floor":14,"turns":8},{"damage":1,"enemies":"Gensokyo:Reimu","floor":16,"turns":14},{"damage":0,"enemies":"Gensokyo:2_Gloops","floor":18,"turns":10},{"damage":11,"enemies":"Gensokyo:AngelMirror","floor":19,"turns":6},{"damage":0,"enemies":"Gensokyo:Slime_Group","floor":22,"turns":14},{"damage":3,"enemies":"Nightmare","floor":23,"turns":10},{"damage":0,"enemies":"Gensokyo:Swordslinger","floor":27,"turns":8},{"damage":0,"enemies":"Gensokyo:Wraith","floor":28,"turns":12},{"damage":0,"enemies":"Gensokyo:Koishi","floor":29,"turns":9},{"damage":0,"enemies":"Gensokyo:Slime_Group","floor":30,"turns":11},{"damage":0,"enemies":"Gensokyo:Eiki","floor":33,"turns":21},{"damage":0,"enemies":"Gensokyo:3_Bats","floor":35,"turns":8},{"damage":0,"enemies":"Gensokyo:3_Boulders","floor":36,"turns":10},{"damage":0,"enemies":"Gensokyo:AtlasGolem","floor":38,"turns":9},{"damage":0,"enemies":"Gensokyo:Sharpion","floor":39,"turns":9},{"damage":23,"enemies":"Gensokyo:Kasen","floor":40,"turns":13},{"damage":0,"enemies":"Gensokyo:Dusk_and_Dawn","floor":42,"turns":10},{"damage":0,"enemies":"Gensokyo:Dusk_and_Dawn","floor":47,"turns":7},{"damage":0,"enemies":"Gensokyo:3_Boulders","floor":48,"turns":12},{"damage":0,"enemies":"Gensokyo:Scarlet_Devils","floor":50,"turns":10},{"damage":0,"enemies":"Gensokyo:Gryphon","floor":52,"turns":2},{"damage":0,"enemies":"Gensokyo:Python","floor":54,"turns":11},{"damage":0,"enemies":"Gensokyo:2_Kodama","floor":55,"turns":2},{"damage":0,"enemies":"Gensokyo:Mamizou","floor":57,"turns":14},{"damage":0,"enemies":"Nightmare","floor":61,"turns":14},{"damage":0,"enemies":"Gensokyo:Cirno","floor":63,"turns":10},{"damage":0,"enemies":"Gensokyo:Kitsune","floor":65,"turns":4},{"damage":17,"enemies":"Gensokyo:Yukari","floor":67,"turns":7},{"damage":7,"enemies":"Gensokyo:AngelMirror","floor":69,"turns":4},{"damage":0,"enemies":"Gensokyo:Tenshi","floor":74,"turns":4},{"damage":0,"enemies":"Gensokyo:2_Gloops","floor":76,"turns":6},{"damage":12,"enemies":"Gensokyo:Wraith","floor":80,"turns":4},{"damage":0,"enemies":"Gensokyo:Chomper_and_Gloop","floor":82,"turns":6},{"damage":9,"enemies":"Gensokyo:Kaguya","floor":84,"turns":10},{"damage":0,"enemies":"Gensokyo:3_Boulders","floor":86,"turns":6},{"damage":0,"enemies":"Gensokyo:AncientGuardian","floor":87,"turns":12},{"damage":29,"enemies":"Gensokyo:3_Boulders","floor":90,"turns":4},{"damage":6,"enemies":"Gensokyo:Kasen","floor":91,"turns":23},{"damage":0,"enemies":"Gensokyo:Sharpion","floor":93,"turns":6},{"damage":0,"enemies":"Gensokyo:Rafflesia","floor":95,"turns":6}],"seed_played":"-5424633814363254479","potions_obtained":[{"floor":3,"key":"Block Potion"},{"floor":12,"key":"SteroidPotion"},{"floor":13,"key":"DistilledChaos"},{"floor":14,"key":"DuplicationPotion"},{"floor":19,"key":"SteroidPotion"},{"floor":27,"key":"Doom Potion"},{"floor":33,"key":"CultistPotion"}],"is_trial":false,"path_per_floor":["M","?","M","M","COS","?","R","E","T","?","M","E","M","E","R","B",null,"M","M","?","?","M","NM","?","T","T","M","M","E","M","$","R","B",null,"M","M","?","M","M","E","R","M","T","COS","R","?","?","M","R","B",null,"M","?","M","M","?","E","COS","R","T","NM","T","E","$","M","R","B",null,"M","?","COS","?","$","E","R","M","T","R","T","M","?","M","R","B",null,"M","M","?","?","M","E","R","M","T","M"],"character_chosen":"KOISHI","items_purchased":["Koishi:FourthEye","Replay:Wax Seal"],"campfire_rested":0,"item_purchase_floors":[31,64],"current_hp_per_floor":[49,53,59,61,61,61,61,32,32,32,42,28,26,46,46,65,65,65,65,65,65,65,65,65,65,65,65,65,65,65,65,65,65,65,65,65,65,65,65,65,65,65,65,65,65,65,65,65,65,65,65,65,65,65,65,65,65,65,65,65,65,65,65,65,65,52,59,65,58,58,58,58,58,65,65,65,65,65,65,64,64,65,65,65,65,65,65,65,65,36,65,65,65,65,65,65],"gold":293,"neow_bonus":"TWENTY_PERCENT_HP_BONUS","is_daily":false,"chose_seed":false,"campfire_upgraded":9,"win_rate":0.0,"timestamp":1610384575,"path_taken":["M","?","M","M","COS","?","R","E","T","?","?","E","M","E","R","BOSS","M","M","?","?","M","NM","?","?","T","?","M","E","M","?","R","BOSS","M","M","?","M","M","E","R","M","T","COS","R","?","?","M","R","BOSS","M","?","M","M","?","E","COS","R","T","NM","?","E","?","M","R","BOSS","M","?","COS","?","?","E","R","M","T","R","?","?","?","M","R","BOSS","M","?","?","?","?","E","R","M","T","M"],"items_purchased_type":["Card","Relic"],"build_version":"2020-12-22","purchased_purges":0,"victory":false,"max_hp_per_floor":[72,72,72,72,72,72,72,72,72,65,65,65,65,65,65,65,65,65,65,65,65,65,65,65,65,65,65,65,65,65,65,65,65,65,65,65,65,65,65,65,65,65,65,65,65,65,65,65,65,65,65,65,65,65,65,65,65,65,65,65,65,65,65,65,65,65,65,65,65,65,65,65,65,65,65,65,65,65,65,65,65,65,65,65,65,65,65,65,65,65,65,65,65,65,65,65],"card_choices":[{"not_picked":["Koishi:BloodcurdlingScream","Koishi:SpiritedAway"],"picked":"Koishi:RacingHeart","floor":1},{"not_picked":["Koishi:SpiritedAway","Koishi:HeartfeltFancy"],"picked":"Koishi:ReflexRadar","floor":3},{"not_picked":["Koishi:RorschachInDanmaku","Koishi:SubterraneanRose"],"picked":"Koishi:StingingMind","floor":4},{"not_picked":["Koishi:GeneticsOfTheUnconscious","Koishi:HeartfeltFancy"],"picked":"Koishi:Untouchable","floor":6},{"not_picked":["Koishi:ConditionedTeleport","Koishi:StrangeCloudFist"],"picked":"Koishi:UnseenTerror","floor":6},{"not_picked":["Koishi:SpiritedAway","Koishi:ParalyzingFear"],"picked":"Koishi:ReflexRadar","floor":8},{"not_picked":["Koishi:Whimsy","Koishi:YoukaiPolygraph"],"picked":"Koishi:CatchAndRose","floor":11},{"not_picked":["Koishi:FleetingPhantom","Koishi:JumpScare"],"picked":"Koishi:UnseenTerror","floor":12},{"not_picked":["Koishi:Jaunt","Koishi:JumpScare"],"picked":"Koishi:FidgetySnatcher","floor":13},{"not_picked":["Koishi:Prune","Koishi:FleetingPhantom"],"picked":"Koishi:GhostParty","floor":14},{"not_picked":["Koishi:UnseenTerror","Koishi:StingingMind"],"picked":"Koishi:PhantomStrike+1","floor":18},{"not_picked":["Koishi:FleetingPhantom","Koishi:UnconsciousUprising"],"picked":"Koishi:RorschachInDanmaku","floor":19},{"not_picked":["Koishi:Prune","Koishi:ParalyzingFear+1"],"picked":"Koishi:SprinkleStarAndHeart","floor":22},{"not_picked":["Koishi:VengefulSpirit","Koishi:EmbryosDream"],"picked":"Koishi:FreudianInstinct","floor":23},{"not_picked":["Koishi:VengefulSpirit","Koishi:Possession"],"picked":"Koishi:Untouchable","floor":27},{"not_picked":["Koishi:HeartAttack","Koishi:GhostParty"],"picked":"Koishi:FleetingPhantom","floor":28},{"not_picked":["Koishi:SpiritedAway","Koishi:TremblingHands"],"picked":"Koishi:HeartfeltFancy","floor":29},{"not_picked":["Koishi:TremblingHands","Koishi:FourthEye"],"picked":"Koishi:SilentAndRestless","floor":30},{"not_picked":["Koishi:MentalBreakdown","Koishi:FadingMemory"],"picked":"Koishi:PerfectMindControl","floor":33},{"not_picked":["Koishi:JumpScare+1","Koishi:CatchAndRose"],"picked":"Koishi:BramblyRoseGarden","floor":35},{"not_picked":["Koishi:EmbryosDream","Koishi:StingingMind+1"],"picked":"Koishi:RacingHeart+1","floor":36},{"not_picked":["Koishi:RorschachInDanmaku+1","Koishi:EmbryosDream"],"picked":"Koishi:HeartfeltFancy","floor":38},{"not_picked":["Koishi:ReflexRadar+1","Koishi:ConditionedTeleport"],"picked":"Koishi:SubterraneanRose+1","floor":39},{"not_picked":["Koishi:RacingHeart","Koishi:StingingMind"],"picked":"Koishi:MassHysteria","floor":40},{"not_picked":["Koishi:ReflexRadar+1","Koishi:TremblingHands"],"picked":"Koishi:SubconsciousSweep+1","floor":42},{"not_picked":["Gensokyo:RisingWorld+1","Gensokyo:DreamlikeParadise+1"],"picked":"Gensokyo:LifeSpringInfinity+1","floor":47},{"not_picked":["Koishi:PhilosophyOfTheDespised","Koishi:UnseenTerror"],"picked":"Koishi:Vanish+1","floor":48},{"not_picked":["Koishi:ConditionedTeleport","Koishi:FadingMemory"],"picked":"Koishi:RuptureMind","floor":50},{"not_picked":["Koishi:StingingMind","Koishi:EmbryosDream"],"picked":"Koishi:HeartfeltFancy","floor":52},{"not_picked":["Koishi:MindNumbingTerror","Koishi:PhantomStrike"],"picked":"Koishi:CatchAndRose","floor":54},{"not_picked":["Koishi:SubconsciousSweep","Koishi:PhantomBarrier"],"picked":"Koishi:SpiritedAway","floor":55},{"not_picked":["Koishi:HeartfeltFancy","Koishi:BloodcurdlingScream"],"picked":"Koishi:DNAsFlaw","floor":57},{"not_picked":["Koishi:SuperEgo","Koishi:SubterraneanRose"],"picked":"Koishi:Possession","floor":61},{"not_picked":["Koishi:Catatonia","Koishi:PhantomBarrier"],"picked":"Koishi:FreudianInstinct","floor":63},{"not_picked":["Koishi:RorschachInDanmaku","Koishi:EmbryosDream"],"picked":"Koishi:UnconsciousUprising","floor":65},{"not_picked":["infinitespire:Starlight","ReplayTheSpireMod:Black Plague"],"picked":"infinitespire:Execution","floor":67},{"not_picked":["Koishi:PerfectMindControl","Koishi:RollingInRichesHeart"],"picked":"Koishi:MindStellarRelief","floor":67},{"not_picked":["Koishi:Jaunt","Koishi:HeartfeltFancy"],"picked":"Koishi:UnconsciousUrges","floor":69},{"not_picked":["Koishi:SubconsciousSweep","Koishi:BloodcurdlingScream+1"],"picked":"Koishi:ReleaseOfTheId","floor":74},{"not_picked":["Koishi:ParalyzingFear","Koishi:EmbersOfLove"],"picked":"Koishi:UnseenTerror","floor":76},{"not_picked":["Koishi:SpiritedAway+1","Koishi:StrangeCloudFist+1"],"picked":"Koishi:PhantomBarrier","floor":80},{"not_picked":["Koishi:ParalyzingFear","Koishi:Possession"],"picked":"Koishi:YoukaiPolygraph","floor":82},{"not_picked":["Koishi:FadingMemory","Koishi:ConditionedTeleport"],"picked":"Koishi:ConfinedInnocent","floor":84},{"not_picked":["Koishi:JumpScare+1","Koishi:FleetingPhantom+1"],"picked":"Koishi:ReleaseOfTheId","floor":86},{"not_picked":["Koishi:RacingHeart+1","Koishi:StrangeCloudFist+1"],"picked":"Koishi:SprinkleStarAndHeart","floor":87},{"not_picked":["Koishi:FleetingPhantom","Koishi:Bloodlust"],"picked":"Koishi:SilentAndRestless","floor":90},{"not_picked":["Koishi:SprinkleStarAndHeart+1","Koishi:Bloodlust"],"picked":"Koishi:UnansweredLove+1","floor":91},{"not_picked":["Koishi:FleetingPhantom","Koishi:ParalyzingFear+1"],"picked":"Koishi:SubconsciousSweep+1","floor":93}],"player_experience":194976,"relics_obtained":[{"floor":1,"key":"AddBug"},{"floor":1,"key":"LetterFromLob"},{"floor":3,"key":"LetterFromLob"},{"floor":4,"key":"LetterFromLob"},{"floor":6,"key":"War Paint"},{"floor":8,"key":"Bird Faced Urn"},{"floor":8,"key":"LetterFromLob"},{"floor":9,"key":"Mummified Hand"},{"floor":11,"key":"SecretRecord"},{"floor":11,"key":"LetterFromLob"},{"floor":12,"key":"Mirror"},{"floor":12,"key":"LetterFromLob"},{"floor":13,"key":"LetterFromLob"},{"floor":14,"key":"Ancient Tea Set"},{"floor":14,"key":"LetterFromLob"},{"floor":16,"key":"LetterFromLob"},{"floor":18,"key":"LetterFromLob"},{"floor":19,"key":"SecretRecord"},{"floor":19,"key":"LetterFromLob"},{"floor":22,"key":"LetterFromLob"},{"floor":23,"key":"Toy Ornithopter"},{"floor":23,"key":"LetterFromLob"},{"floor":25,"key":"Centennial Puzzle"},{"floor":26,"key":"FossilizedHelix"},{"floor":27,"key":"LetterFromLob"},{"floor":28,"key":"SecretRecord"},{"floor":28,"key":"LetterFromLob"},{"floor":29,"key":"SecretRecord"},{"floor":29,"key":"LetterFromLob"},{"floor":29,"key":"infinitespire:BottledMercury"},{"floor":30,"key":"LetterFromLob"},{"floor":33,"key":"LetterFromLob"},{"floor":35,"key":"LetterFromLob"},{"floor":36,"key":"LetterFromLob"},{"floor":38,"key":"SecretRecord"},{"floor":38,"key":"LetterFromLob"},{"floor":39,"key":"LetterFromLob"},{"floor":40,"key":"Koishi:EchoesOfADeadGirl"},{"floor":40,"key":"LetterFromLob"},{"floor":42,"key":"SecretRecord"},{"floor":42,"key":"LetterFromLob"},{"floor":48,"key":"LetterFromLob"},{"floor":50,"key":"LetterFromLob"},{"floor":52,"key":"SecretRecord"},{"floor":52,"key":"LetterFromLob"},{"floor":54,"key":"LetterFromLob"},{"floor":55,"key":"SecretRecord"},{"floor":55,"key":"LetterFromLob"},{"floor":57,"key":"GodSword6"},{"floor":57,"key":"LetterFromLob"},{"floor":60,"key":"Divine Protection"},{"floor":61,"key":"Omamori"},{"floor":61,"key":"LetterFromLob"},{"floor":62,"key":"HornCleat"},{"floor":63,"key":"ZombieArmy"},{"floor":63,"key":"LetterFromLob"},{"floor":65,"key":"SecretRecord"},{"floor":65,"key":"LetterFromLob"},{"floor":67,"key":"LetterFromLob"},{"floor":69,"key":"LetterFromLob"},{"floor":74,"key":"SecretRecord"},{"floor":74,"key":"Bottled Lightning"},{"floor":74,"key":"LetterFromLob"},{"floor":76,"key":"LetterFromLob"},{"floor":77,"key":"Boot"},{"floor":79,"key":"Replay:Multitool"},{"floor":80,"key":"LetterFromLob"},{"floor":82,"key":"SecretRecord"},{"floor":82,"key":"LetterFromLob"},{"floor":84,"key":"SecretRecord"},{"floor":84,"key":"LetterFromLob"},{"floor":86,"key":"LetterFromLob"},{"floor":87,"key":"LetterFromLob"},{"floor":90,"key":"SecretRecord"},{"floor":90,"key":"LetterFromLob"},{"floor":91,"key":"ReplayFunnel"},{"floor":91,"key":"LetterFromLob"},{"floor":93,"key":"LetterFromLob"},{"floor":94,"key":"Replay:PocketPolymizer"}],"event_choices":[],"is_beta":false,"boss_relics":[{"not_picked":["ChewingGum","Replay:Grab Bag"],"picked":"Velvet Choker"},{"not_picked":["Astrolabe","Replay:Bronze Core"],"picked":"Sozu"},{"not_picked":["Painkiller Herb","Koishi:ColorfulDays"],"picked":"Coffee Dripper"},{"not_picked":["Snecko Heart","Replay:Ancient Bell"],"picked":"SoulBox"},{"not_picked":["Cursed Key","ReplayTheSpireMod:DimensionalGlitch"],"picked":"Calling Bell"}],"items_purged_floors":[],"is_endless":true,"potions_floor_spawned":[3,12,13,14,19,27,33,36,39,40,50,52,57,61,67,69,76,87,91,93],"killed_by":"Gensokyo:Rafflesia","ascension_level":0}}