{"host":"yoibuf8dtscl5joe","time":1610388602,"event":{"mods":["BaseMod","Better Third Choice","Downfall","Marisa????????","Minty Spire (QoL Compilation)","Replay The Spire","StSLib","The Construct","The Cursed","The Servant 0.9.4"],"gold_per_floor":[114,133,177,12,26,57,57,76,76,76,251,251,19,38,38,142,142,158,158,158,175,190,190,219,219,242,261,15,15,15,33,33,131,131,144,12,12,12,12,12,38,51,51,68,68,68,79,98,98,98,98,98,48,74,74],"floor_reached":56,"playtime":6800,"items_purged":["TheCursedMod:CircleOfCorruption","Doubt","TheCursedMod:CursedAmulet"],"score":1045,"play_id":"19e183d6-c7a1-42dc-b2f8-ef22ee712042","local_time":"20210111201002","is_ascension_mode":false,"campfire_choices":[{"data":"TheCursedMod:CleanUpWorkshop","floor":7,"key":"SMITH"},{"data":"TheCursedMod:CursedWand","floor":10,"key":"SMITH"},{"floor":12,"key":"RECALL"},{"data":"TheCursedMod:ManaBullet","floor":15,"key":"SMITH"},{"data":"TheCursedMod:ManaCirculation","floor":23,"key":"SMITH"},{"data":"TheCursedMod:AntiAging","floor":25,"key":"SMITH"},{"data":"TheCursedMod:CollectTribute","floor":29,"key":"SMITH"},{"floor":32,"key":"DIG"},{"data":"TheCursedMod:HellfireBreathing","floor":40,"key":"SMITH"},{"data":"TheCursedMod:HellfireBreathing","floor":45,"key":"SMITH"},{"data":"TheCursedMod:NeowsMight","floor":52,"key":"SMITH"}],"circlet_count":0,"master_deck":["TheCursedMod:CursedWand+1","TheCursedMod:CleanUpWorkshop+1","TheCursedMod:Dregs","TheCursedMod:WearCloak","TheCursedMod:WearCloak","TheCursedMod:CursedSpellbook","TheCursedMod:NeowsMight+1","TheCursedMod:RapidMovement","TheCursedMod:Wield","TheCursedMod:HellsGateOpen","TheCursedMod:HellfireBreathing+1","TheCursedMod:ManaBullet+1","TheCursedMod:ManaCirculation+1","TheCursedMod:AntiAging+1","TheCursedMod:CursedBlade","TheCursedMod:WearCloak","TheCursedMod:Neurasthenia","TheCursedMod:ManaBullet","TheCursedMod:CollectTribute+1","TheCursedMod:SpitefulPlan","TheCursedMod:Grudge+1","TheCursedMod:RapidMovement","Panache","TheCursedMod:HellfireBreathing+1","Languid"],"relics":["TheCursedMod:BlackMagic101","NeowsBlessing","Replay:Bottled Snecko","Membership Card","Smiling Mask","The Courier","HornCleat","MealTicket","Pandora\u0027s Box","Replay:Accelerometer","Centennial Puzzle","ReplayTheSpireMod:Lightbulb","Bottled Lightning","TheCursedMod:FourLeafCloverCharm","Lantern","Ring of Misfortune","Ring of Fangs","Prayer Wheel","Singing Bowl","Pear"],"acts_visited":["Exordium","TheCity","TheBeyond","TheEnding"],"potions_floor_usage":[6,16,27,33,33,55,55],"damage_taken":[{"damage":0,"enemies":"Cultist","floor":1,"turns":1},{"damage":0,"enemies":"Jaw Worm","floor":2,"turns":1},{"damage":0,"enemies":"2 Louse","floor":5,"turns":1},{"damage":9,"enemies":"3 Sentries","floor":6,"turns":16},{"damage":0,"enemies":"Exordium Wildlife","floor":8,"turns":4},{"damage":5,"enemies":"Looter","floor":14,"turns":3},{"damage":25,"enemies":"Slime Boss","floor":16,"turns":7},{"damage":0,"enemies":"3 Byrds","floor":18,"turns":4},{"damage":0,"enemies":"Shell Parasite","floor":21,"turns":3},{"damage":3,"enemies":"Snecko","floor":22,"turns":5},{"damage":0,"enemies":"Book of Stabbing","floor":24,"turns":4},{"damage":6,"enemies":"3 Cultists","floor":27,"turns":5},{"damage":3,"enemies":"Cultist and Chosen","floor":31,"turns":4},{"damage":54,"enemies":"Champ","floor":33,"turns":12},{"damage":0,"enemies":"3 Shapes","floor":35,"turns":4},{"damage":10,"enemies":"R_Hoarder","floor":41,"turns":6},{"damage":0,"enemies":"3 Darklings","floor":42,"turns":3},{"damage":9,"enemies":"Spire Growth","floor":44,"turns":3},{"damage":10,"enemies":"Transient","floor":47,"turns":5},{"damage":0,"enemies":"3 Darklings","floor":48,"turns":2},{"damage":5,"enemies":"Replay:Hell Engine","floor":50,"turns":10},{"damage":0,"enemies":"Shield and Spear","floor":54,"turns":4},{"damage":5,"enemies":"The Heart","floor":55,"turns":9}],"seed_played":"-6070086968605303985","potions_obtained":[{"floor":1,"key":"Elixir"},{"floor":2,"key":"Ancient Potion"},{"floor":3,"key":"LiquidMemories"},{"floor":8,"key":"SkillPotion"},{"floor":14,"key":"Explosive Potion"},{"floor":22,"key":"PowerPotion"},{"floor":24,"key":"DuplicationPotion"},{"floor":27,"key":"Explosive Potion"},{"floor":41,"key":"Flashbang"},{"floor":42,"key":"SteroidPotion"}],"is_trial":false,"path_per_floor":["M","M","?","$","M","E","R","M","T","R","?","R","$","M","R","B",null,"M","?","?","M","M","R","E","R","T","M","$","R","$","M","R","B",null,"M","$","?","?","?","R","E","M","T","M","R","?","M","M","R","B",null,"R","$","E","B",null],"character_chosen":"THE_CURSED","items_purchased":["Membership Card","TheCursedMod:CursedSpellbook","HornCleat","MealTicket","TheCursedMod:Wield","TheCursedMod:HellsGateOpen","TheCursedMod:HellfireBreathing","Centennial Puzzle","ReplayTheSpireMod:Lightbulb","TheCursedMod:CollectTribute","TheCursedMod:SpitefulPlan","Lantern","TheCursedMod:RapidMovement"],"campfire_rested":0,"item_purchase_floors":[4,4,13,13,13,13,13,28,28,28,28,36,36],"current_hp_per_floor":[75,75,75,75,75,66,66,66,66,66,66,66,66,61,61,36,75,77,77,77,77,76,76,78,78,78,75,84,84,84,84,84,33,90,93,93,93,93,93,93,86,89,89,85,85,85,80,87,87,85,119,119,119,134,132],"gold":74,"neow_bonus":"THREE_ENEMY_KILL","is_daily":false,"chose_seed":false,"campfire_upgraded":9,"win_rate":0.0,"timestamp":1610388602,"path_taken":["M","M","?","$","M","E","R","M","T","R","?","R","$","M","R","BOSS","M","?","?","M","M","R","E","R","T","?","$","R","$","M","R","BOSS","M","$","?","?","?","R","E","M","T","M","R","?","M","M","R","BOSS","R","$","E","BOSS"],"items_purchased_type":["Relic","Card","Relic","Relic","Card","Card","Card","Relic","Relic","Card","Card","Relic","Card"],"build_version":"2020-12-22","purchased_purges":3,"victory":true,"max_hp_per_floor":[75,75,75,75,75,75,75,75,75,75,75,75,75,75,75,75,75,77,77,77,77,79,79,81,81,81,84,84,84,84,87,87,90,90,93,93,93,93,93,93,96,99,99,104,104,104,109,116,116,119,119,119,119,134,137],"card_choices":[{"not_picked":["TheCursedMod:ReleasedKnowledge","TheCursedMod:SurpriseAttack"],"picked":"TheCursedMod:WearCloak","floor":1},{"not_picked":["TheCursedMod:CursedArmor","TheCursedMod:RavingStaff","TheCursedMod:EmpowerCircles"],"picked":"SKIP","floor":2},{"not_picked":["TheCursedMod:AbyssShockwave","TheCursedMod:Wield"],"picked":"TheCursedMod:WearCloak","floor":3},{"not_picked":["TheCursedMod:Hemoplague","TheCursedMod:SmokeScreen","TheCursedMod:Stigma"],"picked":"SKIP","floor":5},{"not_picked":["TheCursedMod:Torture","TheCursedMod:CursedShiv"],"picked":"TheCursedMod:NeowsMight","floor":6},{"not_picked":["TheCursedMod:CursedMace","TheCursedMod:CursedSpellbook"],"picked":"TheCursedMod:RapidMovement","floor":8},{"not_picked":["TheCursedMod:RavingStaff","TheCursedMod:Obscuration"],"picked":"TheCursedMod:ManaBullet","floor":14},{"not_picked":["TheCursedMod:DemonicPact","TheCursedMod:StunningStrike"],"picked":"TheCursedMod:ManaCirculation","floor":16},{"not_picked":["TheCursedMod:WearCloak","TheCursedMod:SurpriseAttack+1","TheCursedMod:RavingStaff+1"],"picked":"SKIP","floor":18},{"not_picked":["TheCursedMod:Stigma","TheCursedMod:CircleOfFlame","TheCursedMod:VitalStrike+1"],"picked":"SKIP","floor":21},{"not_picked":["TheCursedMod:RapidMovement","TheCursedMod:TroublousMinions+1","TheCursedMod:Obscuration+1"],"picked":"SKIP","floor":22},{"not_picked":["TheCursedMod:EmpowerCircles","TheCursedMod:Obscuration","TheCursedMod:BlessingInDisguise"],"picked":"SKIP","floor":24},{"not_picked":["TheCursedMod:CircleOfFlame","TheCursedMod:CursedBlade","TheCursedMod:Stigma"],"picked":"SKIP","floor":27},{"not_picked":["TheCursedMod:Stigma","TheCursedMod:WearCloak","TheCursedMod:CursedBlade"],"picked":"SKIP","floor":31},{"not_picked":["TheCursedMod:Stretching+1","TheCursedMod:SaltUponWound+1"],"picked":"TheCursedMod:Grudge+1","floor":35},{"not_picked":["Transmutation","expansioncontent:Corrupt"],"picked":"Panache","floor":38},{"not_picked":["TheCursedMod:BloodBarrier+1","TheCursedMod:ManaBullet","TheCursedMod:CursedSpellbook"],"picked":"SKIP","floor":41},{"not_picked":["TheCursedMod:PrepareRite","TheCursedMod:RavingStaff+1","TheCursedMod:RapidMovement+1"],"picked":"SKIP","floor":42},{"not_picked":["TheCursedMod:RapidMovement","TheCursedMod:BloodBarrier","TheCursedMod:WearCloak+1"],"picked":"SKIP","floor":42},{"not_picked":["TheCursedMod:CursedMace","TheCursedMod:RapidMovement","TheCursedMod:CursedBoomerang"],"picked":"Singing Bowl","floor":44},{"not_picked":["TheCursedMod:VitalStrike","TheCursedMod:ReleasedStrength+1"],"picked":"TheCursedMod:HellfireBreathing","floor":44},{"not_picked":["TheCursedMod:StunningStrike","TheCursedMod:CursedMace"],"picked":"TheCursedMod:CursedAmulet","floor":47},{"not_picked":["TheCursedMod:RavingStaff","TheCursedMod:CircleOfBlood","TheCursedMod:SoulCrush+1"],"picked":"Singing Bowl","floor":47},{"not_picked":["TheCursedMod:EmpowerCircles","TheCursedMod:SmokeScreen+1","TheCursedMod:FleshFromBone"],"picked":"Singing Bowl","floor":48},{"not_picked":["TheCursedMod:CursedBlade","TheCursedMod:CursedStaff+1","TheCursedMod:TroublousMinions"],"picked":"Singing Bowl","floor":48},{"not_picked":["TheCursedMod:CursedSpellbook","TheCursedMod:CursedMace+1","TheCursedMod:Wield+1"],"picked":"Singing Bowl","floor":54}],"player_experience":397398,"relics_obtained":[{"floor":3,"key":"Replay:Bottled Snecko"},{"floor":6,"key":"Smiling Mask"},{"floor":9,"key":"The Courier"},{"floor":24,"key":"Replay:Accelerometer"},{"floor":32,"key":"Bottled Lightning"},{"floor":39,"key":"Ring of Misfortune"},{"floor":39,"key":"Ring of Fangs"},{"floor":41,"key":"Prayer Wheel"},{"floor":43,"key":"Singing Bowl"},{"floor":54,"key":"Pear"}],"event_choices":[{"damage_healed":0,"gold_gain":175,"player_choice":"AGREE","damage_taken":76,"max_hp_gain":0,"max_hp_loss":0,"event_name":"betterThird:BetterSerpent","floor":11,"gold_loss":0},{"cards_removed":["TheCursedMod:CircleOfFlame"],"damage_healed":0,"gold_gain":0,"player_choice":"Elegance","damage_taken":0,"max_hp_gain":0,"max_hp_loss":0,"event_name":"betterThird:BetterWriting","floor":19,"gold_loss":0},{"damage_healed":0,"gold_gain":0,"player_choice":"Full Heal","damage_taken":0,"max_hp_gain":0,"max_hp_loss":0,"event_name":"Wheel of Change","floor":20,"gold_loss":0},{"cards_removed":["TheCursedMod:CursedShiv"],"damage_healed":0,"gold_gain":0,"player_choice":"Removed Attack","damage_taken":0,"max_hp_gain":0,"max_hp_loss":0,"event_name":"Falling","floor":37,"gold_loss":0},{"damage_healed":0,"gold_gain":0,"player_choice":"Memory 1","damage_taken":0,"max_hp_gain":0,"max_hp_loss":0,"event_name":"SensoryStone","floor":38,"gold_loss":0},{"damage_healed":0,"gold_gain":0,"cards_transformed":["ReplayTheSpireMod:Splinters"],"player_choice":"Transformed","damage_taken":0,"max_hp_gain":0,"max_hp_loss":0,"event_name":"Transmorgrifier","floor":46,"gold_loss":0,"cards_obtained":["Languid"]},{"cards_removed":["Delirium"],"damage_healed":0,"gold_gain":0,"player_choice":"Purged","damage_taken":0,"max_hp_gain":0,"max_hp_loss":0,"event_name":"Purifier","floor":49,"gold_loss":0}],"is_beta":false,"boss_relics":[{"not_picked":["Black Star","Philosopher\u0027s Stone"],"picked":"Pandora\u0027s Box"},{"not_picked":["Replay:Bronze Core","Replay:Grab Bag"],"picked":"TheCursedMod:FourLeafCloverCharm"}],"items_purged_floors":[28,36,53],"is_endless":false,"potions_floor_spawned":[1,2,8,14,22,24,27,41,42,48],"ascension_level":0}}