{"host":"ccryllxwh68mzgdb","time":1610357657,"event":{"mods":["Act Like it!","BaseMod","Downfall","Gremlin Skip","Hallownest","HololiveMod","KinomotoSakuraMod(ƒæ÷Æ±æ”£)","Marisa£®ÏF”Í°°ƒß¿Ì…≥£©","Minty Spire (QoL Compilation)","Reimu£®≤©¿ˆ¡È√Œ£©","Remilia£®¿Ÿ√◊¿Ú—«£©","Replay The Spire","RumiaBox-¬∂√◊Ê´µƒ…Ò√ÿ∫–◊”","Spicy Shops","StSLib","The Bug Knight","The Servant 0.9.4","WarShipGirlsR/’ΩΩ¢…Ÿ≈ÆR mod","Youmu£®ªÍ∆«—˝√Œ£©","Yuri Mod","[IsaacMod]“‘»ˆº‚À˛"],"gold_per_floor":[119,119,135,187,203,203,203,203,203,26,42,42,59,78,78,175,175,195,195,248,248,267,267,297,297,297,308,233,249,46,62,62,164,164,204,247,287,18,55,90,90,15,42,79,79,115,115,153,153,163],"floor_reached":51,"playtime":3755,"items_purged":["Strike_MRS","Defend_MRS","Replay:UnknownCurse","Parasite","Amnesia"],"score":863,"play_id":"828e5ac7-7690-4bc0-8615-7b22984ad455","local_time":"20210111173417","is_ascension_mode":false,"campfire_choices":[{"data":"JA","floor":6.0,"key":"SMITH"},{"data":"FairyDestructionRay","floor":8.0,"key":"SMITH"},{"data":"SprinkleStarSeal","floor":12.0,"key":"SMITH"},{"data":"MagicChant","floor":15.0,"key":"SMITH"},{"data":"MillisecondPulsars","floor":23.0,"key":"SMITH"},{"data":"GasGiant","floor":25.0,"key":"SMITH"},{"data":"Acceleration","floor":32.0,"key":"SMITH"},{"data":"Apotheosis","floor":47,"key":"SMITH"},{"floor":49,"key":"REST"}],"circlet_count":0,"master_deck":["Strike_MRS","Defend_MRS","Defend_MRS","MasterSpark","UpSweep","Acceleration+1","JA+1","FairyDestructionRay+1","GasGiant+1","PowerUp","SprinkleStarSeal+1","MilkyWay","MagicChant+1","MillisecondPulsars+1","GrandCross+1","GalacticHalo+1","AlicesGift","IllusionStar+1","TreasureHunter","CurseOfTheBell","ShootingEcho+1","NonDirectionalLaser+1","BlazeAway","OrrerysSun","Apotheosis+1","Orbital","ReincarnationDial","MastersStateliness+1"],"relics":["MiniHakkero","HushsDoor","Art of War","BookOfRevelations","Hallownest:DreamNailRelic","Anchor","Matryoshka","Sozu","Vajra","HollowMod:LifeEnderRelic","SteamSale","Replay:Ancient Bell","Replay:Bandana","Singing Bowl","MoreBug","MagicDraw4","PrismaticShard","Membership Card","Darkstone Periapt","AntiCross","Lantern","Medical Kit","BelialBook","ReplayFunnel","Boot"],"acts_visited":["Exordium","TheCity","TheBeyond"],"potions_floor_usage":[],"damage_taken":[{"damage":2.0,"enemies":"Hallownest:monsterHuskGuard","floor":1.0,"turns":3.0},{"damage":0.0,"enemies":"Hallownest:monsterHuskWarrior","floor":3.0,"turns":3.0},{"damage":0.0,"enemies":"Hallownest:2_Baldur","floor":5.0,"turns":3.0},{"damage":3.0,"enemies":"Hallownest:monsterFoolEater","floor":11.0,"turns":2.0},{"damage":0.0,"enemies":"Hallownest:monsterMossCharger","floor":13.0,"turns":3.0},{"damage":0.0,"enemies":"Hallownest:Wandering_and_Horned","floor":14.0,"turns":3.0},{"damage":25.0,"enemies":"Hallownest:BossBrokenVessel","floor":16.0,"turns":7.0},{"damage":0.0,"enemies":"Shell Parasite","floor":18.0,"turns":2.0},{"damage":5.0,"enemies":"2 Thieves","floor":22.0,"turns":4.0},{"damage":0.0,"enemies":"Book of Stabbing","floor":24.0,"turns":4.0},{"damage":0.0,"enemies":"3 Cultists","floor":27.0,"turns":3.0},{"damage":0.0,"enemies":"Centurion and Healer","floor":29.0,"turns":4.0},{"damage":0.0,"enemies":"Shelled Parasite and Fungi","floor":31.0,"turns":1.0},{"damage":33.0,"enemies":"Champ","floor":33.0,"turns":8.0},{"damage":2.0,"enemies":"Orb Walker","floor":35.0,"turns":2.0},{"damage":19.0,"enemies":"3 Shapes","floor":36.0,"turns":4.0},{"damage":12.0,"enemies":"3 Darklings","floor":37.0,"turns":3.0},{"damage":5,"enemies":"Writhing Mass","floor":39,"turns":4},{"damage":28,"enemies":"Maw","floor":40,"turns":3},{"damage":0,"enemies":"Jaw Worm Horde","floor":44,"turns":1},{"damage":0,"enemies":"3 Darklings","floor":46,"turns":3},{"damage":6,"enemies":"4 Shapes","floor":48,"turns":3},{"damage":0,"enemies":"Time Eater","floor":50,"turns":4}],"seed_played":"350203913388329831","potions_obtained":[{"floor":1.0,"key":"AttackPotion"},{"floor":4.0,"key":"Weak Potion"},{"floor":4.0,"key":"GrandPatriotsElixir:ReiMu"}],"is_trial":false,"path_per_floor":["M","?","M","?","M","R","?","R","T","$","M","R","M","M","R","B",null,"M","?","?","?","M","R","E","R","T","M","?","M","$","M","R","B",null,"M","M","M","$","M","M","?","$","T","M","?","M","R","M","R","B",null],"character_chosen":"MARISA","items_purchased":["PowerUp","SteamSale","MagicDraw4","PrismaticShard","Membership Card","Darkstone Periapt","AntiCross","Lantern","Medical Kit","BelialBook","Apotheosis","Orbital"],"campfire_rested":1,"item_purchase_floors":[10,30,38,38,42,42,42,42,42,42,42,42],"current_hp_per_floor":[73,73,73,73,73,73,64,64,64,64,61,61,61,61,61,36,75,75,75,60,60,55,55,55,55,55,55,55,55,55,55,55,22,81,79,66,54,54,53,28,28,28,28,30,32,36,36,32,57,58],"gold":163,"neow_bonus":"RANDOM_COMMON_RELIC","is_daily":false,"chose_seed":false,"campfire_upgraded":8,"win_rate":0.0,"timestamp":1610357657,"path_taken":["M","?","?","?","M","R","?","R","T","$","?","R","M","M","R","BOSS","M","?","?","?","M","R","E","R","T","M","?","M","$","M","R","BOSS","M","M","M","$","M","M","?","$","T","M","?","M","R","M","R","BOSS"],"items_purchased_type":["Card","Relic","Relic","Relic","Relic","Relic","Relic","Relic","Relic","Relic","Card","Card"],"build_version":"2020-12-22","purchased_purges":5,"victory":true,"max_hp_per_floor":[75,75,75,75,75,75,75,75,75,75,75,75,75,75,75,75,75,75,75,75,75,75,75,75,75,75,75,75,75,75,75,75,75,81,81,83,83,83,85,85,85,82,82,82,84,86,86,86,86,86],"card_choices":[{"not_picked":["6A","DC"],"picked":"Acceleration","floor":1.0},{"not_picked":["Singularity","OpenUniverse"],"picked":"JA","floor":3.0},{"not_picked":["GravityBeat","Acceleration"],"picked":"FairyDestructionRay","floor":4.0},{"not_picked":["LuminesStrike","DoubleSpark"],"picked":"GasGiant","floor":5.0},{"not_picked":["NonDirectionalLaser","SporeBomb"],"picked":"SprinkleStarSeal","floor":11.0},{"not_picked":["DoubleSpark","GalacticHalo"],"picked":"MilkyWay","floor":13.0},{"not_picked":["OneTimeOff","Acceleration"],"picked":"MagicChant","floor":14.0},{"not_picked":["CasketOfStar","MaximisePower"],"picked":"MillisecondPulsars","floor":16.0},{"not_picked":["AsteroidBelt+1","Orbital"],"picked":"GrandCross+1","floor":18.0},{"not_picked":["Occultation+1","Robbery","PowerUp+1"],"picked":"SKIP","floor":22.0},{"not_picked":["DoubleSpark","WitchOfGreed+1","IllusionStar"],"picked":"SKIP","floor":24.0},{"not_picked":["DoubleSpark","DC"],"picked":"GalacticHalo+1","floor":27.0},{"not_picked":["OortCloud+1","DeepEcoloBomb"],"picked":"AlicesGift","floor":29.0},{"not_picked":["MilkyWay+1","UnstableBomb+1"],"picked":"IllusionStar+1","floor":31.0},{"not_picked":["StarDustReverie","BigCrunch"],"picked":"TreasureHunter","floor":33.0},{"not_picked":["ReplayTheSpireMod:Doomed","Looming Evil","Replay:UnknownCurse"],"picked":"Singing Bowl","floor":34.0},{"not_picked":["CurseOfTheBell","Slimebound:Icky","yuri:RhapsodyCurse"],"picked":"Singing Bowl","floor":34.0},{"not_picked":["ReplayTheSpireMod:Restless Dread","Amnesia","Sloth_TH"],"picked":"Singing Bowl","floor":34.0},{"not_picked":["GrandCross+1","DoubleSpark"],"picked":"ShootingEcho+1","floor":35.0},{"not_picked":["GalacticHalo+1","LuminesStrike","SatelliteIllusion"],"picked":"Singing Bowl","floor":36.0},{"not_picked":["IllusionStar","DoubleSpark+1"],"picked":"NonDirectionalLaser+1","floor":37.0},{"not_picked":["SilverBlades+1","Guardian:Incinerate+1","NonDirectionalLaser+1"],"picked":"Singing Bowl","floor":39},{"not_picked":["champ:FalseCounter+1","champ:BladeFlurry"],"picked":"BlazeAway","floor":40},{"not_picked":["CrushJoints","hexamod:ThermalTransfer"],"picked":"ReincarnationDial","floor":44},{"not_picked":["MillisecondPulsars"],"picked":"Singing Bowl","floor":45},{"not_picked":["Hologram","CutThroughFate","HollowMod:VengefulVoid+1"],"picked":"Singing Bowl","floor":46},{"not_picked":["HollowMod:LifebloodCocoon","rmod:aggressivemary+1"],"picked":"MastersStateliness+1","floor":48}],"player_experience":611289,"relics_obtained":[{"floor":4.0,"key":"Anchor"},{"floor":9.0,"key":"Matryoshka"},{"floor":26.0,"key":"Vajra"},{"floor":26.0,"key":"HollowMod:LifeEnderRelic"},{"floor":43,"key":"ReplayFunnel"},{"floor":43,"key":"Boot"}],"event_choices":[{"cards_removed":["Envy_TH"],"damage_healed":0.0,"max_hp_gain":0.0,"max_hp_loss":0.0,"gold_gain":0.0,"event_name":"Beggar","player_choice":"Gave Gold","floor":28.0,"gold_loss":75.0,"damage_taken":0.0},{"damage_healed":0,"gold_gain":0,"cards_transformed":["Strike_MRS"],"player_choice":"Transformed","damage_taken":0,"max_hp_gain":0,"max_hp_loss":0,"event_name":"Transmorgrifier","floor":41,"gold_loss":0,"cards_obtained":["OrrerysSun"]}],"is_beta":false,"boss_relics":[{"not_picked":["Busted Crown","Philosopher\u0027s Stone"],"picked":"Sozu"},{"not_picked":[]},{"not_picked":["RedLine:ReiMu","Snecko Eye"],"picked":"Replay:Ancient Bell"},{"not_picked":["Replay:Wax Seal","Toy Ornithopter"],"picked":"Replay:Bandana"},{"not_picked":["Mercury Hourglass","StrikeDummy"],"picked":"Singing Bowl"},{"not_picked":["PureWhite:ReiMu","TungstenRod"],"picked":"MoreBug"},{"not_picked":[]}],"items_purged_floors":[10,30,38,42,42],"is_endless":false,"potions_floor_spawned":[1,5,13,18,27,29,35,40],"ascension_level":0}}