{"host":"091y6d77ht7dl3wb","time":1610349753,"event":{"mods":["AchievementEnabler","BaseMod","Colored Map","Hermit","Minty Spire (QoL Compilation)","Rare Cards Sparkle","StSLib"],"gold_per_floor":[19,35,210,224,224,224,51,69,69,85,85,97,97,97,97,197,197,216,33,53,53,53,53,53,68,92,92,92,106,31,42,42,145,145,160,210,210,210,256,256,256,256],"floor_reached":41,"playtime":1752,"items_purged":["Doubt"],"score":404,"play_id":"9204e41e-19e6-497f-adbe-0aa5c545e84b","local_time":"20210111162233","is_ascension_mode":false,"campfire_choices":[{"floor":6,"key":"REST"},{"floor":13,"key":"REST"},{"data":"Mayhem","floor":15,"key":"SMITH"},{"data":"Go for the Eyes","floor":23,"key":"SMITH"},{"floor":28,"key":"REST"},{"data":"Creative AI","floor":32,"key":"SMITH"},{"floor":40,"key":"REST"}],"circlet_count":0,"master_deck":["Strike_B","Strike_B","Defend_B","Defend_B","Defend_B","Defend_B","Zap","Dualcast","Mayhem+1","Sweeping Beam","Rebound","Chill","Go for the Eyes","Rip and Tear","Ball Lightning","Reprogram","Zap","Ball Lightning","Rebound","Creative AI+1","Go for the Eyes+1","Static Discharge","White Noise","Stack+1","Loop+1","Conserve Battery+1","Seek","Ball Lightning+1","Consume+1","Madness","Madness","Streamline+1"],"relics":["Cracked Core","InkBottle","Gremlin Horn","Nuclear Battery","Tiny Chest","Omamori","Juzu Bracelet","Bird Faced Urn","Calling Bell","Akabeko","Pantograph","FossilizedHelix","Girya","The Courier","Prayer Wheel"],"acts_visited":["Exordium","TheCity","TheBeyond"],"potions_floor_usage":[16,16,25,29,33,33,33,39,39],"damage_taken":[{"damage":18,"enemies":"2 Louse","floor":1,"turns":3},{"damage":5,"enemies":"Jaw Worm","floor":2,"turns":5},{"damage":1,"enemies":"Cultist","floor":4,"turns":4},{"damage":8,"enemies":"Large Slime","floor":8,"turns":6},{"damage":4,"enemies":"Red Slaver","floor":10,"turns":3},{"damage":11,"enemies":"Blue Slaver","floor":12,"turns":4},{"damage":27,"enemies":"Hexaghost","floor":16,"turns":7},{"damage":11,"enemies":"Chosen","floor":18,"turns":4},{"damage":11,"enemies":"2 Thieves","floor":20,"turns":4},{"damage":16,"enemies":"Snecko","floor":25,"turns":4},{"damage":16,"enemies":"Snake Plant","floor":29,"turns":5},{"damage":5,"enemies":"Chosen and Byrds","floor":31,"turns":6},{"damage":76,"enemies":"Collector","floor":33,"turns":12},{"damage":12,"enemies":"Orb Walker","floor":35,"turns":4},{"damage":0,"enemies":"Mind Bloom Boss Battle","floor":36,"turns":5},{"damage":75,"enemies":"2 Orb Walkers","floor":39,"turns":7},{"damage":66,"enemies":"Nemesis","floor":41,"turns":6}],"seed_played":"4609119335247261923","potions_obtained":[{"floor":8,"key":"SkillPotion"},{"floor":10,"key":"Weak Potion"},{"floor":16,"key":"Energy Potion"},{"floor":18,"key":"EntropicBrew"},{"floor":20,"key":"SneckoOil"},{"floor":35,"key":"FearPotion"}],"is_trial":false,"path_per_floor":["M","M","?","M","?","R","$","M","T","M","?","M","R","?","R","B",null,"M","$","M","?","?","R","T","M","T","T","R","M","?","M","R","B",null,"M","?","?","T","?","R","E"],"character_chosen":"DEFECT","items_purchased":["Go for the Eyes","Rip and Tear","Static Discharge","Tiny Chest"],"campfire_rested":4,"item_purchase_floors":[7,7,19,19],"current_hp_per_floor":[57,52,52,51,48,70,70,62,62,58,58,47,69,69,69,42,75,64,64,53,53,53,53,53,37,37,37,59,57,57,64,64,17,75,63,75,66,66,13,35,0,0],"gold":256,"neow_bonus":"RANDOM_COLORLESS_2","is_daily":false,"chose_seed":false,"campfire_upgraded":3,"win_rate":0.0,"timestamp":1610349753,"path_taken":["M","M","?","M","?","R","?","M","T","?","?","?","R","?","R","BOSS","M","$","M","?","?","R","?","M","T","?","R","M","?","M","R","BOSS","M","?","?","?","?","R","E"],"items_purchased_type":["Card","Card","Card","Relic"],"build_version":"2020-12-22","purchased_purges":1,"victory":false,"max_hp_per_floor":[75,75,75,75,75,75,75,75,75,75,75,75,75,75,75,75,75,75,75,75,75,75,75,75,75,75,75,75,75,75,75,75,75,75,75,75,75,75,75,75,75,75],"card_choices":[{"not_picked":["Secret Technique","Secret Weapon"],"picked":"Mayhem","floor":0},{"not_picked":["Barrage","Cold Snap"],"picked":"Sweeping Beam","floor":1},{"not_picked":["Chaos","Stack"],"picked":"Rebound","floor":2},{"not_picked":["Fission","Doom and Gloom"],"picked":"Chill","floor":4},{"not_picked":["Compile Driver","Darkness"],"picked":"Ball Lightning","floor":8},{"not_picked":["Rip and Tear","Compile Driver"],"picked":"Reprogram","floor":10},{"not_picked":["Go for the Eyes","Meteor Strike"],"picked":"Ball Lightning","floor":12},{"not_picked":["Biased Cognition","Rainbow"],"picked":"Creative AI","floor":16},{"not_picked":["Streamline","Melter+1"],"picked":"Go for the Eyes","floor":18},{"not_picked":["Recycle","Force Field"],"picked":"White Noise","floor":20},{"not_picked":["Hologram+1","Sweeping Beam"],"picked":"Stack+1","floor":25},{"not_picked":["Beam Cell","Static Discharge"],"picked":"Loop+1","floor":29},{"not_picked":["Cold Snap","Compile Driver"],"picked":"Conserve Battery+1","floor":31},{"not_picked":["Fission","Reboot"],"picked":"Seek","floor":33},{"not_picked":["Rip and Tear","Sweeping Beam"],"picked":"Ball Lightning+1","floor":35},{"not_picked":["Leap","Heatsinks"],"picked":"Consume+1","floor":36},{"not_picked":["Barrage","Sweeping Beam+1"],"picked":"Streamline+1","floor":39}],"player_experience":215227,"relics_obtained":[{"floor":9,"key":"Gremlin Horn"},{"floor":24,"key":"Omamori"},{"floor":26,"key":"Juzu Bracelet"},{"floor":27,"key":"Bird Faced Urn"},{"floor":34,"key":"Akabeko"},{"floor":34,"key":"Pantograph"},{"floor":34,"key":"FossilizedHelix"},{"floor":36,"key":"Girya"},{"floor":38,"key":"The Courier"},{"floor":39,"key":"Prayer Wheel"}],"event_choices":[{"damage_healed":0,"gold_gain":175,"player_choice":"AGREE","damage_taken":0,"max_hp_gain":0,"max_hp_loss":0,"event_name":"Liars Game","floor":3,"gold_loss":0,"cards_obtained":["Doubt"]},{"damage_healed":0,"gold_gain":0,"player_choice":"Success","damage_taken":3,"relics_obtained":["InkBottle"],"max_hp_gain":0,"max_hp_loss":0,"event_name":"Scrap Ooze","floor":5,"gold_loss":0},{"damage_healed":0,"gold_gain":0,"player_choice":"1 cards matched","damage_taken":0,"max_hp_gain":0,"max_hp_loss":0,"event_name":"Match and Keep!","floor":11,"gold_loss":0,"cards_obtained":["Zap"]},{"damage_healed":0,"gold_gain":0,"cards_transformed":["Strike_B"],"player_choice":"Change","damage_taken":0,"max_hp_gain":0,"max_hp_loss":0,"event_name":"Living Wall","floor":14,"gold_loss":0,"cards_obtained":["Rebound"]},{"damage_healed":0,"gold_gain":0,"player_choice":"Ignored","damage_taken":0,"max_hp_gain":0,"max_hp_loss":0,"event_name":"Vampires","floor":21,"gold_loss":0},{"damage_healed":0,"gold_gain":0,"player_choice":"Ignored","damage_taken":0,"max_hp_gain":0,"max_hp_loss":0,"event_name":"Ghosts","floor":22,"gold_loss":0},{"cards_removed":["Strike_B"],"damage_healed":0,"gold_gain":0,"player_choice":"Gave Gold","damage_taken":0,"max_hp_gain":0,"max_hp_loss":0,"event_name":"Beggar","floor":30,"gold_loss":75},{"damage_healed":0,"gold_gain":0,"player_choice":"Fight","damage_taken":0,"max_hp_gain":0,"max_hp_loss":0,"event_name":"MindBloom","floor":36,"gold_loss":0},{"damage_healed":0,"gold_gain":0,"player_choice":"Embrace Madness","damage_taken":9,"max_hp_gain":0,"max_hp_loss":0,"event_name":"Winding Halls","floor":37,"gold_loss":0,"cards_obtained":["Madness","Madness"]},{"damage_healed":0,"gold_gain":0,"player_choice":"Fight","damage_taken":0,"max_hp_gain":0,"max_hp_loss":0,"event_name":"Mysterious Sphere","floor":39,"gold_loss":0}],"is_beta":false,"boss_relics":[{"not_picked":["Philosopher\u0027s Stone","SacredBark"],"picked":"Nuclear Battery"},{"not_picked":["Astrolabe","Sozu"],"picked":"Calling Bell"}],"items_purged_floors":[7],"is_endless":false,"potions_floor_spawned":[8,10,16,18,20,35],"killed_by":"Nemesis","ascension_level":0}}