{"host":"hgkb2zpbo2dcws21","time":1610371865,"event":{"mods":["AchievementEnabler","BaseMod","Colored Map","Colored Powertips","Custom Start","DeckTracker","KOR Keyword Fix","Keyboard Shortcuts","Minty Spire (QoL Compilation)","Relic Stats","StSLib","SuperFastMode"],"gold_per_floor":[118,132,132,147,167,199,213,213,213,243,243,271,281,307,307,382,382,394,444,478,356,138,171,182,56,56,82,82,98,127,127,127,201,201,217,236,458,235,560,586,586,618,680,719,731,776,808,835,847,859,871,883,895,51,85,85],"floor_reached":57,"playtime":1889,"items_purged":["Blade Dance","Defend_G","A Thousand Cuts"],"score":3962,"play_id":"7c8c2628-bbf6-46e7-8666-cf343bf9e886","local_time":"20210111223105","is_ascension_mode":true,"campfire_choices":[{"data":"Blade Dance","floor":8.0,"key":"SMITH"},{"data":"Feel No Pain","floor":11.0,"key":"SMITH"},{"data":"After Image","floor":15.0,"key":"SMITH"},{"data":"Accuracy","floor":28.0,"key":"SMITH"},{"data":"Feel No Pain","floor":32.0,"key":"SMITH"},{"floor":41.0,"key":"RECALL"},{"data":"Apotheosis","floor":45.0,"key":"SMITH"},{"data":"Accuracy","floor":49.0,"key":"SMITH"},{"data":"Calculated Gamble","floor":53,"key":"SMITH"}],"circlet_count":0,"master_deck":["AscendersBane","Defend_G","Defend_G","Survivor","Neutralize","Blade Dance+1","Blade Dance","Blade Dance","Blade Dance","Feel No Pain+1","Feel No Pain+1","Backflip","Escape Plan","PiercingWail","After Image+1","Calculated Gamble+1","Accuracy+1","Storm of Steel","Accuracy+1","Apotheosis+1","Finisher","Accuracy","Envenom"],"relics":["Ring of the Snake","NeowsBlessing","Unceasing Top","The Courier","Question Card","Pear","Nunchaku","Busted Crown","Red Mask","Shuriken","Potion Belt","HandDrill","Mummified Hand","TungstenRod","Darkstone Periapt","Black Star","Old Coin","Bag of Preparation","FossilizedHelix","MawBank","Lizard Tail","Eternal Feather","Anchor","Ornamental Fan","Boot","Pen Nib","Bag of Marbles","Letter Opener","Bird Faced Urn","Snake Skull","CaptainsWheel"],"acts_visited":["Exordium","TheCity","TheBeyond","TheEnding"],"potions_floor_usage":[56,56],"damage_taken":[{"damage":0.0,"enemies":"Cultist","floor":1.0,"turns":1.0},{"damage":0.0,"enemies":"2 Louse","floor":2.0,"turns":1.0},{"damage":0.0,"enemies":"Jaw Worm","floor":4.0,"turns":1.0},{"damage":0.0,"enemies":"Exordium Wildlife","floor":5.0,"turns":4.0},{"damage":2.0,"enemies":"3 Sentries","floor":6.0,"turns":9.0},{"damage":0.0,"enemies":"3 Louse","floor":7.0,"turns":3.0},{"damage":0.0,"enemies":"Lagavulin","floor":10.0,"turns":6.0},{"damage":0.0,"enemies":"Gremlin Nob","floor":12.0,"turns":4.0},{"damage":0.0,"enemies":"2 Fungi Beasts","floor":13.0,"turns":4.0},{"damage":0.0,"enemies":"3 Sentries","floor":14.0,"turns":8.0},{"damage":12.0,"enemies":"Hexaghost","floor":16.0,"turns":12.0},{"damage":0.0,"enemies":"Spheric Guardian","floor":18.0,"turns":4.0},{"damage":0.0,"enemies":"Masked Bandits","floor":20.0,"turns":5.0},{"damage":0.0,"enemies":"Gremlin Leader","floor":23.0,"turns":4.0},{"damage":0.0,"enemies":"3 Byrds","floor":24.0,"turns":4.0},{"damage":0.0,"enemies":"Slavers","floor":27.0,"turns":3.0},{"damage":0.0,"enemies":"Centurion and Healer","floor":29.0,"turns":2.0},{"damage":0.0,"enemies":"Gremlin Leader","floor":30.0,"turns":3.0},{"damage":0.0,"enemies":"Champ","floor":33.0,"turns":5.0},{"damage":0.0,"enemies":"3 Shapes","floor":35.0,"turns":3.0},{"damage":0.0,"enemies":"3 Darklings","floor":36.0,"turns":3.0},{"damage":0.0,"enemies":"Mind Bloom Boss Battle","floor":39.0,"turns":3.0},{"damage":0.0,"enemies":"Giant Head","floor":40.0,"turns":4.0},{"damage":0.0,"enemies":"Reptomancer","floor":42.0,"turns":2.0},{"damage":0.0,"enemies":"Giant Head","floor":44.0,"turns":5.0},{"damage":0.0,"enemies":"Nemesis","floor":46.0,"turns":3.0},{"damage":0.0,"enemies":"Writhing Mass","floor":47.0,"turns":4.0},{"damage":0.0,"enemies":"Transient","floor":48.0,"turns":4.0},{"damage":0,"enemies":"Time Eater","floor":50,"turns":4},{"damage":0,"enemies":"Awakened One","floor":51,"turns":5},{"damage":0,"enemies":"Shield and Spear","floor":55,"turns":4},{"damage":0,"enemies":"The Heart","floor":56,"turns":6}],"seed_played":"8709204128009710830","potions_obtained":[{"floor":1.0,"key":"EssenceOfSteel"},{"floor":4.0,"key":"CunningPotion"},{"floor":7.0,"key":"SkillPotion"},{"floor":10.0,"key":"Swift Potion"},{"floor":16.0,"key":"DuplicationPotion"},{"floor":23.0,"key":"GamblersBrew"},{"floor":30.0,"key":"AttackPotion"},{"floor":33.0,"key":"SpeedPotion"},{"floor":35.0,"key":"SkillPotion"},{"floor":39.0,"key":"Energy Potion"},{"floor":55,"key":"PowerPotion"}],"is_trial":false,"path_per_floor":["M","M","$","M","M","E","M","R","T","E","R","E","M","E","R","B",null,"M","?","?","$","$","E","M","$","T","E","R","M","E","?","R","B",null,"M","M","?","$","?","E","R","E","T","E","R","E","M","M","R","B","B",null,"R","$","E","B",null],"character_chosen":"THE_SILENT","items_purchased":["Accuracy","Shuriken","HandDrill","Apotheosis","Accuracy","Pen Nib","Bag of Marbles","Letter Opener","Bird Faced Urn"],"campfire_rested":0,"item_purchase_floors":[21,22,25,38,54,54,54,54,54],"current_hp_per_floor":[59,59,59,59,59,57,57,57,57,57,57,67,67,67,67,55,71,71,71,71,71,71,71,71,71,71,71,71,71,71,71,71,71,75,75,75,75,75,75,75,75,75,75,75,76,76,76,76,76,76,76,76,76,76,76,76],"gold":85,"neow_bonus":"THREE_ENEMY_KILL","is_daily":false,"chose_seed":false,"campfire_upgraded":8,"win_rate":0.0,"timestamp":1610371865,"path_taken":["M","M","?","M","M","E","M","R","T","E","R","E","M","E","R","BOSS","M","?","?","?","$","E","?","$","T","E","R","M","E","?","R","BOSS","M","M","?","$","?","E","R","E","T","E","R","E","M","M","R","BOSS","BOSS","R","$","E","BOSS"],"items_purchased_type":["Card","Relic","Relic","Card","Card","Relic","Relic","Relic","Relic"],"build_version":"2020-12-22","purchased_purges":3,"victory":true,"max_hp_per_floor":[66,66,66,66,66,66,66,66,66,66,66,76,76,76,76,76,76,76,76,76,76,76,76,76,76,76,76,76,76,76,76,76,76,76,76,76,76,76,76,76,76,76,76,76,76,76,76,76,76,76,76,76,76,76,76,76],"relic_stats":{"Darkstone Periapt":0,"counters":[32,133],"Eternal Feather":1,"Pen Nib":[5],"Snake Skull":[29],"Bag of Preparation":[18],"Letter Opener":[45],"Question Card":22,"MawBank":144,"Boot":[4],"Nunchaku":[55],"Lizard Tail":0,"Busted Crown":36,"Shuriken":[120],"Mummified Hand":[87],"Ornamental Fan":[192],"Bird Faced Urn":[0],"HandDrill":[34],"Black Star":5,"obtain_stats":[{"Darkstone Periapt":30,"Snake Skull":55,"Bag of Preparation":40,"Boot":46,"Old Coin":39,"Nunchaku":14,"Lizard Tail":42,"Mummified Hand":26,"Red Mask":20,"HandDrill":25,"Ring of the Snake":0,"Potion Belt":23,"Pear":12,"NeowsBlessing":0,"Eternal Feather":44,"The Courier":9,"Pen Nib":54,"Letter Opener":54,"Question Card":10,"MawBank":42,"Anchor":44,"CaptainsWheel":55,"Busted Crown":17,"Shuriken":22,"Ornamental Fan":46,"Bird Faced Urn":54,"Black Star":34,"Bag of Marbles":54,"Unceasing Top":6,"TungstenRod":27,"FossilizedHelix":40},{"Darkstone Periapt":18,"Snake Skull":31,"Bag of Preparation":23,"Boot":26,"Old Coin":22,"Nunchaku":10,"Lizard Tail":24,"Mummified Hand":15,"Red Mask":13,"HandDrill":15,"Ring of the Snake":0,"Potion Belt":14,"Pear":8,"NeowsBlessing":0,"Eternal Feather":25,"The Courier":6,"Pen Nib":30,"Letter Opener":30,"Question Card":7,"MawBank":24,"Anchor":25,"CaptainsWheel":31,"Busted Crown":11,"Shuriken":13,"Ornamental Fan":26,"Bird Faced Urn":30,"Black Star":19,"Bag of Marbles":30,"Unceasing Top":5,"TungstenRod":16,"FossilizedHelix":23},{"Darkstone Periapt":78,"Snake Skull":127,"Bag of Preparation":96,"Boot":106,"Old Coin":92,"Nunchaku":41,"Lizard Tail":98,"Mummified Hand":70,"Red Mask":62,"HandDrill":70,"Ring of the Snake":0,"Potion Belt":66,"Pear":29,"NeowsBlessing":0,"Eternal Feather":103,"The Courier":19,"Pen Nib":123,"Letter Opener":123,"Question Card":25,"MawBank":98,"Anchor":103,"CaptainsWheel":127,"Busted Crown":53,"Shuriken":62,"Ornamental Fan":106,"Bird Faced Urn":123,"Black Star":83,"Bag of Marbles":123,"Unceasing Top":16,"TungstenRod":73,"FossilizedHelix":96}],"Unceasing Top":[65],"TungstenRod":0,"Ring of the Snake":[64]},"card_choices":[{"not_picked":["Flechettes","Slice","Well Laid Plans"],"picked":"SKIP","floor":1.0},{"not_picked":["Dagger Throw","Deadly Poison","Blade Dance"],"picked":"SKIP","floor":2.0},{"not_picked":["Blade Dance","Deflect"],"picked":"Backflip","floor":4.0},{"not_picked":["Tactician","Deadly Poison","Sucker Punch"],"picked":"SKIP","floor":5.0},{"not_picked":["Eviscerate","Underhanded Strike"],"picked":"Escape Plan","floor":6.0},{"not_picked":["Flying Knee","Dash"],"picked":"PiercingWail","floor":7.0},{"not_picked":["Expertise","Dagger Spray","Flying Knee"],"picked":"SKIP","floor":10.0},{"not_picked":["Slice","Predator","Flying Knee"],"picked":"After Image","floor":12.0},{"not_picked":["Noxious Fumes","PiercingWail","Poisoned Stab"],"picked":"Calculated Gamble","floor":13.0},{"not_picked":["Poisoned Stab","Slice","Skewer","All Out Attack"],"picked":"SKIP","floor":14.0},{"not_picked":["Poisoned Stab","Heel Hook"],"picked":"SKIP","floor":18.0},{"not_picked":["Bane","Poisoned Stab"],"picked":"SKIP","floor":23.0},{"not_picked":["Poisoned Stab","Quick Slash"],"picked":"SKIP","floor":24.0},{"not_picked":["Flying Knee","Dodge and Roll"],"picked":"SKIP","floor":27.0},{"not_picked":["Dagger Throw"],"picked":"Storm of Steel","floor":29.0},{"not_picked":["Dagger Spray","Sucker Punch"],"picked":"SKIP","floor":30.0},{"not_picked":["Phantasmal Killer"],"picked":"A Thousand Cuts","floor":33.0},{"not_picked":["Leg Sweep"],"picked":"Accuracy","floor":35.0},{"not_picked":["Dagger Spray","Deflect"],"picked":"SKIP","floor":36.0},{"not_picked":["PiercingWail","Skewer"],"picked":"SKIP","floor":40.0},{"not_picked":["Catalyst+1","Leg Sweep"],"picked":"SKIP","floor":42.0},{"not_picked":["Deadly Poison","Backstab"],"picked":"SKIP","floor":44.0},{"not_picked":["Bane+1","Masterful Stab"],"picked":"SKIP","floor":46.0},{"not_picked":["Outmaneuver","Sucker Punch"],"picked":"SKIP","floor":47.0},{"not_picked":["Endless Agony"],"picked":"Finisher","floor":48.0},{"not_picked":["Reflex"],"picked":"Envenom","floor":55}],"player_experience":1139954,"relics_obtained":[{"floor":6.0,"key":"Unceasing Top"},{"floor":9.0,"key":"The Courier"},{"floor":10.0,"key":"Question Card"},{"floor":12.0,"key":"Pear"},{"floor":14.0,"key":"Nunchaku"},{"floor":20.0,"key":"Red Mask"},{"floor":23.0,"key":"Potion Belt"},{"floor":26.0,"key":"Mummified Hand"},{"floor":27.0,"key":"TungstenRod"},{"floor":30.0,"key":"Darkstone Periapt"},{"floor":39.0,"key":"Old Coin"},{"floor":40.0,"key":"Bag of Preparation"},{"floor":40.0,"key":"FossilizedHelix"},{"floor":42.0,"key":"MawBank"},{"floor":42.0,"key":"Lizard Tail"},{"floor":44.0,"key":"Eternal Feather"},{"floor":44.0,"key":"Anchor"},{"floor":46.0,"key":"Ornamental Fan"},{"floor":46.0,"key":"Boot"},{"floor":55,"key":"Snake Skull"},{"floor":55,"key":"CaptainsWheel"}],"event_choices":[{"damage_healed":0.0,"max_hp_gain":0.0,"max_hp_loss":0.0,"gold_gain":50.0,"event_name":"Nest","player_choice":"Stole From Cult","floor":19.0,"gold_loss":0.0,"damage_taken":0.0},{"damage_healed":0.0,"max_hp_gain":0.0,"max_hp_loss":0.0,"gold_gain":0.0,"event_name":"Masked Bandits","player_choice":"Fought Bandits","floor":20.0,"gold_loss":0.0,"damage_taken":0.0},{"damage_healed":0.0,"max_hp_gain":0.0,"max_hp_loss":0.0,"gold_gain":0.0,"event_name":"The Mausoleum","player_choice":"Ignored","floor":31.0,"gold_loss":0.0,"damage_taken":0.0},{"damage_healed":0.0,"max_hp_gain":0.0,"max_hp_loss":0.0,"gold_gain":222.0,"event_name":"Tomb of Lord Red Mask","player_choice":"Wore Mask","floor":37.0,"gold_loss":0.0,"damage_taken":0.0},{"damage_healed":0.0,"max_hp_gain":0.0,"max_hp_loss":0.0,"gold_gain":0.0,"event_name":"MindBloom","player_choice":"Fight","floor":39.0,"gold_loss":0.0,"damage_taken":0.0}],"is_beta":false,"boss_relics":[{"not_picked":["Fusion Hammer","Astrolabe"],"picked":"Busted Crown"},{"not_picked":["Sozu","Ring of the Serpent"],"picked":"Black Star"}],"items_purged_floors":[21,38,54],"is_endless":false,"potions_floor_spawned":[1,4,7,10,13,16,23,30,33,35,39,46,47,55],"ascension_level":20}}