{"host":"uc9rcmnrswh1l0kc","time":1610404097,"event":{"mods":["2.2 Compatiblity","A Magickal Journey","Aspiration","BaseMod","Bestiary","Better Altar","Better Third Choice","BetterRewards","Block Reminder","Colorless Booster Pack","Conspire","Custom Start","Defective Defect","Defuse TimeMaze Blight","Displayed Cursed Tome","Ekko","Energized Spire","GifTheSpireLib","Infinite Spire","Ironclad Rager","Minty Spire (QoL Compilation)","Rare Cards Sparkle","Red Circlet Mod","Relic Stats","Replay The Spire","SacredBarkPlus","Shop Mod","Spicy Shops","StSLib","Stuff the Spire","The Blackbeard","The Bladedancer","The Blue Laboratory","The Cursed","The Death Knight","The Edgeheg","The Necromancer","Uncapped","Watcher Patcher","everything is the same but u backflip on backflip","vexMod"],"gold_per_floor":[109,109,124,124,124,154,154,171,197,208,133,133,160,12,12,110,110,128,147,422,433,433],"floor_reached":21,"playtime":1043,"items_purged":["Regret"],"score":314,"play_id":"e0952838-6b13-4f84-99c7-1d9b05ec850d","local_time":"20210111172817","is_ascension_mode":false,"campfire_choices":[{"data":"conspire:PoisonWeapons","floor":7,"key":"SMITH"},{"data":"Hidden Blade","floor":15,"key":"SMITH"}],"circlet_count":0,"master_deck":["Infinite Blades","Accuracy+1","Accuracy+1","Accuracy+1","Phantasmal Killer+1","Blade Dance+1","Blade Dance+1","Blade Dance+1","Glass Knife+1","Glass Knife+1","Neutralize+1","Cloak And Dagger+1","Cloak And Dagger+1","Cloak And Dagger+1","Cloak And Dagger+1","Cloak And Dagger+1","TalkToTheHand+1","conspire:PoisonWeapons+1","Glass Knife","Hidden Blade+1","Regret"],"relics":["Ring of the Snake","Dead Branch","Shuriken","m_SerpentRing","Ninja Scroll","Kunai","StuffTheSpire:ForceGauntlet","Chameleon Ring","StuffTheSpire:DarkSteelAnvil","aspiration:BabyByrd","StuffTheSpire:RedRose","StuffTheSpire:SapphireSignet","StuffTheSpire:OldFever","infinitespire:Lucky Rock","vexMod:Spyglass","vexMod:FluxCapacitor"],"acts_visited":["Exordium","TheCity"],"potions_floor_usage":[],"damage_taken":[{"damage":0,"enemies":"2 Louse","floor":1,"turns":1},{"damage":0,"enemies":"Cultist","floor":3,"turns":1},{"damage":0,"enemies":"Lagavulin","floor":6,"turns":2},{"damage":0,"enemies":"Jaw Worm","floor":8,"turns":1},{"damage":0,"enemies":"Looter","floor":10,"turns":1},{"damage":0,"enemies":"3 Sentries","floor":13,"turns":2},{"damage":0,"enemies":"Fading Forest","floor":16,"turns":7},{"damage":0,"enemies":"3 Byrds","floor":18,"turns":1},{"damage":0,"enemies":"2 Thieves","floor":19,"turns":1},{"damage":0,"enemies":"Cultist and Chosen","floor":21,"turns":2}],"seed_played":"-9079261539397734299","potions_obtained":[{"floor":3,"key":"blueLaboratory:BlinkPotion"},{"floor":10,"key":"AttackPotion"},{"floor":16,"key":"Block Potion"}],"is_trial":true,"path_per_floor":["M","?","M","?","?","E","R","M","T","M","$","?","E","$","R","B",null,"M","M","?","M"],"character_chosen":"THE_SILENT","items_purchased":["vexMod:Spyglass"],"campfire_rested":0,"item_purchase_floors":[14],"current_hp_per_floor":[70,70,70,70,70,70,70,70,70,70,70,70,70,70,70,70,70,70,70,70,70,70],"gold":433,"neow_bonus":"","is_daily":false,"chose_seed":false,"campfire_upgraded":2,"win_rate":0.0,"timestamp":1610404097,"path_taken":["M","?","?","?","?","E","R","M","T","M","$","?","E","$","R","BOSS","M","M","?","?"],"items_purchased_type":["Relic"],"build_version":"2020-12-22","purchased_purges":1,"victory":false,"max_hp_per_floor":[70,70,70,70,70,70,70,70,70,70,70,70,70,70,70,70,70,70,70,70,70,70],"relic_stats":{"counters":[10,19],"Shuriken":[28],"Dead Branch":[94],"Kunai":[28],"obtain_stats":[{"Dead Branch":0,"StuffTheSpire:ForceGauntlet":0,"infinitespire:Lucky Rock":13,"vexMod:Spyglass":14,"vexMod:FluxCapacitor":17,"StuffTheSpire:SapphireSignet":6,"Chameleon Ring":0,"Shuriken":0,"Ninja Scroll":0,"aspiration:BabyByrd":4,"StuffTheSpire:DarkSteelAnvil":0,"Kunai":0,"StuffTheSpire:RedRose":5,"StuffTheSpire:OldFever":9,"Ring of the Snake":0,"m_SerpentRing":0},{"Dead Branch":0,"StuffTheSpire:ForceGauntlet":0,"infinitespire:Lucky Rock":6,"vexMod:Spyglass":6,"vexMod:FluxCapacitor":7,"StuffTheSpire:SapphireSignet":3,"Chameleon Ring":0,"Shuriken":0,"Ninja Scroll":0,"aspiration:BabyByrd":2,"StuffTheSpire:DarkSteelAnvil":0,"Kunai":0,"StuffTheSpire:RedRose":2,"StuffTheSpire:OldFever":4,"Ring of the Snake":0,"m_SerpentRing":0},{"Dead Branch":0,"StuffTheSpire:ForceGauntlet":0,"infinitespire:Lucky Rock":8,"vexMod:Spyglass":8,"vexMod:FluxCapacitor":15,"StuffTheSpire:SapphireSignet":4,"Chameleon Ring":0,"Shuriken":0,"Ninja Scroll":0,"aspiration:BabyByrd":2,"StuffTheSpire:DarkSteelAnvil":0,"Kunai":0,"StuffTheSpire:RedRose":2,"StuffTheSpire:OldFever":5,"Ring of the Snake":0,"m_SerpentRing":0}],"Ring of the Snake":[20]},"card_choices":[{"not_picked":["Sneak Up","conspire:DoublingDagger"],"picked":"Hidden Blade","floor":1},{"not_picked":["Deflect","Dodge and Roll","Backflip"],"picked":"SKIP","floor":3},{"not_picked":["Deadly Poison","Dodge and Roll"],"picked":"conspire:PoisonWeapons","floor":6},{"not_picked":["Slice","StuffTheSpire:BumpUp"],"picked":"Glass Knife","floor":8},{"not_picked":["Deflect","Choke","Acrobatics"],"picked":"SKIP","floor":10},{"not_picked":["Blur","BowlingBash"],"picked":"Hidden Blade","floor":13},{"not_picked":["Deflect","PiercingWail","Backflip"],"picked":"SKIP","floor":18},{"not_picked":["BowlingBash","StuffTheSpire:BumpUp+1","ReplayTheSpireMod:The Works"],"picked":"SKIP","floor":19}],"player_experience":459313,"relics_obtained":[{"floor":6,"key":"StuffTheSpire:SapphireSignet"},{"floor":9,"key":"StuffTheSpire:OldFever"},{"floor":13,"key":"infinitespire:Lucky Rock"}],"event_choices":[{"damage_healed":0,"gold_gain":0,"player_choice":"Ignored","damage_taken":0,"max_hp_gain":0,"max_hp_loss":0,"event_name":"NoteForYourself","floor":2,"gold_loss":0},{"cards_removed":["Hidden Blade"],"damage_healed":0,"gold_gain":0,"player_choice":"Purged","damage_taken":0,"max_hp_gain":0,"max_hp_loss":0,"event_name":"Purifier","floor":12,"gold_loss":0},{"damage_healed":0,"gold_gain":275,"player_choice":"Desecrate","damage_taken":0,"max_hp_gain":0,"max_hp_loss":0,"event_name":"Golden Shrine","floor":20,"gold_loss":0,"cards_obtained":["Regret"]}],"is_beta":false,"boss_relics":[{"not_picked":["Cursed Key","StuffTheSpire:RunicConfusion"],"picked":"vexMod:FluxCapacitor"}],"items_purged_floors":[11],"is_endless":false,"potions_floor_spawned":[3,10,16,21],"killed_by":"Cultist and Chosen","ascension_level":0}}