{"host":"aaqofma31c3gm2hj","time":1610331468,"event":{"mods":["BaseMod","Minty Spire (QoL Compilation)","Replay The Spire","Spicy Shops","StSLib"],"gold_per_floor":[110,110,110,123,123,154,154,168,191,191,191,230,245,245,281,297,297,297,297],"floor_reached":18,"playtime":207,"items_purged":[],"score":360,"play_id":"3937c109-1adb-4d40-959e-6460727afd42","local_time":"20210111101748","is_ascension_mode":true,"campfire_choices":[{"data":"ForeignInfluence","floor":14,"key":"SMITH"},{"data":"Tantrum","floor":17,"key":"SMITH"}],"circlet_count":0,"master_deck":["AscendersBane","Strike_P","Strike_P","Strike_P","Strike_P","Defend_P","Defend_P","Defend_P","Defend_P","Eruption+1","Vigilance","ForeignInfluence+1","FlurryOfBlows","Tantrum+1","WheelKick"],"relics":["PureWater","NeowsBlessing","Potion Belt","Golden Idol","Vajra","Replay:Mystery Machine","Kunai","Gremlin Food"],"acts_visited":["Exordium"],"potions_floor_usage":[12],"damage_taken":[{"damage":0.0,"enemies":"Jaw Worm","floor":1.0,"turns":1.0},{"damage":0.0,"enemies":"Small Slimes","floor":4.0,"turns":1.0},{"damage":0.0,"enemies":"3 Sentries","floor":6.0,"turns":2.0},{"damage":0.0,"enemies":"Cultist","floor":8.0,"turns":3.0},{"damage":0,"enemies":"Lagavulin","floor":12,"turns":4},{"damage":3,"enemies":"Looter","floor":13,"turns":3},{"damage":2,"enemies":"Gremlin Nob","floor":15,"turns":3},{"damage":5,"enemies":"Red Slaver","floor":16,"turns":3},{"damage":0,"enemies":"The Guardian","floor":18,"turns":1}],"seed_played":"3433897229681954518","potions_obtained":[{"floor":4.0,"key":"Energy Potion"},{"floor":7.0,"key":"Flashbang"},{"floor":7.0,"key":"SteroidPotion"},{"floor":13,"key":"SteroidPotion"},{"floor":15,"key":"Flashbang"}],"is_trial":false,"path_per_floor":["M","?","?","M","?","E","?","M","T","PTL","PTL","E","M","R","E","M","R","B"],"character_chosen":"WATCHER","items_purchased":[],"campfire_rested":0,"item_purchase_floors":[],"current_hp_per_floor":[61,50,27,27,27,27,27,27,27,27,27,27,24,24,22,17,17,17,17],"gold":297,"neow_bonus":"THREE_ENEMY_KILL","is_daily":false,"chose_seed":false,"campfire_upgraded":2,"win_rate":0.0,"timestamp":1610331468,"path_taken":["M","?","?","M","?","E","?","?","T","PTL","PTL","E","M","R","E","M","R","BOSS"],"items_purchased_type":[],"build_version":"2020-12-22","purchased_purges":0,"victory":false,"max_hp_per_floor":[68,68,68,68,68,68,68,68,68,68,68,68,68,68,68,68,68,68,68],"card_choices":[{"not_picked":["Consecrate","SignatureMove"],"picked":"ForeignInfluence","floor":1.0},{"not_picked":["Protect","CrushJoints"],"picked":"FlurryOfBlows","floor":4.0},{"not_picked":["Protect","Alpha","SandsOfTime"],"picked":"SKIP","floor":6.0},{"not_picked":["Consecrate","FlyingSleeves","Prostrate"],"picked":"SKIP","floor":8.0},{"not_picked":["FlyingSleeves","ForeignInfluence","Protect"],"picked":"SKIP","floor":12},{"not_picked":["Crescendo","Adaptation"],"picked":"Tantrum","floor":13},{"not_picked":["Prostrate","SashWhip"],"picked":"WheelKick","floor":15},{"not_picked":["FlyingSleeves","FlurryOfBlows","WindmillStrike"],"picked":"SKIP","floor":16}],"player_experience":578843,"relics_obtained":[{"floor":6.0,"key":"Vajra"},{"floor":9.0,"key":"Replay:Mystery Machine"},{"floor":12,"key":"Kunai"},{"floor":15,"key":"Gremlin Food"}],"event_choices":[{"damage_healed":0.0,"max_hp_gain":0.0,"max_hp_loss":0.0,"gold_gain":0.0,"event_name":"Scrap Ooze","player_choice":"Success","floor":2.0,"gold_loss":0.0,"damage_taken":11.0,"relics_obtained":["Potion Belt"]},{"damage_healed":0.0,"max_hp_gain":0.0,"max_hp_loss":0.0,"gold_gain":0.0,"event_name":"Golden Idol","player_choice":"Take Damage","floor":3.0,"gold_loss":0.0,"damage_taken":23.0,"relics_obtained":["Golden Idol"]},{"damage_healed":0.0,"max_hp_gain":0.0,"max_hp_loss":0.0,"gold_gain":0.0,"event_name":"Living Wall","player_choice":"Grow","floor":5.0,"gold_loss":0.0,"damage_taken":0.0,"cards_upgraded":["Eruption"]},{"damage_healed":0.0,"max_hp_gain":0.0,"max_hp_loss":0.0,"gold_gain":0.0,"event_name":"Lab","player_choice":"Got Potions","floor":7.0,"gold_loss":0.0,"damage_taken":0.0}],"is_beta":false,"boss_relics":[],"items_purged_floors":[],"is_endless":false,"potions_floor_spawned":[4,13,15,16],"killed_by":"The Guardian","ascension_level":20}}