{"host":"ibckqdmmf9y74ymf","time":1610394414,"event":{"mods":["2.2 Compatiblity","Act Like it!","BaseMod","Minty Spire (QoL Compilation)","Quick Restart","Rare Cards Sparkle"],"gold_per_floor":[113,133,146,157,157,186,247,247,247,279,279,309,319,54,54,129,129,140,140,140,158,158,192,192,223,300,310,310,325,357,372,372,451,451,468,519,213,228,228,258,258,288,312,344,361,378,378,396,396,396,396],"floor_reached":50,"playtime":2958,"items_purged":["Defend_P","Strike_P+1"],"score":1470,"play_id":"1f0db558-0e15-43a8-a062-202f05cbdce5","local_time":"20210111204654","is_ascension_mode":true,"campfire_choices":[{"floor":8.0,"key":"REST"},{"data":"ReachHeaven","floor":11.0,"key":"SMITH"},{"data":"Meditate","floor":15.0,"key":"SMITH"},{"floor":24.0,"key":"REST"},{"data":"Blasphemy","floor":28.0,"key":"SMITH"},{"data":"Tantrum","floor":32.0,"key":"SMITH"},{"data":"LikeWater","floor":41,"key":"SMITH"},{"floor":47,"key":"REST"},{"floor":49,"key":"RECALL"}],"circlet_count":0,"master_deck":["AscendersBane","Strike_P+1","Strike_P+1","Defend_P+1","Defend_P+1","Defend_P+1","Eruption","Vigilance","ReachHeaven+1","SashWhip","ThirdEye","CarveReality","Wireheading","BowlingBash","Meditate+1","FollowUp","Adaptation","Protect","Blasphemy+1","EmptyMind","RitualDagger","Necronomicurse","Vault","Tantrum+1","Scrawl","LikeWater+1","ClearTheMind+1","LikeWater","ForeignInfluence+1","Fasting2+1"],"relics":["Velvet Choker","Yang","Bag of Preparation","StrikeDummy","Toy Ornithopter","Shuriken","PreservedInsect","Sozu","Necronomicon","Vajra","Pen Nib","Question Card","Smiling Mask","SlaversCollar","Ginger","Frozen Eye","White Beast Statue","Lantern","Incense Burner"],"acts_visited":["Exordium","TheCity","TheBeyond"],"potions_floor_usage":[],"damage_taken":[{"damage":1.0,"enemies":"Cultist","floor":1.0,"turns":4.0},{"damage":7.0,"enemies":"Small Slimes","floor":2.0,"turns":3.0},{"damage":2.0,"enemies":"Jaw Worm","floor":3.0,"turns":3.0},{"damage":1.0,"enemies":"Exordium Thugs","floor":4.0,"turns":4.0},{"damage":16.0,"enemies":"Gremlin Nob","floor":6.0,"turns":3.0},{"damage":13.0,"enemies":"Lagavulin Event","floor":7.0,"turns":4.0},{"damage":10.0,"enemies":"3 Sentries","floor":10.0,"turns":4.0},{"damage":0.0,"enemies":"Gremlin Nob","floor":12.0,"turns":2.0},{"damage":1.0,"enemies":"Looter","floor":13.0,"turns":2.0},{"damage":6.0,"enemies":"The Guardian","floor":16.0,"turns":10.0},{"damage":0.0,"enemies":"Chosen","floor":18.0,"turns":3.0},{"damage":4.0,"enemies":"3 Byrds","floor":21.0,"turns":4.0},{"damage":0.0,"enemies":"Gremlin Leader","floor":23.0,"turns":3.0},{"damage":4.0,"enemies":"Slavers","floor":25.0,"turns":4.0},{"damage":0.0,"enemies":"Centurion and Healer","floor":27.0,"turns":2.0},{"damage":0.0,"enemies":"Snake Plant","floor":29.0,"turns":2.0},{"damage":0.0,"enemies":"Book of Stabbing","floor":30.0,"turns":2.0},{"damage":0.0,"enemies":"Sentry and Sphere","floor":31.0,"turns":2.0},{"damage":14.0,"enemies":"Automaton","floor":33.0,"turns":4.0},{"damage":0.0,"enemies":"3 Darklings","floor":35.0,"turns":3.0},{"damage":0.0,"enemies":"2 Orb Walkers","floor":36.0,"turns":1.0},{"damage":0,"enemies":"Orb Walker","floor":38,"turns":3},{"damage":7,"enemies":"Giant Head","floor":40,"turns":5},{"damage":0,"enemies":"Reptomancer","floor":42,"turns":3},{"damage":14,"enemies":"Giant Head","floor":44,"turns":3},{"damage":0,"enemies":"Transient","floor":45,"turns":6},{"damage":11,"enemies":"3 Darklings","floor":46,"turns":4},{"damage":1,"enemies":"Maw","floor":48,"turns":3},{"damage":57,"enemies":"Awakened One","floor":50,"turns":4}],"seed_played":"4313421960307448341","potions_obtained":[{"floor":3.0,"key":"ColorlessPotion"},{"floor":6.0,"key":"SteroidPotion"},{"floor":7.0,"key":"SpeedPotion"},{"floor":12.0,"key":"FearPotion"},{"floor":16.0,"key":"Strength Potion"}],"is_trial":false,"path_per_floor":["M","M","M","M","?","E","?","R","T","E","R","E","M","$","R","B",null,"M","?","?","M","?","E","R","E","T","M","R","M","E","M","R","B",null,"M","?","$","M","?","E","R","E","T","E","M","M","R","M","R","B"],"character_chosen":"WATCHER","items_purchased":["PreservedInsect","Protect","Frozen Eye","LikeWater"],"campfire_rested":3,"item_purchase_floors":[14,14,37,37],"current_hp_per_floor":[60,53,51,50,50,34,21,41,41,31,31,31,30,30,30,24,57,57,57,51,47,26,26,46,42,42,42,42,42,42,42,42,28,58,58,58,58,58,58,51,51,51,51,37,37,26,46,45,45,0,0],"gold":396,"neow_bonus":"BOSS_RELIC","is_daily":false,"chose_seed":false,"campfire_upgraded":5,"win_rate":0.0,"timestamp":1610394414,"path_taken":["M","M","?","M","?","E","?","R","T","E","R","E","M","?","R","BOSS","M","?","?","M","?","E","R","E","T","M","R","M","E","M","R","BOSS","M","?","$","M","?","E","R","E","T","E","M","M","R","M","R","BOSS"],"items_purchased_type":["Relic","Card","Relic","Card"],"build_version":"2020-12-22","purchased_purges":2,"victory":false,"max_hp_per_floor":[68,68,68,68,68,68,68,68,68,68,68,68,68,68,68,68,68,68,68,68,68,68,68,68,68,68,68,68,68,68,68,68,68,68,68,68,68,68,68,68,68,68,68,68,68,68,68,68,68,68,68],"card_choices":[{"not_picked":["ThirdEye","DeceiveReality"],"picked":"ReachHeaven","floor":1.0},{"not_picked":["Prostrate","Sanctity"],"picked":"SashWhip","floor":2.0},{"not_picked":["EmptyBody","FlurryOfBlows"],"picked":"ThirdEye","floor":3.0},{"not_picked":["Protect","WindmillStrike"],"picked":"CarveReality","floor":4.0},{"not_picked":["BattleHymn","Worship"],"picked":"Wireheading","floor":6.0},{"not_picked":["EmptyMind","PathToVictory"],"picked":"BowlingBash","floor":7.0},{"not_picked":["SignatureMove","Sanctity"],"picked":"Meditate","floor":10.0},{"not_picked":["Pray","WaveOfTheHand"],"picked":"FollowUp","floor":12.0},{"not_picked":["InnerPeace","EmptyBody"],"picked":"Adaptation","floor":13.0},{"not_picked":["DeusExMachina","Omniscience"],"picked":"Blasphemy","floor":16.0},{"not_picked":["CutThroughFate","CrushJoints"],"picked":"EmptyMind","floor":18.0},{"not_picked":["Prostrate","BowlingBash","Halt"],"picked":"SKIP","floor":21.0},{"not_picked":["EmptyFist","CarveReality","JustLucky"],"picked":"SKIP","floor":23.0},{"not_picked":["EmptyBody","PathToVictory","FlyingSleeves"],"picked":"SKIP","floor":25.0},{"not_picked":["ClearTheMind","Evaluate","FlurryOfBlows"],"picked":"Vault","floor":27.0},{"not_picked":["EmptyBody","EmptyFist+1","BattleHymn"],"picked":"Tantrum","floor":29.0},{"not_picked":["FlyingSleeves","Nirvana+1","Crescendo","Adaptation+1"],"picked":"SKIP","floor":30.0},{"not_picked":["BowlingBash","SashWhip+1","Protect","Halt"],"picked":"SKIP","floor":31.0},{"not_picked":["Blasphemy","Alpha","LessonLearned"],"picked":"Scrawl","floor":33.0},{"not_picked":["Crescendo","PathToVictory+1","Sanctity","Perseverance"],"picked":"SKIP","floor":35.0},{"not_picked":["Perseverance","Tantrum","SignatureMove","WaveOfTheHand"],"picked":"SKIP","floor":38},{"not_picked":["PathToVictory+1","SandsOfTime","Prostrate"],"picked":"ClearTheMind+1","floor":40},{"not_picked":["PathToVictory","FlurryOfBlows+1","Meditate"],"picked":"LikeWater","floor":42},{"not_picked":["WaveOfTheHand","CrushJoints","SandsOfTime","Protect"],"picked":"SKIP","floor":44},{"not_picked":["Crescendo","Tantrum","CrushJoints"],"picked":"ForeignInfluence+1","floor":45},{"not_picked":["Consecrate","JustLucky+1","Sanctity+1"],"picked":"Fasting2+1","floor":46},{"not_picked":["Indignation+1","Sanctity","Wireheading","BattleHymn+1"],"picked":"SKIP","floor":48}],"player_experience":894112,"relics_obtained":[{"floor":6.0,"key":"Yang"},{"floor":7.0,"key":"Bag of Preparation"},{"floor":9.0,"key":"StrikeDummy"},{"floor":10.0,"key":"Toy Ornithopter"},{"floor":12.0,"key":"Shuriken"},{"floor":22.0,"key":"Necronomicon"},{"floor":23.0,"key":"Vajra"},{"floor":25.0,"key":"Pen Nib"},{"floor":26.0,"key":"Question Card"},{"floor":30.0,"key":"Smiling Mask"},{"floor":36.0,"key":"Ginger"},{"floor":40,"key":"White Beast Statue"},{"floor":42,"key":"Lantern"},{"floor":44,"key":"Incense Burner"}],"event_choices":[{"damage_healed":0.0,"max_hp_gain":0.0,"max_hp_loss":0.0,"gold_gain":0.0,"event_name":"Liars Game","player_choice":"Ignored","floor":5.0,"gold_loss":0.0,"damage_taken":0.0},{"damage_healed":0.0,"max_hp_gain":0.0,"max_hp_loss":0.0,"gold_gain":0.0,"event_name":"Dead Adventurer","player_choice":"Searched \u00272\u0027 times","floor":7.0,"gold_loss":0.0,"damage_taken":0.0},{"damage_healed":0.0,"max_hp_gain":0.0,"max_hp_loss":0.0,"gold_gain":0.0,"event_name":"Back to Basics","player_choice":"Simplicity","floor":19.0,"gold_loss":0.0,"damage_taken":0.0,"cards_upgraded":["Strike_P","Strike_P","Strike_P","Strike_P","Defend_P","Defend_P","Defend_P"]},{"damage_healed":0.0,"max_hp_gain":0.0,"max_hp_loss":0.0,"gold_gain":0.0,"event_name":"Nest","player_choice":"Joined the Cult","floor":20.0,"gold_loss":0.0,"damage_taken":6.0,"cards_obtained":["RitualDagger"]},{"damage_healed":0.0,"max_hp_gain":0.0,"max_hp_loss":0.0,"gold_gain":0.0,"event_name":"Cursed Tome","player_choice":"Obtained Book","floor":22.0,"gold_loss":0.0,"damage_taken":21.0},{"damage_healed":0.0,"max_hp_gain":0.0,"max_hp_loss":0.0,"gold_gain":0.0,"event_name":"Mysterious Sphere","player_choice":"Fight","floor":36.0,"gold_loss":0.0,"damage_taken":0.0},{"cards_removed":["Strike_P"],"damage_healed":0,"gold_gain":0,"player_choice":"Removed Attack","damage_taken":0,"max_hp_gain":0,"max_hp_loss":0,"event_name":"Falling","floor":39,"gold_loss":0}],"is_beta":false,"boss_relics":[{"not_picked":["Astrolabe","Runic Dome"],"picked":"Sozu"},{"not_picked":["Calling Bell","Pandora\u0027s Box"],"picked":"SlaversCollar"}],"items_purged_floors":[14,37],"is_endless":false,"potions_floor_spawned":[3,6,7,12,16,23,25,30,31,33,36,40,42,44,45,46,48],"killed_by":"Awakened One","ascension_level":20}}