{"host":"hbwa3kjetxrogfq8","time":1610408457,"event":{"mods":["AchievementEnabler","BaseMod","Block Reminder","Colored Map","Colored Powertips","Highlight Path","Minty Spire (QoL Compilation)","Rare Cards Sparkle","Relic Stats","StSLib"],"gold_per_floor":[363,8,8,20,1,1,30,46,69,80,95,105,105,115,115,217,217,229,229,249,46,58,58,58],"floor_reached":23,"playtime":980,"items_purged":["Normality","Strike_R"],"score":298,"play_id":"18c33349-f898-49fa-818a-9c11eae0ac87","local_time":"20210112004057","is_ascension_mode":true,"campfire_choices":[{"data":"Rampage","floor":6,"key":"SMITH"},{"floor":15,"key":"REST"}],"circlet_count":0,"master_deck":["Defend_R","Defend_R","Defend_R","Defend_R","Bash","Rampage+1","Sword Boomerang","Twin Strike","Flex","Heavy Blade","Shockwave","Disarm","Pommel Strike","Warcry","Inflame","Armaments","Pommel Strike","Feed","Blood for Blood+1","Immolate+1","Inflame+1","Rupture","Rupture","Second Wind+1"],"relics":["Burning Blood","Membership Card","Strawberry","Bag of Preparation","FaceOfCleric","Astrolabe","Bronze Scales"],"acts_visited":["Exordium","TheCity"],"potions_floor_usage":[20,22,22,23],"damage_taken":[{"damage":1,"enemies":"Cultist","floor":1,"turns":3},{"damage":7,"enemies":"Small Slimes","floor":4,"turns":4},{"damage":26,"enemies":"Gremlin Nob","floor":7,"turns":4},{"damage":0,"enemies":"2 Louse","floor":8,"turns":2},{"damage":9,"enemies":"Red Slaver","floor":10,"turns":3},{"damage":39,"enemies":"Exordium Thugs","floor":11,"turns":5},{"damage":7,"enemies":"Large Slime","floor":12,"turns":5},{"damage":18,"enemies":"3 Louse","floor":14,"turns":4},{"damage":35,"enemies":"Hexaghost","floor":16,"turns":9},{"damage":40,"enemies":"3 Byrds","floor":18,"turns":6},{"damage":14,"enemies":"Chosen","floor":20,"turns":5},{"damage":38,"enemies":"Sentry and Sphere","floor":22,"turns":6},{"damage":23,"enemies":"Gremlin Leader","floor":23,"turns":2}],"seed_played":"1107965371841892321","potions_obtained":[{"floor":1,"key":"Explosive Potion"},{"floor":7,"key":"Ancient Potion"},{"floor":8,"key":"SkillPotion"},{"floor":22,"key":"ElixirPotion"}],"is_trial":false,"path_per_floor":["M","$","$","M","$","R","E","M","T","M","M","M","?","M","R","B",null,"M","?","M","$","M","E"],"character_chosen":"IRONCLAD","items_purchased":["Sword Boomerang","Twin Strike","Flex","Membership Card","Shockwave","Bronze Scales","Rupture","Regen Potion"],"campfire_rested":1,"item_purchase_floors":[2,2,2,2,5,21,21,21],"current_hp_per_floor":[77,77,77,76,76,76,63,69,69,66,33,32,32,21,47,19,72,42,42,35,35,18,0,0],"gold":58,"neow_bonus":"TWO_FIFTY_GOLD","is_daily":false,"chose_seed":false,"campfire_upgraded":1,"win_rate":0.0,"timestamp":1610408457,"path_taken":["M","?","$","?","$","R","E","M","T","M","M","M","?","M","R","BOSS","M","?","M","$","?","E"],"items_purchased_type":["Card","Card","Card","Relic","Card","Relic","Card","Potion"],"build_version":"2020-12-22","purchased_purges":2,"victory":false,"max_hp_per_floor":[80,80,80,80,80,80,87,87,87,87,87,87,87,88,88,89,89,93,93,94,94,95,95,95],"relic_stats":{"FaceOfCleric":5,"counters":[13,58],"Astrolabe":["Blood for Blood","Immolate","Inflame"],"Bronze Scales":[15],"Bag of Preparation":[18],"obtain_stats":[{"FaceOfCleric":13,"Strawberry":7,"Astrolabe":17,"Bronze Scales":21,"Bag of Preparation":9,"Membership Card":2,"Burning Blood":0},{"FaceOfCleric":7,"Strawberry":3,"Astrolabe":9,"Bronze Scales":11,"Bag of Preparation":4,"Membership Card":1,"Burning Blood":0},{"FaceOfCleric":26,"Strawberry":11,"Astrolabe":39,"Bronze Scales":50,"Bag of Preparation":13,"Membership Card":3,"Burning Blood":0}],"Burning Blood":72},"card_choices":[{"not_picked":["Clothesline","Rupture"],"picked":"Rampage","floor":1},{"not_picked":["Iron Wave","Warcry"],"picked":"Heavy Blade","floor":4},{"not_picked":["Entrench","Anger"],"picked":"Disarm","floor":7},{"not_picked":["Twin Strike","Headbutt"],"picked":"Pommel Strike","floor":8},{"not_picked":["Wild Strike","Twin Strike"],"picked":"Warcry","floor":10},{"not_picked":["Shockwave","Heavy Blade"],"picked":"Inflame","floor":11},{"not_picked":["Intimidate","Juggernaut"],"picked":"Armaments","floor":12},{"not_picked":["Iron Wave","Warcry"],"picked":"Pommel Strike","floor":14},{"not_picked":["Berserk","Exhume"],"picked":"Feed","floor":16},{"not_picked":["Power Through","Rampage"],"picked":"Rupture","floor":18},{"not_picked":["Evolve","Entrench","Anger"],"picked":"SKIP","floor":20},{"not_picked":["Perfected Strike","Warcry"],"picked":"Second Wind+1","floor":22}],"player_experience":627407,"relics_obtained":[{"floor":7,"key":"Strawberry"},{"floor":9,"key":"Bag of Preparation"}],"event_choices":[{"damage_healed":0,"gold_gain":0,"player_choice":"Trade","damage_taken":0,"relics_obtained":["FaceOfCleric"],"max_hp_gain":0,"max_hp_loss":0,"event_name":"FaceTrader","floor":13,"gold_loss":0},{"cards_removed":["Strike_R"],"damage_healed":0,"gold_gain":0,"player_choice":"Purged","damage_taken":0,"max_hp_gain":0,"max_hp_loss":0,"event_name":"Purifier","floor":19,"gold_loss":0}],"is_beta":false,"boss_relics":[{"not_picked":["Busted Crown","Pandora\u0027s Box"],"picked":"Astrolabe"}],"items_purged_floors":[2,21],"is_endless":false,"potions_floor_spawned":[1,7,8,10,16,22],"killed_by":"Gremlin Leader","ascension_level":8}}