{"host":"i0avyit1s6jb1siw","time":1610393892,"event":{"mods":["BaseMod","DeckTracker","Dota2Spire","Highlight Path","Minty Spire (QoL Compilation)","Quick Restart","StSLib","SuperFastMode"],"gold_per_floor":[19,19,42,117,130,145,145,170,170,170,194,208,208,249,249,344,344,359,138,153,78,78,118,118,149,149,149,9,27,27,70,70,164,164,184,184,184,184,209,240,255,255,255,299,312,21,21,71,71,71,71,71],"floor_reached":51,"playtime":1454,"items_purged":["Strike_G","Strike_G","Strike_G"],"score":1626,"play_id":"55cdd7ac-b2d7-4eb7-a626-3afc4557d811","local_time":"20210111203812","is_ascension_mode":true,"campfire_choices":[{"data":"Blade Dance","floor":7,"key":"SMITH"},{"data":"Burst","floor":10,"key":"SMITH"},{"floor":13,"key":"REST"},{"data":"Accuracy","floor":15,"key":"SMITH"},{"floor":24,"key":"REST"},{"data":"Accuracy","floor":27,"key":"SMITH"},{"data":"Wraith Form v2","floor":30,"key":"SMITH"},{"data":"Adrenaline","floor":32,"key":"SMITH"},{"floor":42,"key":"REST"},{"floor":49,"key":"RECALL"}],"circlet_count":0,"master_deck":["AscendersBane","Defend_G","Defend_G","Defend_G","Defend_G","Survivor","Neutralize","Blade Dance+1","Burst+1","Accuracy+1","Wraith Form v2+1","Adrenaline+1","Cloak And Dagger","Accuracy+1","Blade Dance","Leg Sweep","Accuracy","Backflip","Infinite Blades"],"relics":["Ring of the Snake","Golden Idol","Toy Ornithopter","Dota2Spire:ShadowBlade","Busted Crown","Dota2Spire:MantaStyle","Dota2Spire:BladeMail","Sundial","Dota2Spire:MagicBottle","Dota2Spire:Bloodstone","Calipers","Dota2Spire:ArmletOfMordiggian","Lee\u0027s Waffle"],"acts_visited":["Exordium","TheCity","TheBeyond"],"potions_floor_usage":[14,24,35,41,45],"damage_taken":[{"damage":1,"enemies":"2 Louse","floor":1,"turns":3},{"damage":4,"enemies":"Small Slimes","floor":3,"turns":3},{"damage":6,"enemies":"Jaw Worm","floor":5,"turns":5},{"damage":8,"enemies":"3 Louse","floor":6,"turns":5},{"damage":8,"enemies":"Large Slime","floor":8,"turns":5},{"damage":4,"enemies":"Exordium Thugs","floor":11,"turns":5},{"damage":1,"enemies":"3 Louse","floor":12,"turns":5},{"damage":6,"enemies":"Gremlin Nob","floor":14,"turns":3},{"damage":26,"enemies":"Slime Boss","floor":16,"turns":9},{"damage":1,"enemies":"Spheric Guardian","floor":18,"turns":3},{"damage":8,"enemies":"2 Thieves","floor":20,"turns":2},{"damage":0,"enemies":"Gremlin Leader","floor":23,"turns":5},{"damage":0,"enemies":"Book of Stabbing","floor":25,"turns":3},{"damage":1,"enemies":"Shelled Parasite and Fungi","floor":29,"turns":3},{"damage":7,"enemies":"Slavers","floor":31,"turns":2},{"damage":19,"enemies":"Collector","floor":33,"turns":8},{"damage":2,"enemies":"3 Darklings","floor":35,"turns":4},{"damage":4,"enemies":"3 Shapes","floor":39,"turns":3},{"damage":80,"enemies":"Reptomancer","floor":40,"turns":9},{"damage":1,"enemies":"Transient","floor":41,"turns":6},{"damage":0,"enemies":"Giant Head","floor":44,"turns":5},{"damage":3,"enemies":"Maw","floor":45,"turns":6},{"damage":69,"enemies":"Awakened One","floor":50,"turns":11},{"damage":20,"enemies":"Donu and Deca","floor":51,"turns":2}],"seed_played":"-7872409189204360263","potions_obtained":[{"floor":1,"key":"Regen Potion"},{"floor":3,"key":"SkillPotion"},{"floor":16,"key":"Dexterity Potion"},{"floor":20,"key":"Fruit Juice"},{"floor":29,"key":"Explosive Potion"},{"floor":38,"key":"FairyPotion"},{"floor":40,"key":"SteroidPotion"},{"floor":41,"key":"SkillPotion"}],"is_trial":false,"path_per_floor":["M","?","M","?","M","M","R","M","T","R","M","M","R","E","R","B",null,"M","$","M","?","$","E","R","E","T","R","$","M","R","E","R","B",null,"M","?","?","?","M","E","M","R","T","E","M","$","?","?","R","B","B"],"character_chosen":"THE_SILENT","items_purchased":["Accuracy","Blade Dance","Accuracy","Lee\u0027s Waffle"],"campfire_rested":3,"item_purchase_floors":[19,19,28,46],"current_hp_per_floor":[58,58,54,43,37,29,29,21,21,21,17,16,34,33,33,7,47,46,46,38,38,38,38,65,65,65,65,65,64,64,57,57,38,58,61,61,61,61,57,3,22,40,40,40,42,69,59,59,59,14,0,0],"gold":71,"neow_bonus":"REMOVE_TWO","is_daily":false,"chose_seed":false,"campfire_upgraded":6,"win_rate":0.0,"timestamp":1610393892,"path_taken":["M","?","M","?","M","M","R","M","T","R","M","M","R","E","R","BOSS","M","$","M","?","$","E","R","E","T","R","?","M","R","E","R","BOSS","M","?","?","?","M","E","M","R","T","E","?","$","?","?","R","BOSS","BOSS"],"items_purchased_type":["Card","Card","Card","Relic"],"build_version":"2020-12-22","purchased_purges":3,"victory":false,"max_hp_per_floor":[66,60,60,60,60,60,60,60,60,60,60,60,60,60,60,60,60,60,60,60,60,60,60,65,65,65,65,65,65,65,65,65,65,65,65,65,62,62,62,62,62,62,62,62,62,69,69,69,69,69,69,69],"card_choices":[{"not_picked":["Infinite Blades","Quick Slash"],"picked":"Flying Knee","floor":1},{"not_picked":["Sucker Punch","Bane","Dodge and Roll"],"picked":"SKIP","floor":3},{"not_picked":["Dodge and Roll","Cloak And Dagger"],"picked":"Blade Dance","floor":5},{"not_picked":["Dagger Spray","Bane"],"picked":"Burst","floor":6},{"not_picked":["Quick Slash","Riddle With Holes","Dagger Spray"],"picked":"SKIP","floor":8},{"not_picked":["Flying Knee","Bouncing Flask","Sucker Punch"],"picked":"SKIP","floor":11},{"not_picked":["Bane","Leg Sweep"],"picked":"Accuracy","floor":12},{"not_picked":["Backflip","Quick Slash"],"picked":"Wraith Form v2","floor":14},{"not_picked":["Venomology","Grand Finale"],"picked":"Adrenaline","floor":16},{"not_picked":[],"picked":"Cloak And Dagger","floor":18},{"not_picked":["Outmaneuver"],"picked":"SKIP","floor":20},{"not_picked":[],"picked":"Leg Sweep","floor":23},{"not_picked":["Acrobatics"],"picked":"SKIP","floor":25},{"not_picked":["Dagger Spray"],"picked":"SKIP","floor":29},{"not_picked":[],"picked":"Backflip","floor":31},{"not_picked":["All Out Attack+1"],"picked":"SKIP","floor":35},{"not_picked":["Leg Sweep"],"picked":"SKIP","floor":39},{"not_picked":["Dagger Spray"],"picked":"SKIP","floor":40},{"not_picked":[],"picked":"Infinite Blades","floor":41},{"not_picked":["Escape Plan"],"picked":"SKIP","floor":44},{"not_picked":["Slice+1"],"picked":"SKIP","floor":45}],"player_experience":2208830,"relics_obtained":[{"floor":9,"key":"Toy Ornithopter"},{"floor":14,"key":"Dota2Spire:ShadowBlade"},{"floor":23,"key":"Dota2Spire:MantaStyle"},{"floor":25,"key":"Dota2Spire:BladeMail"},{"floor":26,"key":"Sundial"},{"floor":31,"key":"Dota2Spire:MagicBottle"},{"floor":40,"key":"Calipers"},{"floor":44,"key":"Dota2Spire:ArmletOfMordiggian"}],"event_choices":[{"damage_healed":0,"gold_gain":0,"player_choice":"Lose Max HP","damage_taken":0,"relics_obtained":["Golden Idol"],"max_hp_gain":0,"max_hp_loss":6,"event_name":"Golden Idol","floor":2,"gold_loss":0},{"damage_healed":0,"gold_gain":75,"player_choice":"Gather Gold","damage_taken":11,"max_hp_gain":0,"max_hp_loss":0,"event_name":"World of Goop","floor":4,"gold_loss":0},{"cards_removed":["Strike_G"],"damage_healed":0,"gold_gain":0,"player_choice":"Gave Gold","damage_taken":0,"max_hp_gain":0,"max_hp_loss":0,"event_name":"Beggar","floor":21,"gold_loss":75},{"cards_removed":["Flying Knee"],"damage_healed":0,"gold_gain":0,"player_choice":"Removed Attack","damage_taken":0,"max_hp_gain":0,"max_hp_loss":0,"event_name":"Falling","floor":36,"gold_loss":0},{"damage_healed":0,"gold_gain":0,"player_choice":"Max HP","damage_taken":0,"max_hp_gain":0,"max_hp_loss":3,"event_name":"Winding Halls","floor":37,"gold_loss":0},{"damage_healed":0,"gold_gain":0,"player_choice":"Got Potions","damage_taken":0,"max_hp_gain":0,"max_hp_loss":0,"event_name":"Lab","floor":38,"gold_loss":0},{"damage_healed":0,"gold_gain":0,"player_choice":"Memory 3","damage_taken":10,"max_hp_gain":0,"max_hp_loss":0,"event_name":"SensoryStone","floor":47,"gold_loss":0},{"damage_healed":0,"gold_gain":50,"player_choice":"Pray","damage_taken":0,"max_hp_gain":0,"max_hp_loss":0,"event_name":"Golden Shrine","floor":48,"gold_loss":0}],"is_beta":false,"boss_relics":[{"not_picked":["Runic Dome","Coffee Dripper"],"picked":"Busted Crown"},{"not_picked":["Black Star","Snecko Eye"],"picked":"Dota2Spire:Bloodstone"}],"items_purged_floors":[19,28,46],"is_endless":false,"potions_floor_spawned":[1,3,8,16,20,29,33,40,41,44],"killed_by":"Donu and Deca","ascension_level":20}}