{"host":"mabtmc9uzswexjnd","time":1610356455,"event":{"mods":["BaseMod","Lobotomy","LobotomyExtend","Minty Spire (QoL Compilation)","Replay The Spire","StSLib","vexMod"],"gold_per_floor":[111,121,139,159,159,192,192,221,221,287,287,343,343,55,55,55,55],"floor_reached":16,"playtime":1615,"items_purged":["Strike_R"],"score":126,"play_id":"fe82e753-5065-464b-9c76-659d91788f99","local_time":"20210111171415","is_ascension_mode":true,"campfire_choices":[{"floor":7,"key":"REST"},{"floor":15,"key":"REST"}],"circlet_count":0,"master_deck":["Strike_R","Strike_R","Strike_R","Defend_R","Defend_R","Defend_R","Defend_R+1","Bash","Sword Boomerang","OldLady","Ghostly Armor+1","Inflame","OSAHOGD","BeautyBeast","Entrench+1","LittleHelper","Rampage","BlackSwan","Dark Embrace+1","Wellcheers","Headbutt+1","Pummel","HeroicMonk","Ghostly Armor+1"],"relics":["Burning Blood","CogitoBucket","LetterFromLob","Sundial","Frozen Egg 2","vexMod:ConsolationPrize","Replay:Bottled Steam","BackwardClock","vexMod:Cooldron"],"acts_visited":["Exordium"],"potions_floor_usage":[6,10],"damage_taken":[{"damage":0,"enemies":"Small Slimes","floor":1,"turns":5},{"damage":8,"enemies":"Cultist","floor":2,"turns":5},{"damage":11,"enemies":"Jaw Worm","floor":3,"turns":3},{"damage":12,"enemies":"Blue Slaver","floor":4,"turns":2},{"damage":31,"enemies":"Lagavulin","floor":6,"turns":6},{"damage":30,"enemies":"3 Sentries","floor":8,"turns":8},{"damage":39,"enemies":"Gremlin Nob","floor":10,"turns":5},{"damage":39,"enemies":"Exordium Wildlife","floor":12,"turns":4},{"damage":83,"enemies":"The Guardian","floor":16,"turns":4}],"seed_played":"4640743890622600543","potions_obtained":[{"floor":4,"key":"AttackPotion"},{"floor":8,"key":"LiquidBronze"},{"floor":12,"key":"DuplicationPotion"}],"is_trial":false,"path_per_floor":["M","M","M","M","?","E","R","E","T","E","?","M","?","$","R","B"],"character_chosen":"IRONCLAD","items_purchased":["Ghostly Armor+1","vexMod:Cooldron"],"campfire_rested":2,"item_purchase_floors":[14,14],"current_hp_per_floor":[80,78,73,67,67,42,66,42,42,9,80,47,31,31,55,0,0],"gold":55,"neow_bonus":"","is_daily":false,"chose_seed":false,"campfire_upgraded":0,"win_rate":0.0,"timestamp":1610356455,"path_taken":["M","M","M","M","?","E","R","E","T","E","?","M","?","?","R","BOSS"],"items_purchased_type":["Card","Relic"],"build_version":"2020-12-22","purchased_purges":1,"victory":false,"max_hp_per_floor":[80,80,80,80,80,80,80,80,80,80,80,80,80,80,80,80,80],"card_choices":[{"not_picked":["Murderer","WallGazer"],"picked":"LittlePrince","floor":1},{"not_picked":["Second Wind","Burning Pact"],"picked":"Sword Boomerang","floor":1},{"not_picked":["Yin","Rudolta"],"picked":"OldLady","floor":2},{"not_picked":["Dark Embrace","Entrench"],"picked":"Ghostly Armor","floor":2},{"not_picked":["Rupture","Searing Blow"],"picked":"Inflame","floor":3},{"not_picked":["CrumblingArmor","SpiderBud"],"picked":"OSAHOGD","floor":3},{"not_picked":["Murderer","MeatLantern"],"picked":"BeautyBeast","floor":4},{"not_picked":["Heavy Blade","Body Slam"],"picked":"Entrench","floor":4},{"not_picked":["Bloodbath","VoidDream"],"picked":"LittleHelper","floor":6},{"not_picked":["Thunderclap","Anger"],"picked":"Rampage","floor":6},{"not_picked":["FairyFestival","MeatLantern"],"picked":"BlackSwan","floor":8},{"not_picked":["Sentinel","ReplayReversal"],"picked":"Dark Embrace+1","floor":8},{"not_picked":["QueenOfHatred","CherryBlossoms"],"picked":"Wellcheers","floor":10},{"not_picked":["ReplayTheSpireMod:Strike From Hell","Dual Wield"],"picked":"Headbutt","floor":10},{"not_picked":["Shockwave","Havoc"],"picked":"Pummel","floor":12},{"not_picked":["UniverseFragment","Bloodbath"],"picked":"HeroicMonk","floor":12}],"player_experience":63950,"relics_obtained":[{"floor":1,"key":"LetterFromLob"},{"floor":6,"key":"Sundial"},{"floor":8,"key":"Frozen Egg 2"},{"floor":9,"key":"vexMod:ConsolationPrize"},{"floor":10,"key":"Replay:Bottled Steam"}],"event_choices":[{"cards_removed":["Strike_R"],"damage_healed":0,"gold_gain":0,"player_choice":"Forget","damage_taken":0,"max_hp_gain":0,"max_hp_loss":0,"event_name":"Living Wall","floor":5,"gold_loss":0},{"damage_healed":0,"gold_gain":0,"player_choice":"Entered Light","damage_taken":16,"max_hp_gain":0,"max_hp_loss":0,"event_name":"Shining Light","floor":13,"gold_loss":0,"cards_upgraded":["Defend_R","Ghostly Armor"]}],"is_beta":false,"boss_relics":[],"items_purged_floors":[14],"is_endless":false,"potions_floor_spawned":[4,8,12],"killed_by":"The Guardian","ascension_level":1}}