{"host":"8lgo2trwv2o0qyml","time":1610390446,"event":{"mods":["BaseMod","Colored Map","Colored Powertips","DeckTracker","Highlight Path","Hubris","Infinite Spire","Minty Spire (QoL Compilation)","Quick Restart","Random Character Button","Relic Sorter","Replay The Spire","StSLib","SuperFastMode","Synergy Search"],"gold_per_floor":[115,115,126,29,104,104,130,130,157,190,190,206,206,220,220,324,624,639,652,672,672,686,686,686],"floor_reached":23,"playtime":1010,"items_purged":[],"score":276,"play_id":"e3ce90ea-ae40-4428-a475-b6aaf5de41f2","local_time":"20210111134046","is_ascension_mode":false,"campfire_choices":[{"data":"ReplayTheSpireMod:Private Reserves","floor":6,"key":"SMITH"},{"floor":11,"key":"REST"},{"floor":15,"key":"DIG"}],"circlet_count":0,"master_deck":["Strike_B","Strike_B","Strike_B","Strike_B","Defend_B+1","Defend_B","Defend_B","Defend_B","Zap","Dualcast","FIFO Queue","Gash","ReplayTheSpireMod:Private Reserves+1","Gash","Gash","Go for the Eyes","Beam Cell","Gash","Rainbow","Writhe","Go for the Eyes","Beam Cell+1","Echo Form"],"relics":["Cracked Core","NeowsBlessing","Replay:Wax Seal","Gremlin Food","Regal Pillow","infinitespire:WardingShard","Replay:Ancient Bell","Omamori","ReplayTheSpireMod:Ninjato","Old Coin","hubris:SoftwareUpdate"],"acts_visited":["Exordium","TheCity"],"potions_floor_usage":[10,16,16,22,22,23],"damage_taken":[{"damage":0,"enemies":"2 Louse","floor":1,"turns":1},{"damage":0,"enemies":"Jaw Worm","floor":3,"turns":1},{"damage":0,"enemies":"3 Sentries","floor":7,"turns":1},{"damage":12,"enemies":"Gremlin Nob","floor":10,"turns":2},{"damage":0,"enemies":"Small Slimes","floor":12,"turns":2},{"damage":5,"enemies":"Looter","floor":14,"turns":3},{"damage":33,"enemies":"Fading Forest","floor":16,"turns":11},{"damage":23,"enemies":"Shell Parasite","floor":18,"turns":6},{"damage":9,"enemies":"Spheric Guardian","floor":19,"turns":4},{"damage":15,"enemies":"Snecko","floor":20,"turns":6},{"damage":17,"enemies":"Shelled Parasite and Fungi","floor":22,"turns":6},{"damage":14,"enemies":"Gremlin Leader","floor":23,"turns":3}],"seed_played":"-1281743840437587273","potions_obtained":[{"floor":1,"key":"Block Potion"},{"floor":3,"key":"Death Potion"},{"floor":12,"key":"SkillPotion"},{"floor":16,"key":"EssenceOfSteel"},{"floor":19,"key":"PowerPotion"},{"floor":22,"key":"Block Potion"}],"is_trial":false,"path_per_floor":["M","$","M","$","?","R","E","?","T","E","R","M","?","M","R_BF","B",null,"M","M","M","?","M","E"],"character_chosen":"DEFECT","items_purchased":["ReplayTheSpireMod:Private Reserves"],"campfire_rested":1,"item_purchase_floors":[4],"current_hp_per_floor":[75,75,75,75,64,64,64,64,64,52,75,75,75,70,70,45,75,52,43,28,28,11,0,0],"gold":686,"neow_bonus":"THREE_ENEMY_KILL","is_daily":false,"chose_seed":false,"campfire_upgraded":1,"win_rate":0.0,"timestamp":1610390446,"path_taken":["M","$","M","$","?","R","E","?","T","E","R","M","?","M","R_BF","BOSS","M","M","M","?","?","E"],"items_purchased_type":["Card"],"build_version":"2020-12-22","purchased_purges":0,"victory":false,"max_hp_per_floor":[75,75,75,75,75,75,75,75,75,75,75,75,75,75,75,75,75,75,75,75,75,75,75,75],"card_choices":[{"not_picked":["Melter","Rebound"],"picked":"FIFO Queue","floor":1},{"not_picked":["Leap","Barrage"],"picked":"Gash","floor":3},{"not_picked":["Streamline","Lockon"],"picked":"Gash","floor":7},{"not_picked":["Stack","Thunder Strike"],"picked":"Gash","floor":10},{"not_picked":["Reinforced Body","ReplaySolidLightProjector"],"picked":"Go for the Eyes","floor":12},{"not_picked":["Beam Cell","Sweeping Beam"],"picked":"Gash","floor":14},{"not_picked":["Amplify","Fission"],"picked":"Rainbow","floor":16},{"not_picked":["hubris:Compulsion","hubris:Wrath"],"picked":"Amnesia","floor":17},{"not_picked":["Hallucinations","hubris:Compulsion"],"picked":"Regret","floor":17},{"not_picked":["Shame","hubris:Disease"],"picked":"Writhe","floor":17},{"not_picked":["Defragment+1","Sweeping Beam"],"picked":"Go for the Eyes","floor":18},{"not_picked":["Panic Button","BasicCrystalCard"],"picked":"Beam Cell+1","floor":19},{"not_picked":["Tempest","ReplayTheSpireMod:GoodbyeWorld+1","Coolheaded"],"picked":"SKIP","floor":20},{"not_picked":["ReplayGash","Panic Button"],"picked":"Echo Form","floor":22}],"player_experience":57723,"relics_obtained":[{"floor":7,"key":"Replay:Wax Seal"},{"floor":9,"key":"Gremlin Food"},{"floor":10,"key":"Regal Pillow"},{"floor":15,"key":"infinitespire:WardingShard"}],"event_choices":[{"damage_healed":0,"gold_gain":75,"player_choice":"Gather Gold","damage_taken":11,"max_hp_gain":0,"max_hp_loss":0,"event_name":"World of Goop","floor":5,"gold_loss":0},{"damage_healed":0,"gold_gain":0,"player_choice":"Leave","damage_taken":0,"max_hp_gain":0,"max_hp_loss":0,"event_name":"The Cleric","floor":8,"gold_loss":0}],"is_beta":false,"boss_relics":[{"not_picked":["Snecko Eye","ChewingGum"],"picked":"Replay:Ancient Bell"},{"not_picked":["Nunchaku","infinitespire:Lucky Rock"],"picked":"Omamori"},{"not_picked":["Replay:Ringing Soul","infinitespire:ShieldingShard"],"picked":"ReplayTheSpireMod:Ninjato"},{"not_picked":["CaptainsWheel","hubris:FunFungus"],"picked":"Old Coin"}],"items_purged_floors":[],"is_endless":false,"potions_floor_spawned":[1,3,12,16,19,22],"killed_by":"Gremlin Leader","ascension_level":0}}