{"host":"exy3zpg5dyhzfzxn","time":1610399595,"event":{"mods":["2.2 Compatiblity","Aspiration","BaseMod","Better Third Choice","BetterRewards","Energized Spire","GifTheSpireLib","Hubris","Infinite Spire","Jedi Mod","Minty Spire (QoL Compilation)","Replay The Spire","StSLib","vexMod"],"gold_per_floor":[115,134,144,144,23,23,42,69,69,127,127,127,127],"floor_reached":12,"playtime":311,"items_purged":[],"score":142,"play_id":"70fe9f92-ec97-47f5-b3ee-35e5e9f3969a","local_time":"20210112001315","is_ascension_mode":true,"campfire_choices":[{"data":"Armaments","floor":6,"key":"SMITH"},{"floor":11,"key":"REST"}],"circlet_count":0,"master_deck":["AscendersBane","Strike_R","Strike_R","Strike_R","Strike_R","Strike_R","Defend_R","Defend_R","Defend_R","Defend_R","Bash","Cleave","Armaments+1","Iron Wave","Feed+1","Spot Weakness"],"relics":["Burning Blood","Lantern","InkBottle"],"acts_visited":["Exordium"],"potions_floor_usage":[7,7,8],"damage_taken":[{"damage":10,"enemies":"Cultist","floor":1,"turns":4},{"damage":8,"enemies":"Small Slimes","floor":2,"turns":3},{"damage":1,"enemies":"2 Louse","floor":3,"turns":2},{"damage":15,"enemies":"Large Slime","floor":7,"turns":6},{"damage":45,"enemies":"Lagavulin","floor":8,"turns":6},{"damage":71,"enemies":"Replay:BlueRogue","floor":12,"turns":7}],"seed_played":"-201599042639991700","potions_obtained":[{"floor":1,"key":"Ancient Potion"},{"floor":2,"key":"Weak Potion"},{"floor":3,"key":"Explosive Potion"}],"is_trial":false,"path_per_floor":["M","M","M","?","$","R","M","E","T","?","R","E"],"character_chosen":"IRONCLAD","items_purchased":["Feed+1"],"campfire_rested":1,"item_purchase_floors":[5],"current_hp_per_floor":[76,74,79,79,79,79,74,39,39,39,67,0,0],"gold":127,"neow_bonus":"TEN_PERCENT_HP_BONUS","is_daily":false,"chose_seed":false,"campfire_upgraded":1,"win_rate":0.0,"timestamp":1610399595,"path_taken":["M","?","M","?","$","R","?","E","T","?","R","E"],"items_purchased_type":["Card"],"build_version":"2020-12-22","purchased_purges":0,"victory":false,"max_hp_per_floor":[88,88,88,88,88,88,92,96,96,96,96,96,96],"card_choices":[{"not_picked":["Pommel Strike","Body Slam"],"picked":"Cleave","floor":1},{"not_picked":["Clothesline","Wild Strike"],"picked":"Armaments","floor":2},{"not_picked":["Run Through","Anger"],"picked":"Iron Wave","floor":3},{"not_picked":["Twin Strike","hubris:ReadiedAction"],"picked":"Spot Weakness","floor":7},{"not_picked":["hubris:CleavingFinish","Berserk","jedi:hate"],"picked":"SKIP","floor":8}],"player_experience":341715,"relics_obtained":[{"floor":8,"key":"Lantern"},{"floor":9,"key":"InkBottle"}],"event_choices":[{"damage_healed":0,"gold_gain":0,"player_choice":"0 cards matched","damage_taken":0,"max_hp_gain":0,"max_hp_loss":0,"event_name":"Match and Keep!","floor":4,"gold_loss":0,"cards_obtained":[]},{"damage_healed":0,"gold_gain":58,"player_choice":"Gained Gold","damage_taken":0,"max_hp_gain":0,"max_hp_loss":0,"event_name":"Golden Wing","floor":10,"gold_loss":0}],"is_beta":false,"boss_relics":[],"items_purged_floors":[],"is_endless":false,"potions_floor_spawned":[1,2,3],"killed_by":"Replay:BlueRogue","ascension_level":10}}