{"host":"y3h3n3f7seyagppx","time":1610339373,"event":{"mods":["AlwaysNeverKeys","BaseMod","Better Vampires","Colored Powertips","DeckTracker","Emptier Cage","Minty Spire (QoL Compilation)","Permanent Neow","Quick Restart","Rare Cards Sparkle","Relic Sorter","Relic Stats","StSLib","Transform Curses"],"gold_per_floor":[119,119,139,150,170,200,200,223,223,243,268,268,303,268,268,268,268],"floor_reached":16,"playtime":1586,"items_purged":[],"score":240,"play_id":"46bcbcac-b927-4c87-9c7b-ebf1941f63c6","local_time":"20210110232933","is_ascension_mode":true,"campfire_choices":[{"data":"Carnage","floor":7.0,"key":"SMITH"},{"data":"Armaments","floor":15,"key":"SMITH"}],"circlet_count":0,"master_deck":["AscendersBane","Strike_R","Strike_R","Strike_R","Strike_R","Defend_R","Defend_R","Defend_R","Defend_R","Bash","Carnage+1","Iron Wave","Spot Weakness","Armaments+1","Shrug It Off"],"relics":["Burning Blood","Nunchaku","Orichalcum","Dream Catcher","Question Card","CeramicFish","Boot"],"acts_visited":["Exordium"],"potions_floor_usage":[13,13],"damage_taken":[{"damage":20.0,"enemies":"Jaw Worm","floor":1.0,"turns":8.0},{"damage":0.0,"enemies":"Cultist","floor":3.0,"turns":2.0},{"damage":14.0,"enemies":"Small Slimes","floor":4.0,"turns":4.0},{"damage":7.0,"enemies":"Looter","floor":5.0,"turns":4.0},{"damage":25.0,"enemies":"3 Sentries","floor":6.0,"turns":7.0},{"damage":10.0,"enemies":"2 Fungi Beasts","floor":10.0,"turns":3.0},{"damage":22.0,"enemies":"Lagavulin","floor":11.0,"turns":5.0},{"damage":10,"enemies":"3 Sentries","floor":13,"turns":6},{"damage":30,"enemies":"Hexaghost","floor":16,"turns":7}],"seed_played":"-8141112483078019206","potions_obtained":[{"floor":1.0,"key":"Swift Potion"},{"floor":3.0,"key":"ColorlessPotion"},{"floor":10.0,"key":"Fire Potion"}],"is_trial":false,"path_per_floor":["M","?","M","M","M","E","R","T","T","M","E","?","E","?","R","B"],"character_chosen":"IRONCLAD","items_purchased":[],"campfire_rested":0,"item_purchase_floors":[],"current_hp_per_floor":[54,54,60,52,51,32,32,32,32,28,12,12,8,26,26,0,0],"gold":268,"neow_bonus":"RANDOM_COMMON_RELIC","is_daily":false,"chose_seed":false,"campfire_upgraded":2,"win_rate":0.0,"timestamp":1610339373,"path_taken":["M","?","M","?","M","E","R","?","T","M","E","?","E","?","R","BOSS"],"items_purchased_type":[],"build_version":"2020-12-22","purchased_purges":0,"victory":false,"max_hp_per_floor":[75,75,75,75,75,75,75,75,75,75,75,75,75,75,75,75,75],"relic_stats":{"Nunchaku":[6],"Dream Catcher":0,"counters":[9,46],"CeramicFish":0,"Orichalcum":[54],"Question Card":3,"Boot":[3],"obtain_stats":[{"Nunchaku":0,"Dream Catcher":8,"CeramicFish":11,"Orichalcum":6,"Question Card":9,"Boot":13,"Burning Blood":0},{"Nunchaku":0,"Dream Catcher":5,"CeramicFish":7,"Orichalcum":5,"Question Card":5,"Boot":8,"Burning Blood":0},{"Nunchaku":0,"Dream Catcher":25,"CeramicFish":33,"Orichalcum":25,"Question Card":25,"Boot":39,"Burning Blood":0}],"Burning Blood":48},"card_choices":[{"not_picked":["Combust","Clash"],"picked":"Carnage","floor":1.0},{"not_picked":["Sword Boomerang","Warcry"],"picked":"Iron Wave","floor":3.0},{"not_picked":["Warcry","Havoc"],"picked":"Spot Weakness","floor":4.0},{"not_picked":["Ghostly Armor","Sentinel"],"picked":"Armaments","floor":5.0},{"not_picked":["Limit Break","Body Slam","Pommel Strike"],"picked":"SKIP","floor":6.0},{"not_picked":["Ghostly Armor","Sword Boomerang","Flex"],"picked":"Shrug It Off","floor":10.0},{"not_picked":["Pummel","Pommel Strike","Perfected Strike","Berserk"],"picked":"SKIP","floor":11.0},{"not_picked":["Havoc","Dark Embrace","Combust","Sword Boomerang"],"picked":"SKIP","floor":13}],"player_experience":20667886,"relics_obtained":[{"floor":6.0,"key":"Orichalcum"},{"floor":8.0,"key":"Dream Catcher"},{"floor":9.0,"key":"Question Card"},{"floor":11.0,"key":"CeramicFish"},{"floor":13,"key":"Boot"}],"event_choices":[{"cards_removed":["Strike_R"],"damage_healed":0.0,"max_hp_gain":0.0,"max_hp_loss":0.0,"gold_gain":0.0,"event_name":"Bonfire Elementals","player_choice":"Offered Basic","floor":2.0,"gold_loss":0.0,"damage_taken":0.0},{"damage_healed":0,"gold_gain":0,"player_choice":"Fled","damage_taken":0,"max_hp_gain":0,"max_hp_loss":0,"event_name":"Scrap Ooze","floor":12,"gold_loss":0},{"damage_healed":18,"gold_gain":0,"player_choice":"Healed","damage_taken":0,"max_hp_gain":0,"max_hp_loss":0,"event_name":"The Cleric","floor":14,"gold_loss":35}],"is_beta":false,"boss_relics":[],"items_purged_floors":[],"is_endless":false,"potions_floor_spawned":[1,3,10],"killed_by":"Hexaghost","ascension_level":20}}