{"host":"vohenq18pmg6jboc","time":1610360728,"event":{"mods":["Arknights The Spire","BaseMod","Chen","Gremlin Mod","Hermit","Koishi","Marisa¡]Ãú«B¡@Å]²z¨F¡^","Minty Spire (QoL Compilation)","Remilia¡]Á¢¦Ì²ú?¡^","StSLib","The Administrix","The Bug Knight","The Cursed","The Servant 0.9.4","Yakumo Yukari mod","Youmu¡]»î¾z§¯?¡^","Yuyuko"],"gold_per_floor":[134,144,159,179,28,43,58,74,74,74,74,74,107,32,32,131,131,145,60,60,30,42,42,56,56,56,56,72,86,96,107,107,107,107],"floor_reached":33,"playtime":1506,"items_purged":[],"score":303,"play_id":"4a15ea8b-9d8f-4da5-8e28-9fe563174828","local_time":"20210111182528","is_ascension_mode":false,"campfire_choices":[{"data":"Shallow_ocean_purpleEX","floor":10,"key":"SMITH"},{"floor":12,"key":"REST"},{"floor":15,"key":"REST"},{"data":"Shallow_ocean_purpleEX","floor":23,"key":"SMITH"},{"data":"Shallow_ocean_purpleEX","floor":25,"key":"SMITH"},{"data":"Shallow_ocean_purpleEX","floor":32,"key":"SMITH"}],"circlet_count":0,"master_deck":["AT_purpleEX","AT_purpleEX+1","AT_purpleEX","AT_purpleEX","Defend_purpleEX","Defend_purpleEX","Defend_purpleEX","Defend_purpleEX","Observe_purple_1+1","Observe_purple_2","Yakumo_Ran_purple+1","Shallow_ocean_purpleEX+1","PurpleNeedle_purple","Umbrella_purple","RealityDreamConfluencek_purple","Shallow_ocean_purpleEX+1","DimensionStaggered_purple","Shallow_ocean_purpleEX+1","Shallow_ocean_purpleEX+1","DimensionStaggered_purple","Know_ledgeAbilityRealm_purple","MeetDecomposer_purple","Charmbait_purple","PositiveMatter_Antimatter_Universe_purple","Mirror_FormAndEmptin_purple","Shallow_ocean_purpleEX","Charmbait_purple+1","StateErode_purple"],"relics":["Boundary_crack","Memoryfragments_purpleEX","TheEssenceOfRealm","Bottled Lightning","Gremlin Horn","Seventeenyearold_girl_Forever","Orichalcum","HollowMod:PaleOreRelic"],"acts_visited":["Exordium","TheCity"],"potions_floor_usage":[16,16,16,16,16,16,33,33,33],"damage_taken":[{"damage":2,"enemies":"Cultist","floor":1,"turns":4},{"damage":3,"enemies":"Jaw Worm","floor":2,"turns":5},{"damage":0,"enemies":"Small Slimes","floor":3,"turns":3},{"damage":6,"enemies":"Blue Slaver","floor":4,"turns":4},{"damage":14,"enemies":"Gremlin Gang","floor":6,"turns":5},{"damage":13,"enemies":"Large Slime","floor":7,"turns":5},{"damage":0,"enemies":"Red Slaver","floor":8,"turns":1},{"damage":28,"enemies":"Lagavulin","floor":13,"turns":6},{"damage":24,"enemies":"The Guardian","floor":16,"turns":4},{"damage":3,"enemies":"Shell Parasite","floor":18,"turns":4},{"damage":0,"enemies":"Chosen","floor":22,"turns":4},{"damage":0,"enemies":"Centurion and Healer","floor":24,"turns":3},{"damage":0,"enemies":"Snake Plant","floor":28,"turns":2},{"damage":0,"enemies":"Cultist and Chosen","floor":29,"turns":2},{"damage":0,"enemies":"Snecko","floor":30,"turns":2},{"damage":0,"enemies":"Centurion and Healer","floor":31,"turns":1},{"damage":75,"enemies":"Champ","floor":33,"turns":8}],"seed_played":"8263239827681934077","potions_obtained":[{"floor":2,"key":"Swift Potion"},{"floor":4,"key":"AttackPotion"},{"floor":7,"key":"SneckoOil"},{"floor":8,"key":"EntropicBrew"},{"floor":18,"key":"DistilledChaos"},{"floor":21,"key":"Regen Potion"},{"floor":21,"key":"ColorlessPotion"},{"floor":24,"key":"LiquidMemories"},{"floor":31,"key":"AttackPotion"}],"is_trial":false,"path_per_floor":["M","M","M","M","$","M","M","M","T","R","?","R","E","$","R","B",null,"M","?","$","?","M","R","M","R","T","?","M","M","M","M","R","B"],"character_chosen":"Youkari","items_purchased":["TheEssenceOfRealm","Shallow_ocean_purpleEX","DimensionStaggered_purple"],"campfire_rested":2,"item_purchase_floors":[5,14,14],"current_hp_per_floor":[70,69,70,66,66,53,43,43,43,43,29,50,23,23,44,20,70,72,72,72,72,72,72,72,72,72,72,72,72,72,72,72,0,0],"gold":107,"neow_bonus":"UPGRADE_CARD","is_daily":false,"chose_seed":true,"campfire_upgraded":4,"win_rate":0.0,"timestamp":1610360728,"path_taken":["M","M","M","M","$","?","M","M","T","R","?","R","E","$","R","BOSS","M","?","$","?","?","R","M","R","T","?","?","M","M","M","R","BOSS"],"items_purchased_type":["Relic","Card","Card"],"build_version":"2020-12-22","purchased_purges":0,"victory":false,"max_hp_per_floor":[70,70,70,70,70,70,70,70,70,70,70,70,70,70,70,70,70,72,72,72,72,72,72,72,72,72,72,72,72,72,72,72,72,72],"card_choices":[{"not_picked":["DimensionStaggered_purple","Mirror_FormAndEmptin_purple"],"picked":"Yakumo_Ran_purple","floor":1},{"not_picked":["OmniscientAndOmnipotent_Monster_purple","Nest_LightFlightworm_purple"],"picked":"Shallow_ocean_purpleEX","floor":2},{"not_picked":["SfantasyHide_purple","ButterflyHabitatTemple_purple"],"picked":"PurpleNeedle_purple","floor":3},{"not_picked":["Boundary_LightAndDark_purple","DimensionStaggered_purple"],"picked":"Umbrella_purple","floor":4},{"not_picked":["StateDuplicate_purple","RuptureOfTimeAndSpace_purple"],"picked":"RealityDreamConfluencek_purple","floor":6},{"not_picked":["StateErode_purple","ButterflyHabitatTemple_purple"],"picked":"Shallow_ocean_purpleEX","floor":7},{"not_picked":["Mirror_Drifter_purple","OmniscientAndOmnipotent_Monster_purple"],"picked":"DimensionStaggered_purple","floor":8},{"not_picked":["MetroBOOM_purple","Mirror_WaveAndshot_purple"],"picked":"Shallow_ocean_purpleEX","floor":13},{"not_picked":["Mirror_TwoAndThreeElementRealm_purple","D_absorption_purple"],"picked":"Know_ledgeAbilityRealm_purple","floor":16},{"not_picked":["WingOfChimera_purple","Mirror_FormAndEmptin_purple"],"picked":"MeetDecomposer_purple","floor":18},{"not_picked":["MeetDecomposer_purple+1","SfantasyHide_purple"],"picked":"Charmbait_purple","floor":22},{"not_picked":["DarkRealmRedLine_purple","Boundary_ObjectiveBoundary_purple"],"picked":"PositiveMatter_Antimatter_Universe_purple","floor":24},{"not_picked":["Line_surface_state_purple","RuptureOfTimeAndSpace_purple"],"picked":"Mirror_FormAndEmptin_purple","floor":28},{"not_picked":["OpenedBox_purple","Boundary_of_Extermination_purpleEX"],"picked":"Shallow_ocean_purpleEX","floor":29},{"not_picked":["Monsters_DoubleDeathButterfly_purple","Yakumo_Ran_purple+1"],"picked":"Charmbait_purple+1","floor":30},{"not_picked":["StateDuplicate_purple","Charmbait_purple+1"],"picked":"StateErode_purple","floor":31}],"player_experience":59601,"relics_obtained":[{"floor":9,"key":"Bottled Lightning"},{"floor":13,"key":"Gremlin Horn"},{"floor":26,"key":"HollowMod:PaleOreRelic"}],"event_choices":[{"damage_healed":0,"gold_gain":0,"player_choice":"Entered Light","damage_taken":14,"max_hp_gain":0,"max_hp_loss":0,"event_name":"Shining Light","floor":11,"gold_loss":0,"cards_upgraded":["AT_purpleEX","Yakumo_Ran_purple"]},{"damage_healed":0,"gold_gain":0,"player_choice":"Obtained Relic","damage_taken":0,"relics_obtained":["Orichalcum"],"max_hp_gain":0,"max_hp_loss":0,"event_name":"Addict","floor":19,"gold_loss":85},{"damage_healed":0,"gold_gain":0,"player_choice":"Bought 2 Potions","damage_taken":0,"max_hp_gain":0,"max_hp_loss":0,"event_name":"The Woman in Blue","floor":21,"gold_loss":0},{"damage_healed":0,"gold_gain":0,"player_choice":"Ignored","damage_taken":0,"max_hp_gain":0,"max_hp_loss":0,"event_name":"Transmorgrifier","floor":27,"gold_loss":0}],"is_beta":false,"boss_relics":[{"not_picked":["Cursed Key","Calling Bell"],"picked":"Seventeenyearold_girl_Forever"}],"items_purged_floors":[],"is_endless":false,"potions_floor_spawned":[2,4,7,8,18,22,24,31],"killed_by":"Champ","ascension_level":0}}