{"host":"nptej036rrbiurf5","time":1610346318,"event":{"mods":["BaseMod","Colored Map","Colored Powertips","DeckTracker","Minty Spire (QoL Compilation)","StSLib","SuperFastMode"],"gold_per_floor":[118,138,149,167,185,185,218,218,218,250,175,175,200,217,217,217,217],"floor_reached":16,"playtime":318,"items_purged":[],"score":244,"play_id":"37783c59-996e-4e89-be93-c6dc25e7b245","local_time":"20210111152518","is_ascension_mode":true,"campfire_choices":[{"data":"Bludgeon","floor":6.0,"key":"SMITH"},{"data":"Evolve","floor":8.0,"key":"SMITH"},{"data":"Sword Boomerang","floor":12.0,"key":"SMITH"},{"data":"Wild Strike","floor":15,"key":"SMITH"}],"circlet_count":0,"master_deck":["AscendersBane","Strike_R","Strike_R","Strike_R","Strike_R","Defend_R","Defend_R","Defend_R","Defend_R","Bash+1","Sword Boomerang+1","Flex","Bludgeon+1","Evolve+1","Wild Strike+1","Shrug It Off","Headbutt"],"relics":["Burning Blood","Du-Vu Doll","Bag of Preparation","PreservedInsect","Darkstone Periapt"],"acts_visited":["Exordium"],"potions_floor_usage":[],"damage_taken":[{"damage":7.0,"enemies":"2 Louse","floor":1.0,"turns":3.0},{"damage":7.0,"enemies":"Small Slimes","floor":2.0,"turns":3.0},{"damage":1.0,"enemies":"Cultist","floor":3.0,"turns":3.0},{"damage":13.0,"enemies":"Red Slaver","floor":4.0,"turns":3.0},{"damage":27.0,"enemies":"Gremlin Gang","floor":5.0,"turns":6.0},{"damage":8.0,"enemies":"Gremlin Nob","floor":7.0,"turns":3.0},{"damage":20.0,"enemies":"Lagavulin","floor":10.0,"turns":3.0},{"damage":9.0,"enemies":"Gremlin Nob","floor":13.0,"turns":3.0},{"damage":15,"enemies":"Exordium Thugs","floor":14,"turns":4},{"damage":0,"enemies":"Slime Boss","floor":16,"turns":4}],"seed_played":"5510360986271383500","potions_obtained":[{"floor":5.0,"key":"Ancient Potion"},{"floor":7.0,"key":"FearPotion"},{"floor":10.0,"key":"SpeedPotion"}],"is_trial":false,"path_per_floor":["M","M","M","M","M","R","E","R","T","E","?","R","E","M","R","B"],"character_chosen":"IRONCLAD","items_purchased":[],"campfire_rested":0,"item_purchase_floors":[],"current_hp_per_floor":[67,66,71,64,43,43,41,41,41,27,27,27,24,15,15,15,15],"gold":217,"neow_bonus":"UPGRADE_CARD","is_daily":false,"chose_seed":false,"campfire_upgraded":4,"win_rate":0.0,"timestamp":1610346318,"path_taken":["M","M","M","M","M","R","E","R","T","E","?","R","E","M","R","BOSS"],"items_purchased_type":[],"build_version":"2020-12-22","purchased_purges":0,"victory":false,"max_hp_per_floor":[75,75,75,75,75,75,75,75,75,75,75,75,75,75,75,75,75],"card_choices":[{"not_picked":["Thunderclap","Iron Wave"],"picked":"Sword Boomerang","floor":1.0},{"not_picked":["True Grit","Intimidate"],"picked":"Flex","floor":2.0},{"not_picked":["Thunderclap","Twin Strike"],"picked":"Bludgeon","floor":3.0},{"not_picked":["Clash","Rage","Combust"],"picked":"SKIP","floor":4.0},{"not_picked":["Clash","Entrench","Rampage"],"picked":"SKIP","floor":5.0},{"not_picked":["Dual Wield","Rupture"],"picked":"Evolve","floor":7.0},{"not_picked":["Heavy Blade","Brutality"],"picked":"Wild Strike","floor":10.0},{"not_picked":["Sever Soul","Twin Strike"],"picked":"Shrug It Off","floor":13.0},{"not_picked":["Cleave","Shrug It Off"],"picked":"Headbutt","floor":14}],"player_experience":890642,"relics_obtained":[{"floor":7.0,"key":"Du-Vu Doll"},{"floor":9.0,"key":"Bag of Preparation"},{"floor":10.0,"key":"PreservedInsect"},{"floor":13.0,"key":"Darkstone Periapt"}],"event_choices":[{"cards_removed":["Strike_R"],"damage_healed":0.0,"max_hp_gain":0.0,"max_hp_loss":0.0,"gold_gain":0.0,"event_name":"The Cleric","player_choice":"Card Removal","floor":11.0,"gold_loss":75.0,"damage_taken":0.0}],"is_beta":false,"boss_relics":[],"items_purged_floors":[],"is_endless":false,"potions_floor_spawned":[5,7,10,14],"killed_by":"Slime Boss","ascension_level":20}}