{"host":"68ypu360vyldwzrz","time":1610396436,"event":{"mods":["Act Like it!","BaseMod","Better Note","Better Third Choice","Better Vampires","BetterRewards","CapriCore","Downfall","Friendly Minions","GifTheSpireLib","Hermit","Hubris","Jorbs\u0027s Wanderer Trilogy","Luminous","Marisa????????","Minty Spire (QoL Compilation)","Quick Restart","Rare Cards Sparkle","Relic Stats","Remilia??????","Shade Mod","Shop Mod","StSLib","Td1madao Mod","The Administrix","The Alterego","The Cursed","The Hierophant","The Immortal","The Necromancer","The Senshi","The Servant 0.9.4","TheVacant","Wandering Minibosses"],"gold_per_floor":[115,129,129,145,164,190,209,234,234,246,260,260,277,289,289,289,289],"floor_reached":16,"playtime":1240,"items_purged":[],"score":118,"play_id":"472dc40a-5c53-42e9-9c3d-598515c415ca","local_time":"20210111142036","is_ascension_mode":false,"campfire_choices":[{"floor":15.0,"key":"REST"}],"circlet_count":0,"master_deck":["Strike_W","Strike_W","Strike_W","Strike_W","Defend_W","Defend_W","Defend_W","Defend_W","Negative_Energy_Arrows+1","Bone_Wall","Vampiric_Strike+1","Bone_Spikes","Vampiric_Strike","Corrupt","Summon_Undead_Army","Acid_Javelin","Plague_Bolt","Summon_Lich","Negative_Energy_Mist","Acid_Javelin","Summon_Lich"],"relics":["Vampire_Amulet","hubris:MysteriousPyramids","hubris:MedicalManual"],"acts_visited":["Exordium"],"potions_floor_usage":[16,16],"damage_taken":[{"damage":1.0,"enemies":"2 Louse","floor":1.0,"turns":3.0},{"damage":0.0,"enemies":"Cultist","floor":2.0,"turns":3.0},{"damage":0.0,"enemies":"Small Slimes","floor":4.0,"turns":2.0},{"damage":4.0,"enemies":"Gremlin Gang","floor":5.0,"turns":3.0},{"damage":50.0,"enemies":"Lagavulin","floor":6.0,"turns":10.0},{"damage":27.0,"enemies":"Exordium Thugs","floor":7.0,"turns":4.0},{"damage":16.0,"enemies":"Gremlin Nob","floor":8.0,"turns":5.0},{"damage":3.0,"enemies":"Large Slime","floor":10.0,"turns":4.0},{"damage":5.0,"enemies":"Red Slaver","floor":11.0,"turns":4.0},{"damage":7.0,"enemies":"Gremlin Gang","floor":13.0,"turns":5.0},{"damage":4.0,"enemies":"Blue Slaver","floor":14.0,"turns":4.0},{"damage":38,"enemies":"The Guardian","floor":16,"turns":9}],"seed_played":"-628146548242150784","potions_obtained":[{"floor":2.0,"key":"SkillPotion"},{"floor":5.0,"key":"LiquidMemories"},{"floor":6.0,"key":"PowerPotion"},{"floor":8.0,"key":"Energy Potion"},{"floor":13.0,"key":"DistilledChaos"},{"floor":14.0,"key":"Swift Potion"}],"is_trial":false,"path_per_floor":["M","M","?","M","M","E","M","E","T","M","M","?","M","M","R","B"],"character_chosen":"NECROMANCER","items_purchased":[],"campfire_rested":1,"item_purchase_floors":[],"current_hp_per_floor":[75,75,75,75,75,32,11,8,8,14,14,7,12,12,34,0,0],"gold":289,"neow_bonus":"UPGRADE_CARD","is_daily":false,"chose_seed":false,"campfire_upgraded":0,"win_rate":0.0,"timestamp":1610396436,"path_taken":["M","M","?","M","M","E","?","E","T","M","M","?","?","M","R","BOSS"],"items_purchased_type":[],"build_version":"2020-12-22","purchased_purges":0,"victory":false,"max_hp_per_floor":[75,75,75,75,75,75,75,75,75,75,75,75,75,75,75,75,75],"relic_stats":{"counters":[12,56],"obtain_stats":[{"Vampire_Amulet":0,"hubris:MedicalManual":8,"hubris:MysteriousPyramids":6},{"Vampire_Amulet":0,"hubris:MedicalManual":7,"hubris:MysteriousPyramids":5},{"Vampire_Amulet":0,"hubris:MedicalManual":30,"hubris:MysteriousPyramids":21}]},"card_choices":[{"not_picked":["Blood_Curse","Life_Tap"],"picked":"Vampiric_Strike","floor":1.0},{"not_picked":["Blood_Shield","Flesh_Made_Foul"],"picked":"Bone_Spikes","floor":2.0},{"not_picked":["Bone_Bullets","Shackles_Of_Pain"],"picked":"Vampiric_Strike","floor":4.0},{"not_picked":["Blood_for_Blood","Bone_Spikes"],"picked":"Corrupt","floor":5.0},{"not_picked":["Negative_Energy_Javelin","Blood_for_Blood"],"picked":"Summon_Undead_Army","floor":6.0},{"not_picked":["Siphon_Strength","Bones_to_Steel"],"picked":"Acid_Javelin","floor":7.0},{"not_picked":["Requiem","Finger_Of_Death"],"picked":"Plague_Bolt","floor":8.0},{"not_picked":["Bone_Spikes","Negative_Energy_Sphere"],"picked":"Summon_Lich","floor":10.0},{"not_picked":["Bone_Armor","Death_Coil"],"picked":"Negative_Energy_Mist","floor":11.0},{"not_picked":["Negative_Energy_Sphere","Death_Coil"],"picked":"Acid_Javelin","floor":13.0},{"not_picked":["Bone_Armor","Flesh_Made_Foul"],"picked":"Summon_Lich","floor":14.0}],"player_experience":378596,"relics_obtained":[{"floor":6.0,"key":"hubris:MysteriousPyramids"},{"floor":8.0,"key":"hubris:MedicalManual"}],"event_choices":[{"damage_healed":0.0,"max_hp_gain":0.0,"max_hp_loss":0.0,"gold_gain":0.0,"event_name":"Accursed Blacksmith","player_choice":"Forge","floor":3.0,"gold_loss":0.0,"damage_taken":0.0,"cards_upgraded":["Vampiric_Strike"]},{"damage_healed":0.0,"max_hp_gain":0.0,"max_hp_loss":0.0,"gold_gain":0.0,"event_name":"Wheel of Change","player_choice":"Damaged","floor":12.0,"gold_loss":0.0,"damage_taken":7.0}],"is_beta":false,"boss_relics":[],"items_purged_floors":[],"is_endless":false,"potions_floor_spawned":[2,5,6,8,13,14],"killed_by":"The Guardian","ascension_level":0}}