{"host":"31s8hzukbhz1k6i6","time":1610403719,"event":{"mods":["AchievementEnabler","BaseMod","Bestiary","Colored Map","Filter the Spire","Minty Spire (QoL Compilation)","Relic Stats","ojb\u0027s Info Mod"],"gold_per_floor":[110,110,121,121,196,231,231,231,231],"floor_reached":8,"playtime":492,"items_purged":[],"score":108,"play_id":"da31ac37-8dd7-47f1-8250-2c53feb5eadf","local_time":"20210111142159","is_ascension_mode":true,"campfire_choices":[{"floor":7,"key":"REST"}],"circlet_count":0,"master_deck":["AscendersBane","Strike_G","Strike_G","Strike_G","Strike_G","Defend_G","Defend_G","Defend_G","Defend_G","Defend_G","Survivor","Neutralize","PiercingWail","Poisoned Stab","Acrobatics","Blur+1"],"relics":["Ring of the Snake","Incense Burner","Golden Idol","Toxic Egg 2"],"acts_visited":["Exordium"],"potions_floor_usage":[6],"damage_taken":[{"damage":0,"enemies":"2 Louse","floor":1,"turns":5},{"damage":1,"enemies":"Small Slimes","floor":3,"turns":5},{"damage":34,"enemies":"3 Sentries","floor":6,"turns":16},{"damage":44,"enemies":"Gremlin Nob","floor":8,"turns":6}],"seed_played":"4100663045117242394","potions_obtained":[{"floor":3,"key":"Swift Potion"}],"is_trial":false,"path_per_floor":["M","?","M","?","?","E","R","E"],"character_chosen":"THE_SILENT","items_purchased":[],"campfire_rested":1,"item_purchase_floors":[],"current_hp_per_floor":[59,48,47,47,36,2,20,0,0],"gold":231,"neow_bonus":"TRANSFORM_CARD","is_daily":false,"chose_seed":false,"campfire_upgraded":0,"win_rate":0.0,"timestamp":1610403719,"path_taken":["M","?","M","?","?","E","R","E"],"items_purchased_type":[],"build_version":"2020-12-22","purchased_purges":0,"victory":false,"max_hp_per_floor":[66,66,66,60,60,60,60,60,60],"relic_stats":{"counters":[4,32],"Golden Idol":7,"obtain_stats":[{"Golden Idol":4,"Incense Burner":2,"Toxic Egg 2":6,"Ring of the Snake":0},{"Golden Idol":2,"Incense Burner":1,"Toxic Egg 2":3,"Ring of the Snake":0},{"Golden Idol":10,"Incense Burner":5,"Toxic Egg 2":26,"Ring of the Snake":0}],"Ring of the Snake":[8]},"card_choices":[{"not_picked":["Endless Agony","Sucker Punch"],"picked":"Poisoned Stab","floor":1},{"not_picked":["Accuracy","Dagger Throw"],"picked":"Acrobatics","floor":3},{"not_picked":["Acrobatics+1","Catalyst+1"],"picked":"Blur+1","floor":6}],"player_experience":171575,"relics_obtained":[{"floor":6,"key":"Toxic Egg 2"}],"event_choices":[{"damage_healed":0,"gold_gain":0,"player_choice":"Success","damage_taken":11,"relics_obtained":["Incense Burner"],"max_hp_gain":0,"max_hp_loss":0,"event_name":"Scrap Ooze","floor":2,"gold_loss":0},{"damage_healed":0,"gold_gain":0,"player_choice":"Lose Max HP","damage_taken":0,"relics_obtained":["Golden Idol"],"max_hp_gain":0,"max_hp_loss":6,"event_name":"Golden Idol","floor":4,"gold_loss":0},{"damage_healed":0,"gold_gain":75,"player_choice":"Gather Gold","damage_taken":11,"max_hp_gain":0,"max_hp_loss":0,"event_name":"World of Goop","floor":5,"gold_loss":0}],"is_beta":false,"boss_relics":[],"items_purged_floors":[],"is_endless":false,"potions_floor_spawned":[3],"killed_by":"Gremlin Nob","ascension_level":20}}