{"host":"ty2cix8xj6r3ad26","time":1610395368,"event":{"mods":["AchievementEnabler","BaseMod","BetterRewards","Minty Spire (QoL Compilation)","StSLib","SuperFastMode","The Servant 0.9.4"],"gold_per_floor":[109,127,127,127,2,2,20,50,50,50,50,50,62,93,93,191,191,202,202,202,127,143,172,172,198,198,198,214,64,64,64,64,64,64],"floor_reached":33,"playtime":1632,"items_purged":["Strike_B","Strike_B","Dualcast","Strike_B"],"score":419,"play_id":"797a0838-58d3-477f-b868-22d99df57e5a","local_time":"20210111220248","is_ascension_mode":true,"campfire_choices":[{"data":"Sunder","floor":6,"key":"SMITH"},{"data":"Gash","floor":15,"key":"SMITH"},{"data":"Creative AI","floor":24,"key":"SMITH"},{"data":"Self Repair","floor":27,"key":"SMITH"},{"data":"Zap","floor":30,"key":"SMITH"},{"data":"Scrape","floor":32,"key":"SMITH"}],"circlet_count":0,"master_deck":["Defend_B","Defend_B","Zap+1","Gash+1","Self Repair+1","Sunder+1","Coolheaded","Creative AI+1","Scrape+1","BootSequence","FTL"],"relics":["Cracked Core","Centennial Puzzle","Lee\u0027s Waffle","Anchor","Letter Opener","Juzu Bracelet","Bottled Tornado","Sundial","Coffee Dripper","Boot","Ornamental Fan"],"acts_visited":["Exordium","TheCity"],"potions_floor_usage":[8,14,14,16,16,23,25],"damage_taken":[{"damage":4,"enemies":"Jaw Worm","floor":1,"turns":4},{"damage":0,"enemies":"Cultist","floor":2,"turns":2},{"damage":0,"enemies":"2 Louse","floor":7,"turns":2},{"damage":8,"enemies":"Lagavulin","floor":8,"turns":6},{"damage":14,"enemies":"Large Slime","floor":13,"turns":5},{"damage":2,"enemies":"Gremlin Nob","floor":14,"turns":3},{"damage":8,"enemies":"The Guardian","floor":16,"turns":9},{"damage":11,"enemies":"Spheric Guardian","floor":18,"turns":4},{"damage":7,"enemies":"Shell Parasite","floor":22,"turns":4},{"damage":42,"enemies":"Book of Stabbing","floor":23,"turns":5},{"damage":14,"enemies":"Slavers","floor":25,"turns":4},{"damage":13,"enemies":"Cultist and Chosen","floor":28,"turns":5},{"damage":18,"enemies":"Collector","floor":33,"turns":2}],"seed_played":"4225232960594203704","potions_obtained":[{"floor":2,"key":"Dexterity Potion"},{"floor":10,"key":"SmokeBomb"},{"floor":10,"key":"FearPotion"},{"floor":10,"key":"Dexterity Potion"},{"floor":13,"key":"Block Potion"},{"floor":14,"key":"FearPotion"},{"floor":22,"key":"SpeedPotion"},{"floor":23,"key":"Weak Potion"}],"is_trial":false,"path_per_floor":["M","M","?","?","$","R","M","E","T","?","$","$","M","E","R","B",null,"M","?","?","?","M","E","R","E","T","R","M","$","R","?","R","B"],"character_chosen":"DEFECT","items_purchased":["Centennial Puzzle","Gash","Lee\u0027s Waffle","Anchor","Self Repair","Strength Potion"],"campfire_rested":0,"item_purchase_floors":[0,0,0,0,0,0],"current_hp_per_floor":[82,82,75,75,75,75,82,81,81,81,81,81,74,79,79,78,81,77,61,61,61,61,26,26,19,19,19,16,16,16,16,16,0,0],"gold":64,"neow_bonus":"","is_daily":false,"chose_seed":false,"campfire_upgraded":6,"win_rate":0.0,"timestamp":1610395368,"path_taken":["M","M","?","?","$","R","?","E","T","?","?","$","M","E","R","BOSS","M","?","?","?","M","E","R","E","T","R","M","$","R","?","R","BOSS"],"items_purchased_type":["Relic","Card","Relic","Relic","Card","Potion"],"build_version":"2020-12-22","purchased_purges":4,"victory":false,"max_hp_per_floor":[82,82,82,82,82,82,82,82,82,82,82,82,82,82,82,82,82,82,87,87,87,87,87,87,87,87,87,87,87,87,87,87,87,87],"card_choices":[{"not_picked":["Sweeping Beam","Capacitor"],"picked":"Sunder","floor":1},{"not_picked":["Beam Cell","Rebound","Go for the Eyes"],"picked":"SKIP","floor":2},{"not_picked":["Tempest","Static Discharge","Rip and Tear"],"picked":"SKIP","floor":7},{"not_picked":["Tempest","Static Discharge","Rip and Tear"],"picked":"SKIP","floor":7},{"not_picked":["Tempest","Static Discharge","Rip and Tear"],"picked":"SKIP","floor":7},{"not_picked":["Double Energy","Go for the Eyes","Rebound"],"picked":"SKIP","floor":8},{"not_picked":["Self Repair","Leap"],"picked":"Coolheaded","floor":13},{"not_picked":["Barrage","Steam","Compile Driver"],"picked":"SKIP","floor":14},{"not_picked":["Rainbow","Echo Form"],"picked":"Creative AI","floor":16},{"not_picked":["Streamline","Turbo"],"picked":"Scrape","floor":18},{"not_picked":["Turbo","Streamline","Aggregate"],"picked":"SKIP","floor":22},{"not_picked":["Steam Power","Hologram+1"],"picked":"BootSequence","floor":23},{"not_picked":["Lockon","Steam","Melter"],"picked":"SKIP","floor":25},{"not_picked":["Blizzard","Storm"],"picked":"FTL","floor":28}],"player_experience":484599,"relics_obtained":[{"floor":8,"key":"Juzu Bracelet"},{"floor":9,"key":"Bottled Tornado"},{"floor":14,"key":"Sundial"},{"floor":23,"key":"Boot"},{"floor":26,"key":"Ornamental Fan"}],"event_choices":[{"cards_removed":["Strike_B"],"damage_healed":0,"gold_gain":0,"player_choice":"Card Removal","damage_taken":7,"max_hp_gain":0,"max_hp_loss":0,"event_name":"Golden Wing","floor":3,"gold_loss":0},{"damage_healed":0,"gold_gain":0,"player_choice":"Gave Potion","damage_taken":0,"relics_obtained":["Letter Opener"],"max_hp_gain":0,"max_hp_loss":0,"event_name":"WeMeetAgain","floor":4,"gold_loss":0},{"damage_healed":0,"gold_gain":0,"player_choice":"Got Potions","damage_taken":0,"max_hp_gain":0,"max_hp_loss":0,"event_name":"Lab","floor":10,"gold_loss":0},{"damage_healed":0,"gold_gain":0,"player_choice":"Shed Blood","damage_taken":21,"max_hp_gain":5,"max_hp_loss":0,"event_name":"Forgotten Altar","floor":19,"gold_loss":0},{"cards_removed":["Defend_B"],"damage_healed":0,"gold_gain":0,"player_choice":"Elegance","damage_taken":0,"max_hp_gain":0,"max_hp_loss":0,"event_name":"Back to Basics","floor":20,"gold_loss":0},{"cards_removed":["Defend_B"],"damage_healed":0,"gold_gain":0,"player_choice":"Gave Gold","damage_taken":0,"max_hp_gain":0,"max_hp_loss":0,"event_name":"Beggar","floor":21,"gold_loss":75},{"damage_healed":0,"gold_gain":0,"player_choice":"0 cards matched","damage_taken":0,"max_hp_gain":0,"max_hp_loss":0,"event_name":"Match and Keep!","floor":31,"gold_loss":0,"cards_obtained":[]}],"is_beta":false,"boss_relics":[{"not_picked":["Astrolabe","Pandora\u0027s Box"],"picked":"Coffee Dripper"}],"items_purged_floors":[0,0,5,29],"is_endless":false,"potions_floor_spawned":[2,13,14,22,23],"killed_by":"Collector","ascension_level":9}}