{"host":"pi8b3ffzwvxqztac","time":1610403731,"event":{"mods":["BaseMod","Colored Map","Downfall","Minty Spire (QoL Compilation)","StSLib"],"gold_per_floor":[99,113,132,152,2,2,2,2,2,2,12,26,39,53,63,164,164,89,100,117,135,149,166,166,176,101,133,133,145,70,86,105,204,204,204,221,271,211,211,226,226,239,148,165,165,183,183,203,214,214,214,243,89,89,89],"floor_reached":56,"playtime":5158,"items_purged":[],"score":1263,"play_id":"5484837e-f7a0-4f9e-b177-1640df9bfdb5","local_time":"20210112112211","is_ascension_mode":true,"campfire_choices":[{"floor":1.0,"key":"RECALL"},{"data":"champ:Taunt","floor":6.0,"key":"SMITH"},{"data":"champ:FanOfKnives","floor":8.0,"key":"SMITH"},{"data":"champ:MurderStrike","floor":10.0,"key":"SMITH"},{"data":"champ:CrookedStrike","floor":18.0,"key":"SMITH"},{"data":"champ:StrikeOfGenius","floor":26.0,"key":"SMITH"},{"floor":30.0,"key":"REST"},{"data":"champ:RisingSlash","floor":35.0,"key":"SMITH"},{"data":"champ:PerfectedStrike","floor":45,"key":"SMITH"},{"floor":54,"key":"REST"}],"circlet_count":0,"master_deck":["champ:Strike","champ:Strike","champ:Strike","champ:Defend","champ:Defend","champ:Defend","champ:Defend+1","champ:Execute","champ:Taunt+1","champ:MurderStrike+1","champ:DefensiveShout","champ:FanOfKnives+1","champ:GutPunch","champ:AdrenalArmor","champ:HoldFirm+1","champ:RageSigil","champ:GladiatorsShout","champ:BringItOn","champ:CrookedStrike+1","champ:LastStand","champ:RisingSlash+1","champ:BringItOn","champ:StrikeOfGenius+1","champ:StanceDance+1","champ:MurderStrike","champ:BerserkersShout","champ:PerfectedStrike+1","champ:SteelEdge","champ:PerfectedStrike","champ:PerfectedStrike+1","champ:Encircle","champ:FanOfKnives","champ:Encircle"],"relics":["champ:ChampionCrown","Pantograph","WarpedTongs","expansioncontent:StudyCardRelic","downfall:HeartBlessingRed","downfall:HeartBlessingBlue","Orichalcum","downfall:HeartBlessingGreen","Busted Crown","StoneCalendar","Toy Ornithopter","champ:BerserkersGuideToSlaughter","War Paint","White Beast Statue","Happy Flower"],"acts_visited":["Exordium","TheCity","TheBeyond","TheEnding"],"potions_floor_usage":[44,50,52,55],"damage_taken":[{"damage":3.0,"enemies":"2 Louse","floor":2.0,"turns":3.0},{"damage":7.0,"enemies":"Cultist","floor":3.0,"turns":4.0},{"damage":14.0,"enemies":"Jaw Worm","floor":4.0,"turns":6.0},{"damage":18.0,"enemies":"downfall:FleeingMerchant","floor":5.0,"turns":4.0},{"damage":19.0,"enemies":"2 Fungi Beasts","floor":11.0,"turns":4.0},{"damage":17.0,"enemies":"3 Louse","floor":12.0,"turns":3.0},{"damage":20.0,"enemies":"Exordium Thugs","floor":13.0,"turns":4.0},{"damage":10.0,"enemies":"2 Fungi Beasts","floor":14.0,"turns":3.0},{"damage":21.0,"enemies":"Red Slaver","floor":15.0,"turns":4.0},{"damage":49.0,"enemies":"downfall:Silent","floor":16.0,"turns":10.0},{"damage":9.0,"enemies":"Spheric Guardian","floor":19.0,"turns":4.0},{"damage":9.0,"enemies":"Chosen","floor":20.0,"turns":4.0},{"damage":8.0,"enemies":"3 Cultists","floor":21.0,"turns":4.0},{"damage":23.0,"enemies":"Shelled Parasite and Fungi","floor":22.0,"turns":5.0},{"damage":14.0,"enemies":"Centurion and Healer","floor":23.0,"turns":5.0},{"damage":10.0,"enemies":"Snake Plant","floor":25.0,"turns":4.0},{"damage":77.0,"enemies":"Gremlin Leader","floor":27.0,"turns":9.0},{"damage":10.0,"enemies":"3 Cultists","floor":29.0,"turns":4.0},{"damage":17.0,"enemies":"Centurion and Healer","floor":31.0,"turns":3.0},{"damage":14.0,"enemies":"Snake Plant","floor":32.0,"turns":4.0},{"damage":44.0,"enemies":"downfall:Defect","floor":33.0,"turns":8.0},{"damage":8.0,"enemies":"3 Darklings","floor":36.0,"turns":3.0},{"damage":62.0,"enemies":"Mind Bloom Boss Battle","floor":37.0,"turns":9.0},{"damage":14.0,"enemies":"downfall:FleeingMerchant","floor":38.0,"turns":4.0},{"damage":25.0,"enemies":"3 Shapes","floor":40.0,"turns":3.0},{"damage":10.0,"enemies":"Jaw Worm Horde","floor":42.0,"turns":3.0},{"damage":13.0,"enemies":"downfall:FleeingMerchant","floor":43.0,"turns":4.0},{"damage":0,"enemies":"Spire Growth","floor":44,"turns":3},{"damage":24,"enemies":"Maw","floor":46,"turns":5},{"damage":4,"enemies":"Jaw Worm Horde","floor":48,"turns":3},{"damage":0,"enemies":"4 Shapes","floor":49,"turns":4},{"damage":23,"enemies":"downfall:Watcher","floor":50,"turns":6},{"damage":65,"enemies":"downfall:CharBossMerchant","floor":52,"turns":7},{"damage":214,"enemies":"downfall:NeowBoss","floor":55,"turns":25}],"seed_played":"-115181163798220571","potions_obtained":[{"floor":2.0,"key":"SpeedPotion"},{"floor":12.0,"key":"BlessingOfTheForge"},{"floor":14.0,"key":"Block Potion"},{"floor":20.0,"key":"LiquidBronze"},{"floor":21.0,"key":"hexamod:EctoCoolerPotion"},{"floor":25.0,"key":"Guardian:BlockOnCardUsePotion"},{"floor":29.0,"key":"SpeedPotion"},{"floor":37.0,"key":"AttackPotion"},{"floor":40.0,"key":"champ:CounterPotion"},{"floor":44,"key":"GamblersBrew"},{"floor":46,"key":"champ:OpenerPotion"},{"floor":48,"key":"LiquidMemories"}],"is_trial":false,"path_per_floor":["R","M","M","M","$","R","T","R","?","R","M","M","M","M","M","B",null,"R","M","M","M","M","M","T","M","R","E","?","M","R","M","M","B",null,"R","M","?","$","?","M","T","M","?","M","R","M","?","M","M","B",null,"E","$","R","B",null],"character_chosen":"THE_CHAMP","items_purchased":["champ:HoldFirm","champ:PerfectedStrike","champ:BerserkersGuideToSlaughter","War Paint","champ:PerfectedStrike","DistilledChaos","Happy Flower"],"campfire_rested":2,"item_purchase_floors":[5,38,43,43,43,43,53],"current_hp_per_floor":[90,87,85,77,72,72,72,72,72,72,68,65,58,57,48,54,90,90,86,81,81,75,69,69,66,76,7,7,3,33,30,25,41,100,100,100,100,100,100,90,90,82,87,97,97,83,83,79,81,100,100,58,58,88,43],"gold":89,"neow_bonus":"ONE_RANDOM_RARE_CARD","is_daily":false,"chose_seed":false,"campfire_upgraded":7,"win_rate":0.0,"timestamp":1610403731,"path_taken":["R","M","M","M","$","R","T","R","?","R","M","M","M","M","M","BOSS","R","?","?","M","?","M","T","M","R","E","?","M","R","M","M","BOSS","R","M","?","$","?","M","T","M","?","M","R","M","?","?","M","BOSS","E","$","R","BOSS"],"items_purchased_type":["Card","Card","Relic","Relic","Card","Potion","Relic"],"build_version":"2020-12-22","purchased_purges":0,"victory":true,"max_hp_per_floor":[90,90,90,90,90,90,90,90,90,90,90,90,90,90,90,90,90,90,90,90,90,90,90,90,90,100,100,100,100,100,100,100,100,100,100,100,100,100,100,100,100,100,100,100,100,100,100,100,100,100,100,100,100,100,100],"card_choices":[{"not_picked":["champ:Circumvent","champ:TornadoPunch"],"picked":"champ:DefensiveShout","floor":2.0},{"not_picked":["champ:DefensiveStyle","champ:StanceDance"],"picked":"champ:FanOfKnives","floor":3.0},{"not_picked":["champ:GladiatorStyle","champ:HeavySlash"],"picked":"champ:GutPunch","floor":4.0},{"not_picked":["champ:ShieldSigil","champ:FocusedGladiator"],"picked":"champ:AdrenalArmor","floor":5.0},{"not_picked":["champ:Balance","champ:AdrenalArmor"],"picked":"champ:RageSigil","floor":11.0},{"not_picked":["champ:HeartStrike","champ:Haymaker"],"picked":"champ:GladiatorsShout","floor":12.0},{"not_picked":["champ:FalseCounter","champ:CalledShot"],"picked":"champ:BringItOn","floor":13.0},{"not_picked":["champ:Control","champ:ShieldSigil","champ:PerfectForm"],"picked":"SKIP","floor":14.0},{"not_picked":["champ:RageSigil","champ:DefensiveShout"],"picked":"champ:CrookedStrike","floor":15.0},{"not_picked":["champ:ShieldThrow","champ:SwordThrow"],"picked":"champ:LastStand","floor":16.0},{"not_picked":["champ:FightOn","champ:Haymaker"],"picked":"champ:RisingSlash","floor":19.0},{"not_picked":["champ:Control+1","champ:DefensiveShout+1"],"picked":"champ:BringItOn","floor":20.0},{"not_picked":["champ:GladiatorsShout+1","champ:HeartStrike","champ:DefensiveShout"],"picked":"SKIP","floor":21.0},{"not_picked":["champ:SkillfulDodge","champ:BladeFlurry","champ:TornadoPunch"],"picked":"SKIP","floor":22.0},{"not_picked":["champ:Shatter+1","champ:GutPunch"],"picked":"champ:StrikeOfGenius","floor":23.0},{"not_picked":["champ:Backstep","champ:SkillfulDodge"],"picked":"champ:StanceDance+1","floor":25.0},{"not_picked":["champ:Haymaker","champ:Control"],"picked":"champ:MurderStrike","floor":27.0},{"not_picked":["champ:ShieldSigil+1","champ:AdrenalArmor","champ:Haymaker"],"picked":"SKIP","floor":29.0},{"not_picked":["champ:RapidStrikes","champ:GutPunch"],"picked":"champ:BerserkersShout","floor":31.0},{"not_picked":["champ:RapidStrikes","champ:ArenaPreparation"],"picked":"champ:PerfectedStrike+1","floor":32.0},{"not_picked":["champ:HeavySlash","champ:StrikeOfGenius"],"picked":"champ:SteelEdge","floor":33.0},{"not_picked":["champ:EnGarde"],"picked":"SKIP","floor":36.0},{"not_picked":["champ:GladiatorStyle+1"],"picked":"SKIP","floor":38.0},{"not_picked":["champ:FocusedDefense"],"picked":"SKIP","floor":40.0},{"not_picked":["champ:CrookedStrike"],"picked":"SKIP","floor":42.0},{"not_picked":["champ:ArenaPreparation+1"],"picked":"SKIP","floor":43.0},{"not_picked":["champ:Backstep"],"picked":"SKIP","floor":44},{"not_picked":["champ:GladiatorStyle"],"picked":"SKIP","floor":46},{"not_picked":[],"picked":"champ:Encircle","floor":48},{"not_picked":[],"picked":"champ:FanOfKnives","floor":49},{"not_picked":[],"picked":"champ:Encircle","floor":52}],"player_experience":510975,"relics_obtained":[{"floor":7.0,"key":"Pantograph"},{"floor":27.0,"key":"Orichalcum"},{"floor":37.0,"key":"StoneCalendar"},{"floor":41.0,"key":"Toy Ornithopter"},{"floor":52,"key":"White Beast Statue"}],"event_choices":[{"damage_healed":0.0,"max_hp_gain":0.0,"max_hp_loss":0.0,"gold_gain":0.0,"event_name":"Accursed Blacksmith","player_choice":"Rummage","floor":9.0,"gold_loss":0.0,"damage_taken":0.0,"relics_obtained":["WarpedTongs"],"cards_obtained":["Pain"]},{"damage_healed":0.0,"max_hp_gain":0.0,"max_hp_loss":0.0,"gold_gain":0.0,"event_name":"Mysterious Sphere","player_choice":"Ignored","floor":39.0,"gold_loss":0.0,"damage_taken":0.0},{"cards_removed":["champ:Strike"],"damage_healed":0,"gold_gain":0,"player_choice":"Removed Attack","damage_taken":0,"max_hp_gain":0,"max_hp_loss":0,"event_name":"Falling","floor":47,"gold_loss":0}],"is_beta":false,"boss_relics":[{"not_picked":["Calling Bell","SacredBark"],"picked":"expansioncontent:StudyCardRelic"},{"not_picked":["Cursed Key","Snecko Eye"],"picked":"Busted Crown"}],"items_purged_floors":[],"is_endless":false,"potions_floor_spawned":[2,12,14,20,21,25,29,37,40,44,46,48],"ascension_level":2}}