{"host":"6swbl1yqdi8v28pk","time":1610400271,"event":{"mods":["AchievementEnabler","BaseMod","Colored Map","Minty Spire (QoL Compilation)","Quick Restart"],"gold_per_floor":[118,118,130,130,146,146,171,171,171,21,21,41,59,12,12,109,109,123,123],"floor_reached":18,"playtime":886,"items_purged":["Defend_P"],"score":162,"play_id":"1ea885f2-a6ee-45e7-9bc2-d4ab73de75b7","local_time":"20210111152431","is_ascension_mode":false,"campfire_choices":[{"data":"EmptyFist","floor":6,"key":"SMITH"},{"data":"Evaluate","floor":11,"key":"SMITH"},{"data":"EmptyBody","floor":15,"key":"SMITH"}],"circlet_count":0,"master_deck":["Strike_P","Strike_P","Strike_P","Defend_P","Defend_P","Eruption","Vigilance+1","Protect","EmptyFist+1","Consecrate","Evaluate+1","EmptyMind","Meditate","EmptyBody+1","Devotion"],"relics":["PureWater","Ancient Tea Set","Lizard Tail","Nunchaku","MealTicket","Empty Cage"],"acts_visited":["Exordium","TheCity"],"potions_floor_usage":[],"damage_taken":[{"damage":0,"enemies":"Small Slimes","floor":1,"turns":2},{"damage":4,"enemies":"Jaw Worm","floor":3,"turns":4},{"damage":0,"enemies":"2 Louse","floor":5,"turns":1},{"damage":11,"enemies":"3 Sentries","floor":7,"turns":5},{"damage":2,"enemies":"Blue Slaver","floor":12,"turns":3},{"damage":16,"enemies":"Lots of Slimes","floor":13,"turns":3},{"damage":42,"enemies":"Slime Boss","floor":16,"turns":16},{"damage":36,"enemies":"3 Byrds","floor":18,"turns":8}],"seed_played":"-8419965113524802180","potions_obtained":[{"floor":12,"key":"FearPotion"},{"floor":16,"key":"Swift Potion"}],"is_trial":false,"path_per_floor":["M","?","M","T","M","R","E","?","T","$","R","M","M","$","R","B",null,"M"],"character_chosen":"WATCHER","items_purchased":["EmptyMind","EmptyBody"],"campfire_rested":0,"item_purchase_floors":[10,14],"current_hp_per_floor":[72,72,68,68,68,68,57,57,57,72,72,70,54,69,69,27,72,36,36],"gold":123,"neow_bonus":"UPGRADE_CARD","is_daily":false,"chose_seed":false,"campfire_upgraded":3,"win_rate":0.0,"timestamp":1610400271,"path_taken":["M","?","M","?","M","R","E","?","T","$","R","M","M","$","R","BOSS","M"],"items_purchased_type":["Card","Card"],"build_version":"2020-12-22","purchased_purges":1,"victory":false,"max_hp_per_floor":[72,72,72,72,72,72,72,72,72,72,72,72,72,72,72,72,72,72,72],"card_choices":[{"not_picked":["CrushJoints","ClearTheMind"],"picked":"Protect","floor":1},{"not_picked":["WheelKick","PathToVictory"],"picked":"EmptyFist","floor":3},{"not_picked":["FlurryOfBlows","PathToVictory"],"picked":"Consecrate","floor":5},{"not_picked":["ConjureBlade","Crescendo"],"picked":"Evaluate","floor":7},{"not_picked":["ClearTheMind","Collect"],"picked":"Meditate","floor":12},{"not_picked":["FollowUp","Vengeance","InnerPeace"],"picked":"SKIP","floor":13},{"not_picked":["Omniscience","Brilliance"],"picked":"Devotion","floor":16},{"not_picked":["Nirvana+1","Adaptation+1","FollowUp"],"picked":"SKIP","floor":18}],"player_experience":111800,"relics_obtained":[{"floor":4,"key":"Lizard Tail"},{"floor":7,"key":"Nunchaku"},{"floor":9,"key":"MealTicket"}],"event_choices":[{"damage_healed":0,"gold_gain":0,"player_choice":"Box","damage_taken":0,"relics_obtained":["Ancient Tea Set"],"max_hp_gain":0,"max_hp_loss":0,"event_name":"Big Fish","floor":2,"gold_loss":0,"cards_obtained":["Regret"]},{"cards_removed":["Regret"],"damage_healed":0,"gold_gain":0,"player_choice":"Forget","damage_taken":0,"max_hp_gain":0,"max_hp_loss":0,"event_name":"Living Wall","floor":8,"gold_loss":0}],"is_beta":false,"boss_relics":[{"not_picked":["Coffee Dripper","Sozu"],"picked":"Empty Cage"}],"items_purged_floors":[10],"is_endless":false,"potions_floor_spawned":[12,16],"killed_by":"3 Byrds","ascension_level":0}}