{"host":"pbf6u3tyx46snqc7","time":1610363319,"event":{"mods":["AchievementEnabler","BaseMod","Colored Map","Minty Spire (QoL Compilation)","Rare Cards Sparkle","SuperFastMode"],"gold_per_floor":[119,136,24,36,52,80,80,80,132,132,142,211,246,260,260,364,364,382,392,18,68,118,149,225,243,316,38,3,22,40,56,56,153,153,164,176,276,326,376,376,408,458,458,493,13,13,26,45,45,45,45,45,45,71,71],"floor_reached":56,"playtime":3338,"items_purged":["Defend_P"],"score":1520,"play_id":"1a8dc8cd-15b3-4ebd-9305-592847ae5984","local_time":"20210111200839","is_ascension_mode":true,"campfire_choices":[{"data":"Eruption","floor":8,"key":"SMITH"},{"floor":10,"key":"REST"},{"data":"Adaptation","floor":15,"key":"SMITH"},{"data":"DeusExMachina","floor":32,"key":"SMITH"},{"floor":40,"key":"REST"},{"floor":46,"key":"RECALL"},{"floor":49,"key":"REST"},{"floor":52,"key":"REST"}],"circlet_count":0,"master_deck":["Strike_P","Strike_P","Strike_P","Defend_P","Defend_P","Defend_P","Eruption+1","Vigilance","ClearTheMind","MentalFortress","Adaptation+1","WheelKick","BattleHymn","ThirdEye","ReachHeaven","Halt","DeusExMachina+1","Protect","Vault","CurseOfTheBell","FollowUp+1","Vault","Ghostly","Ghostly","Ghostly","Ghostly","Ghostly","Consecrate+1","Tantrum","EmptyMind+1","Indignation+1","ForeignInfluence+1","Tantrum","DeusExMachina+1","InnerPeace+1","Vengeance+1","FlyingSleeves+1","Madness+1","Madness+1","Trip+1","Panacea+1","Chrysalis+1","Collect+1","TalkToTheHand"],"relics":["PureWater","Dead Branch","Meat on the Bone","SsserpentHead","Bronze Scales","Blood Vial","Calling Bell","Pen Nib","Question Card","Gambling Chip","Lantern","Potion Belt","Ancient Tea Set","Shuriken","MealTicket","Toxic Egg 2","Anchor","Regal Pillow","Fusion Hammer","Ginger","Smiling Mask","Bag of Preparation","Vajra","Boot"],"acts_visited":["Exordium","TheCity","TheBeyond","TheEnding"],"potions_floor_usage":[6,13,14,33,41,55,55,55,55,55,55,55],"damage_taken":[{"damage":2,"enemies":"Cultist","floor":1,"turns":3},{"damage":0,"enemies":"Small Slimes","floor":2,"turns":4},{"damage":1,"enemies":"2 Louse","floor":4,"turns":2},{"damage":0,"enemies":"Blue Slaver","floor":5,"turns":1},{"damage":24,"enemies":"Lagavulin","floor":6,"turns":4},{"damage":8,"enemies":"Large Slime","floor":11,"turns":3},{"damage":6,"enemies":"Exordium Wildlife","floor":12,"turns":3},{"damage":4,"enemies":"3 Sentries","floor":13,"turns":4},{"damage":0,"enemies":"Looter","floor":14,"turns":3},{"damage":24,"enemies":"Hexaghost","floor":16,"turns":8},{"damage":7,"enemies":"Spheric Guardian","floor":18,"turns":5},{"damage":14,"enemies":"2 Thieves","floor":19,"turns":3},{"damage":6,"enemies":"Book of Stabbing","floor":23,"turns":6},{"damage":20,"enemies":"Centurion and Healer","floor":25,"turns":5},{"damage":0,"enemies":"Snecko","floor":29,"turns":5},{"damage":0,"enemies":"Snake Plant","floor":30,"turns":2},{"damage":0,"enemies":"Centurion and Healer","floor":31,"turns":4},{"damage":0,"enemies":"Champ","floor":33,"turns":5},{"damage":0,"enemies":"Orb Walker","floor":35,"turns":4},{"damage":0,"enemies":"3 Shapes","floor":36,"turns":1},{"damage":0,"enemies":"Mind Bloom Boss Battle","floor":37,"turns":4},{"damage":0,"enemies":"Reptomancer","floor":41,"turns":4},{"damage":0,"enemies":"Giant Head","floor":44,"turns":3},{"damage":0,"enemies":"3 Darklings","floor":47,"turns":3},{"damage":19,"enemies":"Transient","floor":48,"turns":6},{"damage":0,"enemies":"Time Eater","floor":50,"turns":3},{"damage":4,"enemies":"Shield and Spear","floor":54,"turns":4},{"damage":7,"enemies":"The Heart","floor":55,"turns":4}],"seed_played":"-1360380215951419760","potions_obtained":[{"floor":1,"key":"SpeedPotion"},{"floor":5,"key":"Ambrosia"},{"floor":11,"key":"BlessingOfTheForge"},{"floor":14,"key":"FearPotion"},{"floor":18,"key":"DuplicationPotion"},{"floor":23,"key":"SpeedPotion"},{"floor":29,"key":"FearPotion"},{"floor":35,"key":"EntropicBrew"}],"is_trial":false,"path_per_floor":["M","M","$","M","M","E","?","R","T","R","M","M","E","M","R","B",null,"M","M","$","?","?","E","T","M","T","$","?","M","M","M","R","B",null,"M","M","?","?","?","R","E","?","T","E","$","R","M","M","R","B",null,"R","$","E","B",null],"character_chosen":"WATCHER","items_purchased":["Adaptation","WheelKick","Lantern","Potion Belt","EmptyMind+1","Anchor","AttackPotion","Vajra","Panacea+1","Chrysalis+1","BlessingOfTheForge"],"campfire_rested":4,"item_purchase_floors":[3,3,20,20,27,27,27,45,45,45,45],"current_hp_per_floor":[63,63,63,62,62,38,38,38,38,57,49,43,39,41,41,31,65,58,46,46,32,32,26,26,20,20,32,32,32,32,32,32,32,32,32,32,32,28,28,32,32,32,32,32,32,32,32,25,32,32,32,32,32,28,31],"gold":71,"neow_bonus":"ONE_RARE_RELIC","is_daily":false,"chose_seed":false,"campfire_upgraded":3,"win_rate":0.0,"timestamp":1610363319,"path_taken":["M","?","$","M","M","E","?","R","T","R","M","?","E","M","R","BOSS","M","M","$","?","?","E","?","M","T","$","?","M","M","M","R","BOSS","M","M","?","?","?","R","E","?","T","E","$","R","M","M","R","BOSS","R","$","E","BOSS"],"items_purchased_type":["Card","Card","Relic","Relic","Card","Relic","Potion","Relic","Card","Card","Potion"],"build_version":"2020-12-22","purchased_purges":1,"victory":true,"max_hp_per_floor":[65,65,65,65,65,65,65,65,65,65,65,65,65,65,65,65,65,65,65,65,32,32,32,32,32,32,32,32,32,32,32,32,32,32,32,32,32,32,32,32,32,32,32,32,32,32,32,32,32,32,32,32,32,32,32],"card_choices":[{"not_picked":["Conclude","CrushJoints"],"picked":"ClearTheMind","floor":1},{"not_picked":["InnerPeace","SashWhip"],"picked":"MentalFortress","floor":2},{"not_picked":["WaveOfTheHand","SashWhip"],"picked":"BattleHymn","floor":4},{"not_picked":["Worship","FollowUp"],"picked":"ThirdEye","floor":5},{"not_picked":["Protect","Consecrate"],"picked":"ReachHeaven","floor":6},{"not_picked":["WheelKick","SandsOfTime"],"picked":"Halt","floor":11},{"not_picked":["EmptyFist","Worship"],"picked":"DeusExMachina","floor":12},{"not_picked":["ClearTheMind","FlurryOfBlows"],"picked":"Protect","floor":13},{"not_picked":["FlurryOfBlows","Prostrate","Conclude"],"picked":"SKIP","floor":14},{"not_picked":["Establishment","Alpha"],"picked":"Vault","floor":16},{"not_picked":["BowlingBash","Evaluate","SandsOfTime"],"picked":"FollowUp+1","floor":18},{"not_picked":["BowlingBash+1","Study","Halt"],"picked":"Vault","floor":19},{"not_picked":["BowlingBash","WindmillStrike","BattleHymn+1"],"picked":"Consecrate+1","floor":23},{"not_picked":["EmptyBody","ReachHeaven+1","FlurryOfBlows+1"],"picked":"Tantrum","floor":25},{"not_picked":["SashWhip","Conclude","CrushJoints+1"],"picked":"Indignation+1","floor":29},{"not_picked":["WheelKick","Meditate+1","FlurryOfBlows+1"],"picked":"ForeignInfluence+1","floor":30},{"not_picked":["FlyingSleeves","Protect+1","Evaluate+1"],"picked":"Tantrum","floor":31},{"not_picked":["Establishment","Scrawl+1","Alpha+1"],"picked":"DeusExMachina+1","floor":33},{"not_picked":["ThirdEye+1","JustLucky","Evaluate+1"],"picked":"InnerPeace+1","floor":35},{"not_picked":["MentalFortress","EmptyBody+1","FollowUp"],"picked":"Vengeance+1","floor":36},{"not_picked":["SignatureMove","LessonLearned","Vengeance+1"],"picked":"FlyingSleeves+1","floor":37},{"not_picked":["Chrysalis+1","Dramatic Entrance","Impatience+1"],"picked":"Trip+1","floor":39},{"not_picked":["Protect+1","SandsOfTime+1","ThirdEye+1","SashWhip+1"],"picked":"SKIP","floor":41},{"not_picked":["Swivel+1","Judgement+1","EmptyBody+1","Perseverance+1"],"picked":"SKIP","floor":44},{"not_picked":["Tantrum+1","WindmillStrike","Perseverance+1"],"picked":"Collect+1","floor":47},{"not_picked":["BowlingBash","WaveOfTheHand+1","Consecrate+1","ThirdEye+1"],"picked":"SKIP","floor":48},{"not_picked":["ReachHeaven+1","JustLucky","FearNoEvil+1"],"picked":"TalkToTheHand","floor":54}],"player_experience":408254,"relics_obtained":[{"floor":6,"key":"Meat on the Bone"},{"floor":9,"key":"Bronze Scales"},{"floor":13,"key":"Blood Vial"},{"floor":17,"key":"Pen Nib"},{"floor":17,"key":"Question Card"},{"floor":17,"key":"Gambling Chip"},{"floor":23,"key":"Shuriken"},{"floor":24,"key":"MealTicket"},{"floor":26,"key":"Toxic Egg 2"},{"floor":37,"key":"Ginger"},{"floor":41,"key":"Smiling Mask"},{"floor":44,"key":"Bag of Preparation"},{"floor":54,"key":"Boot"}],"event_choices":[{"damage_healed":0,"gold_gain":0,"player_choice":"Trade","damage_taken":0,"relics_obtained":["SsserpentHead"],"max_hp_gain":0,"max_hp_loss":0,"event_name":"FaceTrader","floor":7,"gold_loss":0},{"damage_healed":0,"gold_gain":0,"player_choice":"Became a Ghost","damage_taken":0,"max_hp_gain":0,"max_hp_loss":33,"event_name":"Ghosts","floor":21,"gold_loss":0,"cards_obtained":["Ghostly","Ghostly","Ghostly","Ghostly","Ghostly"]},{"damage_healed":0,"gold_gain":0,"player_choice":"Opened","damage_taken":0,"relics_obtained":["Ancient Tea Set"],"max_hp_gain":0,"max_hp_loss":0,"event_name":"The Mausoleum","floor":22,"gold_loss":0},{"damage_healed":0,"gold_gain":0,"player_choice":"Obtained Relic","damage_taken":0,"relics_obtained":["Regal Pillow"],"max_hp_gain":0,"max_hp_loss":0,"event_name":"Addict","floor":28,"gold_loss":85},{"damage_healed":0,"gold_gain":0,"player_choice":"Fight","damage_taken":0,"max_hp_gain":0,"max_hp_loss":0,"event_name":"MindBloom","floor":37,"gold_loss":0},{"damage_healed":0,"gold_gain":0,"player_choice":"Embrace Madness","damage_taken":4,"max_hp_gain":0,"max_hp_loss":0,"event_name":"Winding Halls","floor":38,"gold_loss":0,"cards_obtained":["Madness","Madness"]},{"damage_healed":0,"gold_gain":0,"player_choice":"Memory 1","damage_taken":0,"max_hp_gain":0,"max_hp_loss":0,"event_name":"SensoryStone","floor":39,"gold_loss":0},{"cards_removed":["Strike_P"],"damage_healed":0,"gold_gain":0,"player_choice":"Removed Attack","damage_taken":0,"max_hp_gain":0,"max_hp_loss":0,"event_name":"Falling","floor":42,"gold_loss":0}],"is_beta":false,"boss_relics":[{"not_picked":["SlaversCollar","Tiny House"],"picked":"Calling Bell"},{"not_picked":["Velvet Choker","Sozu"],"picked":"Fusion Hammer"}],"items_purged_floors":[20],"is_endless":false,"potions_floor_spawned":[1,5,11,14,18,23,29,35,47,48],"ascension_level":1}}