{"host":"adv1uqz3812gqgbw","time":1610379740,"event":{"mods":["BaseMod","Better Note","Colored Powertips","Custom Start","GifTheSpireLib","Hermit","Minty Spire (QoL Compilation)","SacredBarkPlus","StSLib","The Runesmith","Uncapped"],"gold_per_floor":[424,451,476,488,520,570,582,620,632,480,518,518,556,575,575,671,671,686,707,732,732,575,619,619,619,619,658,679,723,723,739,739,838,838,858,715,715,728,764,802,802,817,817,853,873,738,772,796,796,796,796],"floor_reached":52,"playtime":2747,"items_purged":[],"score":3150,"play_id":"e2064c45-f46a-423a-8d17-4e86d146996f","local_time":"20210111134220","daily_mods":["Colorless Cards","Time Dilation","DeadlyEvents","Elite Swarm","Lethality","Uncertain Future"],"is_ascension_mode":true,"campfire_choices":[{"floor":12,"key":"REST"},{"floor":15,"key":"REST"},{"floor":30,"key":"REST"},{"floor":32,"key":"REST"},{"floor":41,"key":"REST"},{"floor":49,"key":"REST"}],"circlet_count":0,"master_deck":["Finesse+1","Finesse+1","Blind+1","Trip+1","Master of Strategy+1","Master of Strategy+1","Dramatic Entrance+1","Dramatic Entrance+1","Panache+1","Panache+1"],"relics":["Burning Blood","Bottled Flame","Bottled Lightning","Bottled Tornado","Akabeko","Anchor","Brimstone","Bag of Marbles","Runesmith:AutoHammer","Bag of Preparation","Ring of the Snake","Singing Bowl","Strawberry","Lee\u0027s Waffle","Mango","Pear","hermit:DentedPlate","Ginger","Ice Cream","Runic Pyramid","Vajra","WristBlade","Frozen Eye","Bronze Scales","FossilizedHelix","Dream Catcher","Mercury Hourglass","Paper Frog","Old Coin","TwistedFunnel","Unceasing Top","Charon\u0027s Ashes","Champion Belt","HandDrill","Lizard Tail","Potion Belt","PreservedInsect","MawBank","Letter Opener","Thread and Needle","Boot","TungstenRod","Turnip","Self Forming Clay","Calipers","CaptainsWheel","HornCleat","Paper Crane","Golden Idol","Runesmith:Locket","Odd Mushroom","White Beast Statue","Toolbox","Bird Faced Urn","Membership Card","Mummified Hand","Sundial","Oddly Smooth Stone","Runic Pyramid","Question Card","Red Skull","Shuriken","Ornamental Fan","InkBottle"],"acts_visited":["Exordium","TheCity","TheBeyond"],"potions_floor_usage":[50,50,51,51],"damage_taken":[{"damage":0,"enemies":"Small Slimes","floor":1,"turns":1},{"damage":0,"enemies":"2 Louse","floor":2,"turns":1},{"damage":0,"enemies":"Jaw Worm","floor":3,"turns":1},{"damage":0,"enemies":"Looter","floor":5,"turns":1},{"damage":0,"enemies":"3 Sentries","floor":6,"turns":1},{"damage":0,"enemies":"The Mushroom Lair","floor":8,"turns":1},{"damage":0,"enemies":"Gremlin Nob","floor":11,"turns":1},{"damage":0,"enemies":"Lagavulin","floor":13,"turns":1},{"damage":0,"enemies":"3 Louse","floor":14,"turns":1},{"damage":0,"enemies":"Hexaghost","floor":16,"turns":1},{"damage":0,"enemies":"Shell Parasite","floor":18,"turns":1},{"damage":0,"enemies":"3 Byrds","floor":19,"turns":1},{"damage":0,"enemies":"Snecko","floor":20,"turns":1},{"damage":0,"enemies":"Book of Stabbing","floor":23,"turns":1},{"damage":0,"enemies":"Slavers","floor":27,"turns":1},{"damage":0,"enemies":"Shelled Parasite and Fungi","floor":28,"turns":1},{"damage":0,"enemies":"Gremlin Leader","floor":29,"turns":1},{"damage":0,"enemies":"Centurion and Healer","floor":31,"turns":1},{"damage":0,"enemies":"Automaton","floor":33,"turns":1},{"damage":0,"enemies":"3 Darklings","floor":35,"turns":1},{"damage":0,"enemies":"Orb Walker","floor":38,"turns":1},{"damage":0,"enemies":"Nemesis","floor":39,"turns":1},{"damage":0,"enemies":"Reptomancer","floor":40,"turns":1},{"damage":0,"enemies":"Transient","floor":42,"turns":1},{"damage":0,"enemies":"Nemesis","floor":44,"turns":1},{"damage":0,"enemies":"3 Darklings","floor":45,"turns":1},{"damage":0,"enemies":"Giant Head","floor":47,"turns":1},{"damage":0,"enemies":"4 Shapes","floor":48,"turns":1},{"damage":0,"enemies":"Awakened One","floor":50,"turns":2},{"damage":0,"enemies":"Donu and Deca","floor":51,"turns":1}],"seed_played":"-6547716769261889229","potions_obtained":[{"floor":1,"key":"PowerPotion"},{"floor":11,"key":"BloodPotion"},{"floor":13,"key":"Swift Potion"},{"floor":14,"key":"BloodPotion"},{"floor":16,"key":"DuplicationPotion"},{"floor":23,"key":"CultistPotion"},{"floor":27,"key":"SteroidPotion"},{"floor":45,"key":"Fire Potion"}],"is_trial":true,"path_per_floor":["M","M","M","?","M","E","$","?","T","$","E","R","E","M","R","B",null,"M","M","M","?","$","E","?","T","T","E","M","E","R","M","R","B",null,"M","$","?","M","E","E","R","M","T","E","M","?","E","M","R","B","B",null],"character_chosen":"IRONCLAD","items_purchased":["Toolbox","Membership Card","Question Card"],"campfire_rested":6,"item_purchase_floors":[10,22,36],"current_hp_per_floor":[73,75,77,70,72,74,74,76,76,76,78,80,82,84,86,88,88,90,92,94,94,94,96,92,92,92,98,100,102,104,106,108,110,110,112,112,112,114,116,118,120,122,122,124,126,126,128,130,132,132,132],"gold":796,"neow_bonus":"","is_daily":false,"chose_seed":false,"campfire_upgraded":0,"win_rate":0.0,"timestamp":1610379740,"path_taken":["M","M","M","?","M","E","$","?","T","?","E","R","E","M","R","BOSS","M","M","M","?","$","E","?","?","T","E","M","E","R","M","R","BOSS","M","$","?","M","?","E","R","M","T","E","M","?","E","M","R","BOSS","BOSS"],"items_purchased_type":["Relic","Relic","Relic"],"build_version":"2020-12-22","purchased_purges":0,"victory":true,"max_hp_per_floor":[73,75,77,70,72,74,74,76,76,76,78,80,82,84,86,88,88,90,92,94,94,94,96,96,96,96,98,100,102,104,106,108,110,110,112,112,112,114,116,118,120,122,122,124,126,126,128,130,132,132,132],"card_choices":[{"not_picked":["Rupture","Bandage Up","Clash"],"picked":"Singing Bowl","floor":1},{"not_picked":["Swift Strike","Flame Barrier","Dropkick"],"picked":"Singing Bowl","floor":2},{"not_picked":["Flame Barrier","Dark Embrace","Sword Boomerang"],"picked":"Singing Bowl","floor":3},{"not_picked":["Cleave","Panacea","Heavy Blade"],"picked":"Singing Bowl","floor":5},{"not_picked":["Exhume","Metamorphosis","Corruption"],"picked":"Singing Bowl","floor":6},{"not_picked":["Blind","Twin Strike","Havoc"],"picked":"Singing Bowl","floor":8},{"not_picked":["Bludgeon","Master of Strategy","Magnetism"],"picked":"Singing Bowl","floor":11},{"not_picked":["Good Instincts","Iron Wave","True Grit"],"picked":"Singing Bowl","floor":12},{"not_picked":["Feed","Barricade","Limit Break"],"picked":"Singing Bowl","floor":13},{"not_picked":["Spot Weakness","Feel No Pain","Pommel Strike"],"picked":"Singing Bowl","floor":14},{"not_picked":["Flex","True Grit","Forethought"],"picked":"Singing Bowl","floor":15},{"not_picked":["Barricade","Magnetism","Bludgeon"],"picked":"Singing Bowl","floor":16},{"not_picked":["Thunderclap","Warcry","Shrug It Off"],"picked":"Singing Bowl","floor":18},{"not_picked":["Shockwave+1","Shrug It Off","Flash of Steel"],"picked":"Singing Bowl","floor":19},{"not_picked":["Enlightenment","Iron Wave+1","Metallicize"],"picked":"Singing Bowl","floor":20},{"not_picked":["Demon Form","Magnetism","Chrysalis"],"picked":"Singing Bowl","floor":23},{"not_picked":["HandOfGreed","Apotheosis","Impervious"],"picked":"Singing Bowl","floor":27},{"not_picked":["Shrug It Off","Iron Wave","Sword Boomerang"],"picked":"Singing Bowl","floor":28},{"not_picked":["Transmutation","Panache","Magnetism"],"picked":"Singing Bowl","floor":29},{"not_picked":["Flex","Heavy Blade","Battle Trance"],"picked":"Singing Bowl","floor":30},{"not_picked":["Havoc","Shrug It Off","Spot Weakness"],"picked":"Singing Bowl","floor":31},{"not_picked":["Infernal Blade","Bloodletting","Cleave+1"],"picked":"Singing Bowl","floor":32},{"not_picked":["Corruption","Magnetism","Fiend Fire"],"picked":"Singing Bowl","floor":33},{"not_picked":["Anger","Feel No Pain","Clash"],"picked":"Singing Bowl","floor":35},{"not_picked":["Hemokinesis","Iron Wave","Clash","True Grit"],"picked":"Singing Bowl","floor":38},{"not_picked":["Magnetism","Feed","Mayhem","Offering"],"picked":"Singing Bowl","floor":39},{"not_picked":["Apotheosis","Barricade","The Bomb","Sadistic Nature"],"picked":"Singing Bowl","floor":40},{"not_picked":["Spot Weakness","Flex","Clash","Pommel Strike+1"],"picked":"Singing Bowl","floor":41},{"not_picked":["Mind Blast","Cleave","Dramatic Entrance","Discovery"],"picked":"Singing Bowl","floor":42},{"not_picked":["Secret Technique","Berserk","Bludgeon","Transmutation"],"picked":"Singing Bowl","floor":44},{"not_picked":["Body Slam","Whirlwind","Bandage Up","Anger"],"picked":"Singing Bowl","floor":45},{"not_picked":["Apotheosis","Magnetism","Exhume","Reaper"],"picked":"Singing Bowl","floor":47},{"not_picked":["Perfected Strike","Iron Wave","Dark Embrace","Clash+1"],"picked":"Singing Bowl","floor":48},{"not_picked":["Dual Wield","Anger","Headbutt","Warcry"],"picked":"Singing Bowl","floor":49}],"player_experience":355667,"relics_obtained":[{"floor":6,"key":"Runesmith:Locket"},{"floor":8,"key":"Odd Mushroom"},{"floor":9,"key":"White Beast Statue"},{"floor":11,"key":"Bird Faced Urn"},{"floor":25,"key":"Mummified Hand"},{"floor":26,"key":"Sundial"},{"floor":27,"key":"Oddly Smooth Stone"},{"floor":39,"key":"Red Skull"},{"floor":43,"key":"Shuriken"},{"floor":47,"key":"InkBottle"}],"event_choices":[{"damage_healed":0,"gold_gain":0,"player_choice":"Lose Max HP","damage_taken":0,"relics_obtained":["Golden Idol"],"max_hp_gain":0,"max_hp_loss":7,"event_name":"Golden Idol","floor":4,"gold_loss":0},{"damage_healed":0,"gold_gain":0,"player_choice":"Fought Mushrooms","damage_taken":0,"max_hp_gain":0,"max_hp_loss":0,"event_name":"Mushrooms","floor":8,"gold_loss":0},{"damage_healed":0,"gold_gain":0,"player_choice":"0 cards matched","damage_taken":0,"max_hp_gain":0,"max_hp_loss":0,"event_name":"Match and Keep!","floor":21,"gold_loss":0,"cards_obtained":[]},{"damage_healed":0,"gold_gain":0,"player_choice":"Punched","damage_taken":5,"max_hp_gain":0,"max_hp_loss":0,"event_name":"Designer","floor":24,"gold_loss":0},{"damage_healed":0,"gold_gain":0,"player_choice":"Ignored","damage_taken":0,"max_hp_gain":0,"max_hp_loss":0,"event_name":"Transmorgrifier","floor":37,"gold_loss":0},{"damage_healed":0,"gold_gain":0,"player_choice":"Paid Gold","damage_taken":0,"relics_obtained":["Ornamental Fan"],"max_hp_gain":0,"max_hp_loss":0,"event_name":"WeMeetAgain","floor":46,"gold_loss":135}],"is_beta":false,"boss_relics":[{"not_picked":["Velvet Choker","Mark of Pain","Runic Cube"]},{"not_picked":["SlaversCollar","Runic Dome"],"picked":"Runic Pyramid"}],"items_purged_floors":[],"is_endless":false,"potions_floor_spawned":[1,11,13,14,16,18,19,20,23,27,28,29,31,33,35,38,39,40,42,44,45,47,48],"ascension_level":20}}