{"host":"egwexuw5uvnxf11j","time":1610405802,"event":{"mods":["2.2 Compatiblity","Aspiration","BaseMod","Better Altar","Better Note","Better Sensory Stone","Better Third Choice","Displayed Cursed Tome","Downfall","Hermit","Key Reminder","Koishi","Marisa????????","Minty Spire (QoL Compilation)","Quick Restart","Shade Mod","Spicy Shops","StSLib","The Construct","The Cursed","The Hierophant","The Runesmith","The Senshi","The Servant 0.9.4","Transform Curses"],"gold_per_floor":[114,114,189,199,210,210,12,12,67,84,111,128,128,128,128,248,248,263,65,65,65],"floor_reached":20,"playtime":3769,"items_purged":[],"score":198,"play_id":"d0abbc96-3a1a-4efe-b52d-889bdcca9238","local_time":"20210111175642","is_ascension_mode":true,"campfire_choices":[{"floor":6,"key":"REST"},{"floor":8,"key":"RECALL"},{"data":"Koishi:FidgetySnatcher","floor":15,"key":"SMITH"}],"circlet_count":0,"master_deck":["Koishi:BasicStrike","Koishi:BasicStrike","Koishi:BasicStrike","Koishi:BasicStrike","Koishi:BasicDefend","Koishi:BasicDefend","Koishi:BasicDefend","Koishi:BasicDefend","Koishi:Provoke","Koishi:HauntingSlash","Koishi:DreadfulBlow","Koishi:SpiritedAway","Koishi:BramblyRoseGarden","Koishi:RacingHeart","Koishi:YoukaiPolygraph","Koishi:FleetingPhantom","Koishi:FidgetySnatcher+1","Koishi:Prune","Koishi:RacingHeart","Injury","Parasite","Koishi:GrowingPain","Koishi:RacingHeart","Koishi:TerrifyingSpectre","Koishi:StrangeCloudFist"],"relics":["Koishi:ImaginaryFriend","PreservedInsect","StrikeDummy","keyreminder:keyreminder","Dream Catcher","Blue Candle","Golden Idol","construct:WeddingRing"],"acts_visited":["Exordium","TheCity"],"potions_floor_usage":[11,16,18],"damage_taken":[{"damage":7,"enemies":"Cultist","floor":1,"turns":5},{"damage":1,"enemies":"Small Slimes","floor":4,"turns":4},{"damage":2,"enemies":"Jaw Worm","floor":5,"turns":3},{"damage":0,"enemies":"3 Louse","floor":10,"turns":2},{"damage":9,"enemies":"Gremlin Nob","floor":11,"turns":4},{"damage":11,"enemies":"Looter","floor":12,"turns":3},{"damage":29,"enemies":"Slime Boss","floor":16,"turns":8},{"damage":39,"enemies":"Shell Parasite","floor":18,"turns":6},{"damage":32,"enemies":"Spheric Guardian","floor":20,"turns":3}],"seed_played":"-4551051851326563188","potions_obtained":[{"floor":1,"key":"SteroidPotion"},{"floor":5,"key":"Ancient Potion"},{"floor":10,"key":"Slimebound:ThreeZeroPotion"},{"floor":12,"key":"construct:ShiftPotion"},{"floor":16,"key":"Slimebound:ThreeZeroPotion"}],"is_trial":false,"path_per_floor":["M","?","?","M","M","R","$","R","T","M","E","M","?","?","R","B",null,"M","$","M"],"character_chosen":"KOISHI","items_purchased":["Koishi:RacingHeart","Koishi:YoukaiPolygraph","Koishi:FleetingPhantom","Koishi:TerrifyingSpectre","Koishi:StrangeCloudFist"],"campfire_rested":1,"item_purchase_floors":[7,7,7,19,19],"current_hp_per_floor":[55,52,46,47,48,60,60,60,60,60,52,44,44,59,59,30,60,30,30,0,0],"gold":65,"neow_bonus":"RANDOM_COMMON_RELIC","is_daily":false,"chose_seed":false,"campfire_upgraded":1,"win_rate":0.0,"timestamp":1610405802,"path_taken":["M","?","?","M","M","R","$","R","T","?","E","M","?","?","R","BOSS","M","$","M"],"items_purchased_type":["Card","Card","Card","Card","Card"],"build_version":"2020-12-22","purchased_purges":0,"victory":false,"max_hp_per_floor":[60,60,60,60,60,60,60,60,60,60,60,60,60,60,60,60,60,60,60,60,60],"card_choices":[{"not_picked":["Koishi:EmbersOfLove","Koishi:PhilosophyOfTheDespised"],"picked":"Koishi:DreadfulBlow","floor":1},{"not_picked":["Koishi:UnansweredLove","Koishi:HeartAttack"],"picked":"Koishi:SpiritedAway","floor":4},{"not_picked":["Koishi:UnconsciousUprising","Koishi:EmbryosDream"],"picked":"Koishi:BramblyRoseGarden","floor":5},{"not_picked":["Koishi:ConfinedInnocent","Koishi:PhantomStrike"],"picked":"Koishi:FidgetySnatcher","floor":10},{"not_picked":["Koishi:SprinkleStarAndHeart","Koishi:GeneticsOfTheUnconscious"],"picked":"Koishi:Prune","floor":11},{"not_picked":["Koishi:CatchAndRose","Koishi:UnansweredLove"],"picked":"Koishi:RacingHeart","floor":12},{"not_picked":["Koishi:MentalBreakdown","Koishi:SuperEgo"],"picked":"Koishi:GrowingPain","floor":16},{"not_picked":["Koishi:HeartAttack","Koishi:FreudianInstinct"],"picked":"Koishi:RacingHeart","floor":18}],"player_experience":2197111,"relics_obtained":[{"floor":9,"key":"Dream Catcher"},{"floor":11,"key":"Blue Candle"}],"event_choices":[{"damage_healed":0,"gold_gain":0,"player_choice":"Relic ","damage_taken":3,"max_hp_gain":0,"max_hp_loss":0,"event_name":"betterThird:BetterScrap","floor":2,"gold_loss":0,"cards_obtained":["Noxious Fumes"]},{"damage_healed":0,"gold_gain":75,"player_choice":"Touch","damage_taken":6,"max_hp_gain":0,"max_hp_loss":0,"event_name":"FaceTrader","floor":3,"gold_loss":0},{"damage_healed":0,"gold_gain":0,"player_choice":"Take Wound","damage_taken":0,"relics_obtained":["Golden Idol"],"max_hp_gain":0,"max_hp_loss":0,"event_name":"Golden Idol","floor":13,"gold_loss":0,"cards_obtained":["Injury"]},{"damage_healed":15,"gold_gain":0,"player_choice":"Healed and dodged fight","damage_taken":0,"max_hp_gain":0,"max_hp_loss":0,"event_name":"Mushrooms","floor":14,"gold_loss":0,"cards_obtained":["Parasite"]}],"is_beta":false,"boss_relics":[{"not_picked":["aspiration:RunesmithSkillbook","Fusion Hammer"],"picked":"construct:WeddingRing"}],"items_purged_floors":[],"is_endless":false,"potions_floor_spawned":[1,5,10,12,16],"killed_by":"Spheric Guardian","ascension_level":3}}