{"host":"i1h39d0gfh5c6uxl","time":1610360031,"event":{"mods":["AchievementEnabler","BaseMod","Colored Map","Colored Powertips","Highlight Path","Minty Spire (QoL Compilation)"],"gold_per_floor":[109,29,29,29,29,43,43,54,54,54,54,64,64,99,99,99,99],"floor_reached":16,"playtime":180,"items_purged":[],"score":148,"play_id":"8d5971fe-f642-4878-82e7-646651899288","local_time":"20210111181351","is_ascension_mode":false,"campfire_choices":[{"data":"Bash","floor":7,"key":"SMITH"},{"data":"Perfected Strike","floor":10,"key":"SMITH"},{"data":"Pommel Strike","floor":13,"key":"SMITH"},{"data":"Strike_R","floor":15,"key":"SMITH"}],"circlet_count":0,"master_deck":["Strike_R","Strike_R","Strike_R+1","Strike_R","Strike_R","Defend_R","Defend_R","Defend_R","Defend_R","Bash+1","Pommel Strike+1","Sever Soul","Perfected Strike+1","Flame Barrier"],"relics":["Runic Pyramid","Blood Vial","White Beast Statue","Tiny Chest"],"acts_visited":["Exordium"],"potions_floor_usage":[14,14],"damage_taken":[{"damage":1,"enemies":"Cultist","floor":1,"turns":3},{"damage":0,"enemies":"Small Slimes","floor":6,"turns":2},{"damage":6,"enemies":"Jaw Worm","floor":8,"turns":2},{"damage":3,"enemies":"Exordium Wildlife","floor":12,"turns":3},{"damage":14,"enemies":"Gremlin Nob","floor":14,"turns":3},{"damage":0,"enemies":"Slime Boss","floor":16,"turns":1}],"seed_played":"-2681580795178468803","potions_obtained":[{"floor":1,"key":"FearPotion"},{"floor":12,"key":"ElixirPotion"},{"floor":14,"key":"FearPotion"}],"is_trial":false,"path_per_floor":["M","$","?","?","$","M","R","M","T","R","?","M","R","E","R","B"],"character_chosen":"IRONCLAD","items_purchased":["Sever Soul"],"campfire_rested":0,"item_purchase_floors":[2],"current_hp_per_floor":[79,79,72,77,77,79,79,75,75,75,75,74,74,62,62,64,64],"gold":99,"neow_bonus":"BOSS_RELIC","is_daily":false,"chose_seed":false,"campfire_upgraded":4,"win_rate":0.0,"timestamp":1610360031,"path_taken":["M","$","?","?","$","M","R","M","T","R","?","M","R","E","R","BOSS"],"items_purchased_type":["Card"],"build_version":"2020-12-22","purchased_purges":0,"victory":false,"max_hp_per_floor":[80,80,80,85,85,85,85,85,85,85,85,85,85,85,85,85,85],"card_choices":[{"not_picked":["Infernal Blade","Thunderclap"],"picked":"Pommel Strike","floor":1},{"not_picked":["Flex","Thunderclap"],"picked":"Perfected Strike","floor":6},{"not_picked":["Rage","Dropkick","Flex"],"picked":"SKIP","floor":8},{"not_picked":["Dual Wield","Wild Strike"],"picked":"Flame Barrier","floor":12},{"not_picked":["Inflame","Flex","Armaments"],"picked":"SKIP","floor":14}],"player_experience":1348876,"relics_obtained":[{"floor":9,"key":"White Beast Statue"},{"floor":14,"key":"Tiny Chest"}],"event_choices":[{"damage_healed":0,"gold_gain":0,"player_choice":"Success","damage_taken":7,"relics_obtained":["Blood Vial"],"max_hp_gain":0,"max_hp_loss":0,"event_name":"Scrap Ooze","floor":3,"gold_loss":0},{"damage_healed":0,"gold_gain":0,"player_choice":"Donut","damage_taken":0,"max_hp_gain":5,"max_hp_loss":0,"event_name":"Big Fish","floor":4,"gold_loss":0},{"damage_healed":0,"gold_gain":0,"player_choice":"Ignored","damage_taken":0,"max_hp_gain":0,"max_hp_loss":0,"event_name":"Liars Game","floor":11,"gold_loss":0}],"is_beta":false,"boss_relics":[],"items_purged_floors":[],"is_endless":false,"potions_floor_spawned":[1,12,14],"killed_by":"Slime Boss","ascension_level":0}}