{"host":"9nt1zhl3k8mtcf72","time":1610332311,"event":{"mods":["Aspiration","BaseMod","BetterRewards","Conjunction","Conspire","Downfall","Energized Spire","Friendly Minions","GifTheSpireLib","Halation","HexUI Lib","Hubris","Infinite Spire","Jedi Mod","JesterMod","Mimic Mod","Minty Spire (QoL Compilation)","RatMod","Replay The Spire","Spikes Relics","StSLib","Stuff the Spire","TheArtist","Trackpad","Useless Jewels Mod","Wandering Minibosses","vexMod"],"gold_per_floor":[116,132,150,169,26,26,26],"floor_reached":6,"playtime":425,"items_purged":[],"score":38,"play_id":"9ec149ba-d3f3-410c-9b13-fa4bd0424d7a","local_time":"20210110213151","is_ascension_mode":false,"campfire_choices":[],"circlet_count":0,"master_deck":["jesterMod:Strike","jesterMod:Strike","jesterMod:Strike","jesterMod:Strike","jesterMod:Sickle","jesterMod:Defend","jesterMod:Defend","jesterMod:Defend","jesterMod:Defend","jesterMod:Dodge","jesterMod:ButterKnife","jesterMod:Anticipation","jesterMod:BouncingKnife","jesterMod:Frenzy","jesterMod:Trance"],"relics":["jesterMod:JesterCap","aspiration:Nostalgia","Ring of the Snake"],"acts_visited":["Exordium"],"potions_floor_usage":[4],"damage_taken":[{"damage":0,"enemies":"Cultist","floor":1,"turns":4},{"damage":0,"enemies":"2 Louse","floor":2,"turns":4},{"damage":0,"enemies":"Small Slimes","floor":3,"turns":6},{"damage":25,"enemies":"Gremlin Gang","floor":4,"turns":6},{"damage":42,"enemies":"3 Sentries","floor":6,"turns":10}],"seed_played":"-8676184056649448317","potions_obtained":[{"floor":3,"key":"Block Potion"}],"is_trial":false,"path_per_floor":["M","M","M","M","$","E"],"character_chosen":"THE_JESTER","items_purchased":["jesterMod:Trance"],"campfire_rested":0,"item_purchase_floors":[5],"current_hp_per_floor":[70,70,70,45,45,3,3],"gold":26,"neow_bonus":"NOSTALGIA","is_daily":false,"chose_seed":false,"campfire_upgraded":0,"win_rate":0.0,"timestamp":1610332311,"path_taken":["M","M","M","M","$","E"],"items_purchased_type":["Card"],"build_version":"2020-12-22","purchased_purges":0,"victory":false,"max_hp_per_floor":[70,70,70,70,70,70,70],"card_choices":[{"not_picked":["jesterMod:SmokeScreen","jesterMod:Twirl"],"picked":"jesterMod:ButterKnife","floor":1},{"not_picked":["jesterMod:Hide","jesterMod:SelfMockery"],"picked":"jesterMod:Anticipation","floor":2},{"not_picked":["jesterMod:SmokeScreen","jesterMod:Loot"],"picked":"jesterMod:BouncingKnife","floor":3},{"not_picked":["jesterMod:SwiftDodge","jesterMod:Talion"],"picked":"jesterMod:Frenzy","floor":4}],"player_experience":525435,"relics_obtained":[],"event_choices":[],"is_beta":false,"boss_relics":[],"items_purged_floors":[],"is_endless":false,"potions_floor_spawned":[3],"killed_by":"3 Sentries","ascension_level":0}}