{"host":"bf9sa99gaumonoeu","time":1610333250,"event":{"mods":["AchievementEnabler","Act Like it!","BaseMod","Better Sensory Stone","Colored Map","Colored Powertips","Friendly Minions","Gensokyo","GifTheSpireLib","Googly Eyes","Hallownest","Hermit","Hubris","Jorbs\u0027s Wanderer Trilogy","KinomotoSakuraMod(????)","Koishi","Lobotomy","Marisa????????","Minty Spire (QoL Compilation)","Rare Cards Sparkle","Reimu??????","Relic Stats","Remilia??????","Replay The Spire","StSLib","The Administrix","The Animator","The Bug Knight","The Construct","The Cursed","The Disciple","The Hierophant","The Mystic","The Necromancer","The Poker Player","The Runesmith","The Senshi","The Servant 0.9.4","TheLocksmith","Yakumo Yukari mod","thorton"],"gold_per_floor":[214,228,240,269,286,321,340,207,207,207,207,240,200,243,243,243,243],"floor_reached":16,"playtime":2029,"items_purged":[],"score":243,"play_id":"6e985f63-3a03-4b80-b8a0-6671026fd349","local_time":"20210111004730","is_ascension_mode":true,"campfire_choices":[{"floor":11,"key":"REST"},{"floor":15,"key":"REST"}],"circlet_count":0,"master_deck":["AscendersBane","animator:Strike_Rewrite","animator:Defend_Rewrite","animator:Strike","animator:Strike","animator:Strike","animator:Defend","animator:Defend","animator:Defend","animator:YoshinoHaruhiko","animator:ShizuruNakatsu","animator:Shion","animator:Bozes","animator:Nanami","animator:ToukaNishikujou","animator:Kagari","Injury","animator:ZankiKiguchi"],"relics":["animator:LivingPicture","animator:TheMissingPiece","animator:PurgingStone","Pet Ghost","White Beast Statue","Golden Idol","Boot","PaintedHorse:ReiMu","Ice Cream"],"acts_visited":["Exordium"],"potions_floor_usage":[6,12,14,16],"damage_taken":[{"damage":1,"enemies":"Cultist","floor":1,"turns":4},{"damage":1,"enemies":"Jaw Worm","floor":2,"turns":3},{"damage":7,"enemies":"Small Slimes","floor":3,"turns":4},{"damage":6,"enemies":"Looter","floor":4,"turns":3},{"damage":0,"enemies":"2 Fungi Beasts","floor":5,"turns":5},{"damage":13,"enemies":"Replay:BlueRogue","floor":6,"turns":6},{"damage":9,"enemies":"Large Slime","floor":7,"turns":11},{"damage":17,"enemies":"3 Sentries","floor":12,"turns":8},{"damage":0,"enemies":"Lagavulin","floor":14,"turns":6},{"damage":46,"enemies":"Hexaghost","floor":16,"turns":18}],"seed_played":"-8798618151787666731","potions_obtained":[{"floor":2,"key":"SteroidPotion"},{"floor":6,"key":"Weak Potion"},{"floor":12,"key":"Ancient Potion"},{"floor":14,"key":"SkillPotion"}],"is_trial":false,"path_per_floor":["M","M","M","M","M","E","M","$","T","?","R","E","?","E","R","B"],"character_chosen":"THE_ANIMATOR","items_purchased":["Adrenaline Potion","animator:Kagari"],"campfire_rested":2,"item_purchase_floors":[8,8],"current_hp_per_floor":[58,57,50,44,44,31,22,22,22,22,41,24,24,24,43,0,0],"gold":243,"neow_bonus":"HUNDRED_GOLD","is_daily":false,"chose_seed":true,"campfire_upgraded":0,"win_rate":0.0,"timestamp":1610333250,"path_taken":["M","M","M","?","M","E","M","$","T","?","R","E","?","E","R","BOSS"],"items_purchased_type":["Potion","Card"],"build_version":"2020-12-22","purchased_purges":0,"victory":false,"max_hp_per_floor":[66,66,66,66,66,66,66,66,66,66,66,66,66,66,66,66,66],"relic_stats":{"counters":[10,68],"Golden Idol":16,"Boot":[45],"obtain_stats":[{"Ice Cream":14,"animator:PurgingStone":0,"Golden Idol":10,"PaintedHorse:ReiMu":13,"animator:TheMissingPiece":0,"animator:LivingPicture":0,"Boot":12,"Pet Ghost":6,"White Beast Statue":9},{"Ice Cream":9,"animator:PurgingStone":0,"Golden Idol":7,"PaintedHorse:ReiMu":8,"animator:TheMissingPiece":0,"animator:LivingPicture":0,"Boot":8,"Pet Ghost":6,"White Beast Statue":7},{"Ice Cream":50,"animator:PurgingStone":0,"Golden Idol":36,"PaintedHorse:ReiMu":44,"animator:TheMissingPiece":0,"animator:LivingPicture":0,"Boot":44,"Pet Ghost":25,"White Beast Statue":36}]},"card_choices":[{"not_picked":["animator:Illya","animator:WinryRockbell"],"picked":"animator:Shion","floor":1},{"not_picked":["animator:Sonic","animator:Illya"],"picked":"animator:Bozes","floor":2},{"not_picked":["animator:SilverFang","animator:Hitei"],"picked":"animator:Nanami","floor":3},{"not_picked":["animator:Midou","animator:YoshinoHaruhiko"],"picked":"animator:ToukaNishikujou","floor":4},{"not_picked":["animator:MaesHughes","animator:Envy","animator:NarberalGamma"],"picked":"SKIP","floor":5},{"not_picked":["animator:SilverFang","animator:Millim","animator:ShizuruNakatsu"],"picked":"SKIP","floor":6},{"not_picked":["animator:Priestess","animator:Geryuganshoop","animator:Shalltear"],"picked":"SKIP","floor":7},{"not_picked":["animator:ChihayaOhtori","animator:WinryRockbell"],"picked":"animator:ZankiKiguchi","floor":14}],"player_experience":890306,"relics_obtained":[{"floor":6,"key":"Pet Ghost"},{"floor":9,"key":"White Beast Statue"},{"floor":12,"key":"Boot"},{"floor":14,"key":"Ice Cream"}],"event_choices":[{"damage_healed":0,"gold_gain":0,"player_choice":"Take Wound","damage_taken":0,"relics_obtained":["Golden Idol"],"max_hp_gain":0,"max_hp_loss":0,"event_name":"Golden Idol","floor":10,"gold_loss":0,"cards_obtained":["Injury"]},{"damage_healed":0,"gold_gain":0,"player_choice":"Donate","damage_taken":0,"relics_obtained":["PaintedHorse:ReiMu"],"max_hp_gain":0,"max_hp_loss":0,"event_name":"yidonshenshe","floor":13,"gold_loss":40}],"is_beta":false,"boss_relics":[],"items_purged_floors":[],"is_endless":false,"potions_floor_spawned":[2,6,12,14],"killed_by":"Hexaghost","ascension_level":13}}