{"host":"7mctdko6f6ih2ivj","time":1610358996,"event":{"mods":["Aspiration","BaseMod","Better Third Choice","Colored Map","Conspire","Defuse TimeMaze Blight","Fox Events","Jedi Mod","Minty Spire (QoL Compilation)","RRrroohrrRGHHhhh!!","RatMod","Relic Sorter","Replay The Spire","Shop Mod","StSLib"],"gold_per_floor":[116,58,70,70,70,97,97,109,162,174,186,386,413,435,447,459,459],"floor_reached":16,"playtime":682,"items_purged":[],"score":219,"play_id":"2e82c74b-9b35-49c7-a62b-af79f06a9d07","local_time":"20210111095636","is_ascension_mode":true,"campfire_choices":[{"data":"Armaments","floor":7,"key":"SMITH"},{"data":"Sword Boomerang","floor":11,"key":"SMITH"}],"circlet_count":0,"master_deck":["AscendersBane","Strike_R","Strike_R","Strike_R","Strike_R","Strike_R","Defend_R","Defend_R","Defend_R","Defend_R","Bash","Clothesline+1","Sword Boomerang+1","Injury","Armaments+1","Flame Barrier","Inflame+1","Dark Embrace+1","ReplayTheSpireMod:Stacked"],"relics":["Burning Blood","NeowsBlessing","betterThird:SlimedRelic","Frozen Egg 2","Replay:Bottled Steam","MawBank","Happy Flower"],"acts_visited":["Exordium"],"potions_floor_usage":[13,14],"damage_taken":[{"damage":0,"enemies":"Small Slimes","floor":1,"turns":1},{"damage":0,"enemies":"2 Louse","floor":3,"turns":1},{"damage":0,"enemies":"Lagavulin","floor":6,"turns":1},{"damage":23,"enemies":"Jaw Worm","floor":8,"turns":4},{"damage":27,"enemies":"Lots of Slimes","floor":13,"turns":4},{"damage":0,"enemies":"3 Louse","floor":14,"turns":3},{"damage":42,"enemies":"Slime Boss","floor":16,"turns":6}],"seed_played":"6520925848684818528","potions_obtained":[{"floor":1,"key":"Strength Potion"},{"floor":13,"key":"ColorlessPotion"}],"is_trial":false,"path_per_floor":["M","?","M","$","?","E","R","M","T","T","R","?","M","M","R_BF","B"],"character_chosen":"IRONCLAD","items_purchased":[],"campfire_rested":0,"item_purchase_floors":[],"current_hp_per_floor":[74,63,69,69,69,75,75,58,58,58,58,28,7,13,35,0,0],"gold":459,"neow_bonus":"THREE_ENEMY_KILL","is_daily":false,"chose_seed":false,"campfire_upgraded":2,"win_rate":0.0,"timestamp":1610358996,"path_taken":["M","?","M","$","?","E","R","M","T","?","R","?","M","M","R_BF","BOSS"],"items_purchased_type":[],"build_version":"2020-12-22","purchased_purges":0,"victory":false,"max_hp_per_floor":[75,75,75,75,75,75,75,75,75,75,75,75,75,75,75,75,75],"card_choices":[{"not_picked":["Uppercut","ReplayTheSpireMod:Strike From Hell"],"picked":"Clothesline","floor":1},{"not_picked":["Headbutt","Uppercut"],"picked":"Sword Boomerang","floor":3},{"not_picked":["Clothesline","Pommel Strike"],"picked":"Armaments","floor":6},{"not_picked":["Pummel","Heavy Blade"],"picked":"Flame Barrier","floor":8},{"not_picked":["Wild Strike","rorgmod:Searing Blow"],"picked":"Inflame+1","floor":12},{"not_picked":["Havoc","Heavy Blade"],"picked":"Dark Embrace+1","floor":13},{"not_picked":["Replay:Undeath\u0027s Touch","Shrug It Off"],"picked":"ReplayTheSpireMod:Stacked","floor":14}],"player_experience":995996,"relics_obtained":[{"floor":6,"key":"Replay:Bottled Steam"},{"floor":9,"key":"MawBank"},{"floor":10,"key":"Happy Flower"}],"event_choices":[{"damage_healed":0,"gold_gain":0,"player_choice":"Slimed","damage_taken":11,"max_hp_gain":0,"max_hp_loss":0,"event_name":"betterThird:BetterGoop","floor":2,"gold_loss":58}],"is_beta":false,"boss_relics":[],"items_purged_floors":[],"is_endless":false,"potions_floor_spawned":[1,13],"killed_by":"Slime Boss","ascension_level":15}}