{"host":"pi8b3ffzwvxqztac","time":1610336527,"event":{"mods":["BaseMod","Colored Map","Downfall","Minty Spire (QoL Compilation)","StSLib"],"gold_per_floor":[119,171,184,68,80,80,80,80,104,129,129,147,147,163,163,286,286,302,302,8,29,49,49,88,88,156,156,177,33,48,48,48,169,169,184,164,185,199,218,218,218,218,218,236,236,277,336,22,22,22],"floor_reached":51,"playtime":2067,"items_purged":[],"score":737,"play_id":"3430cb3b-40c5-493d-8315-418306939a7e","local_time":"20210111164207","is_ascension_mode":false,"campfire_choices":[{"data":"Zap","floor":6,"key":"SMITH"},{"data":"Dualcast","floor":11,"key":"SMITH"},{"data":"Chaos","floor":13,"key":"SMITH"},{"data":"Storm","floor":15,"key":"SMITH"},{"data":"Streamline","floor":23,"key":"SMITH"},{"floor":25,"key":"REST"},{"data":"Defragment","floor":27,"key":"SMITH"},{"data":"Go for the Eyes","floor":32,"key":"SMITH"},{"data":"Rainbow","floor":40,"key":"SMITH"},{"data":"Force Field","floor":42,"key":"SMITH"},{"data":"Defragment","floor":45,"key":"SMITH"},{"floor":49,"key":"REST"}],"circlet_count":0,"master_deck":["Defend_B","Defend_B","Defend_B","Zap+1","Dualcast+1","Streamline+1","Storm+1","Defragment+1","Ball Lightning","Amplify","Chaos+1","Defragment","Electrodynamics","Leap","Defragment+1","Leap","Chill+1","Barrage+1","Go for the Eyes+1","Rainbow+1","Electrodynamics+1","All For One+1","Tempest+1","Go for the Eyes+1","Force Field+1","Defragment+1","Coolheaded+1","Leap+1","Force Field+1","expansioncontent:Corrupt"],"relics":["Cracked Core","Toy Ornithopter","Golden Idol","Bag of Marbles","Inserter","Matryoshka","Vajra","Blood Vial","Kunai","Centennial Puzzle","Astrolabe","Pear","Bottled Flame","Bottled Tornado","Torii"],"acts_visited":["Exordium","TheCity","TheBeyond"],"potions_floor_usage":[10,14,18,33,33,41,46,46,46,47,50,50],"damage_taken":[{"damage":6,"enemies":"Cultist","floor":1,"turns":3},{"damage":3,"enemies":"Jaw Worm","floor":3,"turns":4},{"damage":0,"enemies":"2 Louse","floor":5,"turns":2},{"damage":19,"enemies":"Exordium Thugs","floor":10,"turns":4},{"damage":3,"enemies":"Red Slaver","floor":12,"turns":2},{"damage":3,"enemies":"3 Louse","floor":14,"turns":2},{"damage":14,"enemies":"Slime Boss","floor":16,"turns":6},{"damage":0,"enemies":"Chosen","floor":18,"turns":3},{"damage":14,"enemies":"Spheric Guardian","floor":21,"turns":4},{"damage":6,"enemies":"Chosen and Byrds","floor":22,"turns":3},{"damage":26,"enemies":"Slavers","floor":24,"turns":5},{"damage":2,"enemies":"Snecko","floor":28,"turns":4},{"damage":0,"enemies":"Cultist and Chosen","floor":30,"turns":4},{"damage":39,"enemies":"Automaton","floor":33,"turns":7},{"damage":7,"enemies":"3 Shapes","floor":35,"turns":3},{"damage":1,"enemies":"Orb Walker","floor":37,"turns":3},{"damage":13,"enemies":"Writhing Mass","floor":38,"turns":4},{"damage":0,"enemies":"4 Shapes","floor":39,"turns":3},{"damage":3,"enemies":"Sphere and 2 Shapes","floor":44,"turns":3},{"damage":28,"enemies":"Nemesis","floor":46,"turns":7},{"damage":44,"enemies":"2 Orb Walkers","floor":47,"turns":4},{"damage":50,"enemies":"Donu and Deca","floor":50,"turns":7}],"seed_played":"279062418955883220","potions_obtained":[{"floor":5,"key":"hexamod:EctoCoolerPotion"},{"floor":10,"key":"ColorlessPotion"},{"floor":16,"key":"Slimebound:ThreeZeroPotion"},{"floor":24,"key":"ColorlessPotion"},{"floor":30,"key":"DistilledChaos"},{"floor":33,"key":"LiquidMemories"},{"floor":35,"key":"Weak Potion"},{"floor":36,"key":"Guardian:BlockOnCardUsePotion"},{"floor":41,"key":"Fruit Juice"},{"floor":41,"key":"Energy Potion"},{"floor":46,"key":"hexamod:EctoCoolerPotion"},{"floor":47,"key":"Weak Potion"}],"is_trial":false,"path_per_floor":["M","T","M","$","M","R","?","?","T","M","R","M","R","M","R","B",null,"M","?","$","M","M","R","E","R","T","R","M","$","M","?","R","B",null,"M","?","M","M","M","R","?","R","T","M","R","E","?","$","R","B",null],"character_chosen":"DEFECT","items_purchased":["Defragment","Ball Lightning","Defragment","Matryoshka","Centennial Puzzle","expansioncontent:Corrupt","EssenceOfDarkness","Dexterity Potion"],"campfire_rested":2,"item_purchase_floors":[4,4,20,20,29,48,48,48],"current_hp_per_floor":[76,76,73,73,73,73,73,73,73,57,57,54,54,56,56,42,76,76,76,76,62,56,56,30,52,52,52,52,52,54,54,54,27,76,69,69,70,59,61,61,71,71,81,80,80,69,32,32,59,21],"gold":22,"neow_bonus":"TEN_PERCENT_HP_BONUS","is_daily":false,"chose_seed":false,"campfire_upgraded":10,"win_rate":0.0,"timestamp":1610336527,"path_taken":["M","?","M","?","M","R","?","?","T","M","R","M","R","?","R","BOSS","M","?","$","M","M","R","E","R","T","R","?","$","M","?","R","BOSS","M","?","?","M","M","R","?","R","T","?","R","E","?","$","R","BOSS"],"items_purchased_type":["Card","Card","Card","Relic","Relic","Card","Potion","Potion"],"build_version":"2020-12-22","purchased_purges":0,"victory":true,"max_hp_per_floor":[82,82,82,82,82,82,76,76,76,76,76,76,76,76,76,76,76,76,76,76,76,76,76,76,76,76,76,76,76,76,76,76,76,76,76,76,76,76,76,76,81,81,91,91,91,91,91,91,91,91],"card_choices":[{"not_picked":["Steam","Reinforced Body"],"picked":"Streamline","floor":1},{"not_picked":["Steam","Leap"],"picked":"Storm","floor":3},{"not_picked":["Barrage","Stack"],"picked":"Amplify","floor":5},{"not_picked":["Cold Snap","Beam Cell"],"picked":"Chaos","floor":10},{"not_picked":["Fusion","Conserve Battery"],"picked":"Defragment","floor":12},{"not_picked":["Steam Power","Stack","All For One"],"picked":"SKIP","floor":14},{"not_picked":["Seek","Amplify"],"picked":"Electrodynamics","floor":16},{"not_picked":["Sweeping Beam","Steam+1"],"picked":"Leap","floor":18},{"not_picked":["Lockon","Redo"],"picked":"Leap","floor":21},{"not_picked":["Compile Driver","Cold Snap"],"picked":"Chill+1","floor":22},{"not_picked":["Capacitor","Biased Cognition"],"picked":"Barrage+1","floor":24},{"not_picked":["Beam Cell+1","Stack","Redo"],"picked":"SKIP","floor":28},{"not_picked":["Redo","Compile Driver"],"picked":"Go for the Eyes","floor":30},{"not_picked":["Electrodynamics","Biased Cognition"],"picked":"Rainbow","floor":33},{"not_picked":["Skim","Gash+1"],"picked":"Go for the Eyes+1","floor":35},{"not_picked":["Coolheaded+1","Go for the Eyes"],"picked":"Force Field","floor":37},{"not_picked":["Beam Cell+1","Redo+1"],"picked":"Defragment+1","floor":38},{"not_picked":["Compile Driver","Tempest+1"],"picked":"Coolheaded+1","floor":39},{"not_picked":["Coolheaded","Stack+1"],"picked":"Leap+1","floor":44},{"not_picked":["Gash+1","Machine Learning","Storm"],"picked":"SKIP","floor":46},{"not_picked":["Ball Lightning","Cold Snap+1"],"picked":"Force Field+1","floor":47}],"player_experience":508908,"relics_obtained":[{"floor":2,"key":"Toy Ornithopter"},{"floor":9,"key":"Bag of Marbles"},{"floor":24,"key":"Vajra"},{"floor":26,"key":"Blood Vial"},{"floor":26,"key":"Kunai"},{"floor":43,"key":"Pear"},{"floor":43,"key":"Bottled Flame"},{"floor":46,"key":"Bottled Tornado"},{"floor":47,"key":"Torii"}],"event_choices":[{"damage_healed":0,"gold_gain":0,"player_choice":"Lose Max HP","damage_taken":0,"relics_obtained":["Golden Idol"],"max_hp_gain":0,"max_hp_loss":6,"event_name":"Golden Idol","floor":7,"gold_loss":0},{"cards_removed":["Strike_B"],"damage_healed":0,"gold_gain":0,"player_choice":"Offered Basic","damage_taken":0,"max_hp_gain":0,"max_hp_loss":0,"event_name":"Bonfire Elementals","floor":8,"gold_loss":0},{"cards_removed":["Strike_B"],"damage_healed":0,"gold_gain":0,"player_choice":"Purged","damage_taken":0,"max_hp_gain":0,"max_hp_loss":0,"event_name":"Purifier","floor":19,"gold_loss":0},{"damage_healed":0,"gold_gain":0,"player_choice":"Bought 1 Potion","damage_taken":0,"max_hp_gain":0,"max_hp_loss":0,"event_name":"The Woman in Blue","floor":36,"gold_loss":0},{"damage_healed":0,"gold_gain":0,"player_choice":"Got Potions","damage_taken":0,"max_hp_gain":0,"max_hp_loss":0,"event_name":"Lab","floor":41,"gold_loss":0},{"damage_healed":0,"gold_gain":0,"player_choice":"Fight","damage_taken":0,"max_hp_gain":0,"max_hp_loss":0,"event_name":"Mysterious Sphere","floor":47,"gold_loss":0}],"is_beta":false,"boss_relics":[{"not_picked":["Tiny House","expansioncontent:StudyCardRelic"],"picked":"Inserter"},{"not_picked":["Fusion Hammer","Sozu"],"picked":"Astrolabe"}],"items_purged_floors":[],"is_endless":false,"potions_floor_spawned":[5,10,16,24,30,33,35,46,47],"ascension_level":0}}