{"host":"gmh2c2g66mxmprnw","time":1610392294,"event":{"mods":["BaseMod","Friendly Minions","Infinite Spire","Minty Spire (QoL Compilation)","Quick Restart","Relic Stats","Replay The Spire","Shop Mod","StSLib"],"gold_per_floor":[117,137,412,423,393,393,425,441,493,493,52,94,141,217,217,354,354,413,34,34,72,72,72,132,202,202,202,4,62,110,170,170,205,205],"floor_reached":33,"playtime":1698,"items_purged":["Regret"],"score":361,"play_id":"5e34bba0-4d94-49da-9a66-37ac426d6b3d","local_time":"20210111101134","is_ascension_mode":true,"campfire_choices":[{"data":"Shockwave","floor":6.0,"key":"SMITH"},{"data":"ReplayTheSpireMod:Strike From Hell","floor":15.0,"key":"SMITH"},{"floor":23.0,"key":"REST"},{"data":"ReplayTheSpireMod:Strike From Hell","floor":27.0,"key":"SMITH"},{"floor":32.0,"key":"DIG"}],"circlet_count":0,"master_deck":["Strike_R","Strike_R","Strike_R+1","Strike_R","Strike_R+1","Defend_R","Defend_R","Defend_R","Defend_R","Bash","Burning Pact","Shockwave+1","Iron Wave","ReplayTheSpireMod:Strike From Hell+1","Cleave","Rupture","ReplayTheSpireMod:Splinters","ReplayTheSpireMod:Strike From Hell+1","ReplayTheSpireMod:Muscle Training","Rage","Feed","Wild Strike","Fire Breathing","infinitespire:Execution","Wild Strike","Necronomicurse","Rampage","Offering","Wild Strike"],"relics":["Burning Blood","NeowsBlessing","Garlic","Ring of Misfortune","MerchantsRug","Sling","Replay:Bandana","Busted Crown","infinitespire:Lychee Nut","Necronomicon","Bronze Scales","Darkstone Periapt","Blood Vial","Ice Cream"],"acts_visited":["Exordium","TheCity"],"potions_floor_usage":[33],"damage_taken":[{"damage":0.0,"enemies":"Jaw Worm","floor":1.0,"turns":1.0},{"damage":0.0,"enemies":"Cultist","floor":2.0,"turns":1.0},{"damage":0.0,"enemies":"Small Slimes","floor":4.0,"turns":1.0},{"damage":31.0,"enemies":"Lagavulin","floor":7.0,"turns":8.0},{"damage":2.0,"enemies":"3 Louse","floor":8.0,"turns":3.0},{"damage":3.0,"enemies":"Blue Slaver","floor":13.0,"turns":3.0},{"damage":0.0,"enemies":"3 Sentries","floor":14.0,"turns":5.0},{"damage":17.0,"enemies":"Hexaghost","floor":16.0,"turns":9.0},{"damage":16.0,"enemies":"2 Thieves","floor":18.0,"turns":5.0},{"damage":4.0,"enemies":"Chosen","floor":21.0,"turns":3.0},{"damage":1.0,"enemies":"Centurion and Healer","floor":24.0,"turns":6.0},{"damage":18.0,"enemies":"Book of Stabbing","floor":25.0,"turns":4.0},{"damage":36.0,"enemies":"Sentry and Sphere","floor":29.0,"turns":7.0},{"damage":3.0,"enemies":"3 Cultists","floor":30.0,"turns":4.0},{"damage":21.0,"enemies":"Slavers","floor":31.0,"turns":4.0},{"damage":42,"enemies":"Pondfish","floor":33,"turns":8}],"seed_played":"-1969576519396303428","potions_obtained":[{"floor":4.0,"key":"Fire Potion"},{"floor":5.0,"key":"Weak Potion"},{"floor":5.0,"key":"EssenceOfSteel"},{"floor":12.0,"key":"Adrenaline Potion"},{"floor":12.0,"key":"SmokeBomb"},{"floor":14.0,"key":"Swift Potion"},{"floor":16.0,"key":"Weak Potion"},{"floor":18.0,"key":"SkillPotion"},{"floor":21.0,"key":"Energy Potion"},{"floor":30.0,"key":"SteroidPotion"}],"is_trial":false,"path_per_floor":["M","M","?","M","?","R","E","M","T","?","$","?","M","E","R","B",null,"M","$","?","M","?","R","M","E","T","R","$","M","M","E","R","B"],"character_chosen":"IRONCLAD","items_purchased":["MerchantsRug","Rupture","Sling","infinitespire:Lychee Nut","Fire Breathing","Rampage","Offering"],"campfire_rested":1,"item_purchase_floors":[11,11,11,19,19,28,28],"current_hp_per_floor":[80,80,80,80,80,80,55,59,59,59,59,59,62,68,68,57,80,73,62,62,62,46,62,65,54,54,54,54,30,42,33,33,0,0],"gold":205,"neow_bonus":"THREE_ENEMY_KILL","is_daily":false,"chose_seed":false,"campfire_upgraded":3,"win_rate":0.0,"timestamp":1610392294,"path_taken":["M","M","?","?","?","R","E","?","T","?","$","?","M","E","R","BOSS","M","$","?","M","?","R","M","E","T","R","$","M","M","E","R","BOSS"],"items_purchased_type":["Relic","Card","Relic","Relic","Card","Card","Card"],"build_version":"2020-12-22","purchased_purges":1,"victory":false,"max_hp_per_floor":[80,80,80,80,80,80,80,80,80,80,80,80,80,80,80,80,80,83,62,62,62,62,62,65,65,65,65,65,65,68,68,68,68,68],"relic_stats":{"Darkstone Periapt":0,"Blood Vial":2,"Busted Crown":18,"counters":[16,72],"Bronze Scales":[90],"Necronomicon":[6],"obtain_stats":[{"Darkstone Periapt":26,"Ice Cream":32,"MerchantsRug":11,"NeowsBlessing":0,"Omamori":14,"Whetstone":9,"Sling":11,"Burning Blood":0,"Blood Vial":31,"Replay:Bandana":12,"Busted Crown":17,"infinitespire:Lychee Nut":19,"Ring of Misfortune":10,"Bronze Scales":25,"Garlic":7,"Necronomicon":22},{"Darkstone Periapt":12,"Ice Cream":15,"MerchantsRug":5,"NeowsBlessing":0,"Omamori":7,"Whetstone":5,"Sling":5,"Burning Blood":0,"Blood Vial":15,"Replay:Bandana":5,"Busted Crown":8,"infinitespire:Lychee Nut":9,"Ring of Misfortune":5,"Bronze Scales":12,"Garlic":4,"Necronomicon":10},{"Darkstone Periapt":49,"Ice Cream":64,"MerchantsRug":14,"NeowsBlessing":0,"Omamori":22,"Whetstone":14,"Sling":14,"Burning Blood":0,"Blood Vial":64,"Replay:Bandana":14,"Busted Crown":31,"infinitespire:Lychee Nut":36,"Ring of Misfortune":14,"Bronze Scales":49,"Garlic":11,"Necronomicon":39}],"Burning Blood":62},"card_choices":[{"not_picked":["Run Through","Sword Boomerang"],"picked":"Burning Pact","floor":1.0},{"not_picked":["Thunderclap","Clash"],"picked":"Shockwave","floor":2.0},{"not_picked":["Power Through","True Grit"],"picked":"Iron Wave","floor":4.0},{"not_picked":["Shrug It Off","Pommel Strike"],"picked":"ReplayTheSpireMod:Strike From Hell","floor":7.0},{"not_picked":["Wild Strike","Brutality"],"picked":"Cleave","floor":8.0},{"not_picked":["Clash","Shrug It Off"],"picked":"ReplayTheSpireMod:Strike From Hell","floor":12.0},{"not_picked":["Thunderclap","Armaments"],"picked":"ReplayTheSpireMod:Muscle Training","floor":13.0},{"not_picked":["Clash","Rampage"],"picked":"Rage","floor":14.0},{"not_picked":["Exhume","Juggernaut"],"picked":"Feed","floor":16.0},{"not_picked":[],"picked":"Wild Strike","floor":18.0},{"not_picked":["infinitespire:Oblivion","infinitespire:Gouge"],"picked":"infinitespire:Execution","floor":20.0},{"not_picked":[],"picked":"Wild Strike","floor":21.0},{"not_picked":["Sword Boomerang"],"picked":"SKIP","floor":24.0},{"not_picked":["Entrench+1"],"picked":"SKIP","floor":25.0},{"not_picked":["Clash"],"picked":"SKIP","floor":29.0},{"not_picked":["Run Through+1"],"picked":"SKIP","floor":30.0},{"not_picked":["Run Through+1"],"picked":"SKIP","floor":30.0},{"not_picked":[],"picked":"Wild Strike","floor":31.0}],"player_experience":2104162,"relics_obtained":[{"floor":7.0,"key":"Garlic"},{"floor":9.0,"key":"Whetstone"},{"floor":10.0,"key":"Ring of Misfortune"},{"floor":12.0,"key":"Replay:Bandana"},{"floor":14.0,"key":"Omamori"},{"floor":22.0,"key":"Necronomicon"},{"floor":25.0,"key":"Bronze Scales"},{"floor":26.0,"key":"Darkstone Periapt"},{"floor":31.0,"key":"Blood Vial"},{"floor":32.0,"key":"Ice Cream"}],"event_choices":[{"damage_healed":0.0,"max_hp_gain":0.0,"max_hp_loss":0.0,"gold_gain":275.0,"event_name":"Golden Shrine","player_choice":"Desecrate","floor":3.0,"gold_loss":0.0,"damage_taken":0.0,"cards_obtained":["Regret"]},{"damage_healed":0.0,"max_hp_gain":0.0,"max_hp_loss":0.0,"gold_gain":0.0,"event_name":"The Woman in Blue","player_choice":"Bought 2 Potions","floor":5.0,"gold_loss":0.0,"damage_taken":0.0},{"damage_healed":0.0,"max_hp_gain":0.0,"max_hp_loss":0.0,"gold_gain":0.0,"event_name":"Cursed Tome","player_choice":"Obtained Book","floor":22.0,"gold_loss":0.0,"damage_taken":16.0}],"is_beta":false,"boss_relics":[{"not_picked":["Fusion Hammer","Tiny House"],"picked":"Busted Crown"}],"items_purged_floors":[11],"is_endless":false,"potions_floor_spawned":[4,13,14,16,18,21,30],"killed_by":"Pondfish","ascension_level":1}}