{"host":"khm4we1ijduz33xh","time":1610366555,"event":{"mods":["AchievementEnabler","BaseMod","Colored Map","Minty Spire (QoL Compilation)","Rare Cards Sparkle","StSLib","SuperFastMode"],"gold_per_floor":[119,135,135,150,150,161,161,190,241,241,156,166,142,162,162,265,265,283,298,348,364,100,100,100,100],"floor_reached":24,"playtime":992,"items_purged":["Strike_R","Rupture+1"],"score":245,"play_id":"8fe713eb-8664-425c-9083-e4d15c45663b","local_time":"20210111210235","is_ascension_mode":true,"campfire_choices":[{"data":"Bludgeon","floor":7.0,"key":"SMITH"},{"data":"Sentinel","floor":10.0,"key":"SMITH"},{"data":"Armaments","floor":15.0,"key":"SMITH"},{"data":"Seeing Red","floor":23,"key":"SMITH"}],"circlet_count":0,"master_deck":["Strike_R","Strike_R","Strike_R","Defend_R","Defend_R","Defend_R","Defend_R","Bash","Bludgeon+1","Burning Pact","Flame Barrier","Sentinel+1","Demon Form+1","Armaments+1","Rage","Double Tap","Heavy Blade+1","Seeing Red+1","Impervious"],"relics":["Burning Blood","Frozen Egg 2","Pen Nib","Toy Ornithopter","Mark of Pain"],"acts_visited":["Exordium","TheCity"],"potions_floor_usage":[19,24],"damage_taken":[{"damage":12.0,"enemies":"Jaw Worm","floor":1.0,"turns":2.0},{"damage":11.0,"enemies":"2 Louse","floor":2.0,"turns":3.0},{"damage":0.0,"enemies":"Small Slimes","floor":4.0,"turns":2.0},{"damage":9.0,"enemies":"Red Slaver","floor":6.0,"turns":3.0},{"damage":1.0,"enemies":"3 Sentries","floor":8.0,"turns":6.0},{"damage":18.0,"enemies":"3 Sentries","floor":11.0,"turns":7.0},{"damage":20.0,"enemies":"3 Louse","floor":12.0,"turns":5.0},{"damage":11.0,"enemies":"Looter","floor":14.0,"turns":3.0},{"damage":23.0,"enemies":"Hexaghost","floor":16.0,"turns":8.0},{"damage":19.0,"enemies":"Spheric Guardian","floor":18.0,"turns":5.0},{"damage":8,"enemies":"2 Thieves","floor":19,"turns":4},{"damage":55,"enemies":"Centurion and Healer","floor":21,"turns":8},{"damage":31,"enemies":"Snake Plant","floor":24,"turns":5}],"seed_played":"4271255434504225582","potions_obtained":[{"floor":2.0,"key":"Energy Potion"},{"floor":4.0,"key":"DuplicationPotion"},{"floor":6.0,"key":"DistilledChaos"},{"floor":8.0,"key":"Fire Potion"},{"floor":21,"key":"ColorlessPotion"}],"is_trial":false,"path_per_floor":["M","M","?","M","?","M","R","E","T","R","?","M","$","M","R","B",null,"M","M","?","M","$","R","M"],"character_chosen":"IRONCLAD","items_purchased":["Rupture+1","Armaments","Impervious"],"campfire_rested":0,"item_purchase_floors":[11,13,22],"current_hp_per_floor":[74,69,66,72,65,62,62,67,67,67,55,41,41,36,36,29,80,67,70,70,21,21,21,0,0],"gold":100,"neow_bonus":"ONE_RANDOM_RARE_CARD","is_daily":false,"chose_seed":false,"campfire_upgraded":4,"win_rate":0.0,"timestamp":1610366555,"path_taken":["M","M","?","M","?","M","R","E","T","R","?","M","$","M","R","BOSS","M","M","?","M","$","R","M"],"items_purchased_type":["Card","Card","Card"],"build_version":"2020-12-22","purchased_purges":2,"victory":false,"max_hp_per_floor":[80,80,80,80,80,80,80,80,80,80,80,80,80,80,80,80,80,80,80,80,80,80,80,80,80],"card_choices":[{"not_picked":["Anger","Thunderclap"],"picked":"Burning Pact","floor":1.0},{"not_picked":["Anger","Second Wind"],"picked":"Flame Barrier","floor":2.0},{"not_picked":["Cleave","Reckless Charge"],"picked":"Sentinel","floor":4.0},{"not_picked":["Havoc","Power Through","Rampage"],"picked":"SKIP","floor":6.0},{"not_picked":["Infernal Blade","Anger"],"picked":"Demon Form+1","floor":8.0},{"not_picked":["Rampage","Entrench","Clothesline"],"picked":"SKIP","floor":12.0},{"not_picked":["Reckless Charge","Anger"],"picked":"Rage","floor":14.0},{"not_picked":["Feed","Juggernaut+1"],"picked":"Double Tap","floor":16.0},{"not_picked":["Armaments","Anger"],"picked":"Heavy Blade+1","floor":18.0},{"not_picked":["Twin Strike","Iron Wave","Sword Boomerang+1"],"picked":"SKIP","floor":19},{"not_picked":["Twin Strike","Iron Wave","Sword Boomerang+1"],"picked":"SKIP","floor":19},{"not_picked":["Thunderclap","Body Slam"],"picked":"Seeing Red","floor":21}],"player_experience":190275,"relics_obtained":[{"floor":8.0,"key":"Pen Nib"},{"floor":9.0,"key":"Toy Ornithopter"}],"event_choices":[{"damage_healed":0.0,"max_hp_gain":0.0,"max_hp_loss":0.0,"gold_gain":0.0,"event_name":"Scrap Ooze","player_choice":"Success","floor":3.0,"gold_loss":0.0,"damage_taken":3.0,"relics_obtained":["Frozen Egg 2"]},{"cards_removed":["Strike_R"],"damage_healed":0.0,"max_hp_gain":0.0,"max_hp_loss":0.0,"gold_gain":0.0,"event_name":"Golden Wing","player_choice":"Card Removal","floor":5.0,"gold_loss":0.0,"damage_taken":7.0},{"damage_healed":0.0,"max_hp_gain":0.0,"max_hp_loss":0.0,"gold_gain":30.0,"event_name":"Dead Adventurer","player_choice":"Searched \u00272\u0027 times","floor":11.0,"gold_loss":0.0,"damage_taken":0.0},{"damage_healed":0,"gold_gain":100,"player_choice":"Bet on Murderer","damage_taken":0,"max_hp_gain":0,"max_hp_loss":0,"event_name":"The Joust","floor":20,"gold_loss":50}],"is_beta":false,"boss_relics":[{"not_picked":["Philosopher\u0027s Stone","Empty Cage"],"picked":"Mark of Pain"}],"items_purged_floors":[11,22],"is_endless":false,"potions_floor_spawned":[2,4,6,8,14,21],"killed_by":"Snake Plant","ascension_level":2}}