{"host":"yo9wwslrag05lh37","time":1610384120,"event":{"mods":["AchievementEnabler","BaseMod","Block Reminder","Colored Map","Colored Powertips","GifTheSpireLib","HexUI Lib","Highlight Path","Minty Spire (QoL Compilation)","Rare Cards Sparkle","Relic Stats","StSLib","everything is the same but u backflip on backflip"],"gold_per_floor":[118,134,153,153,37,37,66,66,90,90,90,124,124,157,157,241,241,261,176,176,195,38,38,77,77,77,114,140,140,170,45,45,128,128,153,153,163,163,2,2,43,55,55,79,79,404,404,404],"floor_reached":47,"playtime":2706,"items_purged":["Strike_G","Strike_G","Strike_G"],"score":1200,"play_id":"3c5dc0a9-e0f3-4429-bb31-8d8afb499d6e","local_time":"20210111175520","is_ascension_mode":true,"campfire_choices":[{"data":"Dash","floor":6.0,"key":"SMITH"},{"floor":11.0,"key":"REST"},{"data":"Crippling Poison","floor":13.0,"key":"SMITH"},{"data":"Caltrops","floor":15.0,"key":"SMITH"},{"data":"Wraith Form v2","floor":23.0,"key":"SMITH"},{"data":"Poisoned Stab","floor":25.0,"key":"SMITH"},{"data":"Footwork","floor":29.0,"key":"SMITH"},{"data":"Footwork","floor":32.0,"key":"SMITH"},{"data":"Night Terror","floor":40,"key":"SMITH"},{"floor":45,"key":"RECALL"},{"data":"Corpse Explosion","floor":47,"key":"SMITH"}],"circlet_count":0,"master_deck":["AscendersBane","Strike_G","Defend_G+1","Defend_G","Defend_G+1","Defend_G","Survivor","Dash+1","Crippling Poison+1","Caltrops+1","Wraith Form v2+1","PiercingWail","Venomology","Footwork+1","Deflect","Poisoned Stab+1","Leg Sweep","Footwork+1","Night Terror+1","Poisoned Stab+1","Corpse Explosion+1","PiercingWail"],"relics":["Ring of the Snake","War Paint","Regal Pillow","Bronze Scales","Toy Ornithopter","CeramicFish","Runic Pyramid","Juzu Bracelet","Anchor","Ninja Scroll","Blood Vial","Strawberry","Cursed Key","TwistedFunnel","Centennial Puzzle","Old Coin"],"acts_visited":["Exordium","TheCity","TheBeyond"],"potions_floor_usage":[33,33,35,35,35,46,46],"damage_taken":[{"damage":4.0,"enemies":"Jaw Worm","floor":1.0,"turns":6.0},{"damage":0.0,"enemies":"Cultist","floor":2.0,"turns":4.0},{"damage":1.0,"enemies":"Small Slimes","floor":3.0,"turns":4.0},{"damage":31.0,"enemies":"Gremlin Nob","floor":7.0,"turns":6.0},{"damage":28.0,"enemies":"3 Sentries","floor":12.0,"turns":11.0},{"damage":20.0,"enemies":"Gremlin Nob","floor":14.0,"turns":6.0},{"damage":0.0,"enemies":"Hexaghost","floor":16.0,"turns":10.0},{"damage":4.0,"enemies":"Spheric Guardian","floor":18.0,"turns":6.0},{"damage":0.0,"enemies":"3 Byrds","floor":21.0,"turns":2.0},{"damage":14.0,"enemies":"Slavers","floor":24.0,"turns":5.0},{"damage":0.0,"enemies":"Book of Stabbing","floor":27.0,"turns":5.0},{"damage":0.0,"enemies":"3 Cultists","floor":28.0,"turns":5.0},{"damage":19.0,"enemies":"Slavers","floor":30.0,"turns":7.0},{"damage":18,"enemies":"Champ","floor":33,"turns":24},{"damage":0,"enemies":"3 Shapes","floor":35,"turns":6},{"damage":2,"enemies":"3 Darklings","floor":37,"turns":5},{"damage":11,"enemies":"Giant Head","floor":41,"turns":14},{"damage":6,"enemies":"Sphere and 2 Shapes","floor":42,"turns":4},{"damage":2,"enemies":"Writhing Mass","floor":44,"turns":6},{"damage":0,"enemies":"Mind Bloom Boss Battle","floor":46,"turns":10}],"seed_played":"6767716095944767527","potions_obtained":[{"floor":7.0,"key":"ColorlessPotion"},{"floor":14.0,"key":"Weak Potion"},{"floor":16.0,"key":"Swift Potion"},{"floor":24.0,"key":"Dexterity Potion"},{"floor":33,"key":"EntropicBrew"}],"is_trial":false,"path_per_floor":["M","M","M","?","$","R","E","?","T","?","R","E","R","E","R","B",null,"M","?","?","M","$","R","E","R","T","E","M","R","E","$","R","B",null,"M","?","M","?","$","R","E","M","T","M","R","?","R"],"character_chosen":"THE_SILENT","items_purchased":["Caltrops","PowerPotion","TwistedFunnel"],"campfire_rested":1,"item_purchase_floors":[5,22,39],"current_hp_per_floor":[55,55,54,54,54,54,23,16,16,16,50,22,22,2,2,7,51,52,52,52,52,52,52,43,43,43,43,50,50,45,45,45,39,65,73,69,67,67,67,67,58,54,54,54,54,66,66,66],"gold":404,"neow_bonus":"RANDOM_COMMON_RELIC","is_daily":false,"chose_seed":false,"campfire_upgraded":9,"win_rate":0.0,"timestamp":1610384120,"path_taken":["M","M","M","?","?","R","E","?","T","?","R","E","R","E","R","BOSS","M","?","?","M","?","R","E","R","T","E","M","R","E","$","R","BOSS","M","?","M","?","?","R","E","M","T","M","R","?","R"],"items_purchased_type":["Card","Potion","Relic"],"build_version":"2020-12-22","purchased_purges":3,"victory":false,"max_hp_per_floor":[66,66,66,66,66,66,66,66,66,66,66,66,66,66,66,66,66,66,66,66,66,66,66,66,66,66,66,66,66,73,73,73,73,73,73,69,69,69,69,69,69,69,69,69,69,69,69,69],"relic_stats":{"Blood Vial":16,"Regal Pillow":15,"Centennial Puzzle":[6],"counters":[20,146],"Bronze Scales":[444],"CeramicFish":90,"Juzu Bracelet":0,"War Paint":["Defend_G","Defend_G"],"Cursed Key":0,"obtain_stats":[{"TwistedFunnel":39,"Regal Pillow":7,"CeramicFish":14,"Juzu Bracelet":19,"War Paint":0,"Cursed Key":34,"Old Coin":46,"Blood Vial":27,"Anchor":24,"Centennial Puzzle":41,"Ninja Scroll":26,"Bronze Scales":9,"Strawberry":30,"Toy Ornithopter":12,"Ring of the Snake":0,"Runic Pyramid":17},{"TwistedFunnel":16,"Regal Pillow":4,"CeramicFish":6,"Juzu Bracelet":8,"War Paint":0,"Cursed Key":14,"Old Coin":20,"Blood Vial":11,"Anchor":10,"Centennial Puzzle":17,"Ninja Scroll":10,"Bronze Scales":4,"Strawberry":13,"Toy Ornithopter":5,"Ring of the Snake":0,"Runic Pyramid":7},{"TwistedFunnel":112,"Regal Pillow":20,"CeramicFish":37,"Juzu Bracelet":53,"War Paint":0,"Cursed Key":101,"Old Coin":146,"Blood Vial":65,"Anchor":60,"Centennial Puzzle":126,"Ninja Scroll":60,"Bronze Scales":20,"Strawberry":77,"Toy Ornithopter":31,"Ring of the Snake":0,"Runic Pyramid":47}],"Toy Ornithopter":51,"Ring of the Snake":[40]},"card_choices":[{"not_picked":["Underhanded Strike","Cloak And Dagger"],"picked":"Dash","floor":1.0},{"not_picked":["PiercingWail","Backflip"],"picked":"Crippling Poison","floor":2.0},{"not_picked":["Outmaneuver","Acrobatics","Bane"],"picked":"SKIP","floor":3.0},{"not_picked":["Outmaneuver","Quick Slash"],"picked":"Wraith Form v2","floor":7.0},{"not_picked":["Sucker Punch","Deflect"],"picked":"PiercingWail","floor":12.0},{"not_picked":["A Thousand Cuts","Slice","Grand Finale"],"picked":"SKIP","floor":14.0},{"not_picked":["A Thousand Cuts","Grand Finale"],"picked":"Venomology","floor":16.0},{"not_picked":["Calculated Gamble","Dagger Throw"],"picked":"Footwork","floor":18.0},{"not_picked":["Bane","Cloak And Dagger"],"picked":"Deflect","floor":21.0},{"not_picked":["Malaise","Dagger Spray"],"picked":"Poisoned Stab","floor":24.0},{"not_picked":["A Thousand Cuts","Endless Agony"],"picked":"Leg Sweep","floor":27.0},{"not_picked":["Dagger Throw","Backflip"],"picked":"Footwork","floor":28.0},{"not_picked":["Deflect","Flying Knee","Blade Dance"],"picked":"SKIP","floor":30.0},{"not_picked":["Doppelganger","Wraith Form v2"],"picked":"Night Terror","floor":33},{"not_picked":["Underhanded Strike","Dagger Throw"],"picked":"Poisoned Stab+1","floor":35},{"not_picked":["Leg Sweep","Accuracy+1","Skewer"],"picked":"SKIP","floor":37},{"not_picked":["Endless Agony","Well Laid Plans"],"picked":"Corpse Explosion","floor":41},{"not_picked":["Deadly Poison","Quick Slash","Backflip"],"picked":"SKIP","floor":42},{"not_picked":["Acrobatics","Bane"],"picked":"PiercingWail","floor":44}],"player_experience":1488378,"relics_obtained":[{"floor":7.0,"key":"Regal Pillow"},{"floor":9.0,"key":"Bronze Scales"},{"floor":12.0,"key":"Toy Ornithopter"},{"floor":14.0,"key":"CeramicFish"},{"floor":24.0,"key":"Anchor"},{"floor":26.0,"key":"Ninja Scroll"},{"floor":27.0,"key":"Blood Vial"},{"floor":30.0,"key":"Strawberry"},{"floor":41,"key":"Centennial Puzzle"},{"floor":46,"key":"Old Coin"}],"event_choices":[{"cards_removed":["Defend_G"],"damage_healed":0.0,"max_hp_gain":0.0,"max_hp_loss":0.0,"gold_gain":0.0,"event_name":"Bonfire Elementals","player_choice":"Offered Basic","floor":4.0,"gold_loss":0.0,"damage_taken":0.0},{"cards_removed":["Strike_G"],"damage_healed":0.0,"max_hp_gain":0.0,"max_hp_loss":0.0,"gold_gain":0.0,"event_name":"Golden Wing","player_choice":"Card Removal","floor":8.0,"gold_loss":0.0,"damage_taken":7.0},{"damage_healed":0.0,"max_hp_gain":0.0,"max_hp_loss":0.0,"gold_gain":0.0,"event_name":"Scrap Ooze","player_choice":"Fled","floor":10.0,"gold_loss":0.0,"damage_taken":0.0},{"damage_healed":0.0,"max_hp_gain":0.0,"max_hp_loss":0.0,"gold_gain":0.0,"event_name":"Addict","player_choice":"Obtained Relic","floor":19.0,"gold_loss":85.0,"damage_taken":0.0,"relics_obtained":["Juzu Bracelet"]},{"damage_healed":0.0,"max_hp_gain":0.0,"max_hp_loss":0.0,"gold_gain":0.0,"event_name":"The Mausoleum","player_choice":"Ignored","floor":20.0,"gold_loss":0.0,"damage_taken":0.0},{"damage_healed":0,"gold_gain":0,"player_choice":"Max HP","damage_taken":0,"max_hp_gain":0,"max_hp_loss":4,"event_name":"Winding Halls","floor":36,"gold_loss":0},{"cards_removed":["Neutralize"],"damage_healed":0,"gold_gain":0,"player_choice":"Removed Attack","damage_taken":0,"max_hp_gain":0,"max_hp_loss":0,"event_name":"Falling","floor":38,"gold_loss":0},{"damage_healed":0,"gold_gain":0,"player_choice":"Fight","damage_taken":0,"max_hp_gain":0,"max_hp_loss":0,"event_name":"MindBloom","floor":46,"gold_loss":0}],"is_beta":false,"boss_relics":[{"not_picked":["HoveringKite","Velvet Choker"],"picked":"Runic Pyramid"},{"not_picked":["Fusion Hammer","SlaversCollar"],"picked":"Cursed Key"}],"items_purged_floors":[5,22,31],"is_endless":false,"potions_floor_spawned":[7,14,16,24,28,33,37,42],"ascension_level":20}}