{"host":"fmtvje4mks8zli8e","time":1610333405,"event":{"mods":["AchievementEnabler","AlwaysNeverKeys","BaseMod","BetterRewards","Minty Spire (QoL Compilation)","READ ME - Guardian Mod","Remove Card Discount Mod","StSLib","The Cursed","The Druid","The Servant 0.9.4","The Wild Card"],"gold_per_floor":[110,110,129,129,140,173,173,199,199,199,474,492,492,492,492,592,592,611,17,17,33,33,61,61,86,162,162,197,216,244,556,568,676,688,710,722,783,795,507,540,553,583,661,93,123,173,173,189,189,189,189,189,37,71,71],"floor_reached":56,"playtime":2290,"items_purged":["Regret","Strike_R","Strike_R","Iron Wave","TheCursedMod:Dregs"],"score":2087,"play_id":"526d2d85-9922-48c0-aa6f-7e649a292796","local_time":"20210110205005","is_ascension_mode":true,"campfire_choices":[{"floor":7,"key":"DIG"},{"floor":10,"key":"DIG"},{"floor":15,"key":"DIG"},{"floor":24,"key":"DIG"},{"floor":27,"key":"DIG"},{"floor":32,"key":"DIG"},{"floor":49,"key":"DIG"},{"floor":52,"key":"DIG"}],"circlet_count":0,"master_deck":["Strike_R+1","Strike_R+1","Strike_R+1","Defend_R+1","Defend_R+1","Defend_R+1","Defend_R+1","Bash","Armaments+1","Anger","Thunderclap","Inflame","Offering","Metallicize","Anger","Anger","Clash","Rage+1","Limit Break","Demon Form","Blind"],"relics":["Burning Blood","Lee\u0027s Waffle","Nunchaku","Tiny Chest","Juzu Bracelet","ClockworkSouvenir","Shovel","Bronze Scales","Bag of Marbles","TheAbacus","InkBottle","Unceasing Top","Vajra","Charon\u0027s Ashes","Paper Frog","HornCleat","Smiling Mask","Coffee Dripper","Lantern","Incense Burner","Toy Ornithopter","Akabeko","Bag of Preparation","Singing Bowl","Omamori","PreservedInsect","MawBank","Old Coin","Blood Vial","Cursed Key","Calipers","TungstenRod","Art of War","Strawberry","Pear","Red Skull","Question Card","Sling","Regal Pillow","Blue Candle","Bottled Flame","Torii","Pen Nib","Shuriken","Frozen Eye","Gremlin Horn"],"acts_visited":["Exordium","TheCity","TheBeyond","TheEnding"],"potions_floor_usage":[55,55],"damage_taken":[{"damage":0.0,"enemies":"Small Slimes","floor":1.0,"turns":3.0},{"damage":0,"enemies":"Cultist","floor":3,"turns":3},{"damage":2,"enemies":"Jaw Worm","floor":5,"turns":3},{"damage":23,"enemies":"Gremlin Nob","floor":6,"turns":3},{"damage":7,"enemies":"3 Sentries","floor":8,"turns":7},{"damage":4,"enemies":"Exordium Thugs","floor":12,"turns":4},{"damage":40,"enemies":"Slime Boss","floor":16,"turns":7},{"damage":2,"enemies":"Chosen","floor":18,"turns":3},{"damage":6,"enemies":"2 Thieves","floor":21,"turns":2},{"damage":6,"enemies":"Gremlin Leader","floor":23,"turns":3},{"damage":1,"enemies":"Book of Stabbing","floor":28,"turns":2},{"damage":6,"enemies":"Cultist and Chosen","floor":29,"turns":1},{"damage":0,"enemies":"Gremlin Leader","floor":30,"turns":2},{"damage":8,"enemies":"Champ","floor":33,"turns":6},{"damage":6,"enemies":"3 Shapes","floor":35,"turns":1},{"damage":6,"enemies":"2 Orb Walkers","floor":37,"turns":2},{"damage":0,"enemies":"Nemesis","floor":40,"turns":3},{"damage":0,"enemies":"3 Darklings","floor":41,"turns":2},{"damage":5,"enemies":"Reptomancer","floor":42,"turns":2},{"damage":5,"enemies":"Giant Head","floor":45,"turns":3},{"damage":16,"enemies":"Mind Bloom Boss Battle","floor":46,"turns":3},{"damage":5,"enemies":"Maw","floor":48,"turns":4},{"damage":5,"enemies":"Donu and Deca","floor":50,"turns":6},{"damage":5,"enemies":"Shield and Spear","floor":54,"turns":2},{"damage":56,"enemies":"The Heart","floor":55,"turns":7}],"seed_played":"-6561027573326447911","potions_obtained":[{"floor":5,"key":"SpeedPotion"},{"floor":12,"key":"Explosive Potion"},{"floor":18,"key":"LiquidBronze"},{"floor":23,"key":"Ancient Potion"},{"floor":35,"key":"LiquidMemories"}],"is_trial":false,"path_per_floor":["M","?","M","?","M","E","R","E","T","R","?","M","T","?","R","B",null,"M","$","?","M","?","E","R","T","T","R","E","M","E","?","R","B",null,"M","?","?","T","$","E","M","E","T","$","E","?","?","M","R","B",null,"R","$","E","B",null],"character_chosen":"IRONCLAD","items_purchased":["Lee\u0027s Waffle","Nunchaku","Tiny Chest","Armaments","Juzu Bracelet","ClockworkSouvenir","Shovel","Bronze Scales","Bag of Marbles","TheAbacus","Lantern","Incense Burner","Metallicize","Anger","Art of War","Strawberry","Sling","Regal Pillow","Blue Candle","Frozen Eye"],"campfire_rested":0,"item_purchase_floors":[0,0,0,0,0,0,0,0,0,0,19,19,19,19,39,39,44,44,44,53],"current_hp_per_floor":[87,87,87,75,79,62,62,61,61,61,61,63,63,63,63,29,87,87,87,87,87,87,87,87,87,87,87,89,89,91,91,91,91,93,95,95,97,97,104,114,116,116,116,116,118,110,110,115,115,118,122,122,122,124,84],"gold":71,"neow_bonus":"","is_daily":false,"chose_seed":false,"campfire_upgraded":0,"win_rate":0.0,"timestamp":1610333405,"path_taken":["M","?","M","?","M","E","R","E","T","R","?","M","?","?","R","BOSS","M","$","?","M","?","E","R","?","T","R","E","M","E","?","R","BOSS","M","?","?","?","$","E","M","E","T","$","E","?","?","M","R","BOSS","R","$","E","BOSS"],"items_purchased_type":["Relic","Relic","Relic","Card","Relic","Relic","Relic","Relic","Relic","Relic","Relic","Relic","Card","Card","Relic","Relic","Relic","Relic","Relic","Relic"],"build_version":"2020-12-22","purchased_purges":5,"victory":true,"max_hp_per_floor":[87,87,87,87,87,87,87,87,87,87,87,87,87,87,87,87,87,87,87,87,87,87,87,87,87,87,87,89,89,91,91,91,93,93,95,95,97,97,104,114,116,116,116,116,118,120,120,122,122,122,122,122,122,124,124],"card_choices":[{"not_picked":["Twin Strike","Heavy Blade"],"picked":"Flame Barrier","floor":1.0},{"not_picked":["Warcry","Clash"],"picked":"Anger","floor":3},{"not_picked":["Perfected Strike","Clothesline","Warcry"],"picked":"SKIP","floor":5},{"not_picked":["True Grit","Wild Strike"],"picked":"Thunderclap","floor":6},{"not_picked":["Sentinel","Perfected Strike"],"picked":"Inflame","floor":8},{"not_picked":["Clash","Pommel Strike","Armaments"],"picked":"SKIP","floor":12},{"not_picked":["Fiend Fire","Brutality"],"picked":"Offering","floor":16},{"not_picked":["Hemokinesis","Wild Strike"],"picked":"Iron Wave","floor":18},{"not_picked":["Ghostly Armor+1","Armaments","Feel No Pain"],"picked":"SKIP","floor":21},{"not_picked":["Infernal Blade","Armaments"],"picked":"Clash","floor":23},{"not_picked":["Impervious","Body Slam","Thunderclap"],"picked":"Singing Bowl","floor":28},{"not_picked":["Headbutt+1","Heavy Blade"],"picked":"Rage+1","floor":29},{"not_picked":["Infernal Blade","Rupture","Sword Boomerang"],"picked":"Singing Bowl","floor":30},{"not_picked":["Corruption","Double Tap","Impervious"],"picked":"Singing Bowl","floor":33},{"not_picked":["Body Slam","Twin Strike","Pommel Strike+1"],"picked":"Singing Bowl","floor":35},{"not_picked":["Warcry","Dark Embrace","Heavy Blade"],"picked":"Singing Bowl","floor":37},{"not_picked":["Rage","Juggernaut"],"picked":"Limit Break","floor":40},{"not_picked":["Armaments","Burning Pact","Battle Trance+1"],"picked":"Singing Bowl","floor":41},{"not_picked":["Sword Boomerang","Dark Embrace+1"],"picked":"Demon Form","floor":42},{"not_picked":["Fire Breathing+1","Reaper","Wild Strike+1","True Grit+1"],"picked":"Singing Bowl","floor":45},{"not_picked":["Whirlwind+1","Rampage+1","Rage+1","Sword Boomerang+1"],"picked":"Singing Bowl","floor":46},{"not_picked":["Dramatic Entrance","Forethought","Jack Of All Trades"],"picked":"Blind","floor":47},{"not_picked":["Body Slam+1","Pommel Strike+1","Havoc+1","Clothesline+1"],"picked":"Singing Bowl","floor":48},{"not_picked":["Flame Barrier+1","Rampage","Ghostly Armor","Infernal Blade+1"],"picked":"Singing Bowl","floor":54}],"player_experience":3054477,"relics_obtained":[{"floor":7,"key":"Unceasing Top"},{"floor":8,"key":"Vajra"},{"floor":9,"key":"Charon\u0027s Ashes"},{"floor":10,"key":"Paper Frog"},{"floor":13,"key":"HornCleat"},{"floor":15,"key":"Smiling Mask"},{"floor":23,"key":"Toy Ornithopter"},{"floor":24,"key":"Akabeko"},{"floor":25,"key":"Bag of Preparation"},{"floor":26,"key":"Singing Bowl"},{"floor":27,"key":"Omamori"},{"floor":28,"key":"PreservedInsect"},{"floor":30,"key":"MawBank"},{"floor":32,"key":"Blood Vial"},{"floor":37,"key":"Calipers"},{"floor":38,"key":"TungstenRod"},{"floor":40,"key":"Pear"},{"floor":42,"key":"Red Skull"},{"floor":43,"key":"Question Card"},{"floor":45,"key":"Bottled Flame"},{"floor":46,"key":"Torii"},{"floor":49,"key":"Pen Nib"},{"floor":52,"key":"Shuriken"},{"floor":54,"key":"Gremlin Horn"}],"event_choices":[{"damage_healed":0,"gold_gain":0,"player_choice":"Ignored","damage_taken":0,"max_hp_gain":0,"max_hp_loss":0,"event_name":"Transmorgrifier","floor":2,"gold_loss":0},{"damage_healed":0,"gold_gain":0,"player_choice":"Success","damage_taken":12,"relics_obtained":["InkBottle"],"max_hp_gain":0,"max_hp_loss":0,"event_name":"Scrap Ooze","floor":4,"gold_loss":0},{"damage_healed":0,"gold_gain":275,"player_choice":"Desecrate","damage_taken":0,"max_hp_gain":0,"max_hp_loss":0,"event_name":"Golden Shrine","floor":11,"gold_loss":0,"cards_obtained":["Regret"]},{"damage_healed":0,"gold_gain":0,"player_choice":"Grow","damage_taken":0,"max_hp_gain":0,"max_hp_loss":0,"event_name":"Living Wall","floor":14,"gold_loss":0,"cards_upgraded":["Armaments"]},{"damage_healed":0,"gold_gain":0,"player_choice":"Read","damage_taken":0,"max_hp_gain":0,"max_hp_loss":0,"event_name":"The Library","floor":20,"gold_loss":0,"cards_obtained":["Anger"]},{"damage_healed":0,"gold_gain":0,"player_choice":"Simplicity","damage_taken":0,"max_hp_gain":0,"max_hp_loss":0,"event_name":"Back to Basics","floor":22,"gold_loss":0,"cards_upgraded":["Strike_R","Strike_R","Strike_R","Defend_R","Defend_R","Defend_R","Defend_R"]},{"damage_healed":0,"gold_gain":0,"player_choice":"Opened","damage_taken":0,"relics_obtained":["Old Coin"],"max_hp_gain":0,"max_hp_loss":0,"event_name":"The Mausoleum","floor":31,"gold_loss":0,"cards_obtained":["Writhe"]},{"cards_removed":["Flame Barrier"],"damage_healed":0,"gold_gain":0,"player_choice":"Removed Skill","damage_taken":0,"max_hp_gain":0,"max_hp_loss":0,"event_name":"Falling","floor":36,"gold_loss":0},{"damage_healed":0,"gold_gain":0,"player_choice":"Fight","damage_taken":0,"max_hp_gain":0,"max_hp_loss":0,"event_name":"Mysterious Sphere","floor":37,"gold_loss":0},{"damage_healed":0,"gold_gain":0,"player_choice":"Fight","damage_taken":0,"max_hp_gain":0,"max_hp_loss":0,"event_name":"MindBloom","floor":46,"gold_loss":0},{"damage_healed":0,"gold_gain":0,"player_choice":"Memory 1","damage_taken":0,"max_hp_gain":0,"max_hp_loss":0,"event_name":"SensoryStone","floor":47,"gold_loss":0}],"is_beta":false,"boss_relics":[{"not_picked":["Pandora\u0027s Box","SacredBark"],"picked":"Coffee Dripper"},{"not_picked":["Mark of Pain","Snecko Eye"],"picked":"Cursed Key"}],"items_purged_floors":[19,19,19,39,44],"is_endless":false,"potions_floor_spawned":[5,12,18,23,30,35,37,40,46],"ascension_level":3}}