{"host":"cv77zuuuekizn3ic","time":1610354633,"event":{"mods":["AchievementEnabler","BaseMod","Marisa£®ÏF”Í°°ƒß¿Ì…≥£©","Minty Spire (QoL Compilation)","StSLib","Waifu the Spire","everything is the same but u backflip on backflip","slay the spire mod where everything is the same but ironclad has a cowboy hat"],"gold_per_floor":[119,132,143,143,158,158,158,158],"floor_reached":7,"playtime":308,"items_purged":[],"score":86,"play_id":"d1da31c5-4f30-4edd-b5e3-00764fc37eda","local_time":"20210111164353","is_ascension_mode":true,"campfire_choices":[{"floor":6,"key":"REST"}],"circlet_count":0,"master_deck":["AscendersBane","Strike_R","Strike_R","Strike_R+1","Defend_R","Defend_R","Defend_R","Defend_R","Bash+1","Rampage","Dropkick","Disarm","Second Wind"],"relics":["Empty Cage"],"acts_visited":["Exordium"],"potions_floor_usage":[],"damage_taken":[{"damage":13,"enemies":"Cultist","floor":1,"turns":5},{"damage":1,"enemies":"Small Slimes","floor":2,"turns":4},{"damage":8,"enemies":"2 Louse","floor":3,"turns":3},{"damage":10,"enemies":"Gremlin Gang","floor":5,"turns":6},{"damage":40,"enemies":"3 Sentries","floor":7,"turns":9}],"seed_played":"-5312527998231300475","potions_obtained":[{"floor":1,"key":"SteroidPotion"},{"floor":3,"key":"EssenceOfSteel"},{"floor":5,"key":"FearPotion"}],"is_trial":false,"path_per_floor":["M","M","M","?","M","R","E"],"character_chosen":"IRONCLAD","items_purchased":[],"campfire_rested":1,"item_purchase_floors":[],"current_hp_per_floor":[55,54,46,23,13,35,0,0],"gold":158,"neow_bonus":"BOSS_RELIC","is_daily":false,"chose_seed":false,"campfire_upgraded":0,"win_rate":0.0,"timestamp":1610354633,"path_taken":["M","M","M","?","M","R","E"],"items_purchased_type":[],"build_version":"2020-12-22","purchased_purges":0,"victory":false,"max_hp_per_floor":[75,75,75,75,75,75,75,75],"card_choices":[{"not_picked":["Flame Barrier","Clash"],"picked":"Rampage","floor":1},{"not_picked":["Bloodletting","Clash"],"picked":"Dropkick","floor":2},{"not_picked":["Infernal Blade","Clothesline"],"picked":"Disarm","floor":3},{"not_picked":["Shrug It Off","Heavy Blade"],"picked":"Second Wind","floor":5}],"player_experience":862140,"relics_obtained":[],"event_choices":[{"damage_healed":0,"gold_gain":0,"player_choice":"Entered Light","damage_taken":23,"max_hp_gain":0,"max_hp_loss":0,"event_name":"Shining Light","floor":4,"gold_loss":0,"cards_upgraded":["Bash","Strike_R"]}],"is_beta":false,"boss_relics":[],"items_purged_floors":[],"is_endless":false,"potions_floor_spawned":[1,3,5],"killed_by":"3 Sentries","ascension_level":20}}