{"host":"337p6miwxbqfki03","time":1610400041,"event":{"mods":["BaseMod","Better Third Choice","Colored Map","Conspire","Downfall","Hubris","Minty Spire (QoL Compilation)","Replay The Spire","Somnambulant","StSLib","The Cursed","The Hierophant","Unceasing Turn Reminder"],"gold_per_floor":[115,115,125,146,146,177,177,196,196,222,222,222,252,252,252,344,344,413,504,559,49,49,49,49],"floor_reached":23,"playtime":1187,"items_purged":[],"score":182,"play_id":"0b2c2443-9665-42a0-a1b8-7c500120c43a","local_time":"20210111152041","is_ascension_mode":false,"campfire_choices":[{"floor":7,"key":"REST"},{"floor":12,"key":"REST"},{"floor":15,"key":"REST"}],"circlet_count":0,"master_deck":["hierophant:Strike_Hierophant","hierophant:Strike_Hierophant","hierophant:Strike_Hierophant","hierophant:Strike_Hierophant","hierophant:Punish","hierophant:Defend_Hierophant","hierophant:Defend_Hierophant","hierophant:Defend_Hierophant","hierophant:Defend_Hierophant","hierophant:ChurchCoffers","hierophant:OrnateJavelin+1","hierophant:Encroach","hierophant:HolyVerse","hierophant:Martyrdom","hierophant:FieryStrike","hierophant:Invocation","hierophant:Purify","hierophant:HolyVerse+1","hierophant:TollTheBells","hierophant:LocustPlague","hierophant:BulkyChest","hierophant:OrnateBuckler","hierophant:HolyVerse+1","hierophant:Anathema","hierophant:Smite","Decay"],"relics":["hubris:TerracottaHorce","hubris:PeanutButter","hubris:Metronome","Dream Catcher","hubris:64BitClover","Honey Jar","Replay:Wax Seal","Mango","hubris:SlimyHat","Eternal Feather"],"acts_visited":["Exordium","TheCity"],"potions_floor_usage":[16,19],"damage_taken":[{"damage":2,"enemies":"Jaw Worm","floor":1,"turns":4},{"damage":0,"enemies":"conspire:RoseBush","floor":3,"turns":2},{"damage":0,"enemies":"Small Slimes","floor":4,"turns":4},{"damage":24,"enemies":"Replay:BlueRogue","floor":6,"turns":5},{"damage":0,"enemies":"2 Fungi Beasts","floor":8,"turns":3},{"damage":12,"enemies":"Lagavulin","floor":10,"turns":5},{"damage":17,"enemies":"Gremlin Nob","floor":13,"turns":4},{"damage":6,"enemies":"Slime Boss","floor":16,"turns":8},{"damage":6,"enemies":"Shell Parasite","floor":18,"turns":2},{"damage":45,"enemies":"conspire:MimicChest","floor":19,"turns":7},{"damage":8,"enemies":"2 Thieves","floor":20,"turns":3},{"damage":35,"enemies":"Slavers","floor":23,"turns":2}],"seed_played":"6495061517660566171","potions_obtained":[{"floor":6,"key":"Dexterity Potion"},{"floor":13,"key":"ColorlessPotion"},{"floor":16,"key":"FearPotion"},{"floor":18,"key":"Adrenaline Potion"}],"is_trial":false,"path_per_floor":["M","?","M","M","?","E","R","M","T","E","?","R","E","?","R","B",null,"M","?","M","$","?","E"],"character_chosen":"HIEROPHANT","items_purchased":["Mango","hubris:SlimyHat","hierophant:Smite"],"campfire_rested":3,"item_purchase_floors":[21,21,21],"current_hp_per_floor":[73,73,73,73,73,49,71,71,71,59,64,80,63,63,80,74,79,73,28,20,34,34,0,0],"gold":49,"neow_bonus":"BOSS_RELIC","is_daily":false,"chose_seed":false,"campfire_upgraded":0,"win_rate":0.0,"timestamp":1610400041,"path_taken":["M","?","M","M","?","E","R","M","T","E","?","R","E","?","R","BOSS","M","?","M","$","?","E"],"items_purchased_type":["Relic","Relic","Card"],"build_version":"2020-12-22","purchased_purges":0,"victory":false,"max_hp_per_floor":[75,75,75,75,75,75,75,75,75,75,80,80,80,80,80,80,80,80,80,80,94,94,94,94],"card_choices":[{"not_picked":["hierophant:Smite","hierophant:HammerAndAnvil"],"picked":"hierophant:OrnateJavelin","floor":1},{"not_picked":["hierophant:AuricShield","hierophant:Shelter"],"picked":"hierophant:Encroach","floor":3},{"not_picked":["hierophant:Shelter","hierophant:HammerAndAnvil"],"picked":"hierophant:HolyVerse","floor":4},{"not_picked":["hierophant:Alms","hierophant:PassingBell"],"picked":"hierophant:FieryStrike","floor":6},{"not_picked":["hierophant:DisplayOfPower","hierophant:Blessing"],"picked":"hierophant:Invocation","floor":8},{"not_picked":["hierophant:Patience","hierophant:MirrorShield"],"picked":"hierophant:Purify","floor":10},{"not_picked":["hierophant:AuricBeam","hierophant:Sermon"],"picked":"hierophant:HolyVerse","floor":12},{"not_picked":["hierophant:AuricBeam","hierophant:MorningPrayer"],"picked":"hierophant:TollTheBells","floor":13},{"not_picked":["hierophant:Remorse","hierophant:CoinFling"],"picked":"hierophant:LocustPlague","floor":15},{"not_picked":["hierophant:Anathema","hierophant:Generosity"],"picked":"hierophant:BulkyChest","floor":16},{"not_picked":["hierophant:Flagellation","hierophant:HolyVerse+1","hierophant:FieryStrike"],"picked":"hierophant:OrnateBuckler","floor":18},{"not_picked":["hierophant:Endure","hierophant:Purify","hierophant:RecallFunds"],"picked":"hierophant:HolyVerse+1","floor":19},{"not_picked":["hierophant:Shelter","hierophant:Encroach","hierophant:CursedGold"],"picked":"hierophant:Anathema","floor":20}],"player_experience":267278,"relics_obtained":[{"floor":6,"key":"hubris:PeanutButter"},{"floor":9,"key":"hubris:Metronome"},{"floor":10,"key":"Dream Catcher"},{"floor":13,"key":"hubris:64BitClover"},{"floor":19,"key":"Replay:Wax Seal"}],"event_choices":[{"damage_healed":0,"gold_gain":0,"player_choice":"Grow","damage_taken":0,"max_hp_gain":0,"max_hp_loss":0,"event_name":"Living Wall","floor":2,"gold_loss":0,"cards_upgraded":["hierophant:OrnateJavelin"]},{"damage_healed":0,"gold_gain":0,"player_choice":"Donut","damage_taken":0,"max_hp_gain":5,"max_hp_loss":0,"event_name":"Big Fish","floor":11,"gold_loss":0}],"is_beta":false,"boss_relics":[{"not_picked":["Ring of Chaos","Velvet Choker"],"picked":"Honey Jar"}],"items_purged_floors":[],"is_endless":false,"potions_floor_spawned":[6,13,16,18],"killed_by":"Slavers","ascension_level":0}}