{"host":"oy4pyvr762z5n0bb","time":1610355890,"event":{"mods":["AchievementEnabler","BaseMod","Colored Map","Colored Powertips","Googly Eyes","Key Reminder","Minty Spire (QoL Compilation)","Quick Restart","Relic Sorter","Slay the Relics Exporter","StSLib","SuperFastMode","Unceasing Turn Reminder","slay the spire mod where everything is the same but ironclad has a cowboy hat"],"gold_per_floor":[117,117,132,151,116,116,116,150,150,150,165,178,34,61,61,161,161,175,102,120,136,149,71,85,85,85,85,98,98,98],"floor_reached":29,"playtime":839,"items_purged":["Strike_P"],"score":313,"play_id":"091ffb21-9d14-4313-8ce0-7e6f58950ca0","local_time":"20210111010450","is_ascension_mode":true,"campfire_choices":[{"data":"BattleHymn","floor":7,"key":"SMITH"},{"floor":15,"key":"REST"},{"data":"Fasting2","floor":25,"key":"SMITH"},{"data":"LikeWater","floor":27,"key":"SMITH"}],"circlet_count":0,"master_deck":["Strike_P","Strike_P","Strike_P","Defend_P","Defend_P","Defend_P","Defend_P","Eruption+1","Vigilance","JustLucky","BattleHymn+1","Consecrate","ThirdEye","DeceiveReality","EmptyFist","WindmillStrike","LikeWater+1","DevaForm","Fasting2+1","FlyingSleeves","Sanctity+1","Ragnarok","CutThroughFate"],"relics":["PureWater","Nunchaku","Incense Burner","TungstenRod","Mercury Hourglass","Mango","Coffee Dripper","Smiling Mask"],"acts_visited":["Exordium","TheCity"],"potions_floor_usage":[6,14,14,20,22,29,29],"damage_taken":[{"damage":0,"enemies":"Cultist","floor":1,"turns":2},{"damage":14,"enemies":"Small Slimes","floor":3,"turns":3},{"damage":0,"enemies":"Jaw Worm","floor":4,"turns":2},{"damage":0,"enemies":"Lagavulin","floor":6,"turns":4},{"damage":43,"enemies":"Gremlin Nob","floor":8,"turns":5},{"damage":8,"enemies":"Gremlin Gang","floor":11,"turns":3},{"damage":1,"enemies":"Red Slaver","floor":12,"turns":3},{"damage":0,"enemies":"Lagavulin","floor":14,"turns":4},{"damage":11,"enemies":"The Guardian","floor":16,"turns":13},{"damage":1,"enemies":"3 Byrds","floor":18,"turns":5},{"damage":5,"enemies":"Shell Parasite","floor":20,"turns":5},{"damage":29,"enemies":"Chosen and Byrds","floor":21,"turns":8},{"damage":11,"enemies":"Cultist and Chosen","floor":22,"turns":4},{"damage":4,"enemies":"Snecko","floor":24,"turns":3},{"damage":8,"enemies":"Sentry and Sphere","floor":28,"turns":5},{"damage":32,"enemies":"Gremlin Leader","floor":29,"turns":4}],"seed_played":"5721848640856160084","potions_obtained":[{"floor":3,"key":"SmokeBomb"},{"floor":11,"key":"ColorlessPotion"},{"floor":12,"key":"Dexterity Potion"},{"floor":14,"key":"SkillPotion"},{"floor":16,"key":"Dexterity Potion"},{"floor":21,"key":"ColorlessPotion"},{"floor":24,"key":"Strength Potion"},{"floor":28,"key":"BlessingOfTheForge"}],"is_trial":false,"path_per_floor":["M","?","M","M","?","E","R","E","T","T","M","M","$","E","R","B",null,"M","$","M","M","M","$","M","R","T","R","M","E"],"character_chosen":"WATCHER","items_purchased":["WindmillStrike","Fasting2","Ragnarok"],"campfire_rested":1,"item_purchase_floors":[13,19,23],"current_hp_per_floor":[72,72,58,58,72,72,72,29,29,29,21,20,20,34,59,48,86,85,85,80,51,40,40,36,36,36,36,28,0,0],"gold":98,"neow_bonus":"RANDOM_COMMON_RELIC","is_daily":false,"chose_seed":false,"campfire_upgraded":3,"win_rate":0.0,"timestamp":1610355890,"path_taken":["M","?","M","?","?","E","R","E","T","?","M","?","$","E","R","BOSS","M","?","M","?","M","$","M","R","T","R","M","E"],"items_purchased_type":["Card","Card","Card"],"build_version":"2020-12-22","purchased_purges":1,"victory":false,"max_hp_per_floor":[72,72,72,72,72,72,72,72,72,72,72,72,72,86,86,86,86,86,86,86,86,86,86,86,86,86,86,86,86,86],"card_choices":[{"not_picked":["Evaluate","ThirdEye"],"picked":"JustLucky","floor":1},{"not_picked":["Meditate","Halt"],"picked":"BattleHymn","floor":3},{"not_picked":["EmptyBody","Vengeance"],"picked":"Consecrate","floor":4},{"not_picked":["BowlingBash","WaveOfTheHand"],"picked":"ThirdEye","floor":8},{"not_picked":["Perseverance","EmptyMind"],"picked":"DeceiveReality","floor":11},{"not_picked":["ThirdEye","ClearTheMind"],"picked":"EmptyFist","floor":12},{"not_picked":["WheelKick","JustLucky"],"picked":"LikeWater","floor":14},{"not_picked":["Wish","Alpha"],"picked":"DevaForm","floor":16},{"not_picked":["BowlingBash","Collect","Halt"],"picked":"SKIP","floor":18},{"not_picked":["EmptyFist","Prostrate"],"picked":"FlyingSleeves","floor":20},{"not_picked":["Wallop","Perseverance"],"picked":"Sanctity+1","floor":21},{"not_picked":["EmptyBody+1","Prostrate","FlyingSleeves"],"picked":"SKIP","floor":22},{"not_picked":["Vault","SandsOfTime+1"],"picked":"CutThroughFate","floor":24},{"not_picked":["JustLucky","BowlingBash","Protect"],"picked":"SKIP","floor":28}],"player_experience":728108,"relics_obtained":[{"floor":8,"key":"Incense Burner"},{"floor":9,"key":"TungstenRod"},{"floor":10,"key":"Mercury Hourglass"},{"floor":14,"key":"Mango"},{"floor":26,"key":"Smiling Mask"}],"event_choices":[{"damage_healed":0,"gold_gain":0,"player_choice":"Upgraded","damage_taken":0,"max_hp_gain":0,"max_hp_loss":0,"event_name":"Upgrade Shrine","floor":2,"gold_loss":0,"cards_upgraded":["Eruption"]},{"damage_healed":18,"gold_gain":0,"player_choice":"Healed","damage_taken":0,"max_hp_gain":0,"max_hp_loss":0,"event_name":"The Cleric","floor":5,"gold_loss":35}],"is_beta":false,"boss_relics":[{"not_picked":["Snecko Eye","Velvet Choker"],"picked":"Coffee Dripper"}],"items_purged_floors":[13],"is_endless":false,"potions_floor_spawned":[3,11,12,14,16,21,24,28],"killed_by":"Gremlin Leader","ascension_level":3}}