{"host":"zex3ujd3lwod1gma","time":1610389509,"event":{"mods":["BaseMod","Better Vampires","Better-Laid Plans","Custom Start","Minty Spire (QoL Compilation)","Quick Restart","Relic Stats","Spicy Shops","StSLib","[IsaacMod]以撒尖塔","[地精首领爬塔]The Maniac","篝火指南"],"gold_per_floor":[111,36,36,49,149,190,215,246,318,339,239,272,272,293,293,418,418,436,467,150,163,13,47,61,108,183,208,208,230,246,260,260,388,415,448,469,482,497,515,558,572,572,572,611,636,654,675,696,696,696,696,696,96,140,140],"floor_reached":56,"playtime":3969,"items_purged":["maniac:Strike","maniac:Defend","maniac:Strike","maniac:Defend","maniac:Strike"],"score":1444,"play_id":"4dfae57d-5417-438d-a45a-cfd15aef6507","local_time":"20210112022509","is_ascension_mode":false,"campfire_choices":[{"data":"maniac:FoilArmor","floor":13.0,"key":"SMITH"},{"data":"maniac:AbyssShackle","floor":15.0,"key":"SMITH"},{"data":"maniac:Strike","floor":32.0,"key":"PURGE"},{"floor":42.0,"key":"RECALL"},{"data":"maniac:Simulacrum","floor":49.0,"key":"SMITH"},{"data":"maniac:UniversalPerception","floor":52,"key":"SMITH"}],"circlet_count":0,"master_deck":["maniac:BurnBlood+1","maniac:AbyssShackle+1","maniac:Blastwave+1","maniac:FoilArmor+1","maniac:Simulacrum+1","maniac:Collecting","maniac:HammerStrike","maniac:MortalSteel","maniac:PanickyParry+1","maniac:Refine+1","maniac:SpectralKnives+1","maniac:UniversalPerception+1","maniac:PerceiveDanger+1","maniac:Refine+1","maniac:Recollect+1","maniac:DashForward+1","maniac:FoilArmor"],"relics":["maniac:DamagedAnvil","maniac:BrokenHorn","HushsDoor","GuppysHead","Golden Idol","Void","HowToJump","GuppysTail","Peace Pipe","Nunchaku","Red Mask","OrangePellets","DeadEye","PreservedInsect","Oddly Smooth Stone","Potion Belt","Molten Egg 2","CeramicFish","Blood Vial","Akabeko","Singing Bowl","TungstenRod","maniac:VisionEye","Mummified Hand","Lantern","Pen Nib","War Paint"],"acts_visited":["Exordium","TheCity","TheBeyond","TheEnding"],"potions_floor_usage":[55],"damage_taken":[{"damage":0.0,"enemies":"Jaw Worm","floor":1.0,"turns":1.0},{"damage":0.0,"enemies":"Small Slimes","floor":4.0,"turns":1.0},{"damage":0.0,"enemies":"Lagavulin","floor":6.0,"turns":1.0},{"damage":0.0,"enemies":"Cultist","floor":7.0,"turns":4.0},{"damage":0.0,"enemies":"Gremlin Nob","floor":8.0,"turns":5.0},{"damage":0.0,"enemies":"Exordium Wildlife","floor":10.0,"turns":6.0},{"damage":15.0,"enemies":"The Mushroom Lair","floor":12.0,"turns":4.0},{"damage":2.0,"enemies":"Looter","floor":14.0,"turns":3.0},{"damage":0.0,"enemies":"Hexaghost","floor":16.0,"turns":12.0},{"damage":7.0,"enemies":"Chosen","floor":18.0,"turns":8.0},{"damage":8.0,"enemies":"Masked Bandits","floor":19.0,"turns":7.0},{"damage":3.0,"enemies":"2 Thieves","floor":21.0,"turns":3.0},{"damage":15.0,"enemies":"Slavers","floor":23.0,"turns":7.0},{"damage":0.0,"enemies":"Cultist and Chosen","floor":24.0,"turns":4.0},{"damage":7.0,"enemies":"Book of Stabbing","floor":25.0,"turns":6.0},{"damage":0.0,"enemies":"Centurion and Healer","floor":27.0,"turns":9.0},{"damage":3.0,"enemies":"Snecko","floor":29.0,"turns":4.0},{"damage":0.0,"enemies":"Sentry and Sphere","floor":30.0,"turns":5.0},{"damage":2.0,"enemies":"Centurion and Healer","floor":31.0,"turns":4.0},{"damage":4.0,"enemies":"Automaton","floor":33.0,"turns":11.0},{"damage":11.0,"enemies":"Orb Walker","floor":35.0,"turns":3.0},{"damage":0.0,"enemies":"3 Darklings","floor":36.0,"turns":3.0},{"damage":8.0,"enemies":"Jaw Worm Horde","floor":37.0,"turns":8.0},{"damage":0.0,"enemies":"Sphere and 2 Shapes","floor":38.0,"turns":1.0},{"damage":3.0,"enemies":"Spire Growth","floor":39.0,"turns":3.0},{"damage":23.0,"enemies":"Reptomancer","floor":40.0,"turns":6.0},{"damage":12.0,"enemies":"Jaw Worm Horde","floor":41.0,"turns":3.0},{"damage":2.0,"enemies":"Nemesis","floor":44.0,"turns":3.0},{"damage":0.0,"enemies":"4 Shapes","floor":45.0,"turns":3.0},{"damage":0.0,"enemies":"Transient","floor":46.0,"turns":5.0},{"damage":12.0,"enemies":"Maw","floor":47.0,"turns":3.0},{"damage":0.0,"enemies":"Sphere and 2 Shapes","floor":48.0,"turns":4.0},{"damage":42.0,"enemies":"Donu and Deca","floor":50.0,"turns":8.0},{"damage":0,"enemies":"Shield and Spear","floor":54,"turns":4},{"damage":29,"enemies":"The Heart","floor":55,"turns":6}],"seed_played":"807601526907405872","potions_obtained":[{"floor":6.0,"key":"Explosive Potion"},{"floor":7.0,"key":"Ancient Potion"},{"floor":10.0,"key":"BlessingOfTheForge"},{"floor":14.0,"key":"FairyPotion"},{"floor":19.0,"key":"Weak Potion"},{"floor":24.0,"key":"Dexterity Potion"},{"floor":25.0,"key":"Block Potion"},{"floor":27.0,"key":"Regen Potion"},{"floor":47.0,"key":"PowerPotion"}],"is_trial":false,"path_per_floor":["M","$","?","M","?","E","M","E","T","M","$","?","R","M","R","B",null,"M","?","$","M","$","E","M","E","T","M","?","M","M","M","R","B",null,"M","M","M","M","M","E","M","R","T","E","M","M","M","M","R","B",null,"R","$","E","B",null],"character_chosen":"THE_MANIAC","items_purchased":["maniac:Collecting","GuppysTail","OrangePellets","maniac:HammerStrike","maniac:FoilArmor","Lantern","Pen Nib"],"campfire_rested":0,"item_purchase_floors":[17,17,20,20,53,53,53],"current_hp_per_floor":[80,80,60,60,60,60,60,60,60,60,60,45,45,43,43,43,67,60,52,52,49,49,34,34,27,37,37,37,34,34,34,34,32,77,66,68,62,64,63,48,40,40,40,42,46,65,57,61,61,23,91,91,91,93,64],"gold":140,"neow_bonus":"THREE_ENEMY_KILL","is_daily":false,"chose_seed":false,"campfire_upgraded":4,"win_rate":0.0,"timestamp":1610389509,"path_taken":["M","$","?","M","?","E","M","E","T","M","?","?","R","M","R","BOSS","M","?","$","M","?","E","?","E","T","M","?","M","M","M","R","BOSS","M","?","M","M","?","E","M","R","T","E","M","M","M","M","R","BOSS","R","$","E","BOSS"],"items_purchased_type":["Card","Relic","Relic","Card","Card","Relic","Relic"],"build_version":"2020-12-22","purchased_purges":5,"victory":true,"max_hp_per_floor":[80,80,80,80,80,80,80,80,80,80,80,80,80,80,80,80,67,67,67,67,67,67,67,67,67,77,77,77,77,77,77,77,77,77,77,77,77,77,77,79,81,81,81,83,85,87,89,91,91,91,91,91,91,93,93],"relic_stats":{"Singing Bowl":16,"counters":[35,168],"Golden Idol":246,"CeramicFish":81,"PreservedInsect":214,"Pen Nib":[2],"War Paint":["maniac:BurnBlood","maniac:Blastwave"],"Peace Pipe":1,"Blood Vial":28,"OrangePellets":[11],"Nunchaku":[18],"Mummified Hand":[22],"obtain_stats":[{"AnarchistCookbook":27,"GuppysTail":17,"Damocles":25,"Lantern":53,"Singing Bowl":40,"SacredBark":17,"CeramicFish":25,"DeadEye":21,"Blood Vial":30,"maniac:BrokenHorn":0,"Nunchaku":19,"Mummified Hand":50,"MealTicket":44,"Red Mask":19,"Void":6,"KeepersGift":0,"Potion Belt":24,"maniac:DamagedAnvil":0,"Girya":29,"Pear":26,"NeowsBlessing":0,"HowToJump":8,"Golden Idol":3,"Astrolabe":34,"Oddly Smooth Stone":23,"BelialBook":35,"PreservedInsect":23,"Pen Nib":53,"Odd Mushroom":12,"War Paint":54,"Akabeko":39,"maniac:VisionEye":48,"Peace Pipe":18,"OrangePellets":20,"TheBible":31,"Molten Egg 2":25,"GuppysHead":0,"HushsDoor":0,"TungstenRod":43},{"AnarchistCookbook":16,"GuppysTail":9,"Damocles":15,"Lantern":33,"Singing Bowl":26,"SacredBark":9,"CeramicFish":15,"DeadEye":12,"Blood Vial":18,"maniac:BrokenHorn":0,"Nunchaku":11,"Mummified Hand":33,"MealTicket":28,"Red Mask":11,"Void":3,"KeepersGift":0,"Potion Belt":14,"maniac:DamagedAnvil":0,"Girya":17,"Pear":15,"NeowsBlessing":0,"HowToJump":5,"Golden Idol":1,"Astrolabe":20,"Oddly Smooth Stone":13,"BelialBook":21,"PreservedInsect":13,"Pen Nib":33,"Odd Mushroom":7,"War Paint":34,"Akabeko":25,"maniac:VisionEye":32,"Peace Pipe":10,"OrangePellets":11,"TheBible":19,"Molten Egg 2":15,"GuppysHead":0,"HushsDoor":0,"TungstenRod":27},{"AnarchistCookbook":81,"GuppysTail":37,"Damocles":72,"Lantern":158,"Singing Bowl":129,"SacredBark":37,"CeramicFish":72,"DeadEye":54,"Blood Vial":87,"maniac:BrokenHorn":0,"Nunchaku":52,"Mummified Hand":158,"MealTicket":135,"Red Mask":52,"Void":3,"KeepersGift":0,"Potion Belt":66,"maniac:DamagedAnvil":0,"Girya":85,"Pear":72,"NeowsBlessing":0,"HowToJump":12,"Golden Idol":1,"Astrolabe":105,"Oddly Smooth Stone":62,"BelialBook":108,"PreservedInsect":59,"Pen Nib":158,"Odd Mushroom":22,"War Paint":162,"Akabeko":123,"maniac:VisionEye":150,"Peace Pipe":45,"OrangePellets":52,"TheBible":93,"Molten Egg 2":72,"GuppysHead":0,"HushsDoor":0,"TungstenRod":132}],"TungstenRod":21},"card_choices":[{"not_picked":["maniac:ReconstructWounds","maniac:UndyingDesire"],"picked":"maniac:Blastwave","floor":1.0},{"not_picked":["maniac:DashForward","maniac:MeleeStrike","maniac:Quickdraw"],"picked":"SKIP","floor":4.0},{"not_picked":["maniac:EndOfTheRoad","maniac:ObscuredAttack"],"picked":"maniac:FoilArmor","floor":6.0},{"not_picked":["maniac:WardAndDefend","maniac:WitnessTrueSorcery","maniac:MeleeStrike"],"picked":"SKIP","floor":7.0},{"not_picked":["maniac:Blastwave","maniac:PanickyParry","maniac:Recollect"],"picked":"SKIP","floor":8.0},{"not_picked":["maniac:FindAShortcut","maniac:Precision","maniac:UntravelledPath"],"picked":"SKIP","floor":10.0},{"not_picked":["maniac:SeekerKnife","maniac:Confront","maniac:SpectralKnives"],"picked":"SKIP","floor":14.0},{"not_picked":["maniac:ReachVictory","maniac:TwistedEddies"],"picked":"maniac:Simulacrum","floor":16.0},{"not_picked":["maniac:Refine","maniac:TorturousScreams","maniac:Quickdraw"],"picked":"SKIP","floor":18.0},{"not_picked":["maniac:Confront","maniac:GlassScratch","maniac:WardAndDefend"],"picked":"SKIP","floor":21.0},{"not_picked":["maniac:SpectralKnives","maniac:SeeingDetails"],"picked":"maniac:MortalSteel","floor":23.0},{"not_picked":["maniac:MeleeStrike+1","maniac:Blastwave","maniac:Assassinate"],"picked":"SKIP","floor":24.0},{"not_picked":["maniac:BladesInCloak+1","maniac:SpectralFlash+1"],"picked":"maniac:PanickyParry+1","floor":25.0},{"not_picked":["maniac:DashForward+1","maniac:Deal"],"picked":"maniac:Refine+1","floor":27.0},{"not_picked":["maniac:Blastwave+1","maniac:Traceback"],"picked":"maniac:SpectralKnives+1","floor":29.0},{"not_picked":["maniac:BladeShoot+1","maniac:Lacerate+1","maniac:ShelteringEdge"],"picked":"SKIP","floor":30.0},{"not_picked":["maniac:Feint+1","maniac:ManipulatedFaith","maniac:BladeEnd+1"],"picked":"SKIP","floor":31.0},{"not_picked":["maniac:Trap","maniac:ShadowContact"],"picked":"maniac:UniversalPerception","floor":33.0},{"not_picked":["maniac:FindAShortcut+1","maniac:UndyingDesire+1"],"picked":"maniac:DashForward+1","floor":35.0},{"not_picked":["maniac:ShelteringEdge","maniac:EndOfTheRoad","maniac:UndyingDesire"],"picked":"SKIP","floor":36.0},{"not_picked":["maniac:ShelteringEdge","maniac:SpectralKnives+1","maniac:FindAShortcut"],"picked":"SKIP","floor":37.0},{"not_picked":["maniac:WardAndDefend+1","maniac:ListenToNone","maniac:ShelteringEdge+1"],"picked":"SKIP","floor":38.0},{"not_picked":["maniac:Confront+1","maniac:SpectralKnives+1","maniac:FindAShortcut"],"picked":"SKIP","floor":39.0},{"not_picked":["maniac:ShatteredShield","maniac:SeekerKnife+1","maniac:Refine+1"],"picked":"Singing Bowl","floor":40.0},{"not_picked":["maniac:Confront+1","maniac:Quickdraw","maniac:ShatteredShield+1"],"picked":"Singing Bowl","floor":41.0},{"not_picked":["maniac:FindAShortcut+1","maniac:MeleeStrike+1","maniac:DashForward+1"],"picked":"Singing Bowl","floor":44.0},{"not_picked":["maniac:MeleeStrike+1","maniac:Quickdraw","maniac:SeekerKnife+1"],"picked":"Singing Bowl","floor":45.0},{"not_picked":["maniac:WardAndDefend","maniac:AllOutAttack+1","maniac:FindAShortcut"],"picked":"Singing Bowl","floor":46.0},{"not_picked":["maniac:PerceiveDanger+1","maniac:MortalSteel+1","maniac:UnseenTerror"],"picked":"Singing Bowl","floor":47.0},{"not_picked":["maniac:Intimidate","maniac:ExpectedMoves","maniac:ShelteringEdge+1"],"picked":"Singing Bowl","floor":48.0},{"not_picked":["maniac:ListenToNone","maniac:SpectralFlash+1","maniac:PanickyParry+1"],"picked":"Singing Bowl","floor":54}],"player_experience":1244302,"relics_obtained":[{"floor":6.0,"key":"Void"},{"floor":8.0,"key":"HowToJump"},{"floor":12.0,"key":"Odd Mushroom"},{"floor":19.0,"key":"Red Mask"},{"floor":23.0,"key":"Oddly Smooth Stone"},{"floor":25.0,"key":"Molten Egg 2"},{"floor":25.0,"key":"CeramicFish"},{"floor":26.0,"key":"Pear"},{"floor":40.0,"key":"Singing Bowl"},{"floor":43.0,"key":"TungstenRod"},{"floor":44.0,"key":"MealTicket"},{"floor":54,"key":"War Paint"}],"event_choices":[{"damage_healed":0.0,"max_hp_gain":0.0,"max_hp_loss":0.0,"gold_gain":0.0,"event_name":"Golden Idol","player_choice":"Take Damage","floor":3.0,"gold_loss":0.0,"damage_taken":20.0,"relics_obtained":["Golden Idol"]},{"damage_healed":0.0,"max_hp_gain":0.0,"max_hp_loss":0.0,"gold_gain":100.0,"event_name":"Golden Shrine","player_choice":"Pray","floor":5.0,"gold_loss":0.0,"damage_taken":0.0},{"damage_healed":0.0,"max_hp_gain":0.0,"max_hp_loss":0.0,"gold_gain":0.0,"event_name":"Mushrooms","player_choice":"Fought Mushrooms","floor":12.0,"gold_loss":0.0,"damage_taken":0.0},{"damage_healed":0.0,"max_hp_gain":0.0,"max_hp_loss":0.0,"gold_gain":0.0,"event_name":"Masked Bandits","player_choice":"Fought Bandits","floor":19.0,"gold_loss":0.0,"damage_taken":0.0},{"damage_healed":0.0,"max_hp_gain":0.0,"max_hp_loss":0.0,"gold_gain":0.0,"event_name":"Cursed Tome","player_choice":"Ignored","floor":28.0,"gold_loss":0.0,"damage_taken":0.0}],"is_beta":false,"boss_relics":[{"not_picked":["Cursed Key","Ectoplasm"],"picked":"SacredBark"},{"not_picked":[]},{"not_picked":["Pandora\u0027s Box","MagicMushroom"],"picked":"Astrolabe"},{"not_picked":[]}],"items_purged_floors":[2,11,20,22,53],"is_endless":false,"potions_floor_spawned":[6,7,10,14,19,23,24,25,27,30,36,37,40,44,45,47],"ascension_level":0}}