{"host":"b3qi48j7z53ln4gi","time":1610374881,"event":{"mods":["100% Spire Juice","2.2 Compatiblity","AchievementEnabler","Act Like it!","BaseMod","Better Note","Better Third Choice","BetterRewards","CapriCore","Colored Powertips","Curses Come First","Dota2Spire","Gensokyo","GungeonMod","Hallownest","HololiveMod","Infinite Spire","Koishi","Minty Spire (QoL Compilation)","Permanent Neow","Prisma Mod","Reimu£¨ÚÏ???£©","Remilia£¨?Ú·×é?£©","Remove Card Discount Mod","Say the Spire","Shade Mod","Shop Mod","Spicy Shops","StSLib","Td1madao Mod","The Administrix","The Animator","The Dragon Tamer","The Immortal","The Jungle","The Senshi","The Servant 0.9.4","Wandering Minibosses","¡¼?Úª?ø«¡½REMEMod"],"gold_per_floor":[114,105,121,127,11,31,47,60,60,60,69,69,69,84,84,184,184,137,151,164,176,181,214,222,182,233,233,233,233,233,247,247,342,342,360,374,374,387,387,387,411,411,411,411,411,1222,1222,1238,1238,1238,1238,1238,28,84,114],"floor_reached":56,"playtime":5544,"items_purged":["Strike_S","Writhe","Defend_S","Defend_S","Strike_S","Defend_S","Strike_S","Read"],"score":1430,"play_id":"237a0018-17ba-44cb-aa10-d7224a4d7cdf","local_time":"20210111232121","is_ascension_mode":false,"campfire_choices":[{"data":"Collapse","floor":10,"key":"SMITH"},{"data":"DualDimension","floor":12,"key":"SMITH"},{"data":"Barrier","floor":15,"key":"SMITH"},{"floor":28,"key":"REST"},{"floor":32,"key":"RECALL"},{"data":"Apotheosis","floor":40,"key":"SMITH"},{"data":"The Bomb","floor":45,"key":"SMITH"},{"data":"DualDimension","floor":49,"key":"SMITH"},{"data":"Parasite","floor":52,"key":"PURGE"}],"circlet_count":0,"master_deck":["Defend_S","Exchange","Barrier+1","FlawlessForm","Collapse+1","SilverBlades","Storm of Steel","DualDimension+1","Luminosity","Sunlight","Luminosity","Solidify","Unruled","infinitespire:Fortify","Spin","The Bomb+1","REME_FirmDetermination+1","Sabotage+1","Sadistic Nature","Apotheosis+1","SurpressingFire+1","infinitespire:Fortify","Sunlight","Metamorphosis","infinitespire:Starlight","Panache","Madness","Madness","DualDimension+1","SilverBlades","Contraction"],"relics":["Uniform","REME_ComplimentaryCards","infinitespire:EmpoweringShard","HornCleat","Dota2Spire:Butterfly","Lantern","Dota2Spire:ArmletOfMordiggian","Dota2Spire:Mjollnir","Peace Pipe","REME_LowDesire","Centennial Puzzle","Dream Catcher","Dota2Spire:Desolator","Bottled Lightning","REME_CardOfGreed","Coffee Dripper","Toolbox","REME_HourglassOfDeath","DemoMod:GundromedaStrain","wanderingMiniBosses:MasterThiefsPresence","DemoMod:OrangeGuonStone","RuthlessExorcism:ReiMu","DemoMod:ClearGuonStone","HandDrill","Dota2Spire:HandOfMidas","TheAbacus","MerchantsRug","Dota2Spire:AssaultCuirass"],"acts_visited":["Exordium","TheCity","TheBeyond","TheEnding"],"potions_floor_usage":[2,16,16,16,20,23,31,31,31,36,46,50,50],"damage_taken":[{"damage":0,"enemies":"Cultist","floor":1,"turns":5},{"damage":0,"enemies":"Small Slimes","floor":2,"turns":6},{"damage":0,"enemies":"Jaw Worm","floor":3,"turns":4},{"damage":10,"enemies":"Exordium Wildlife","floor":4,"turns":5},{"damage":0,"enemies":"Lagavulin","floor":6,"turns":7},{"damage":0,"enemies":"Looter","floor":7,"turns":3},{"damage":6,"enemies":"Blue Slaver","floor":8,"turns":5},{"damage":0,"enemies":"Exordium Wildlife","floor":11,"turns":3},{"damage":0,"enemies":"Looter","floor":14,"turns":3},{"damage":0,"enemies":"Slime Boss","floor":16,"turns":4},{"damage":0,"enemies":"Spheric Guardian","floor":18,"turns":6},{"damage":0,"enemies":"Chosen","floor":19,"turns":7},{"damage":0,"enemies":"Snecko","floor":20,"turns":6},{"damage":3,"enemies":"Shelled Parasite and Fungi","floor":21,"turns":6},{"damage":46,"enemies":"Snake Plant","floor":22,"turns":4},{"damage":0,"enemies":"Gremlin Leader","floor":23,"turns":6},{"damage":0,"enemies":"Chosen and Byrds","floor":24,"turns":6},{"damage":3,"enemies":"Sentry and Sphere","floor":31,"turns":3},{"damage":3,"enemies":"Collector","floor":33,"turns":4},{"damage":7,"enemies":"3 Darklings","floor":35,"turns":3},{"damage":0,"enemies":"Orb Walker","floor":36,"turns":3},{"damage":6,"enemies":"Sphere and 2 Shapes","floor":38,"turns":3},{"damage":0,"enemies":"Giant Head","floor":41,"turns":5},{"damage":0,"enemies":"Writhing Mass","floor":46,"turns":4},{"damage":0,"enemies":"4 Shapes","floor":48,"turns":2},{"damage":0,"enemies":"Awakened One","floor":50,"turns":5},{"damage":0,"enemies":"Shield and Spear","floor":54,"turns":3},{"damage":42,"enemies":"The Heart","floor":55,"turns":7}],"seed_played":"-6101668276560519269","potions_obtained":[{"floor":1,"key":"AttackPotion"},{"floor":4,"key":"Swift Potion"},{"floor":7,"key":"Dexterity Potion"},{"floor":8,"key":"DuplicationPotion"},{"floor":18,"key":"LiquidMemories"},{"floor":22,"key":"LiquidMemories"},{"floor":24,"key":"MagicPotion:ReiMu"},{"floor":25,"key":"SkillPotion"},{"floor":25,"key":"Weak Potion"},{"floor":31,"key":"Block Potion"},{"floor":35,"key":"Strength Potion"},{"floor":46,"key":"LiquidMemories"},{"floor":48,"key":"PowerPotion"}],"is_trial":false,"path_per_floor":["M","M","M","M","$","E","M","M","T","R","M","R","?","M","R","B",null,"M","M","M","M","M","E","M","?","T","T","R","AVR","?","M","R","B",null,"M","M","AVR","M","?","R","E","?","T","?","R","M","?","M","R","B",null,"R","$","E","B",null],"character_chosen":"THE_SERVANT","items_purchased":["infinitespire:EmpoweringShard","HornCleat","Barrier","Luminosity","Dota2Spire:ArmletOfMordiggian","DemoMod:OrangeGuonStone","RuthlessExorcism:ReiMu","DemoMod:ClearGuonStone","HandDrill","Dota2Spire:HandOfMidas","TheAbacus","MerchantsRug","Contraction"],"campfire_rested":1,"item_purchase_floors":[0,0,0,5,5,53,53,53,53,53,53,53,53],"current_hp_per_floor":[65,65,65,55,55,55,55,49,49,49,49,49,34,34,34,34,65,65,65,65,62,16,16,16,16,16,16,35,35,35,32,32,29,65,58,58,58,65,57,57,65,65,65,75,75,75,75,75,75,75,75,72,72,72,33],"gold":114,"neow_bonus":"","is_daily":false,"chose_seed":false,"campfire_upgraded":6,"win_rate":0.0,"timestamp":1610374881,"path_taken":["M","M","?","M","$","E","M","M","T","R","M","R","?","M","R","BOSS","M","M","M","M","M","E","M","?","T","?","R","AVR","?","?","R","BOSS","M","M","AVR","M","?","R","E","?","T","?","R","?","?","M","R","BOSS","R","$","E","BOSS"],"items_purchased_type":["Relic","Relic","Card","Card","Relic","Relic","Relic","Relic","Relic","Relic","Relic","Relic","Card"],"build_version":"2020-12-22","purchased_purges":8,"victory":true,"max_hp_per_floor":[65,65,65,65,65,65,65,65,65,65,65,65,65,65,65,65,65,65,65,65,65,65,65,65,65,65,65,65,65,65,65,65,65,65,65,65,65,65,65,65,65,65,65,75,75,75,75,75,75,75,75,72,72,72,72],"card_choices":[{"not_picked":["Revamp","TimeWarp"],"picked":"Collapse","floor":1},{"not_picked":["Spin","DoubleEdge"],"picked":"SilverBlades","floor":2},{"not_picked":["TimeWarp","Replace"],"picked":"Read","floor":3},{"not_picked":["BottledTime","ShatteredReality"],"picked":"DualDimension","floor":4},{"not_picked":["Barrier","Rearm"],"picked":"Sunlight","floor":6},{"not_picked":["Desolation","Rewind"],"picked":"Luminosity","floor":7},{"not_picked":["DoubleEdge","BestPractice"],"picked":"Solidify","floor":8},{"not_picked":["Alleviate","Replace"],"picked":"Unruled","floor":11},{"not_picked":["infinitespire:SevenWalls","infinitespire:Gouge"],"picked":"infinitespire:Fortify","floor":13},{"not_picked":["Reset","Replace"],"picked":"Spin","floor":14},{"not_picked":["Initiator","PendulumOfEternity"],"picked":"MurderousAura","floor":16},{"not_picked":["Defy","InstantArmor","Rearm"],"picked":"The Bomb","floor":18},{"not_picked":["Snipe","Misdirection","Revamp"],"picked":"REME_FirmDetermination+1","floor":19},{"not_picked":["FastForward+1","Spin","HandOfGreed"],"picked":"Sabotage+1","floor":20},{"not_picked":["Reset+1","Replace","Unruled+1"],"picked":"Sadistic Nature","floor":21},{"not_picked":["PendulumOfEternity","Potential","Advance","REME_WheelOfFate"],"picked":"SKIP","floor":22},{"not_picked":["Rewind+1","ShatteredReality","Blind"],"picked":"Desolation+1","floor":23},{"not_picked":["Read","RealityMarble","Revamp"],"picked":"Apotheosis","floor":24},{"not_picked":["Replace","Rearm+1","Secret Weapon"],"picked":"SurpressingFire+1","floor":28},{"not_picked":["BottledTime+1","Spin","DemoMod:Spice"],"picked":"Sunlight","floor":31},{"not_picked":["Deny","FloweringNight","Sunlight"],"picked":"Metamorphosis","floor":33},{"not_picked":["Revamp+1","Rewind","WasteNot+1","Apotheosis"],"picked":"SKIP","floor":35},{"not_picked":["BottledTime+1","WasteNot+1","Spin","DemoMod:Spice"],"picked":"SKIP","floor":36},{"not_picked":["Potential+1","DoubleEdge","Alleviate+1"],"picked":"Panache","floor":38},{"not_picked":["BottledTime","Luminosity","Shuttle","REME_EyeOfCthun"],"picked":"SKIP","floor":41},{"not_picked":["Ricochet","Potential","Magnetism"],"picked":"DualDimension","floor":46},{"not_picked":["BestPractice","Rearm+1","REME_AllRoundStrike"],"picked":"SilverBlades","floor":48},{"not_picked":["TimeWarp+1","Misdirection+1","Unruled+1","DemoMod:Invincible"],"picked":"SKIP","floor":54}],"player_experience":143485,"relics_obtained":[{"floor":6,"key":"Dota2Spire:Mjollnir"},{"floor":9,"key":"Peace Pipe"},{"floor":17,"key":"Centennial Puzzle"},{"floor":17,"key":"Dream Catcher"},{"floor":23,"key":"Dota2Spire:Desolator"},{"floor":27,"key":"Bottled Lightning"},{"floor":41,"key":"REME_HourglassOfDeath"},{"floor":43,"key":"DemoMod:GundromedaStrain"},{"floor":46,"key":"wanderingMiniBosses:MasterThiefsPresence"},{"floor":54,"key":"Dota2Spire:AssaultCuirass"}],"event_choices":[{"damage_healed":0,"gold_gain":0,"player_choice":"Bought 3 Potions","damage_taken":0,"max_hp_gain":0,"max_hp_loss":0,"event_name":"The Woman in Blue","floor":25,"gold_loss":0},{"damage_healed":0,"gold_gain":0,"player_choice":"0 cards matched","damage_taken":0,"max_hp_gain":0,"max_hp_loss":0,"event_name":"Match and Keep!","floor":30,"gold_loss":0,"cards_obtained":[]},{"damage_healed":0,"gold_gain":0,"player_choice":"Embrace Madness","damage_taken":8,"max_hp_gain":0,"max_hp_loss":0,"event_name":"Winding Halls","floor":39,"gold_loss":0,"cards_obtained":["Madness","Madness"]},{"cards_removed":["Desolation"],"damage_healed":0,"gold_gain":0,"player_choice":"Removed Attack","damage_taken":0,"max_hp_gain":0,"max_hp_loss":0,"event_name":"Falling","floor":42,"gold_loss":0},{"cards_removed":["MurderousAura"],"damage_healed":0,"gold_gain":0,"player_choice":"Offered Rare","damage_taken":0,"max_hp_gain":10,"max_hp_loss":0,"event_name":"Bonfire Elementals","floor":44,"gold_loss":0},{"cards_removed":["Strike_S"],"damage_healed":0,"gold_gain":0,"player_choice":"Purged","damage_taken":0,"max_hp_gain":0,"max_hp_loss":0,"event_name":"Purifier","floor":47,"gold_loss":0}],"is_beta":false,"boss_relics":[{"not_picked":["Empty Cage","Ectoplasm"],"picked":"REME_LowDesire"},{"not_picked":["Black Star","Sozu"],"picked":"Coffee Dripper"}],"items_purged_floors":[0,0,0,0,0,0,5,5],"is_endless":false,"potions_floor_spawned":[1,4,7,8,18,22,24,31,35,46,48],"ascension_level":0}}