{"host":"vfg9szunmpjwj08o","time":1610403811,"event":{"mods":["Act Like it!","BaseMod","Challenge The Spire","Colored Map","Colored Powertips","Conspire","Dark Map","Fox Events","Minty Spire (QoL Compilation)","StSLib","Waifu the Spire"],"gold_per_floor":[118,138,138,63,75,75,92,125,125,125,136,136,153,167,167,167,167],"floor_reached":16,"playtime":497,"items_purged":["Strike_B"],"score":300,"play_id":"f31e7884-3ea2-400c-aac2-08ed16ecc441","local_time":"20210111232331","is_ascension_mode":true,"campfire_choices":[{"data":"Zap","floor":6,"key":"SMITH"},{"data":"Dualcast","floor":10,"key":"SMITH"},{"data":"Chaos","floor":12,"key":"SMITH"},{"data":"Chaos","floor":15,"key":"SMITH"}],"circlet_count":0,"master_deck":["AscendersBane","Strike_B","Strike_B+1","Strike_B+1","Defend_B","Defend_B","Defend_B","Defend_B","Zap+1","Dualcast+1","Electrodynamics","Chaos+1","Leap","Self Repair","Chaos+1","Chill","Go for the Eyes","Reinforced Body"],"relics":["Cracked Core","Smiling Mask","The Courier"],"acts_visited":["Exordium"],"potions_floor_usage":[7,8,16],"damage_taken":[{"damage":0,"enemies":"conspire:RoseBush","floor":1,"turns":3},{"damage":4,"enemies":"Jaw Worm","floor":2,"turns":3},{"damage":3,"enemies":"Small Slimes","floor":5,"turns":3},{"damage":17,"enemies":"Exordium Wildlife","floor":7,"turns":3},{"damage":4,"enemies":"Lagavulin","floor":8,"turns":5},{"damage":18,"enemies":"Exordium Thugs","floor":11,"turns":3},{"damage":7,"enemies":"conspire:2 RoseBushes","floor":13,"turns":4},{"damage":11,"enemies":"Blue Slaver","floor":14,"turns":4},{"damage":32,"enemies":"Slime Boss","floor":16,"turns":8}],"seed_played":"6153656153254378162","potions_obtained":[{"floor":1,"key":"ColorlessPotion"},{"floor":5,"key":"BlessingOfTheForge"},{"floor":8,"key":"SpeedPotion"},{"floor":13,"key":"FearPotion"},{"floor":14,"key":"Regen Potion"}],"is_trial":false,"path_per_floor":["M","M","?","$","M","R","M","E","T","R","M","R","M","M","R","B"],"character_chosen":"DEFECT","items_purchased":[],"campfire_rested":0,"item_purchase_floors":[],"current_hp_per_floor":[64,60,41,41,38,38,21,24,24,24,13,13,13,9,9,0,0],"gold":167,"neow_bonus":"THREE_RARE_CARDS","is_daily":false,"chose_seed":false,"campfire_upgraded":4,"win_rate":0.0,"timestamp":1610403811,"path_taken":["M","M","?","$","M","R","M","E","T","R","M","R","M","M","R","BOSS"],"items_purchased_type":[],"build_version":"2020-12-22","purchased_purges":1,"victory":false,"max_hp_per_floor":[64,64,64,64,64,64,64,64,64,64,64,64,64,64,64,64,64],"card_choices":[{"not_picked":["Machine Learning","Meteor Strike"],"picked":"Electrodynamics","floor":0.0},{"not_picked":["Ball Lightning","Streamline"],"picked":"Chaos","floor":1},{"not_picked":["Hello World","Scrape"],"picked":"Leap","floor":2},{"not_picked":["Recycle","Fusion"],"picked":"Self Repair","floor":5},{"not_picked":["Redo","Ball Lightning","Beam Cell"],"picked":"SKIP","floor":7},{"not_picked":["Coolheaded","Double Energy"],"picked":"Chaos","floor":8},{"not_picked":["Turbo","Chaos"],"picked":"Chill","floor":11},{"not_picked":["Barrage","Hello World"],"picked":"Go for the Eyes","floor":13},{"not_picked":["Gash","Capacitor"],"picked":"Reinforced Body","floor":14}],"player_experience":1057140,"relics_obtained":[{"floor":8,"key":"Smiling Mask"},{"floor":9,"key":"The Courier"}],"event_choices":[{"damage_healed":0,"gold_gain":0,"player_choice":"Entered Light","damage_taken":19,"max_hp_gain":0,"max_hp_loss":0,"event_name":"Shining Light","floor":3,"gold_loss":0,"cards_upgraded":["Strike_B","Strike_B"]}],"is_beta":false,"boss_relics":[],"items_purged_floors":[4],"is_endless":false,"potions_floor_spawned":[1,5,8,13,14],"killed_by":"Slime Boss","ascension_level":19}}