{"host":"v54ek091sdz7ha6h","time":1610330553,"event":{"mods":["BaseMod","Better Vampires","Colored Map","Colored Powertips","Custom Start","DeckTracker","Friendly Minions","Highlight Path","KOR Keyword Fix","Minty Spire (QoL Compilation)","Rare Cards Sparkle","StSLib","SuperFastMode","everything is the same but u backflip on backflip","slay the spire mod where everything is the same but ironclad has a cowboy hat"],"gold_per_floor":[116,127,144,69,26,26,57,73,73,73,133,167,196,196,196,270,270,285,37,54,54,54,82,82,82,82,109,136,151,76,88,88,163,163,183,203,128,141,363,363,373,408,457,6,20,73,73,98,98,98,98,98],"floor_reached":51,"playtime":2259,"items_purged":["Decay"],"score":1617,"play_id":"4c0cd004-ee06-4165-98da-b40122fe8e24","local_time":"20210111110233","is_ascension_mode":true,"campfire_choices":[{"data":"Apotheosis","floor":6.0,"key":"SMITH"},{"floor":10.0,"key":"REST"},{"floor":15.0,"key":"RECALL"},{"floor":25.0,"key":"REST"},{"data":"Night Terror","floor":32.0,"key":"SMITH"},{"floor":40.0,"key":"REST"},{"floor":47.0,"key":"REST"},{"floor":49.0,"key":"REST"}],"circlet_count":0,"master_deck":["AscendersBane","Strike_G+1","Strike_G","Strike_G","Strike_G","Defend_G","Defend_G","Defend_G","Survivor","Neutralize","Apotheosis+1","All Out Attack","Underhanded Strike","Predator+1","Bouncing Flask","Blur","Quick Slash","Acrobatics","Clumsy","Adrenaline","Night Terror+1","Cloak And Dagger","Footwork","Doubt","Writhe","Blade Dance","Blur","Prepared","Phantasmal Killer","Acrobatics+1","Night Terror","Heel Hook","Decay","PiercingWail","Parasite","Leg Sweep","Accuracy"],"relics":["Ring of the Snake","Bag of Preparation","Toy Ornithopter","White Beast Statue","Kunai","Odd Mushroom","Cursed Key","Lee\u0027s Waffle","Mummified Hand","Nilry\u0027s Codex","Sundial","The Courier","Red Mask","InkBottle","Fusion Hammer","MealTicket","Whetstone","Membership Card","Shuriken","Ornamental Fan","Boot","Turnip","Tough Bandages"],"acts_visited":["Exordium","TheCity","TheBeyond"],"potions_floor_usage":[],"damage_taken":[{"damage":1.0,"enemies":"Jaw Worm","floor":1.0,"turns":4.0},{"damage":0.0,"enemies":"Small Slimes","floor":2.0,"turns":2.0},{"damage":0.0,"enemies":"Cultist","floor":3.0,"turns":3.0},{"damage":22.0,"enemies":"3 Sentries","floor":7.0,"turns":6.0},{"damage":1.0,"enemies":"Looter","floor":8.0,"turns":4.0},{"damage":12.0,"enemies":"3 Sentries","floor":11.0,"turns":4.0},{"damage":16.0,"enemies":"Lagavulin","floor":12.0,"turns":6.0},{"damage":17.0,"enemies":"The Mushroom Lair","floor":13.0,"turns":5.0},{"damage":15.0,"enemies":"Hexaghost","floor":16.0,"turns":9.0},{"damage":0.0,"enemies":"Spheric Guardian","floor":18.0,"turns":3.0},{"damage":2.0,"enemies":"2 Thieves","floor":20.0,"turns":4.0},{"damage":15.0,"enemies":"Book of Stabbing","floor":23.0,"turns":6.0},{"damage":8.0,"enemies":"Masked Bandits","floor":27.0,"turns":5.0},{"damage":24.0,"enemies":"Slavers","floor":28.0,"turns":6.0},{"damage":0.0,"enemies":"Snecko","floor":29.0,"turns":6.0},{"damage":0.0,"enemies":"Chosen and Byrds","floor":31.0,"turns":2.0},{"damage":39.0,"enemies":"Automaton","floor":33.0,"turns":13.0},{"damage":0.0,"enemies":"Orb Walker","floor":35.0,"turns":2.0},{"damage":2.0,"enemies":"3 Shapes","floor":36.0,"turns":2.0},{"damage":1.0,"enemies":"Transient","floor":38.0,"turns":6.0},{"damage":0.0,"enemies":"Maw","floor":41.0,"turns":6.0},{"damage":12.0,"enemies":"Reptomancer","floor":42.0,"turns":10.0},{"damage":0.0,"enemies":"Writhing Mass","floor":45.0,"turns":6.0},{"damage":50.0,"enemies":"2 Orb Walkers","floor":46.0,"turns":6.0},{"damage":0.0,"enemies":"Mind Bloom Boss Battle","floor":48.0,"turns":4.0},{"damage":72.0,"enemies":"Awakened One","floor":50.0,"turns":13.0},{"damage":12,"enemies":"Time Eater","floor":51,"turns":3}],"seed_played":"-8577906818510859202","potions_obtained":[{"floor":1.0,"key":"Ancient Potion"},{"floor":7.0,"key":"ColorlessPotion"},{"floor":12.0,"key":"Regen Potion"},{"floor":13.0,"key":"Strength Potion"},{"floor":16.0,"key":"CunningPotion"},{"floor":20.0,"key":"FairyPotion"},{"floor":27.0,"key":"Fire Potion"},{"floor":28.0,"key":"EssenceOfSteel"},{"floor":29.0,"key":"FearPotion"},{"floor":33.0,"key":"Weak Potion"},{"floor":38.0,"key":"SteroidPotion"},{"floor":42.0,"key":"Weak Potion"},{"floor":46.0,"key":"ColorlessPotion"},{"floor":48.0,"key":"DistilledChaos"}],"is_trial":false,"path_per_floor":["M","M","M","?","$","R","E","M","T","R","?","E","?","?","R","B",null,"M","$","M","?","?","E","T","R","T","?","E","M","?","M","R","B",null,"M","M","?","M","?","R","M","E","T","$","M","?","R","?","R","B","B"],"character_chosen":"THE_SILENT","items_purchased":["Bouncing Flask","Lee\u0027s Waffle","Membership Card","Shuriken","Ornamental Fan","Boot","PiercingWail","BlessingOfTheForge"],"campfire_rested":5,"item_purchase_floors":[5,19,44,44,44,44,44,44],"current_hp_per_floor":[43,43,43,43,43,43,21,20,20,39,32,16,18,18,18,3,50,50,73,71,71,50,35,35,56,56,53,34,39,39,39,39,21,60,60,58,58,62,62,73,73,61,61,73,73,33,54,59,73,1,0,0],"gold":98,"neow_bonus":"RANDOM_COLORLESS_2","is_daily":false,"chose_seed":false,"campfire_upgraded":2,"win_rate":0.0,"timestamp":1610330553,"path_taken":["M","M","M","?","$","R","E","M","T","R","?","E","?","?","R","BOSS","M","$","M","?","?","E","?","R","T","?","E","M","?","?","R","BOSS","M","M","?","?","?","R","M","E","T","$","M","?","R","?","R","BOSS","BOSS"],"items_purchased_type":["Card","Relic","Relic","Relic","Relic","Relic","Card","Potion"],"build_version":"2020-12-22","purchased_purges":1,"victory":false,"max_hp_per_floor":[66,66,66,66,66,66,66,66,66,66,66,66,66,66,66,66,66,66,73,73,73,73,73,73,73,73,73,73,73,73,73,73,73,73,73,73,73,73,73,73,73,73,73,73,73,73,73,73,73,73,73,73],"card_choices":[{"not_picked":["Thinking Ahead","Chrysalis"],"picked":"Apotheosis","floor":0.0},{"not_picked":["Caltrops","Prepared"],"picked":"All Out Attack","floor":1.0},{"not_picked":["Sucker Punch","Backflip"],"picked":"Underhanded Strike","floor":2.0},{"not_picked":["Flying Knee","Well Laid Plans"],"picked":"Predator","floor":3.0},{"not_picked":["Dagger Throw","Deflect","Deadly Poison"],"picked":"SKIP","floor":7.0},{"not_picked":["Slice","Sucker Punch"],"picked":"Blur","floor":8.0},{"not_picked":["Dagger Spray","Dodge and Roll"],"picked":"Quick Slash","floor":11.0},{"not_picked":["Doppelganger","Infinite Blades"],"picked":"Acrobatics","floor":12.0},{"not_picked":["Malaise","Wraith Form v2"],"picked":"Night Terror","floor":16.0},{"not_picked":["Predator","Cloak And Dagger","Flying Knee"],"picked":"SKIP","floor":18.0},{"not_picked":["Dagger Throw","Dash"],"picked":"Cloak And Dagger","floor":20.0},{"not_picked":["All Out Attack","Backflip"],"picked":"Footwork","floor":23.0},{"not_picked":["Dodge and Roll+1","Dagger Spray"],"picked":"Blade Dance","floor":28.0},{"not_picked":["Predator","Masterful Stab+1"],"picked":"Blur","floor":29.0},{"not_picked":["Deadly Poison","Quick Slash"],"picked":"Prepared","floor":31.0},{"not_picked":["Glass Knife","Doppelganger"],"picked":"Phantasmal Killer","floor":33.0},{"not_picked":["Outmaneuver","Slice"],"picked":"Acrobatics+1","floor":35.0},{"not_picked":["All Out Attack","Distraction","Cloak And Dagger"],"picked":"SKIP","floor":36.0},{"not_picked":["Deflect","Escape Plan","Slice"],"picked":"SKIP","floor":38.0},{"not_picked":["Caltrops","Prepared+1","Flying Knee"],"picked":"SKIP","floor":41.0},{"not_picked":["Backstab+1","All Out Attack","Bullet Time"],"picked":"SKIP","floor":42.0},{"not_picked":["Setup","Dagger Spray"],"picked":"Leg Sweep","floor":45.0},{"not_picked":["Poisoned Stab","Predator+1"],"picked":"Accuracy","floor":46.0}],"player_experience":1407767,"relics_obtained":[{"floor":7.0,"key":"Bag of Preparation"},{"floor":9.0,"key":"Toy Ornithopter"},{"floor":11.0,"key":"White Beast Statue"},{"floor":12.0,"key":"Kunai"},{"floor":13.0,"key":"Odd Mushroom"},{"floor":22.0,"key":"Nilry\u0027s Codex"},{"floor":23.0,"key":"Sundial"},{"floor":26.0,"key":"The Courier"},{"floor":27.0,"key":"Red Mask"},{"floor":28.0,"key":"InkBottle"},{"floor":42.0,"key":"MealTicket"},{"floor":43.0,"key":"Whetstone"},{"floor":46.0,"key":"Turnip"},{"floor":48.0,"key":"Tough Bandages"}],"event_choices":[{"cards_removed":["Defend_G"],"damage_healed":0.0,"max_hp_gain":0.0,"max_hp_loss":0.0,"gold_gain":0.0,"event_name":"The Cleric","player_choice":"Card Removal","floor":4.0,"gold_loss":75.0,"damage_taken":0.0},{"damage_healed":0.0,"max_hp_gain":0.0,"max_hp_loss":0.0,"gold_gain":0.0,"event_name":"Dead Adventurer","player_choice":"Searched \u00271\u0027 times","floor":11.0,"gold_loss":0.0,"damage_taken":0.0},{"damage_healed":0.0,"max_hp_gain":0.0,"max_hp_loss":0.0,"gold_gain":0.0,"event_name":"Mushrooms","player_choice":"Fought Mushrooms","floor":13.0,"gold_loss":0.0,"damage_taken":0.0},{"damage_healed":0.0,"max_hp_gain":0.0,"max_hp_loss":0.0,"gold_gain":0.0,"event_name":"Match and Keep!","player_choice":"3 cards matched","floor":14.0,"gold_loss":0.0,"damage_taken":0.0,"cards_obtained":["Clumsy","Decay","Adrenaline"]},{"damage_healed":0.0,"max_hp_gain":0.0,"max_hp_loss":0.0,"gold_gain":0.0,"event_name":"The Mausoleum","player_choice":"Opened","floor":21.0,"gold_loss":0.0,"damage_taken":0.0,"relics_obtained":["Mummified Hand"],"cards_obtained":["Writhe"]},{"damage_healed":0.0,"max_hp_gain":0.0,"max_hp_loss":0.0,"gold_gain":0.0,"event_name":"Cursed Tome","player_choice":"Obtained Book","floor":22.0,"gold_loss":0.0,"damage_taken":21.0},{"damage_healed":0.0,"max_hp_gain":0.0,"max_hp_loss":0.0,"gold_gain":0.0,"event_name":"Masked Bandits","player_choice":"Fought Bandits","floor":27.0,"gold_loss":0.0,"damage_taken":0.0},{"cards_removed":["Writhe"],"damage_healed":0.0,"max_hp_gain":0.0,"max_hp_loss":0.0,"gold_gain":0.0,"event_name":"Beggar","player_choice":"Gave Gold","floor":30.0,"gold_loss":75.0,"damage_taken":0.0},{"damage_healed":0.0,"max_hp_gain":0.0,"max_hp_loss":0.0,"gold_gain":0.0,"cards_transformed":["Strike_G","Defend_G"],"event_name":"Designer","player_choice":"Transformed Cards","floor":37.0,"gold_loss":75.0,"damage_taken":0.0,"cards_obtained":["Night Terror","Heel Hook"]},{"damage_healed":0.0,"max_hp_gain":0.0,"max_hp_loss":0.0,"gold_gain":222.0,"event_name":"Tomb of Lord Red Mask","player_choice":"Wore Mask","floor":39.0,"gold_loss":0.0,"damage_taken":0.0},{"damage_healed":0.0,"max_hp_gain":0.0,"max_hp_loss":0.0,"gold_gain":0.0,"event_name":"Mysterious Sphere","player_choice":"Fight","floor":46.0,"gold_loss":0.0,"damage_taken":0.0},{"damage_healed":0.0,"max_hp_gain":0.0,"max_hp_loss":0.0,"gold_gain":0.0,"event_name":"MindBloom","player_choice":"Fight","floor":48.0,"gold_loss":0.0,"damage_taken":0.0}],"is_beta":false,"boss_relics":[{"not_picked":["Velvet Choker","Runic Pyramid"],"picked":"Cursed Key"},{"not_picked":["Black Star","Sozu"],"picked":"Fusion Hammer"}],"items_purged_floors":[19],"is_endless":false,"potions_floor_spawned":[1,7,8,12,13,16,18,20,23,27,28,29,31,33,35,36,38,41,42,45,46,48],"killed_by":"Time Eater","ascension_level":20}}