{"host":"c97twqu0op5dg8i4","time":1610399577,"event":{"mods":["AchievementEnabler","BaseMod","Colored Map","Minty Spire (QoL Compilation)","Permanent Neow"],"gold_per_floor":[109,184,78,78,30,30,30,30,56,75,75,93,111,135,135,264,264,285,285,285],"floor_reached":19,"playtime":618,"items_purged":[],"score":163,"play_id":"d6b13340-74cf-435d-b47c-edbc40d6c846","local_time":"20210111161257","is_ascension_mode":true,"campfire_choices":[{"data":"Deadly Poison","floor":6,"key":"SMITH"},{"data":"Accuracy","floor":8,"key":"SMITH"},{"data":"Glass Knife","floor":15,"key":"SMITH"}],"circlet_count":0,"master_deck":["Strike_G","Strike_G","Strike_G","Defend_G","Defend_G","Defend_G","Defend_G","Survivor","Neutralize","Eviscerate+1","Expertise+1","Storm of Steel+1","Dodge and Roll","Accuracy+1","Deadly Poison+1","Backflip","Glass Knife+1","Deadly Poison","Adrenaline"],"relics":["Astrolabe","Golden Idol","Potion Belt","Nunchaku","Black Star"],"acts_visited":["Exordium","TheCity"],"potions_floor_usage":[18],"damage_taken":[{"damage":1,"enemies":"Jaw Worm","floor":1,"turns":3},{"damage":0,"enemies":"Cultist","floor":10,"turns":3},{"damage":8,"enemies":"2 Louse","floor":12,"turns":3},{"damage":3,"enemies":"Large Slime","floor":13,"turns":4},{"damage":23,"enemies":"The Guardian","floor":16,"turns":10},{"damage":8,"enemies":"Spheric Guardian","floor":18,"turns":5},{"damage":0,"enemies":"3 Byrds","floor":19,"turns":1}],"seed_played":"689155485119902207","potions_obtained":[{"floor":12,"key":"Weak Potion"},{"floor":13,"key":"Block Potion"},{"floor":16,"key":"LiquidMemories"}],"is_trial":false,"path_per_floor":["M","?","$","?","$","R","?","R","T","M","?","M","M","T","R","B",null,"M","M"],"character_chosen":"THE_SILENT","items_purchased":["Accuracy","Deadly Poison","Backflip"],"campfire_rested":0,"item_purchase_floors":[3,3,5],"current_hp_per_floor":[69,62,62,45,45,45,62,62,62,62,55,47,44,44,44,21,67,59,59,59],"gold":285,"neow_bonus":"BOSS_RELIC","is_daily":false,"chose_seed":false,"campfire_upgraded":3,"win_rate":0.0,"timestamp":1610399577,"path_taken":["M","?","?","?","$","R","?","R","T","M","?","?","M","?","R","BOSS","M","M"],"items_purchased_type":["Card","Card","Card"],"build_version":"2020-12-22","purchased_purges":0,"victory":false,"max_hp_per_floor":[70,70,70,70,70,70,70,70,70,70,67,67,67,67,67,67,67,67,67,67],"card_choices":[{"not_picked":["Masterful Stab","Prepared"],"picked":"Dodge and Roll","floor":1},{"not_picked":["Heel Hook","Quick Slash","Prepared"],"picked":"SKIP","floor":10},{"not_picked":["Acrobatics","Dagger Spray"],"picked":"Glass Knife","floor":12},{"not_picked":["Sucker Punch","Bane"],"picked":"Deadly Poison","floor":13},{"not_picked":["Grand Finale","Bullet Time"],"picked":"Adrenaline","floor":16},{"not_picked":["Choke+1","Flechettes+1","Underhanded Strike+1"],"picked":"SKIP","floor":18}],"player_experience":137732,"relics_obtained":[{"floor":9,"key":"Potion Belt"},{"floor":14,"key":"Nunchaku"}],"event_choices":[{"damage_healed":0,"gold_gain":75,"player_choice":"Touch","damage_taken":7,"max_hp_gain":0,"max_hp_loss":0,"event_name":"FaceTrader","floor":2,"gold_loss":0},{"damage_healed":0,"gold_gain":0,"player_choice":"Take Damage","damage_taken":17,"relics_obtained":["Golden Idol"],"max_hp_gain":0,"max_hp_loss":0,"event_name":"Golden Idol","floor":4,"gold_loss":0},{"damage_healed":17,"gold_gain":0,"player_choice":"Healed and dodged fight","damage_taken":0,"max_hp_gain":0,"max_hp_loss":0,"event_name":"Mushrooms","floor":7,"gold_loss":0,"cards_obtained":["Parasite"]},{"cards_removed":["Parasite"],"damage_healed":0,"gold_gain":0,"player_choice":"Card Removal","damage_taken":7,"max_hp_gain":0,"max_hp_loss":0,"event_name":"Golden Wing","floor":11,"gold_loss":0}],"is_beta":false,"boss_relics":[{"not_picked":["Busted Crown","Pandora\u0027s Box"],"picked":"Black Star"}],"items_purged_floors":[],"is_endless":false,"potions_floor_spawned":[12,13,16],"killed_by":"3 Byrds","ascension_level":1}}