{"host":"mydft8i2zzydgggw","time":1610325859,"event":{"mods":["AchievementEnabler","BaseMod","BetterRewards","Colored Map","Colored Powertips","DeckTracker","Keyboard Shortcuts","Minty Spire (QoL Compilation)","Rare Cards Sparkle","StSLib","SuperFastMode","everything is the same but u backflip on backflip"],"gold_per_floor":[111,125,136,146,156,156,175,175,175,200,200,200,375,393,393,492,492,511,501,37,37,49,49,59,79,79,79,79],"floor_reached":27,"playtime":760,"items_purged":["Strike_R"],"score":285,"play_id":"e9678f00-7e38-4d01-a114-bc49d7f8f467","local_time":"20210111094419","is_ascension_mode":true,"campfire_choices":[{"data":"True Grit","floor":6,"key":"SMITH"},{"data":"Flame Barrier","floor":8,"key":"SMITH"},{"data":"Pommel Strike","floor":15,"key":"SMITH"},{"floor":23,"key":"REST"}],"circlet_count":0,"master_deck":["Strike_R","Strike_R","Strike_R","Strike_R","Defend_R","Defend_R","Defend_R","Defend_R","Bash","Pommel Strike+1","True Grit+1","Flame Barrier+1","Doubt","Exhume"],"relics":["Burning Blood","Calipers","Darkstone Periapt","StoneCalendar","Busted Crown","Anchor","Kunai","Paper Frog"],"acts_visited":["Exordium","TheCity"],"potions_floor_usage":[7,16,16,19,25,25,27],"damage_taken":[{"damage":11,"enemies":"Cultist","floor":1,"turns":4},{"damage":12,"enemies":"Small Slimes","floor":2,"turns":4},{"damage":0,"enemies":"2 Louse","floor":3,"turns":3},{"damage":3,"enemies":"Large Slime","floor":4,"turns":7},{"damage":15,"enemies":"3 Louse","floor":5,"turns":4},{"damage":6,"enemies":"2 Fungi Beasts","floor":7,"turns":5},{"damage":26,"enemies":"3 Sentries","floor":10,"turns":10},{"damage":11,"enemies":"Exordium Thugs","floor":14,"turns":6},{"damage":38,"enemies":"The Guardian","floor":16,"turns":15},{"damage":7,"enemies":"3 Byrds","floor":18,"turns":7},{"damage":8,"enemies":"2 Thieves","floor":19,"turns":4},{"damage":61,"enemies":"Cultist and Chosen","floor":22,"turns":9},{"damage":32,"enemies":"Snake Plant","floor":24,"turns":7},{"damage":2,"enemies":"Centurion and Healer","floor":25,"turns":7},{"damage":22,"enemies":"3 Cultists","floor":27,"turns":5}],"seed_played":"6217303001823153045","potions_obtained":[{"floor":5,"key":"Regen Potion"},{"floor":7,"key":"FearPotion"},{"floor":10,"key":"Strength Potion"},{"floor":16,"key":"ColorlessPotion"},{"floor":22,"key":"Explosive Potion"},{"floor":24,"key":"LiquidMemories"},{"floor":25,"key":"SkillPotion"}],"is_trial":false,"path_per_floor":["M","M","M","M","M","R","M","R","T","E","?","?","?","M","R","B",null,"M","M","$","?","M","R","M","M","T","M"],"character_chosen":"IRONCLAD","items_purchased":["Anchor","Kunai"],"campfire_rested":1,"item_purchase_floors":[20,20],"current_hp_per_floor":[67,61,67,70,61,61,70,70,70,50,55,55,61,56,56,24,74,73,71,71,71,16,43,17,21,21,0,0],"gold":79,"neow_bonus":"ONE_RARE_RELIC","is_daily":false,"chose_seed":false,"campfire_upgraded":3,"win_rate":0.0,"timestamp":1610325859,"path_taken":["M","?","M","M","M","R","?","R","T","E","?","?","?","M","R","BOSS","M","M","$","?","M","R","M","M","T","M"],"items_purchased_type":["Relic","Relic"],"build_version":"2020-12-22","purchased_purges":1,"victory":false,"max_hp_per_floor":[80,80,80,80,80,80,80,80,80,80,85,85,91,91,91,91,91,91,91,91,91,91,91,91,91,91,91,91],"card_choices":[{"not_picked":["Havoc","Heavy Blade"],"picked":"Pommel Strike","floor":1},{"not_picked":["True Grit","Heavy Blade","Sword Boomerang"],"picked":"SKIP","floor":2},{"not_picked":["Metallicize","Warcry","Armaments"],"picked":"SKIP","floor":3},{"not_picked":["Anger","Pommel Strike","Dark Embrace"],"picked":"SKIP","floor":4},{"not_picked":["Fire Breathing","Headbutt"],"picked":"True Grit","floor":5},{"not_picked":["Iron Wave","Rupture"],"picked":"Flame Barrier","floor":7},{"not_picked":["Berserk","Thunderclap","Havoc"],"picked":"SKIP","floor":10},{"not_picked":["Clothesline","True Grit","Blood for Blood"],"picked":"SKIP","floor":14},{"not_picked":["Bludgeon","Feed"],"picked":"Exhume","floor":16},{"not_picked":["Rampage"],"picked":"SKIP","floor":18},{"not_picked":["Twin Strike"],"picked":"SKIP","floor":19},{"not_picked":["Flame Barrier"],"picked":"SKIP","floor":22},{"not_picked":["Havoc+1"],"picked":"SKIP","floor":24},{"not_picked":["Clash+1"],"picked":"SKIP","floor":25}],"player_experience":160599,"relics_obtained":[{"floor":9,"key":"Darkstone Periapt"},{"floor":10,"key":"StoneCalendar"},{"floor":26,"key":"Paper Frog"}],"event_choices":[{"damage_healed":0,"gold_gain":0,"player_choice":"Donut","damage_taken":0,"max_hp_gain":5,"max_hp_loss":0,"event_name":"Big Fish","floor":11,"gold_loss":0},{"cards_removed":["Clumsy"],"damage_healed":0,"gold_gain":0,"player_choice":"Forget","damage_taken":0,"max_hp_gain":0,"max_hp_loss":0,"event_name":"Living Wall","floor":12,"gold_loss":0},{"damage_healed":0,"gold_gain":175,"player_choice":"AGREE","damage_taken":0,"max_hp_gain":0,"max_hp_loss":0,"event_name":"Liars Game","floor":13,"gold_loss":0,"cards_obtained":["Doubt"]},{"damage_healed":0,"gold_gain":0,"player_choice":"Ignored","damage_taken":0,"max_hp_gain":0,"max_hp_loss":0,"event_name":"Ghosts","floor":21,"gold_loss":0}],"is_beta":false,"boss_relics":[{"not_picked":["Astrolabe","Velvet Choker"],"picked":"Busted Crown"}],"items_purged_floors":[20],"is_endless":false,"potions_floor_spawned":[5,7,10,16,22,24,25],"killed_by":"3 Cultists","ascension_level":6}}