{"host":"3oax8yz66k5njorr","time":1610381092,"event":{"mods":["AchievementEnabler","BaseMod","Colored Map","Colored Powertips","DeckTracker","Minty Spire (QoL Compilation)"],"gold_per_floor":[119,135,135,50,50,50,88,111,111,111,60,93,113,136,136,257,257,271,295,315,230,245,245,170,44,69,85,85,106,119,138,138,267,267,267],"floor_reached":34,"playtime":1635,"items_purged":["Strike_G"],"score":391,"play_id":"94488184-992c-4921-8a1f-350a655956ff","local_time":"20210112010452","is_ascension_mode":false,"campfire_choices":[{"data":"Prepared","floor":6,"key":"SMITH"},{"data":"Tactician","floor":10,"key":"SMITH"},{"data":"Poisoned Stab","floor":15,"key":"SMITH"},{"floor":23,"key":"REST"},{"floor":28,"key":"REST"},{"data":"After Image","floor":32,"key":"SMITH"}],"circlet_count":0,"master_deck":["Strike_G","Strike_G","Strike_G","Defend_G","Defend_G","Defend_G","Defend_G","Defend_G","Survivor","Neutralize","PiercingWail","Tactician+1","Prepared+1","Poisoned Stab+1","Sucker Punch","Quick Slash","Backflip","Acrobatics","After Image+1","Reflex","Deadly Poison","Deadly Poison+1","PiercingWail","Poisoned Stab","Backstab","Burst"],"relics":["Ring of the Snake","NeowsBlessing","Golden Idol","Singing Bowl","Lantern","Pantograph","SlaversCollar","Toy Ornithopter","Pen Nib"],"acts_visited":["Exordium","TheCity","TheBeyond"],"potions_floor_usage":[12,16,33,33],"damage_taken":[{"damage":0,"enemies":"Cultist","floor":1,"turns":1},{"damage":0,"enemies":"Small Slimes","floor":2,"turns":1},{"damage":0,"enemies":"Lagavulin","floor":7,"turns":1},{"damage":4,"enemies":"Jaw Worm","floor":8,"turns":4},{"damage":31,"enemies":"3 Sentries","floor":12,"turns":9},{"damage":0,"enemies":"Blue Slaver","floor":13,"turns":4},{"damage":3,"enemies":"3 Louse","floor":14,"turns":4},{"damage":58,"enemies":"Hexaghost","floor":16,"turns":15},{"damage":13,"enemies":"3 Byrds","floor":18,"turns":7},{"damage":16,"enemies":"Shell Parasite","floor":19,"turns":9},{"damage":16,"enemies":"Snake Plant","floor":20,"turns":5},{"damage":11,"enemies":"Chosen and Byrds","floor":22,"turns":8},{"damage":14,"enemies":"Centurion and Healer","floor":27,"turns":7},{"damage":12,"enemies":"3 Cultists","floor":29,"turns":6},{"damage":7,"enemies":"Shelled Parasite and Fungi","floor":30,"turns":6},{"damage":0,"enemies":"Snake Plant","floor":31,"turns":4},{"damage":44,"enemies":"Automaton","floor":33,"turns":10}],"seed_played":"-9164875624096225862","potions_obtained":[{"floor":2,"key":"Swift Potion"},{"floor":7,"key":"LiquidMemories"},{"floor":12,"key":"Energy Potion"},{"floor":20,"key":"Energy Potion"},{"floor":22,"key":"BlessingOfTheForge"},{"floor":27,"key":"Energy Potion"},{"floor":30,"key":"FairyPotion"},{"floor":33,"key":"Ancient Potion"}],"is_trial":false,"path_per_floor":["M","M","?","$","?","R","E","M","T","R","$","E","M","M","R","B",null,"M","M","M","?","M","R","?","$","T","M","R","M","M","M","R","B",null],"character_chosen":"THE_SILENT","items_purchased":["Tactician","Prepared","Quick Slash","PiercingWail"],"campfire_rested":2,"item_purchase_floors":[4,4,11,25],"current_hp_per_floor":[70,70,53,53,70,70,70,66,66,66,66,35,37,34,34,1,72,59,43,27,27,18,40,40,40,40,26,48,38,33,33,33,24,78,78],"gold":267,"neow_bonus":"THREE_ENEMY_KILL","is_daily":false,"chose_seed":false,"campfire_upgraded":4,"win_rate":0.0,"timestamp":1610381092,"path_taken":["M","M","?","$","?","R","E","M","T","R","?","E","M","M","R","BOSS","M","M","M","?","M","R","?","$","T","M","R","?","M","M","R","BOSS"],"items_purchased_type":["Card","Card","Card","Card"],"build_version":"2020-12-22","purchased_purges":1,"victory":false,"max_hp_per_floor":[70,70,70,70,70,70,70,70,70,70,70,70,72,72,72,72,72,72,72,72,72,74,74,74,74,74,74,74,76,78,78,78,78,78,78],"card_choices":[{"not_picked":["Slice","Well Laid Plans","Finisher"],"picked":"SKIP","floor":1},{"not_picked":["Flying Knee","All Out Attack"],"picked":"PiercingWail","floor":2},{"not_picked":["Outmaneuver","Deadly Poison"],"picked":"Poisoned Stab","floor":7},{"not_picked":["Flying Knee","Heel Hook"],"picked":"Sucker Punch","floor":8},{"not_picked":["Flechettes","Wraith Form v2"],"picked":"Backflip","floor":12},{"not_picked":["Backflip","Caltrops","Eviscerate"],"picked":"Singing Bowl","floor":13},{"not_picked":["Heel Hook","Slice"],"picked":"Acrobatics","floor":14},{"not_picked":["Glass Knife","Malaise"],"picked":"After Image","floor":16},{"not_picked":["Outmaneuver","Sucker Punch"],"picked":"Reflex","floor":18},{"not_picked":["Distraction","Quick Slash+1"],"picked":"Deadly Poison","floor":19},{"not_picked":["Heel Hook+1","Blade Dance"],"picked":"Deadly Poison+1","floor":20},{"not_picked":["Deflect","Quick Slash+1","Prepared"],"picked":"Singing Bowl","floor":22},{"not_picked":["Slice","Dagger Throw"],"picked":"Poisoned Stab","floor":27},{"not_picked":["Flechettes","Dagger Throw","Prepared"],"picked":"Singing Bowl","floor":29},{"not_picked":["Underhanded Strike","Dagger Throw","Outmaneuver"],"picked":"Singing Bowl","floor":30},{"not_picked":["Skewer","Poisoned Stab"],"picked":"Backstab","floor":31},{"not_picked":["Phantasmal Killer","Venomology"],"picked":"Burst","floor":33}],"player_experience":34385,"relics_obtained":[{"floor":7,"key":"Singing Bowl"},{"floor":9,"key":"Lantern"},{"floor":12,"key":"Pantograph"},{"floor":26,"key":"Pen Nib"}],"event_choices":[{"damage_healed":0,"gold_gain":0,"player_choice":"Take Damage","damage_taken":17,"relics_obtained":["Golden Idol"],"max_hp_gain":0,"max_hp_loss":0,"event_name":"Golden Idol","floor":3,"gold_loss":0},{"damage_healed":23,"gold_gain":0,"player_choice":"Banana","damage_taken":0,"max_hp_gain":0,"max_hp_loss":0,"event_name":"Big Fish","floor":5,"gold_loss":0},{"damage_healed":0,"gold_gain":0,"player_choice":"Obtained Relic","damage_taken":0,"relics_obtained":["Toy Ornithopter"],"max_hp_gain":0,"max_hp_loss":0,"event_name":"Addict","floor":21,"gold_loss":85},{"cards_removed":["Strike_G"],"damage_healed":0,"gold_gain":0,"player_choice":"Gave Gold","damage_taken":0,"max_hp_gain":0,"max_hp_loss":0,"event_name":"Beggar","floor":24,"gold_loss":75}],"is_beta":false,"boss_relics":[{"not_picked":["Black Star","Fusion Hammer"],"picked":"SlaversCollar"},{"not_picked":["Busted Crown","Cursed Key","Coffee Dripper"]}],"items_purged_floors":[25],"is_endless":false,"potions_floor_spawned":[2,7,12,20,22,27,30,33],"ascension_level":0}}