{"host":"vm3f1ccwgbs4oygt","time":1610368147,"event":{"mods":["BaseMod","BetterRewards","Colored Powertips","Energized Spire","Minty Spire (QoL Compilation)","Permanent Neow","Shop Mod","StSLib"],"gold_per_floor":[114,124,124,124,138,171,194,208,231,252,252,252,277,302,302,426,426,449,449,449,467,57,93,93,93,93,137,137,17,50,50,50,50,50],"floor_reached":33,"playtime":89783,"items_purged":[],"score":307,"play_id":"6877b14a-711e-412d-a191-79f56649a662","local_time":"20210111132907","is_ascension_mode":false,"campfire_choices":[{"data":"Bloodletting","floor":12,"key":"SMITH"},{"data":"Spot Weakness","floor":15,"key":"SMITH"},{"floor":24,"key":"REST"},{"floor":28,"key":"REST"},{"data":"Apotheosis","floor":32,"key":"SMITH"}],"circlet_count":0,"master_deck":["Strike_R","Strike_R","Strike_R","Strike_R","Strike_R+1","Defend_R","Defend_R","Defend_R","Defend_R","Bash+1","Fire Breathing","Bloodletting+1","Injury","Searing Blow","Clothesline","Flex","Perfected Strike","Body Slam","Spot Weakness+1","Feed","RitualDagger","Heavy Blade","Apotheosis+1","Anger+1","Metallicize","Metallicize","Spot Weakness"],"relics":["Burning Blood","NeowsBlessing","Golden Idol","Omamori","Orichalcum","Cursed Key","Matryoshka","PreservedInsect","Magic Flower","Toy Ornithopter","Paper Frog","Shuriken"],"acts_visited":["Exordium","TheCity"],"potions_floor_usage":[6,6,16,23,30,31],"damage_taken":[{"damage":0,"enemies":"2 Louse","floor":1,"turns":1},{"damage":0,"enemies":"Small Slimes","floor":2,"turns":1},{"damage":0,"enemies":"Jaw Worm","floor":5,"turns":1},{"damage":25,"enemies":"Gremlin Nob","floor":6,"turns":4},{"damage":2,"enemies":"Looter","floor":7,"turns":4},{"damage":23,"enemies":"Lots of Slimes","floor":8,"turns":4},{"damage":13,"enemies":"Blue Slaver","floor":10,"turns":3},{"damage":3,"enemies":"Red Slaver","floor":13,"turns":4},{"damage":5,"enemies":"Exordium Wildlife","floor":14,"turns":4},{"damage":22,"enemies":"Slime Boss","floor":16,"turns":7},{"damage":22,"enemies":"Spheric Guardian","floor":18,"turns":4},{"damage":30,"enemies":"Shell Parasite","floor":21,"turns":6},{"damage":20,"enemies":"Gremlin Leader","floor":23,"turns":5},{"damage":25,"enemies":"Book of Stabbing","floor":27,"turns":4},{"damage":39,"enemies":"Gremlin Leader","floor":30,"turns":6},{"damage":0,"enemies":"Snake Plant","floor":31,"turns":1},{"damage":80,"enemies":"Collector","floor":33,"turns":6}],"seed_played":"-3719332319316655739","potions_obtained":[{"floor":1,"key":"Strength Potion"},{"floor":5,"key":"FearPotion"},{"floor":8,"key":"Dexterity Potion"},{"floor":18,"key":"EssenceOfSteel"},{"floor":30,"key":"SmokeBomb"}],"is_trial":false,"path_per_floor":["M","M","?","?","M","E","M","M","T","M","?","R","M","M","R","B",null,"M","?","?","M","$","E","R","?","T","E","R","$","E","M","R","B"],"character_chosen":"IRONCLAD","items_purchased":["Apotheosis","Matryoshka","BloodPotion","Metallicize"],"campfire_rested":2,"item_purchase_floors":[22,22,29,29],"current_hp_per_floor":[80,80,80,85,85,66,70,53,53,46,29,29,32,33,33,17,85,72,66,66,42,42,28,54,46,46,30,56,56,60,77,77,0,0],"gold":50,"neow_bonus":"THREE_ENEMY_KILL","is_daily":false,"chose_seed":false,"campfire_upgraded":3,"win_rate":0.0,"timestamp":1610368147,"path_taken":["M","M","?","?","M","E","M","M","T","M","?","R","M","M","R","BOSS","M","?","?","M","$","E","R","?","T","E","R","$","E","?","R","BOSS"],"items_purchased_type":["Card","Relic","Potion","Card"],"build_version":"2020-12-22","purchased_purges":0,"victory":false,"max_hp_per_floor":[80,80,80,85,85,85,85,85,85,85,85,85,85,85,85,85,85,88,88,88,88,88,88,88,88,88,88,88,88,88,88,88,88,88],"card_choices":[{"not_picked":["Perfected Strike","Wild Strike"],"picked":"Fire Breathing","floor":1},{"not_picked":["Armaments","Dark Embrace"],"picked":"Bloodletting","floor":2},{"not_picked":["Second Wind","True Grit"],"picked":"Searing Blow","floor":5},{"not_picked":["Sword Boomerang","True Grit"],"picked":"Clothesline","floor":6},{"not_picked":["Twin Strike","Body Slam"],"picked":"Flex","floor":7},{"not_picked":["Havoc","Combust"],"picked":"Perfected Strike","floor":8},{"not_picked":["Havoc","Thunderclap"],"picked":"Body Slam","floor":10},{"not_picked":["Infernal Blade","Clash","Twin Strike"],"picked":"SKIP","floor":13},{"not_picked":["Infernal Blade","Shockwave"],"picked":"Spot Weakness","floor":14},{"not_picked":["Offering","Corruption"],"picked":"Feed","floor":16},{"not_picked":["Thunderclap","Combust","Clash"],"picked":"SKIP","floor":18},{"not_picked":["Anger","True Grit"],"picked":"Heavy Blade","floor":21},{"not_picked":["Cleave","Clash"],"picked":"Anger+1","floor":23},{"not_picked":["Headbutt","Impervious"],"picked":"Metallicize","floor":27},{"not_picked":["Anger","Evolve"],"picked":"Spot Weakness","floor":30}],"player_experience":214402,"relics_obtained":[{"floor":6,"key":"Omamori"},{"floor":9,"key":"Orichalcum"},{"floor":23,"key":"PreservedInsect"},{"floor":26,"key":"Magic Flower"},{"floor":26,"key":"Toy Ornithopter"},{"floor":27,"key":"Paper Frog"},{"floor":30,"key":"Shuriken"}],"event_choices":[{"damage_healed":0,"gold_gain":0,"player_choice":"Take Wound","damage_taken":0,"relics_obtained":["Golden Idol"],"max_hp_gain":0,"max_hp_loss":0,"event_name":"Golden Idol","floor":3,"gold_loss":0,"cards_obtained":["Injury"]},{"damage_healed":0,"gold_gain":0,"player_choice":"Donut","damage_taken":0,"max_hp_gain":5,"max_hp_loss":0,"event_name":"Big Fish","floor":4,"gold_loss":0},{"damage_healed":0,"gold_gain":0,"player_choice":"Entered Light","damage_taken":17,"max_hp_gain":0,"max_hp_loss":0,"event_name":"Shining Light","floor":11,"gold_loss":0,"cards_upgraded":["Bash","Strike_R"]},{"damage_healed":0,"gold_gain":0,"player_choice":"Joined the Cult","damage_taken":6,"max_hp_gain":0,"max_hp_loss":0,"event_name":"Nest","floor":19,"gold_loss":0,"cards_obtained":["RitualDagger"]},{"damage_healed":0,"gold_gain":0,"player_choice":"Ignored","damage_taken":0,"max_hp_gain":0,"max_hp_loss":0,"event_name":"Ghosts","floor":20,"gold_loss":0},{"damage_healed":0,"gold_gain":0,"player_choice":"Damaged","damage_taken":8,"max_hp_gain":0,"max_hp_loss":0,"event_name":"Wheel of Change","floor":25,"gold_loss":0}],"is_beta":false,"boss_relics":[{"not_picked":["Runic Pyramid","Empty Cage"],"picked":"Cursed Key"}],"items_purged_floors":[],"is_endless":false,"potions_floor_spawned":[1,5,8,18,30],"killed_by":"Collector","ascension_level":0}}