{"host":"fhq3k2nq5elnbks3","time":1610358511,"event":{"mods":["100% Spire Juice","2.2 Compatiblity","AchievementEnabler","Act Like it!","AlwaysNeverKeys","Aspiration","BaseMod","Better-Laid Plans","Block Reminder","Card Filter","Colored Powertips","Displayed Cursed Tome","GifTheSpireLib","Gremlin Skip","HololiveMod","Minty Spire (QoL Compilation)","Permanent Neow","Prisma Mod","Quick Restart","Reimu??????","Relic Filter","Shop Mod","Spikes Relics","StSLib","SuperFastMode","The Animator","The Gatherer","The Wild Card","TheBandit","Transform Curses","Uncapped","Unknown Chances","thorton","vexMod"],"gold_per_floor":[85,102,117,135,159,191,191,237,260,273,273,317,336,351,351,490,490,517,546,96,122,142,206,206,239,239,239,239,251,251,251,251,390,390,403,216,216,137,171,171,218,237,237,267,267,297,0,0,0,7,7,7,7],"floor_reached":52,"playtime":3176,"items_purged":[],"score":1474,"play_id":"acbe2e39-2e69-45de-8ced-fe39e06ca647","local_time":"20210111034831","is_ascension_mode":true,"campfire_choices":[{"data":"Hololive_CallRoboco","floor":7,"key":"SMITH"},{"data":"Hololive_CallDoris","floor":11,"key":"SMITH"},{"data":"Hololive_CallMoonaHoshinova","floor":15,"key":"SMITH"},{"data":"Hololive_CallNatsuiroMatsuri","floor":24,"key":"SMITH"},{"data":"Hololive_CallShiroganeNoel","floor":28,"key":"SMITH"},{"data":"Hololive_CallOkamiMio","floor":30,"key":"SMITH"},{"data":"Hololive_Thief","floor":32,"key":"SMITH"},{"data":"Hololive_CallYozoraMel","floor":40,"key":"SMITH"},{"data":"Hololive_CallHimemoriLuna","floor":45,"key":"SMITH"},{"floor":49,"key":"REST"},{"floor":52,"key":"REST"}],"circlet_count":0,"master_deck":["Hololive_Strike+1","Hololive_Strike+1","Hololive_Defend+1","Hololive_Defend+1","Hololive_OvertimeWork+1","Hololive_CallRosalyn+1","Hololive_CallRoboco+1","Hololive_CallArtia+1","Hololive_CallTokinoSora+1","Hololive_CallYozoraMel+1","Hololive_CallHoshimachiSuisei+1","Hololive_CallTokoyamiTowa+1","Hololive_CallSakuraMiko+1","Hololive_CallTsunomakiWatame+1","Hololive_CallUsadaPekora+1","Hololive_CallDoris+1","Hololive_CallAyundaRisu+1","Hololive_CallAkiRosenthal+1","Hololive_CallMoonaHoshinova+1","Hololive_CallUruhaRushia+1","Hololive_Thief+1","Hololive_CallAZKi+1","Hololive_CallShiroganeNoel+1","Hololive_FlyingPonyTail+1","Hololive_CallFriendA+1","Hololive_CallOkamiMio+1","Hololive_CallNatsuiroMatsuri+1","Hololive_CallAiraniIofifteen+1","Hololive_FlyingPonyTail+1","Hololive_Thief+1","Hololive_CallMurasakiShion+1","Hololive_CallHimemoriLuna+1","Hololive_FlyingPonyTail+1","Hololive_CallYuzukiChoco+1","Hololive_CallMinatoAqua+1","Hololive_CallInugamiKorone+1"],"relics":["Hololive_TheStar","animator:PurgingStone","Anchor","vexMod:BarristanHead","vexMod:Dragonfruit","thethorton:BottledFunds","MerchantsRug","CrustySpines","aspiration:ChemicalBlood","Bronze Scales","Mummified Hand","Enchiridion","thethorton:CrushedCigarette","Happy Flower","Blood Vial","MiniBlackHole","Pocketwatch","Red Mask","Mark of the Bloom"],"acts_visited":["Exordium","TheCity","TheBeyond","TheEnding"],"potions_floor_usage":[],"damage_taken":[{"damage":0,"enemies":"Cultist","floor":1,"turns":4},{"damage":0,"enemies":"2 Louse","floor":2,"turns":3},{"damage":0,"enemies":"Small Slimes","floor":3,"turns":3},{"damage":0,"enemies":"3 Louse","floor":4,"turns":4},{"damage":0,"enemies":"Red Slaver","floor":5,"turns":3},{"damage":0,"enemies":"Gremlin Nob","floor":6,"turns":4},{"damage":0,"enemies":"3 Sentries","floor":8,"turns":6},{"damage":0,"enemies":"Lots of Slimes","floor":10,"turns":4},{"damage":0,"enemies":"Gremlin Nob","floor":12,"turns":4},{"damage":0,"enemies":"3 Louse","floor":13,"turns":3},{"damage":0,"enemies":"Large Slime","floor":14,"turns":3},{"damage":0,"enemies":"Hexaghost","floor":16,"turns":7},{"damage":0,"enemies":"Chosen","floor":18,"turns":4},{"damage":0,"enemies":"Spheric Guardian","floor":19,"turns":4},{"damage":0,"enemies":"Shelled Parasite and Fungi","floor":21,"turns":4},{"damage":0,"enemies":"Snecko","floor":22,"turns":4},{"damage":0,"enemies":"Gremlin Leader","floor":23,"turns":7},{"damage":0,"enemies":"Slavers","floor":25,"turns":5},{"damage":0,"enemies":"Sentry and Sphere","floor":29,"turns":2},{"damage":0,"enemies":"Collector","floor":33,"turns":6},{"damage":0,"enemies":"3 Darklings","floor":35,"turns":5},{"damage":0,"enemies":"3 Shapes","floor":39,"turns":2},{"damage":0,"enemies":"Maw","floor":41,"turns":6},{"damage":0,"enemies":"Writhing Mass","floor":42,"turns":3},{"damage":0,"enemies":"Reptomancer","floor":44,"turns":5},{"damage":0,"enemies":"Nemesis","floor":46,"turns":5},{"damage":0,"enemies":"Time Eater","floor":50,"turns":7}],"seed_played":"1448334121879044051","potions_obtained":[{"floor":2,"key":"FearPotion"},{"floor":5,"key":"SpeedPotion"},{"floor":8,"key":"SkillPotion"},{"floor":25,"key":"BlessingOfTheForge"},{"floor":41,"key":"Fire Potion"},{"floor":42,"key":"Energy Potion"}],"is_trial":false,"path_per_floor":["M","M","M","M","M","E","R","E","T","M","R","E","M","M","R","B",null,"M","M","$","M","M","E","R","E","T","?","R","M","R","?","R","B",null,"M","$","?","$","M","R","M","M","T","E","R","E","?","?","R","B",null,"R"],"character_chosen":"Hololive_HololiveCharacter","items_purchased":["MerchantsRug","Hololive_CallShiroganeNoel","CrustySpines","Hololive_FlyingPonyTail","Hololive_CallMurasakiShion","Happy Flower","Hololive_CallHimemoriLuna"],"campfire_rested":2,"item_purchase_floors":[20,20,20,20,36,36,38],"current_hp_per_floor":[35,35,35,35,35,42,42,42,42,42,42,47,47,47,47,47,47,47,47,47,47,47,47,47,47,47,47,47,50,50,34,34,37,49,55,55,56,56,59,59,62,65,65,68,68,71,71,71,71,71,71,71,71],"gold":7,"neow_bonus":"NOSTALGIA","is_daily":false,"chose_seed":false,"campfire_upgraded":9,"win_rate":0.0,"timestamp":1610358511,"path_taken":["M","M","M","M","M","E","R","E","T","M","R","E","M","M","R","BOSS","M","M","$","?","M","E","R","E","T","?","R","M","R","?","R","BOSS","M","$","?","$","M","R","M","M","T","E","R","E","?","?","R","BOSS","R"],"items_purchased_type":["Relic","Card","Relic","Card","Card","Relic","Card"],"build_version":"2020-12-22","purchased_purges":0,"victory":false,"max_hp_per_floor":[35,35,35,35,35,42,42,42,42,42,42,47,47,47,47,47,47,47,47,47,47,47,47,47,47,47,47,47,50,50,50,50,53,53,56,56,56,56,59,59,62,65,65,68,68,71,71,71,71,74,74,74,74],"card_choices":[{"not_picked":["Hololive_ILoveYou","Hololive_Yoholoon","Hololive_Rebound","Hololive_Spy"],"picked":"SKIP","floor":1},{"not_picked":["Hololive_Psychosis","Hololive_CocoNews","Hololive_FlyingPonyTail"],"picked":"Hololive_CallHoshimachiSuisei","floor":2},{"not_picked":["Hololive_Drill","Hololive_Breathe","Hololive_LuckPotion"],"picked":"Hololive_CallTokoyamiTowa","floor":3},{"not_picked":["Hololive_CallAkaiHaato","Hololive_StrengthChampion","Hololive_CocoNews"],"picked":"Hololive_CallSakuraMiko","floor":4},{"not_picked":["Hololive_AWSL","Hololive_FlyingPonyTail","Hololive_CallAiraniIofifteen"],"picked":"Hololive_CallTsunomakiWatame","floor":5},{"not_picked":["Hololive_FlyingPonyTail","Hololive_CallHimemoriLuna","Hololive_CallTokinoSora"],"picked":"Hololive_CallUsadaPekora","floor":6},{"not_picked":["Hololive_FlyingPonyTail","Hololive_CallYozoraMel","Hololive_Trident"],"picked":"Hololive_CallDoris","floor":8},{"not_picked":["Hololive_FlyingPonyTail","Hololive_Drill","Hololive_Trident"],"picked":"Hololive_CallAyundaRisu","floor":10},{"not_picked":["Hololive_Trident","Hololive_CallSpadeEcho","Hololive_CallOzoraSubaru"],"picked":"Hololive_CallAkiRosenthal","floor":12},{"not_picked":["Hololive_Drill","Hololive_FlyingPonyTail","Hololive_HuntDinosaur"],"picked":"Hololive_CallMoonaHoshinova","floor":13},{"not_picked":["Hololive_Trident","Hololive_HuntDinosaur","Hololive_FlyingPonyTail"],"picked":"Hololive_CallUruhaRushia","floor":14},{"not_picked":["Hololive_FlareMind","Hololive_BeCareful","Hololive_ScarfAndHalo"],"picked":"Hololive_Thief","floor":16},{"not_picked":["Hololive_Rebound+1","Hololive_OvertimeWork+1","Hololive_Psychosis","Hololive_Breathe"],"picked":"SKIP","floor":18},{"not_picked":["Hololive_CocoNews+1","Hololive_Breathe+1","Hololive_CallShishiroBotan"],"picked":"Hololive_CallAZKi","floor":19},{"not_picked":["Hololive_RevenueBasedLive","Hololive_CocoNews","Hololive_CallYuzukiChoco"],"picked":"Hololive_CallFriendA+1","floor":21},{"not_picked":["Hololive_FlyingPonyTail","Hololive_LuckPotion","Hololive_CallMoonaHoshinova"],"picked":"Hololive_CallOkamiMio","floor":22},{"not_picked":["Hololive_Sequa","Hololive_StrengthChampion","Hololive_Psychosis"],"picked":"Hololive_CallNatsuiroMatsuri","floor":23},{"not_picked":["Hololive_Sequa","Hololive_CallCivia+1","Hololive_RevenueBasedLive"],"picked":"Hololive_CallAiraniIofifteen","floor":25},{"not_picked":["Hololive_Rebound","Hololive_RevenueBasedLive","Hololive_CallArtia"],"picked":"Hololive_FlyingPonyTail","floor":29},{"not_picked":["Hololive_BeCareful","Hololive_FlareMind","Hololive_IdolExercise"],"picked":"Hololive_Thief","floor":33},{"not_picked":["Hololive_HuntDinosaur","Hololive_CallRosalyn+1","Hololive_Trident+1","Hololive_RevenueBasedLive"],"picked":"SKIP","floor":35},{"not_picked":["Hololive_HuntDinosaur+1","Hololive_Psychosis+1","Hololive_Rebound"],"picked":"Hololive_FlyingPonyTail+1","floor":39},{"not_picked":["Hololive_RevenueBasedLive+1","Hololive_ILoveYou","Hololive_Trident+1"],"picked":"Hololive_CallYuzukiChoco","floor":41},{"not_picked":["Hololive_Sequa","Hololive_CallManoAloe","Hololive_CallShishiroBotan"],"picked":"Hololive_CallMinatoAqua","floor":42},{"not_picked":["Hololive_ScarfAndHalo","Hololive_Sequa+1","Hololive_Breathe+1","Hololive_Trident"],"picked":"SKIP","floor":44},{"not_picked":["Hololive_HuntDinosaur+1","Hololive_CallShiroganeNoel+1","Hololive_CocoNews+1"],"picked":"Hololive_CallInugamiKorone+1","floor":46}],"player_experience":474776,"relics_obtained":[{"floor":6,"key":"Strawberry"},{"floor":8,"key":"Anchor"},{"floor":9,"key":"vexMod:BarristanHead"},{"floor":12,"key":"vexMod:Dragonfruit"},{"floor":23,"key":"aspiration:ChemicalBlood"},{"floor":25,"key":"Bronze Scales"},{"floor":26,"key":"Mummified Hand"},{"floor":43,"key":"Blood Vial"},{"floor":44,"key":"MiniBlackHole"},{"floor":46,"key":"Pocketwatch"}],"event_choices":[{"damage_healed":0,"gold_gain":0,"player_choice":"Obtained Book","damage_taken":16,"max_hp_gain":0,"max_hp_loss":0,"event_name":"Cursed Tome","floor":31,"gold_loss":0},{"damage_healed":0,"gold_gain":0,"player_choice":"Paid","damage_taken":0,"relics_obtained":["Red Mask"],"max_hp_gain":0,"max_hp_loss":0,"event_name":"Tomb of Lord Red Mask","floor":47,"gold_loss":297},{"damage_healed":0,"gold_gain":0,"player_choice":"Upgrade","damage_taken":0,"relics_obtained":["Mark of the Bloom"],"max_hp_gain":0,"max_hp_loss":0,"event_name":"MindBloom","floor":48,"gold_loss":0,"cards_upgraded":["Hololive_Strike","Hololive_Strike","Hololive_Defend","Hololive_Defend","Hololive_OvertimeWork","Hololive_CallRosalyn","Hololive_CallArtia","Hololive_CallTokinoSora","Hololive_CallHoshimachiSuisei","Hololive_CallTokoyamiTowa","Hololive_CallSakuraMiko","Hololive_CallTsunomakiWatame","Hololive_CallUsadaPekora","Hololive_CallAyundaRisu","Hololive_CallAkiRosenthal","Hololive_CallUruhaRushia","Hololive_CallAZKi","Hololive_FlyingPonyTail","Hololive_CallAiraniIofifteen","Hololive_FlyingPonyTail","Hololive_Thief","Hololive_CallMurasakiShion","Hololive_CallYuzukiChoco","Hololive_CallMinatoAqua"]}],"is_beta":false,"boss_relics":[{"not_picked":["Sozu","vexMod:DeviousBotling"],"picked":"thethorton:BottledFunds"},{"not_picked":["Calling Bell","SacredBark"],"picked":"thethorton:CrushedCigarette"}],"items_purged_floors":[],"is_endless":false,"potions_floor_spawned":[2,5,8,12,16,19,25,41,42],"ascension_level":5}}