{"host":"f6w7z8zvb0mi4wy9","time":1610408313,"event":{"mods":["BaseMod","Colored Map","Minty Spire (QoL Compilation)","READ ME - Guardian Mod","StSLib","SuperFastMode","The Jungle"],"gold_per_floor":[113,113,66,85,260,292,292,317,396,414,446,458,500,512,524,536,536],"floor_reached":16,"playtime":323,"items_purged":[],"score":159,"play_id":"d30c9add-7e72-401b-9ff7-6e86dc91c660","local_time":"20210112083833","is_ascension_mode":true,"campfire_choices":[{"data":"Neutralize","floor":7.0,"key":"SMITH"},{"data":"Discovery","floor":12,"key":"SMITH"},{"floor":15,"key":"REST"}],"circlet_count":0,"master_deck":["Strike_G","Strike_G","Strike_G","Strike_G","Strike_G","Defend_G","Defend_G","Defend_G","Defend_G","Defend_G","Survivor","Neutralize+1","Reflex","Discovery+1","Poisoned Stab","Blade Dance","Doubt","Corpse Explosion","Deadly Poison","Bane","Tactician"],"relics":["Ring of the Snake","NeowsBlessing","Akabeko","Strawberry","Ornamental Fan","MawBank","Mercury Hourglass","Golden Idol"],"acts_visited":["Exordium"],"potions_floor_usage":[8,11,16],"damage_taken":[{"damage":0.0,"enemies":"Small Slimes","floor":1.0,"turns":1.0},{"damage":0.0,"enemies":"Cultist","floor":4.0,"turns":1.0},{"damage":0.0,"enemies":"Lagavulin","floor":6.0,"turns":1.0},{"damage":7,"enemies":"Gremlin Nob","floor":8,"turns":3},{"damage":0,"enemies":"2 Louse","floor":10,"turns":1},{"damage":16,"enemies":"3 Sentries","floor":11,"turns":3},{"damage":22,"enemies":"Gremlin Nob","floor":13,"turns":4},{"damage":39,"enemies":"The Guardian","floor":16,"turns":8}],"seed_played":"1443443396647674532","potions_obtained":[{"floor":1.0,"key":"ColorlessPotion"},{"floor":4.0,"key":"Fire Potion"},{"floor":11,"key":"Energy Potion"}],"is_trial":false,"path_per_floor":["M","?","$","M","?","E","R","E","T","M","E","R","E","?","R","B"],"character_chosen":"THE_SILENT","items_purchased":["Poisoned Stab"],"campfire_rested":1,"item_purchase_floors":[3],"current_hp_per_floor":[70,70,70,70,70,70,70,70,70,70,54,54,32,13,36,0,0],"gold":536,"neow_bonus":"THREE_ENEMY_KILL","is_daily":false,"chose_seed":false,"campfire_upgraded":2,"win_rate":0.0,"timestamp":1610408313,"path_taken":["M","?","?","M","?","E","R","E","T","M","E","R","E","?","R","BOSS"],"items_purchased_type":["Card"],"build_version":"2020-12-22","purchased_purges":0,"victory":false,"max_hp_per_floor":[70,70,70,70,70,70,70,77,77,77,77,77,77,77,77,77,77],"card_choices":[{"not_picked":["Dash","Deflect"],"picked":"Reflex","floor":1.0},{"not_picked":["PiercingWail","Slice"],"picked":"Blade Dance","floor":4.0},{"not_picked":["Dagger Spray","Quick Slash"],"picked":"Corpse Explosion","floor":6.0},{"not_picked":["Acrobatics","Dodge and Roll"],"picked":"Deadly Poison","floor":8},{"not_picked":["Sucker Punch","Dodge and Roll"],"picked":"Bane","floor":10},{"not_picked":["Dodge and Roll","Poisoned Stab"],"picked":"Tactician","floor":11},{"not_picked":["All Out Attack","Finisher","Caltrops"],"picked":"SKIP","floor":13}],"player_experience":858630,"relics_obtained":[{"floor":6.0,"key":"Akabeko"},{"floor":8,"key":"Strawberry"},{"floor":9,"key":"Ornamental Fan"},{"floor":11,"key":"MawBank"},{"floor":13,"key":"Mercury Hourglass"}],"event_choices":[{"damage_healed":0.0,"max_hp_gain":0.0,"max_hp_loss":0.0,"gold_gain":0.0,"event_name":"Match and Keep!","player_choice":"1 cards matched","floor":2.0,"gold_loss":0.0,"damage_taken":0.0,"cards_obtained":["Discovery"]},{"damage_healed":0.0,"max_hp_gain":0.0,"max_hp_loss":0.0,"gold_gain":175.0,"event_name":"Liars Game","player_choice":"AGREE","floor":5.0,"gold_loss":0.0,"damage_taken":0.0,"cards_obtained":["Doubt"]},{"damage_healed":0,"gold_gain":0,"player_choice":"Take Damage","damage_taken":19,"relics_obtained":["Golden Idol"],"max_hp_gain":0,"max_hp_loss":0,"event_name":"Golden Idol","floor":14,"gold_loss":0}],"is_beta":false,"boss_relics":[],"items_purged_floors":[],"is_endless":false,"potions_floor_spawned":[1,4,11],"killed_by":"The Guardian","ascension_level":1}}