{"host":"rupmf8lnk599ormj","time":1610334622,"event":{"mods":["2.2 Compatiblity","AchievementEnabler","BaseMod","Better Match","Better Third Choice","BetterRewards","ChefMod","Colored Map","Colored Powertips","Downfall","Evolution","Gold Saver","Googly Eyes","Hero for Fun","Hubris","Minty Spire (QoL Compilation)","Quick Restart","Rare Cards Sparkle","Replay The Spire","Spicy Shops","StSLib","The Cursed","The Poker Player"],"gold_per_floor":[99,115,134,145,163,88,137,312,374,374,66,66,91,102,121,217,217,217,234,252,268,278,278,278,378,378,398,433,24,24,24,40,140,140,65,84,99,26,36,36,60,99,119,119,144,175,175,325,361,361],"floor_reached":51,"playtime":8300,"items_purged":[],"score":853,"play_id":"869503b1-561b-405b-9013-8868e7c8d34a","local_time":"20210110221022","is_ascension_mode":false,"campfire_choices":[{"floor":1,"key":"RECALL"},{"floor":6,"key":"REST"},{"floor":26,"key":"REST"},{"floor":30,"key":"REST"}],"circlet_count":0,"master_deck":["TheCursedMod:Strike_TheCursed","TheCursedMod:Strike_TheCursed","TheCursedMod:Strike_TheCursed","TheCursedMod:Defend_TheCursed","TheCursedMod:Defend_TheCursed","TheCursedMod:Defend_TheCursed","TheCursedMod:Defend_TheCursed","TheCursedMod:CursedWand","TheCursedMod:CleanUpWorkshop","TheCursedMod:Dregs","TheCursedMod:SpitefulStrike","TheCursedMod:SpreadPlague","TheCursedMod:CursedBoomerang","TheCursedMod:SmokeScreen","Doubt","TheCursedMod:Stigma","TheCursedMod:StingEye","TheCursedMod:CircleOfBlood","TheCursedMod:Wield","TheCursedMod:LuckyCharm","TheCursedMod:RapidMovement","TheCursedMod:DemonicPact","TheCursedMod:ReleasedStrength","TheCursedMod:ShockAndAwe","TheCursedMod:Grudge","TheCursedMod:SoulReap","TheCursedMod:CircleOfFlame","TheCursedMod:FleshFromBone","TheCursedMod:CursedShiv","TheCursedMod:PrepareRite","Replay:SS_forest_2","TheCursedMod:CircleOfCorruption+1","TheCursedMod:Neurasthenia","TheCursedMod:CursedArmor+1","TheCursedMod:UltimatePain","ReplayTheSpireMod:Faulty Equipment","Pride","expansioncontent:GoopSpray","hubris:Greed","Parasite","hubris:Greed","TheCursedMod:VitalStrike+1","expansioncontent:Collect","expansioncontent:BronzeBeam","expansioncontent:YouAreMine","hubris:Greed","TheCursedMod:BlessingInDisguise","TheCursedMod:AbyssShockwave+1","Doubt","hubris:Greed","hubris:Greed","TheCursedMod:SurpriseAttack","hubris:Greed"],"relics":["TheCursedMod:BlackMagic101","EVO:Axolotl","downfall:HeartBlessingRed","Pet Ghost","ReplayFunnel","hubris:Towel","TheCursedMod:Tack","PreservedInsect","hubris:HollowSoul","Strawberry","ReplayTheSpireMod:Shallot","Unceasing Top","Replay:WaspNest","hubris:Spice","hubris:PeanutButter","hubris:Icosahedron","downfall:HeartBlessingGreen","ReplayTheSpireMod:CursedCoin","Ring of Chaos","Ring of Hypnosis","Lantern"],"acts_visited":["Exordium","TheCity","TheBeyond"],"potions_floor_usage":[16,16,20,21,22,32,32,33,46,50],"damage_taken":[{"damage":2,"enemies":"Cultist","floor":2,"turns":5},{"damage":0,"enemies":"Small Slimes","floor":3,"turns":3},{"damage":0,"enemies":"2 Louse","floor":4,"turns":4},{"damage":19,"enemies":"Exordium Thugs","floor":5,"turns":6},{"damage":14,"enemies":"Gremlin Nob","floor":9,"turns":4},{"damage":5,"enemies":"downfall:FleeingMerchant","floor":11,"turns":4},{"damage":28,"enemies":"3 Sentries","floor":13,"turns":9},{"damage":7,"enemies":"Blue Slaver","floor":14,"turns":2},{"damage":1,"enemies":"2 Fungi Beasts","floor":15,"turns":2},{"damage":14,"enemies":"downfall:Watcher","floor":16,"turns":5},{"damage":2,"enemies":"Chosen","floor":19,"turns":4},{"damage":0,"enemies":"Shell Parasite","floor":20,"turns":2},{"damage":3,"enemies":"3 Cultists","floor":21,"turns":4},{"damage":31,"enemies":"Shelled Parasite and Fungi","floor":22,"turns":6},{"damage":18,"enemies":"downfall:Defect","floor":25,"turns":8},{"damage":2,"enemies":"Snecko","floor":27,"turns":3},{"damage":54,"enemies":"Gremlin Leader","floor":28,"turns":8},{"damage":0,"enemies":"downfall:FleeingMerchant","floor":29,"turns":4},{"damage":17,"enemies":"3 Cultists","floor":32,"turns":5},{"damage":29,"enemies":"downfall:Silent","floor":33,"turns":6},{"damage":0,"enemies":"Orb Walker","floor":36,"turns":4},{"damage":0,"enemies":"3 Darklings","floor":37,"turns":5},{"damage":0,"enemies":"downfall:FleeingMerchant","floor":38,"turns":4},{"damage":8,"enemies":"Sphere and 2 Shapes","floor":39,"turns":6},{"damage":5,"enemies":"R_Hoarder","floor":42,"turns":5},{"damage":0,"enemies":"Writhing Mass","floor":43,"turns":6},{"damage":30,"enemies":"Jaw Worm Horde","floor":45,"turns":6},{"damage":0,"enemies":"Maw","floor":46,"turns":1},{"damage":0,"enemies":"Writhing Mass","floor":49,"turns":5},{"damage":40,"enemies":"downfall:Ironclad","floor":50,"turns":16}],"seed_played":"-2189172260992606532","potions_obtained":[{"floor":3,"key":"sneckomod:MuddlingPotion"},{"floor":4,"key":"ColorlessPotion"},{"floor":5,"key":"SteroidPotion"},{"floor":13,"key":"Reflective Coating"},{"floor":18,"key":"DistilledChaos"},{"floor":18,"key":"Slimebound:ThreeZeroPotion"},{"floor":21,"key":"Adrenaline Potion"},{"floor":27,"key":"SteroidPotion"},{"floor":28,"key":"Guardian:BlockOnCardUsePotion"},{"floor":33,"key":"SmokeBomb"},{"floor":36,"key":"Strength Potion"}],"is_trial":false,"path_per_floor":["R_BF","M","M","M","M","R","T","?","?","?","$","?","E","M","M","B",null,"R_BF","M","M","M","M","?","T","?","R","M","E","$","R","?","M","B",null,"R_BF","M","M","$","M","?","T","E","M","?","M","M","?","?","M","B",null],"character_chosen":"THE_CURSED","items_purchased":["TheCursedMod:Tack","hubris:OldNail","TheCursedMod:CircleOfBlood","hubris:PeanutButter","Replay:SS_forest_2","ReplayTheSpireMod:CursedCoin","hubris:Spice","expansioncontent:GoopSpray"],"campfire_rested":3,"item_purchase_floors":[11,11,11,29,29,38,38,38],"current_hp_per_floor":[82,80,80,80,61,82,82,82,68,68,63,63,39,38,37,25,82,82,80,82,79,50,57,57,44,70,68,26,34,63,63,58,39,105,105,105,105,89,81,81,73,65,65,55,27,27,65,65,65,25],"gold":361,"neow_bonus":"TEN_PERCENT_HP_BONUS","is_daily":false,"chose_seed":false,"campfire_upgraded":0,"win_rate":0.0,"timestamp":1610334622,"path_taken":["R_BF","M","M","M","?","R","T","?","?","?","$","?","E","?","M","BOSS","R_BF","M","M","M","M","?","T","?","R","M","E","$","R","?","M","BOSS","R_BF","M","M","$","M","?","T","E","M","?","M","M","?","?","M","BOSS"],"items_purchased_type":["Relic","Relic","Card","Relic","Card","Relic","Relic","Card"],"build_version":"2020-12-22","purchased_purges":0,"victory":true,"max_hp_per_floor":[82,82,82,82,82,82,82,82,82,82,82,82,82,82,82,82,82,82,82,82,82,82,89,89,89,89,89,97,97,97,97,97,97,105,105,105,105,89,81,81,73,65,65,65,65,65,65,65,65,65],"card_choices":[{"not_picked":["TheCursedMod:CursedBoomerang","TheCursedMod:CursedBlade"],"picked":"TheCursedMod:SpitefulStrike","floor":2},{"not_picked":["TheCursedMod:CursedArmor","TheCursedMod:CursedMace"],"picked":"TheCursedMod:SpreadPlague","floor":3},{"not_picked":["TheCursedMod:CursedMace","TheCursedMod:ManaBullet"],"picked":"TheCursedMod:CursedBoomerang","floor":4},{"not_picked":["TheCursedMod:CursedShiv","TheCursedMod:CursedAmulet"],"picked":"TheCursedMod:SmokeScreen","floor":5},{"not_picked":["TheCursedMod:SmokeScreen","TheCursedMod:Wield"],"picked":"TheCursedMod:Stigma","floor":9},{"not_picked":["TheCursedMod:DarkBarrier","TheCursedMod:CircleOfCorruption"],"picked":"TheCursedMod:StingEye","floor":11},{"not_picked":["TheCursedMod:Stretching","TheCursedMod:Stigma"],"picked":"TheCursedMod:Wield","floor":13},{"not_picked":["TheCursedMod:Torture","TheCursedMod:CursedAmulet"],"picked":"TheCursedMod:LuckyCharm","floor":14},{"not_picked":["TheCursedMod:CursedBlade","TheCursedMod:Torture"],"picked":"TheCursedMod:RapidMovement","floor":15},{"not_picked":["TheCursedMod:NeowsMight","TheCursedMod:AntiAging"],"picked":"TheCursedMod:DemonicPact","floor":16},{"not_picked":["TheCursedMod:HellfireBreathing+1","TheCursedMod:VitalStrike"],"picked":"TheCursedMod:ReleasedStrength","floor":19},{"not_picked":["TheCursedMod:RavingStaff+1","TheCursedMod:Stretching"],"picked":"TheCursedMod:ShockAndAwe","floor":20},{"not_picked":["TheCursedMod:FuryStrike","TheCursedMod:Wield+1"],"picked":"TheCursedMod:Grudge","floor":21},{"not_picked":["TheCursedMod:CursedSpellbook","TheCursedMod:CursedMace"],"picked":"TheCursedMod:SoulReap","floor":22},{"not_picked":["TheCursedMod:TacticalStrike","TheCursedMod:Obscuration"],"picked":"TheCursedMod:CircleOfFlame","floor":25},{"not_picked":["TheCursedMod:AbyssShockwave+1","TheCursedMod:SpitefulStrike"],"picked":"TheCursedMod:FleshFromBone","floor":27},{"not_picked":["TheCursedMod:CircleOfFlame+1","TheCursedMod:ManaCirculation"],"picked":"TheCursedMod:CursedShiv","floor":28},{"not_picked":["TheCursedMod:CircleOfCorruption+1","TheCursedMod:FleshFromBone"],"picked":"TheCursedMod:PrepareRite","floor":29},{"not_picked":["TheCursedMod:CursedShiv","TheCursedMod:EmpowerCircles"],"picked":"TheCursedMod:CircleOfCorruption+1","floor":32},{"not_picked":["TheCursedMod:NeowsMight","TheCursedMod:DarkBarrier"],"picked":"TheCursedMod:Neurasthenia","floor":33},{"not_picked":["TheCursedMod:RapidMovement+1","TheCursedMod:DoubleShield+1"],"picked":"TheCursedMod:CursedArmor+1","floor":36},{"not_picked":["TheCursedMod:LuckyCharm+1","TheCursedMod:Stretching+1"],"picked":"TheCursedMod:UltimatePain","floor":37},{"not_picked":["TheCursedMod:Mangle+1","TheCursedMod:SpitefulStrike+1"],"picked":"hubris:SpiceAddiction","floor":38},{"not_picked":["TheCursedMod:CursedMace+1","TheCursedMod:SurpriseAttack"],"picked":"hubris:SpiceAddiction","floor":39},{"not_picked":["TheCursedMod:SoulCrush+1","TheCursedMod:CircleOfFocus+1"],"picked":"hubris:SpiceAddiction","floor":42},{"not_picked":["TheCursedMod:SurpriseAttack","TheCursedMod:ReleasedStrength"],"picked":"TheCursedMod:VitalStrike+1","floor":43},{"not_picked":["expansioncontent:FaceSlap","expansioncontent:TimeRipple"],"picked":"expansioncontent:Collect","floor":44},{"not_picked":["expansioncontent:ManipulateTime","Replay:SS_hec_4"],"picked":"expansioncontent:BronzeBeam","floor":44},{"not_picked":["Replay:SS_hec_1","expansioncontent:HyperBeam"],"picked":"expansioncontent:YouAreMine","floor":44},{"not_picked":["TheCursedMod:SmokeScreen","TheCursedMod:CursedBlade+1"],"picked":"TheCursedMod:BlessingInDisguise","floor":45},{"not_picked":["TheCursedMod:Stretching+1","hubris:SpiceAddiction"],"picked":"TheCursedMod:AbyssShockwave+1","floor":46},{"not_picked":["TheCursedMod:RapidMovement+1","TheCursedMod:ReleasedKnowledge+1"],"picked":"TheCursedMod:SurpriseAttack","floor":49}],"player_experience":175592,"relics_obtained":[{"floor":7,"key":"Pet Ghost"},{"floor":9,"key":"ReplayFunnel"},{"floor":13,"key":"PreservedInsect"},{"floor":24,"key":"ReplayTheSpireMod:Shallot"},{"floor":25,"key":"Unceasing Top"},{"floor":25,"key":"Replay:WaspNest"},{"floor":28,"key":"hubris:Spice"},{"floor":40,"key":"Ring of Chaos"},{"floor":40,"key":"Ring of Hypnosis"},{"floor":41,"key":"hubris:Spice"},{"floor":42,"key":"Lantern"}],"event_choices":[],"is_beta":false,"boss_relics":[{"not_picked":["SacredBark","Velvet Choker"],"picked":"hubris:HollowSoul"},{"not_picked":["hubris:CrackedHourglass","Runic Dome"],"picked":"hubris:Spice"}],"items_purged_floors":[],"is_endless":false,"potions_floor_spawned":[3,4,5,13,19,21,27,28,33,36,43,49],"ascension_level":0}}