{"host":"k5dhp0bkccqfauyu","time":1610372309,"event":{"mods":["BaseMod","Better Note","Better Skull","Better Vampires","Colored Map","Colored Powertips","DeckTracker","Minty Spire (QoL Compilation)","Permanent Neow","StSLib","SuperFastMode"],"gold_per_floor":[115,131,42,57,22,22,52,52,76,111,121,134,96,96,96,167,167,183,200,220,71,71,71,71],"floor_reached":23,"playtime":766,"items_purged":["Regret"],"score":402,"play_id":"dabb4b58-f816-4ea7-83c5-d9ff129a9420","local_time":"20210112003829","is_ascension_mode":true,"campfire_choices":[{"data":"Dash","floor":6,"key":"SMITH"},{"floor":15,"key":"REST"}],"circlet_count":0,"master_deck":["AscendersBane","Strike_G","Strike_G","Strike_G","Strike_G","Strike_G","Defend_G","Defend_G","Defend_G+1","Defend_G","Defend_G+1","Survivor","Neutralize","Quick Slash","Tactician","Dash+1","Dash","Malaise","Predator","PiercingWail","Backflip","Footwork"],"relics":["Busted Crown","Bag of Marbles","Tiny Chest","Ancient Tea Set","War Paint","Runic Pyramid","CaptainsWheel"],"acts_visited":["Exordium","TheCity"],"potions_floor_usage":[7,10,18,19,23],"damage_taken":[{"damage":0,"enemies":"Small Slimes","floor":1,"turns":5},{"damage":0,"enemies":"2 Louse","floor":2,"turns":3},{"damage":2,"enemies":"Cultist","floor":4,"turns":5},{"damage":18,"enemies":"Gremlin Nob","floor":7,"turns":5},{"damage":13,"enemies":"3 Sentries","floor":10,"turns":10},{"damage":20,"enemies":"Gremlin Gang","floor":11,"turns":6},{"damage":8,"enemies":"Exordium Wildlife","floor":12,"turns":4},{"damage":11,"enemies":"The Guardian","floor":16,"turns":15},{"damage":9,"enemies":"Shell Parasite","floor":18,"turns":7},{"damage":10,"enemies":"Spheric Guardian","floor":19,"turns":6},{"damage":19,"enemies":"Snake Plant","floor":20,"turns":6},{"damage":15,"enemies":"Slavers","floor":23,"turns":5}],"seed_played":"5196696566084881849","potions_obtained":[{"floor":4,"key":"Ancient Potion"},{"floor":7,"key":"PowerPotion"},{"floor":12,"key":"Ancient Potion"},{"floor":18,"key":"GhostInAJar"},{"floor":20,"key":"LiquidMemories"}],"is_trial":false,"path_per_floor":["M","M","$","M","?","R","E","?","T","E","M","M","?","?","R","B",null,"M","M","M","$","T","E"],"character_chosen":"THE_SILENT","items_purchased":["Dash","Footwork"],"campfire_rested":1,"item_purchase_floors":[3,21],"current_hp_per_floor":[59,59,59,57,66,66,48,48,48,35,15,7,7,7,26,15,53,44,34,15,15,15,0,0],"gold":71,"neow_bonus":"BOSS_RELIC","is_daily":false,"chose_seed":false,"campfire_upgraded":1,"win_rate":0.0,"timestamp":1610372309,"path_taken":["M","M","$","M","?","R","E","?","T","E","M","M","?","?","R","BOSS","M","?","M","$","?","E"],"items_purchased_type":["Card","Card"],"build_version":"2020-12-22","purchased_purges":1,"victory":false,"max_hp_per_floor":[66,66,66,66,66,66,66,66,66,66,66,66,66,66,66,66,66,66,66,66,66,66,66,66],"card_choices":[{"not_picked":[],"picked":"Quick Slash","floor":1},{"not_picked":[],"picked":"Tactician","floor":2},{"not_picked":[],"picked":"Dash","floor":4},{"not_picked":[],"picked":"Malaise","floor":7},{"not_picked":["Flying Knee"],"picked":"SKIP","floor":10},{"not_picked":[],"picked":"Predator","floor":11},{"not_picked":["Poisoned Stab"],"picked":"SKIP","floor":12},{"not_picked":["Deflect"],"picked":"SKIP","floor":18},{"not_picked":["Blade Dance"],"picked":"SKIP","floor":19},{"not_picked":[],"picked":"Backflip","floor":20}],"player_experience":1858220,"relics_obtained":[{"floor":7,"key":"Bag of Marbles"},{"floor":9,"key":"Ancient Tea Set"},{"floor":10,"key":"War Paint"},{"floor":22,"key":"CaptainsWheel"}],"event_choices":[{"damage_healed":16,"gold_gain":0,"player_choice":"Healed","damage_taken":0,"max_hp_gain":0,"max_hp_loss":0,"event_name":"The Cleric","floor":5,"gold_loss":35},{"damage_healed":0,"gold_gain":0,"player_choice":"Box","damage_taken":0,"relics_obtained":["Tiny Chest"],"max_hp_gain":0,"max_hp_loss":0,"event_name":"Big Fish","floor":8,"gold_loss":0,"cards_obtained":["Regret"]},{"damage_healed":0,"gold_gain":0,"player_choice":"Left Gold","damage_taken":0,"max_hp_gain":0,"max_hp_loss":0,"event_name":"World of Goop","floor":13,"gold_loss":38},{"damage_healed":0,"gold_gain":0,"player_choice":"1 cards matched","damage_taken":0,"max_hp_gain":0,"max_hp_loss":0,"event_name":"Match and Keep!","floor":14,"gold_loss":0,"cards_obtained":["PiercingWail"]}],"is_beta":false,"boss_relics":[{"not_picked":["Tiny House","Runic Dome"],"picked":"Runic Pyramid"}],"items_purged_floors":[21],"is_endless":false,"potions_floor_spawned":[4,7,12,18,20],"killed_by":"Slavers","ascension_level":20}}