{"host":"bpkhhmvsfrvlto2l","time":1610388524,"event":{"mods":["2.2 Compatiblity","AchievementEnabler","Act Like it!","AlwaysNeverKeys","Aspiration","BaseMod","Better Silent Start","Challenge The Spire","Colored Map","Colored Powertips","Custom Start","Downfall","Energized Spire","Friendly Minions","GifTheSpireLib","Halation","Hubris","Infinite Spire","Ironclad Rager","Mimic Mod","Minty Spire (QoL Compilation)","Permanent Neow","Quick Restart","Random Character Button","Relic Sorter","Replay The Spire","Spikes Relics","StSLib","Stuff the Spire","Swap Starting Deck Mod","Trackpad"],"gold_per_floor":[116,116,131,131,145,145,171,171,205,238,256,287,337,356,356,454,454,473,523,573,164,253,287,287,316,339,339,389,439,489,499,499,630,630,681,737,491,501,549,617,617,691,729,790,790,790,790,89,89,89],"floor_reached":51,"playtime":1078,"items_purged":[],"score":1563,"play_id":"2c8c9929-d389-45e3-ab45-22ba2f30366c","local_time":"20210111130844","is_ascension_mode":true,"campfire_choices":[{"data":"Pray","floor":6,"key":"SMITH"},{"data":"Fasting2","floor":8,"key":"SMITH"},{"data":"Prostrate","floor":15,"key":"SMITH"},{"data":"Fasting2","floor":32,"key":"SMITH"},{"data":"DevaForm","floor":41,"key":"SMITH"},{"floor":45,"key":"REST"},{"data":"Prostrate","floor":49,"key":"SMITH"}],"circlet_count":0,"master_deck":["ReachHeaven+1","ReachHeaven","ReachHeaven","ReachHeaven","Prostrate","Prostrate+1","Prostrate","Prostrate+1","Prostrate","Pray+1","Fasting2+1","ReachHeaven+1","Brilliance+1","Pray+1","Fasting2+1","DevaForm+1"],"relics":["PureWater","halation:PinkSoulGem","WingedGreaves","aspiration:ChemicalBlood","swapstartingdeckmod:DeadBlossom","SsserpentHead","Question Card","MealTicket","LugNut","hubris:ScarierMask","aspiration:RitualStick","Guide Book","aspiration:ArtOfWarUpgrade","BrokenLever","Dream Catcher","hubris:SlimyHat","StuffTheSpire:GrapeVine","infinitespire:EvilPickle","Painkiller Herb","Rawhide","Chameleon Ring","Replay:Rubber Ducky","hubris:TenFootPole","Replay:Purple Gloves","TheAbacus","Bottled Tornado"],"acts_visited":["Exordium","TheCity","TheBeyond"],"potions_floor_usage":[12,23,33,33,42,50],"damage_taken":[{"damage":2,"enemies":"2 Louse","floor":1,"turns":2},{"damage":4,"enemies":"Jaw Worm","floor":3,"turns":2},{"damage":0,"enemies":"Cultist","floor":5,"turns":2},{"damage":0,"enemies":"Lagavulin","floor":7,"turns":2},{"damage":0,"enemies":"Blue Slaver","floor":9,"turns":3},{"damage":0,"enemies":"Gremlin Nob","floor":10,"turns":3},{"damage":0,"enemies":"Blue Slaver","floor":11,"turns":2},{"damage":0,"enemies":"3 Sentries","floor":12,"turns":2},{"damage":0,"enemies":"Exordium Wildlife","floor":14,"turns":2},{"damage":28,"enemies":"Fading Forest","floor":16,"turns":11},{"damage":0,"enemies":"Chosen","floor":18,"turns":3},{"damage":0,"enemies":"Spheric Guardian","floor":22,"turns":2},{"damage":0,"enemies":"Slavers","floor":23,"turns":3},{"damage":0,"enemies":"Gremlin Leader","floor":25,"turns":3},{"damage":0,"enemies":"Spheric Guardian","floor":31,"turns":2},{"damage":0,"enemies":"Pondfish","floor":33,"turns":4},{"damage":1,"enemies":"3 Shapes","floor":35,"turns":3},{"damage":1,"enemies":"Orb Walker","floor":36,"turns":2},{"damage":6,"enemies":"Jaw Worm Horde","floor":39,"turns":2},{"damage":15,"enemies":"Nemesis","floor":40,"turns":3},{"damage":20,"enemies":"R_Hoarder","floor":42,"turns":6},{"damage":0,"enemies":"4 Shapes","floor":43,"turns":3},{"damage":0,"enemies":"4 Shapes","floor":44,"turns":4},{"damage":9,"enemies":"infinitespire:MassOfShapes","floor":50,"turns":2}],"seed_played":"7633839117517039254","potions_obtained":[{"floor":7,"key":"champ:CounterPotion"},{"floor":11,"key":"Adrenaline Potion"},{"floor":14,"key":"champ:CounterPotion"},{"floor":16,"key":"Energy Potion"},{"floor":18,"key":"hexamod:EctoCoolerPotion"},{"floor":22,"key":"PowerPotion"},{"floor":23,"key":"Elixir"},{"floor":35,"key":"Guardian:BlockOnCardUsePotion"},{"floor":36,"key":"Milkshake"},{"floor":42,"key":"Fire Potion"},{"floor":42,"key":"SmokeBomb"},{"floor":50,"key":"ColorlessPotion"}],"is_trial":false,"path_per_floor":["M","?","M","?","M","R","E","R","MIM","E","M","E","?","M","R","B",null,"M","?","?","$","MIM","E","R","E","T","R","?","$","?","M","R","B",null,"?","?","T","?","?","E","T","E","MIM","?","T","AVR","T","T","T","B",null],"character_chosen":"WATCHER","items_purchased":["Guide Book","Art of War","Fasting2","DistilledChaos","Rawhide","Replay:Purple Gloves","TheAbacus","Bottled Tornado"],"campfire_rested":1,"item_purchase_floors":[21,21,21,21,37,48,48,48],"current_hp_per_floor":[70,52,48,48,48,48,48,48,48,48,48,48,52,52,52,28,64,64,50,50,58,58,58,58,58,58,58,58,58,58,58,58,58,72,71,70,72,72,66,51,51,31,31,31,42,42,42,50,50,41],"gold":89,"neow_bonus":"","is_daily":false,"chose_seed":false,"campfire_upgraded":6,"win_rate":0.0,"timestamp":1610388524,"path_taken":["M","?","M","?","M","R","E","R","MIM","E","M","E","?","M","R","BOSS","M","?","?","$","?","E","R","E","T","R","?","?","?","M","R","BOSS","?","?","T","?","?","E","T","E","MIM","?","T","AVR","T","T","T","BOSS"],"items_purchased_type":["Relic","Relic","Card","Potion","Relic","Relic","Relic","Relic"],"build_version":"2020-12-22","purchased_purges":0,"victory":true,"max_hp_per_floor":[72,72,72,72,72,72,72,72,72,72,72,72,72,72,72,72,72,72,72,72,72,72,72,72,72,72,72,72,72,72,72,72,72,72,72,72,72,72,72,72,72,72,72,72,72,72,72,72,72,72],"card_choices":[{"not_picked":["Crescendo","FlurryOfBlows","Replay:AtTheReady"],"picked":"SKIP","floor":1},{"not_picked":["CutThroughFate","Prostrate","CrushJoints"],"picked":"SKIP","floor":3},{"not_picked":["ConjureBlade","Nirvana"],"picked":"Fasting2","floor":7},{"not_picked":["BowlingBash","Consecrate","CutThroughFate"],"picked":"ReachHeaven","floor":12},{"not_picked":["Judgement","Scrawl","DeusExMachina"],"picked":"Brilliance","floor":16},{"not_picked":["Replay:ManipulateFuture","PathToVictory+1","FlurryOfBlows"],"picked":"Pray","floor":18},{"not_picked":["Vault","Brilliance","Wish"],"picked":"DevaForm","floor":33}],"player_experience":67462,"relics_obtained":[{"floor":7,"key":"Question Card"},{"floor":9,"key":"MealTicket"},{"floor":10,"key":"aspiration:ChemicalBlood"},{"floor":12,"key":"LugNut"},{"floor":22,"key":"BrokenLever"},{"floor":23,"key":"Dream Catcher"},{"floor":25,"key":"hubris:SlimyHat"},{"floor":26,"key":"StuffTheSpire:GrapeVine"},{"floor":40,"key":"WingedGreaves"},{"floor":42,"key":"Chameleon Ring"},{"floor":43,"key":"Replay:Rubber Ducky"}],"event_choices":[{"damage_healed":0,"gold_gain":0,"player_choice":"Trade","damage_taken":0,"relics_obtained":["SsserpentHead"],"max_hp_gain":0,"max_hp_loss":0,"event_name":"FaceTrader","floor":4,"gold_loss":0},{"damage_healed":0,"gold_gain":0,"player_choice":"Simplicity","damage_taken":0,"max_hp_gain":0,"max_hp_loss":0,"event_name":"Back to Basics","floor":28,"gold_loss":0,"cards_upgraded":[]},{"damage_healed":0,"gold_gain":0,"player_choice":"Upgraded Two","damage_taken":0,"max_hp_gain":0,"max_hp_loss":0,"event_name":"Designer","floor":38,"gold_loss":40,"cards_upgraded":["ReachHeaven","Pray"]}],"is_beta":false,"boss_relics":[{"not_picked":["Pandora\u0027s Box","energizedSpire:EnergizedDie"],"picked":"hubris:ScarierMask"},{"not_picked":["Astrolabe","energizedSpire:RedRose"],"picked":"Painkiller Herb"}],"items_purged_floors":[],"is_endless":false,"potions_floor_spawned":[7,11,14,16,18,23,25,31,35,36,42],"ascension_level":4}}