{"host":"7k7fhzlbqzyu5ijh","time":1610337811,"event":{"mods":["AchievementEnabler","BaseMod","Bestiary","Colored Powertips","Filter the Spire","Highlight Path","Minty Spire (QoL Compilation)","Potion Indicator Mod","RNG Fix","Relic Stats"],"gold_per_floor":[109,33,33,47,147,175,175,204,216,228,257,302,314,340,352,468,480,508,49,62,29,48,48,68,101,125,138,138,63,94,108,108,213,213,224,224,238,238,238,266,284,30,100,100,100,133,152,168,168,168,168],"floor_reached":50,"playtime":5648,"items_purged":["Envenom"],"score":876,"play_id":"a17615f1-ecc0-40ea-9f8b-8acad256e995","local_time":"20210110230331","is_ascension_mode":true,"campfire_choices":[{"data":"Poisoned Stab","floor":7.0,"key":"SMITH"},{"data":"Neutralize","floor":10.0,"key":"SMITH"},{"data":"Terror","floor":13.0,"key":"SMITH"},{"data":"Blur","floor":15.0,"key":"SMITH"},{"data":"Night Terror","floor":23.0,"key":"SMITH"},{"floor":28.0,"key":"REST"},{"floor":32.0,"key":"REST"},{"floor":44.0,"key":"REST"},{"floor":49,"key":"RECALL"}],"circlet_count":0,"master_deck":["Survivor","Neutralize+1","Blur+1","Poisoned Stab+1","Blade Dance","Heel Hook","Backflip","Prepared","Flying Knee","Terror+1","Backflip","Corpse Explosion","Riddle With Holes","Catalyst","Finisher","Dagger Throw","Calculated Gamble","Night Terror+1","Leg Sweep","PiercingWail+1","Dagger Spray","Noxious Fumes","Endless Agony","Acrobatics","Slice","Burst","Outmaneuver+1","Tools of the Trade","Well Laid Plans","Quick Slash+1","Madness","Mayhem","Endless Agony+1","Deadly Poison+1","Slice+1"],"relics":["Ring of the Snake","Toy Ornithopter","MawBank","Gremlin Horn","Potion Belt","Pandora\u0027s Box","White Beast Statue","Lantern","Bag of Preparation","War Paint","Busted Crown","Ninja Scroll","Frozen Eye","The Courier"],"acts_visited":["Exordium","TheCity","TheBeyond"],"potions_floor_usage":[50,50,50],"damage_taken":[{"damage":0.0,"enemies":"Cultist","floor":1.0,"turns":4.0},{"damage":0.0,"enemies":"Small Slimes","floor":4.0,"turns":3.0},{"damage":14.0,"enemies":"Gremlin Nob","floor":6.0,"turns":4.0},{"damage":0.0,"enemies":"3 Sentries","floor":8.0,"turns":6.0},{"damage":0.0,"enemies":"Jaw Worm","floor":11.0,"turns":3.0},{"damage":2.0,"enemies":"Lagavulin","floor":12.0,"turns":7.0},{"damage":0.0,"enemies":"Blue Slaver","floor":14.0,"turns":3.0},{"damage":2.0,"enemies":"The Guardian","floor":16.0,"turns":11.0},{"damage":1.0,"enemies":"Chosen","floor":18.0,"turns":4.0},{"damage":26.0,"enemies":"2 Thieves","floor":20.0,"turns":4.0},{"damage":0.0,"enemies":"3 Cultists","floor":22.0,"turns":3.0},{"damage":21.0,"enemies":"Cultist and Chosen","floor":24.0,"turns":6.0},{"damage":0.0,"enemies":"Gremlin Leader","floor":25.0,"turns":5.0},{"damage":4.0,"enemies":"Centurion and Healer","floor":27.0,"turns":2.0},{"damage":14.0,"enemies":"Book of Stabbing","floor":30.0,"turns":4.0},{"damage":0.0,"enemies":"Snecko","floor":31.0,"turns":3.0},{"damage":36.0,"enemies":"Champ","floor":33.0,"turns":6.0},{"damage":0.0,"enemies":"3 Shapes","floor":35.0,"turns":3.0},{"damage":21.0,"enemies":"Orb Walker","floor":37.0,"turns":4.0},{"damage":1.0,"enemies":"Giant Head","floor":40.0,"turns":6.0},{"damage":42.0,"enemies":"Writhing Mass","floor":41.0,"turns":7.0},{"damage":21.0,"enemies":"Reptomancer","floor":46.0,"turns":6.0},{"damage":3.0,"enemies":"Sphere and 2 Shapes","floor":47.0,"turns":3.0},{"damage":11,"enemies":"3 Darklings","floor":48,"turns":3},{"damage":89,"enemies":"Time Eater","floor":50,"turns":4}],"seed_played":"2466194614261540675","potions_obtained":[{"floor":0.0,"key":"Strength Potion"},{"floor":0.0,"key":"Strength Potion"},{"floor":0.0,"key":"BlessingOfTheForge"},{"floor":6.0,"key":"Dexterity Potion"},{"floor":8.0,"key":"Strength Potion"},{"floor":11.0,"key":"SneckoOil"},{"floor":12.0,"key":"AttackPotion"},{"floor":20.0,"key":"AttackPotion"},{"floor":22.0,"key":"Explosive Potion"},{"floor":24.0,"key":"Weak Potion"},{"floor":25.0,"key":"BlessingOfTheForge"},{"floor":27.0,"key":"Energy Potion"},{"floor":30.0,"key":"PowerPotion"},{"floor":31.0,"key":"Swift Potion"},{"floor":33.0,"key":"DuplicationPotion"},{"floor":35.0,"key":"DuplicationPotion"},{"floor":37.0,"key":"DuplicationPotion"},{"floor":40.0,"key":"FearPotion"},{"floor":41.0,"key":"Swift Potion"},{"floor":46.0,"key":"BlessingOfTheForge"},{"floor":47.0,"key":"FairyPotion"},{"floor":48,"key":"Fire Potion"}],"is_trial":false,"path_per_floor":["M","$","?","M","?","E","R","E","T","R","M","E","R","M","R","B",null,"M","$","M","$","M","R","M","E","T","M","R","?","E","M","R","B",null,"M","?","M","?","?","E","M","$","T","R","$","E","M","M","R","B"],"character_chosen":"THE_SILENT","items_purchased":["Poisoned Stab","SkillPotion","White Beast Statue","Energy Potion","SkillPotion","Dagger Spray","Endless Agony","Frozen Eye","PowerPotion","Poison Potion"],"campfire_rested":3,"item_purchase_floors":[2,2,19,19,19,19,21,42,42,42],"current_hp_per_floor":[63,63,63,63,63,49,49,59,59,59,59,67,67,67,67,68,70,69,69,47,47,47,47,31,36,36,32,53,53,54,54,70,34,61,66,57,41,41,41,45,8,8,8,29,29,23,25,14,14,0,0],"gold":168,"neow_bonus":"THREE_SMALL_POTIONS","is_daily":false,"chose_seed":false,"campfire_upgraded":5,"win_rate":0.0,"timestamp":1610337811,"path_taken":["M","$","?","M","?","E","R","E","T","R","?","E","R","M","R","BOSS","M","$","M","?","M","R","M","E","T","M","R","?","E","M","R","BOSS","M","?","M","?","?","E","M","$","T","R","$","E","M","M","R","BOSS"],"items_purchased_type":["Card","Potion","Relic","Potion","Potion","Card","Card","Relic","Potion","Potion"],"build_version":"2020-12-22","purchased_purges":1,"victory":false,"max_hp_per_floor":[70,70,70,70,70,70,70,70,70,70,70,70,70,70,70,70,70,70,70,70,70,70,70,70,70,70,70,70,70,70,70,70,70,70,70,70,70,70,70,70,70,70,70,70,70,70,70,70,70,70,70],"relic_stats":{"Busted Crown":16,"Gremlin Horn":[14,14],"counters":[25,114],"Pandora\u0027s Box":["Envenom","Riddle With Holes","Catalyst","Finisher","Dagger Throw","Distraction","Calculated Gamble","Night Terror","Leg Sweep"],"Bag of Preparation":[14],"War Paint":["Outmaneuver","PiercingWail"],"MawBank":132,"obtain_stats":[{"Potion Belt":12,"Lantern":25,"Gremlin Horn":9,"The Courier":46,"Bag of Preparation":26,"War Paint":30,"MawBank":8,"White Beast Statue":19,"Frozen Eye":42,"Busted Crown":34,"Ninja Scroll":40,"Pandora\u0027s Box":17,"Toy Ornithopter":6,"Ring of the Snake":0},{"Potion Belt":6,"Lantern":13,"Gremlin Horn":4,"The Courier":22,"Bag of Preparation":13,"War Paint":15,"MawBank":4,"White Beast Statue":9,"Frozen Eye":21,"Busted Crown":17,"Ninja Scroll":20,"Pandora\u0027s Box":8,"Toy Ornithopter":3,"Ring of the Snake":0},{"Potion Belt":27,"Lantern":63,"Gremlin Horn":17,"The Courier":104,"Bag of Preparation":63,"War Paint":69,"MawBank":17,"White Beast Statue":45,"Frozen Eye":98,"Busted Crown":78,"Ninja Scroll":91,"Pandora\u0027s Box":41,"Toy Ornithopter":11,"Ring of the Snake":0}],"Toy Ornithopter":107,"Ring of the Snake":[49]},"card_choices":[{"not_picked":["Distraction","Reflex"],"picked":"Blur","floor":1.0},{"not_picked":["Cloak And Dagger","Caltrops"],"picked":"Heel Hook","floor":4.0},{"not_picked":["Underhanded Strike","Dodge and Roll"],"picked":"Backflip","floor":6.0},{"not_picked":["Riddle With Holes","Tactician"],"picked":"Prepared","floor":8.0},{"not_picked":["Slice","Reflex"],"picked":"Flying Knee","floor":11.0},{"not_picked":["Dodge and Roll","Dagger Throw"],"picked":"Terror","floor":12.0},{"not_picked":["Flying Knee","Quick Slash"],"picked":"Backflip","floor":14.0},{"not_picked":["Storm of Steel","Burst"],"picked":"Corpse Explosion","floor":16.0},{"not_picked":["Dash","Terror"],"picked":"PiercingWail","floor":18.0},{"not_picked":["Slice","Dagger Throw"],"picked":"Noxious Fumes","floor":20.0},{"not_picked":["Backflip","PiercingWail"],"picked":"Acrobatics","floor":22.0},{"not_picked":["Poisoned Stab","Dagger Spray"],"picked":"Slice","floor":24.0},{"not_picked":["Flechettes","Choke"],"picked":"Burst","floor":25.0},{"not_picked":["Concentrate","Dagger Spray"],"picked":"Outmaneuver","floor":27.0},{"not_picked":["Calculated Gamble","Acrobatics"],"picked":"Tools of the Trade","floor":30.0},{"not_picked":["Dagger Spray","Acrobatics"],"picked":"Well Laid Plans","floor":31.0},{"not_picked":[],"picked":"Quick Slash+1","floor":35.0},{"not_picked":["Outmaneuver"],"picked":"SKIP","floor":37.0},{"not_picked":[],"picked":"Mayhem","floor":38.0},{"not_picked":[],"picked":"Endless Agony+1","floor":40.0},{"not_picked":[],"picked":"Deadly Poison+1","floor":41.0},{"not_picked":["Finisher"],"picked":"SKIP","floor":46.0},{"not_picked":["Calculated Gamble"],"picked":"SKIP","floor":47.0},{"not_picked":[],"picked":"Slice+1","floor":48}],"player_experience":402632,"relics_obtained":[{"floor":6.0,"key":"Toy Ornithopter"},{"floor":8.0,"key":"MawBank"},{"floor":9.0,"key":"Gremlin Horn"},{"floor":12.0,"key":"Potion Belt"},{"floor":25.0,"key":"Lantern"},{"floor":26.0,"key":"Bag of Preparation"},{"floor":30.0,"key":"War Paint"},{"floor":40.0,"key":"Ninja Scroll"},{"floor":46.0,"key":"The Courier"}],"event_choices":[{"damage_healed":0.0,"max_hp_gain":0.0,"max_hp_loss":0.0,"gold_gain":0.0,"cards_transformed":["Strike_G"],"event_name":"Transmorgrifier","player_choice":"Transformed","floor":3.0,"gold_loss":0.0,"damage_taken":0.0,"cards_obtained":["Blade Dance"]},{"damage_healed":0.0,"max_hp_gain":0.0,"max_hp_loss":0.0,"gold_gain":100.0,"event_name":"Golden Shrine","player_choice":"Pray","floor":5.0,"gold_loss":0.0,"damage_taken":0.0},{"cards_removed":["Distraction"],"damage_healed":0.0,"max_hp_gain":0.0,"max_hp_loss":0.0,"gold_gain":0.0,"event_name":"Beggar","player_choice":"Gave Gold","floor":29.0,"gold_loss":75.0,"damage_taken":0.0},{"damage_healed":0.0,"max_hp_gain":0.0,"max_hp_loss":0.0,"gold_gain":0.0,"event_name":"Winding Halls","player_choice":"Embrace Madness","floor":36.0,"gold_loss":0.0,"damage_taken":9.0,"cards_obtained":["Madness","Madness"]},{"damage_healed":0.0,"max_hp_gain":0.0,"max_hp_loss":0.0,"gold_gain":0.0,"event_name":"SensoryStone","player_choice":"Memory 1","floor":38.0,"gold_loss":0.0,"damage_taken":0.0},{"cards_removed":["Madness"],"damage_healed":0.0,"max_hp_gain":0.0,"max_hp_loss":0.0,"gold_gain":0.0,"event_name":"Falling","player_choice":"Removed Skill","floor":39.0,"gold_loss":0.0,"damage_taken":0.0}],"is_beta":false,"boss_relics":[{"not_picked":["Ectoplasm","Runic Pyramid"],"picked":"Pandora\u0027s Box"},{"not_picked":["Snecko Eye","Astrolabe"],"picked":"Busted Crown"}],"items_purged_floors":[19],"is_endless":false,"potions_floor_spawned":[4,6,8,11,12,20,22,24,25,27,30,31,33,35,37,40,41,46,47,48],"killed_by":"Time Eater","ascension_level":6}}