{"host":"khm4we1ijduz33xh","time":1610362912,"event":{"mods":["AchievementEnabler","BaseMod","Colored Map","Minty Spire (QoL Compilation)","Rare Cards Sparkle","StSLib","SuperFastMode"],"gold_per_floor":[114,114,64,82,0,0,0,14,14,0,0,32,32,51,51,154,154,165,182,10,22,22,22],"floor_reached":22,"playtime":1811,"items_purged":["Strike_R"],"score":202,"play_id":"86d1da3a-c597-48d6-8687-a7913b1cf50b","local_time":"20210111200152","is_ascension_mode":true,"campfire_choices":[{"data":"Searing Blow","floor":6.0,"key":"SMITH"},{"data":"Searing Blow+1","floor":11.0,"key":"SMITH"},{"data":"Searing Blow+2","floor":13.0,"key":"SMITH"},{"data":"Searing Blow+3","floor":15.0,"key":"SMITH"}],"circlet_count":0,"master_deck":["Strike_R","Strike_R","Defend_R","Defend_R","Defend_R","Bash","Body Slam","Metallicize","Searing Blow+4","Barricade","Offering","Headbutt","Shockwave","Armaments"],"relics":["Burning Blood","NeowsBlessing","Kunai","Unceasing Top","Runic Cube"],"acts_visited":["Exordium","TheCity"],"potions_floor_usage":[21,22],"damage_taken":[{"damage":0.0,"enemies":"Jaw Worm","floor":1.0,"turns":1.0},{"damage":0.0,"enemies":"Small Slimes","floor":4.0,"turns":1.0},{"damage":0.0,"enemies":"Cultist","floor":8.0,"turns":1.0},{"damage":9.0,"enemies":"Looter","floor":10.0,"turns":4.0},{"damage":6.0,"enemies":"3 Sentries","floor":12.0,"turns":6.0},{"damage":10.0,"enemies":"Red Slaver","floor":14.0,"turns":3.0},{"damage":39.0,"enemies":"The Guardian","floor":16.0,"turns":12.0},{"damage":47.0,"enemies":"3 Byrds","floor":18.0,"turns":7.0},{"damage":27.0,"enemies":"Spheric Guardian","floor":19.0,"turns":5.0},{"damage":25,"enemies":"Chosen and Byrds","floor":21,"turns":5},{"damage":12,"enemies":"Shelled Parasite and Fungi","floor":22,"turns":1}],"seed_played":"-1370412702925101995","potions_obtained":[{"floor":1.0,"key":"ColorlessPotion"},{"floor":14.0,"key":"BlessingOfTheForge"},{"floor":16.0,"key":"Weak Potion"},{"floor":18.0,"key":"GamblersBrew"}],"is_trial":false,"path_per_floor":["M","?","?","M","$","R","?","M","T","M","R","E","R","M","R","B",null,"M","M","$","M","M"],"character_chosen":"IRONCLAD","items_purchased":["Searing Blow","Armaments","Regen Potion"],"campfire_rested":0,"item_purchase_floors":[5,20,20],"current_hp_per_floor":[80,73,73,79,79,79,79,80,80,77,77,77,77,73,73,40,80,39,18,18,11,0,0],"gold":22,"neow_bonus":"THREE_ENEMY_KILL","is_daily":false,"chose_seed":false,"campfire_upgraded":4,"win_rate":0.0,"timestamp":1610362912,"path_taken":["M","?","?","M","?","R","?","M","T","M","R","E","R","?","R","BOSS","M","M","$","M","M"],"items_purchased_type":["Card","Card","Potion"],"build_version":"2020-12-22","purchased_purges":1,"victory":false,"max_hp_per_floor":[80,80,80,80,80,80,80,80,80,80,80,80,80,80,80,80,80,80,80,80,80,80,80],"card_choices":[{"not_picked":["Disarm","Heavy Blade"],"picked":"Body Slam","floor":1.0},{"not_picked":["Warcry","Searing Blow"],"picked":"Metallicize","floor":4.0},{"not_picked":["Body Slam","Warcry","Heavy Blade"],"picked":"SKIP","floor":8.0},{"not_picked":["Limit Break","Disarm","Heavy Blade"],"picked":"SKIP","floor":10.0},{"not_picked":["Warcry","Brutality"],"picked":"Barricade","floor":12.0},{"not_picked":["Rampage","Rage","Wild Strike"],"picked":"SKIP","floor":14.0},{"not_picked":["Fiend Fire","Bludgeon"],"picked":"Offering","floor":16.0},{"not_picked":["Anger","Twin Strike"],"picked":"Headbutt","floor":18.0},{"not_picked":["Heavy Blade+1","Wild Strike"],"picked":"Shockwave","floor":19.0},{"not_picked":["Body Slam","Cleave","Carnage"],"picked":"SKIP","floor":21}],"player_experience":186100,"relics_obtained":[{"floor":9.0,"key":"Kunai"},{"floor":12.0,"key":"Unceasing Top"}],"event_choices":[{"cards_removed":["Strike_R"],"damage_healed":0.0,"max_hp_gain":0.0,"max_hp_loss":0.0,"gold_gain":0.0,"event_name":"Golden Wing","player_choice":"Card Removal","floor":2.0,"gold_loss":0.0,"damage_taken":7.0},{"cards_removed":["Defend_R"],"damage_healed":0.0,"max_hp_gain":0.0,"max_hp_loss":0.0,"gold_gain":0.0,"event_name":"The Cleric","player_choice":"Card Removal","floor":3.0,"gold_loss":50.0,"damage_taken":0.0},{"cards_removed":["Strike_R"],"damage_healed":0.0,"max_hp_gain":0.0,"max_hp_loss":0.0,"gold_gain":0.0,"event_name":"Bonfire Elementals","player_choice":"Offered Basic","floor":7.0,"gold_loss":0.0,"damage_taken":0.0}],"is_beta":false,"boss_relics":[{"not_picked":["Runic Pyramid","Velvet Choker"],"picked":"Runic Cube"}],"items_purged_floors":[20],"is_endless":false,"potions_floor_spawned":[1,14,16,18],"killed_by":"Shelled Parasite and Fungi","ascension_level":2}}