{"host":"y3h3n3f7seyagppx","time":1610389537,"event":{"mods":["AlwaysNeverKeys","BaseMod","Better Vampires","Colored Powertips","DeckTracker","Emptier Cage","Minty Spire (QoL Compilation)","Permanent Neow","Quick Restart","Rare Cards Sparkle","Relic Sorter","Relic Stats","StSLib","Transform Curses"],"gold_per_floor":[117,135,135,146,166,166,191,204,230,258,258,258,291,322,334,420,432,456,488,519,549,561,608,620,632,632],"floor_reached":25,"playtime":1567,"items_purged":[],"score":540,"play_id":"30a6a127-17d3-40e4-a8c4-4a3f5c6565b4","local_time":"20210111132537","is_ascension_mode":true,"campfire_choices":[{"data":"Perfected Strike","floor":6.0,"key":"SMITH"},{"floor":11.0,"key":"REST"},{"data":"Armaments","floor":15.0,"key":"SMITH"},{"floor":24.0,"key":"REST"}],"circlet_count":0,"master_deck":["AscendersBane","Strike_R","Strike_R","Strike_R","Strike_R","Defend_R","Defend_R","Defend_R","Defend_R","Bash","Perfected Strike+1","Inflame","Fire Breathing","Armaments+1","Pommel Strike","Barricade","Impervious","Shrug It Off","Body Slam","Ghostly","Ghostly","Ghostly"],"relics":["SacredBark","Centennial Puzzle","Regal Pillow","Lantern","MawBank","Fusion Hammer","Blood Vial"],"acts_visited":["Exordium","TheCity"],"potions_floor_usage":[25],"damage_taken":[{"damage":7.0,"enemies":"Jaw Worm","floor":1.0,"turns":5.0},{"damage":7.0,"enemies":"2 Louse","floor":2.0,"turns":3.0},{"damage":1.0,"enemies":"Small Slimes","floor":4.0,"turns":4.0},{"damage":12.0,"enemies":"Looter","floor":5.0,"turns":3.0},{"damage":0.0,"enemies":"Lagavulin","floor":7.0,"turns":4.0},{"damage":8.0,"enemies":"3 Louse","floor":8.0,"turns":4.0},{"damage":8.0,"enemies":"Gremlin Nob","floor":10.0,"turns":3.0},{"damage":15.0,"enemies":"3 Sentries","floor":13.0,"turns":5.0},{"damage":2.0,"enemies":"2 Fungi Beasts","floor":14.0,"turns":4.0},{"damage":31.0,"enemies":"Slime Boss","floor":16.0,"turns":7.0},{"damage":11.0,"enemies":"2 Thieves","floor":18.0,"turns":4.0},{"damage":0.0,"enemies":"Chosen","floor":19.0,"turns":5.0},{"damage":1.0,"enemies":"Snake Plant","floor":20.0,"turns":5.0},{"damage":0.0,"enemies":"Cultist and Chosen","floor":21.0,"turns":5.0},{"damage":8.0,"enemies":"Book of Stabbing","floor":23.0,"turns":6.0},{"damage":41,"enemies":"Gremlin Leader","floor":25,"turns":4}],"seed_played":"-6460090168988885757","potions_obtained":[{"floor":5.0,"key":"DistilledChaos"},{"floor":7.0,"key":"SkillPotion"},{"floor":13.0,"key":"PowerPotion"},{"floor":14.0,"key":"SkillPotion"},{"floor":18.0,"key":"SpeedPotion"},{"floor":23.0,"key":"DistilledChaos"}],"is_trial":false,"path_per_floor":["M","M","?","M","M","R","E","M","T","E","R","?","E","M","R","B",null,"M","M","M","M","?","E","R","E"],"character_chosen":"IRONCLAD","items_purchased":[],"campfire_rested":2,"item_purchase_floors":[],"current_hp_per_floor":[61,54,47,46,34,34,34,26,26,18,55,55,40,38,38,7,58,47,47,46,46,37,29,37,0,0],"gold":632,"neow_bonus":"BOSS_RELIC","is_daily":false,"chose_seed":false,"campfire_upgraded":2,"win_rate":0.0,"timestamp":1610389537,"path_taken":["M","M","?","M","M","R","E","M","T","E","R","?","E","M","R","BOSS","M","M","M","M","?","E","R","E"],"items_purchased_type":[],"build_version":"2020-12-22","purchased_purges":0,"victory":false,"max_hp_per_floor":[75,75,75,75,75,75,75,75,75,75,75,75,75,75,75,75,75,75,75,75,75,37,37,37,37,37],"relic_stats":{"Blood Vial":0,"Centennial Puzzle":[27],"Regal Pillow":15,"counters":[16,71],"MawBank":144,"obtain_stats":[{"Blood Vial":23,"Centennial Puzzle":7,"Regal Pillow":9,"Lantern":10,"SacredBark":0,"Fusion Hammer":17,"MawBank":13,"Burning Blood":0},{"Blood Vial":15,"Centennial Puzzle":5,"Regal Pillow":6,"Lantern":7,"SacredBark":0,"Fusion Hammer":10,"MawBank":8,"Burning Blood":0},{"Blood Vial":67,"Centennial Puzzle":19,"Regal Pillow":23,"Lantern":26,"SacredBark":0,"Fusion Hammer":42,"MawBank":31,"Burning Blood":0}]},"card_choices":[{"not_picked":["Warcry","Body Slam"],"picked":"Perfected Strike","floor":1.0},{"not_picked":["Perfected Strike","Warcry","Body Slam"],"picked":"SKIP","floor":2.0},{"not_picked":["Feel No Pain","Pommel Strike"],"picked":"Inflame","floor":4.0},{"not_picked":["Clash","Heavy Blade"],"picked":"Fire Breathing","floor":5.0},{"not_picked":["Rampage","Disarm"],"picked":"Armaments","floor":7.0},{"not_picked":["Iron Wave","Heavy Blade"],"picked":"Pommel Strike","floor":8.0},{"not_picked":["Warcry","Blood for Blood"],"picked":"Barricade","floor":10.0},{"not_picked":["Inflame","Flex","Sword Boomerang"],"picked":"SKIP","floor":13.0},{"not_picked":["Twin Strike","Clash","Cleave"],"picked":"SKIP","floor":14.0},{"not_picked":["Twin Strike","Clash","Cleave"],"picked":"SKIP","floor":14.0},{"not_picked":["Berserk","Barricade"],"picked":"Impervious","floor":16.0},{"not_picked":["Havoc","Ghostly Armor"],"picked":"Shrug It Off","floor":18.0},{"not_picked":["Second Wind","Clash","Pommel Strike"],"picked":"SKIP","floor":19.0},{"not_picked":["Blood for Blood","Warcry","Twin Strike"],"picked":"SKIP","floor":20.0},{"not_picked":["Anger","Havoc"],"picked":"Body Slam","floor":21.0},{"not_picked":["Perfected Strike","Ghostly Armor","Searing Blow+1"],"picked":"SKIP","floor":23.0}],"player_experience":20694391,"relics_obtained":[{"floor":7.0,"key":"Centennial Puzzle"},{"floor":9.0,"key":"Regal Pillow"},{"floor":10.0,"key":"Lantern"},{"floor":13.0,"key":"MawBank"},{"floor":23.0,"key":"Blood Vial"}],"event_choices":[{"cards_removed":["Strike_R"],"damage_healed":0.0,"max_hp_gain":0.0,"max_hp_loss":0.0,"gold_gain":0.0,"event_name":"Golden Wing","player_choice":"Card Removal","floor":3.0,"gold_loss":0.0,"damage_taken":7.0},{"damage_healed":0.0,"max_hp_gain":0.0,"max_hp_loss":0.0,"gold_gain":0.0,"event_name":"Liars Game","player_choice":"Ignored","floor":12.0,"gold_loss":0.0,"damage_taken":0.0},{"damage_healed":0.0,"max_hp_gain":0.0,"max_hp_loss":38.0,"gold_gain":0.0,"event_name":"Ghosts","player_choice":"Became a Ghost","floor":22.0,"gold_loss":0.0,"damage_taken":0.0,"cards_obtained":["Ghostly","Ghostly","Ghostly"]}],"is_beta":false,"boss_relics":[{"not_picked":["Mark of Pain","SlaversCollar"],"picked":"Fusion Hammer"}],"items_purged_floors":[],"is_endless":false,"potions_floor_spawned":[5,7,13,14,18,23],"killed_by":"Gremlin Leader","ascension_level":20}}