{"host":"2tgyrzvaa7l04o2e","time":1610395729,"event":{"mods":["BaseMod","Highlight Path","Minty Spire (QoL Compilation)","Permanent Neow","Relic Stats"],"gold_per_floor":[364,374,374,193,211,211,211,238,238,272,292,324,343,355,355,355,355],"floor_reached":16,"playtime":738,"items_purged":[],"score":183,"play_id":"397357ec-8c1b-4fb9-a9e8-0eaeac1330c0","local_time":"20210111210849","is_ascension_mode":true,"campfire_choices":[{"data":"Immolate","floor":6,"key":"SMITH"},{"data":"Body Slam","floor":15,"key":"SMITH"}],"circlet_count":0,"master_deck":["AscendersBane","Strike_R+1","Strike_R+1","Strike_R","Strike_R","Strike_R","Defend_R","Defend_R","Defend_R","Defend_R","Bash","Perfected Strike","Battle Trance","Battle Trance","Immolate+1","Shrug It Off","Body Slam+1"],"relics":["Burning Blood","Bird Faced Urn","Shuriken","Darkstone Periapt","Whetstone"],"acts_visited":["Exordium"],"potions_floor_usage":[8,10,12],"damage_taken":[{"damage":19,"enemies":"Jaw Worm","floor":1,"turns":5},{"damage":0,"enemies":"2 Louse","floor":2,"turns":2},{"damage":6,"enemies":"Cultist","floor":5,"turns":3},{"damage":14,"enemies":"3 Sentries","floor":8,"turns":3},{"damage":27,"enemies":"Lagavulin","floor":10,"turns":5},{"damage":5,"enemies":"Gremlin Gang","floor":11,"turns":3},{"damage":2,"enemies":"3 Sentries","floor":12,"turns":3},{"damage":0,"enemies":"2 Fungi Beasts","floor":13,"turns":2},{"damage":20,"enemies":"Large Slime","floor":14,"turns":5},{"damage":39,"enemies":"The Guardian","floor":16,"turns":5}],"seed_played":"-2501791286958655359","potions_obtained":[{"floor":2,"key":"GamblersBrew"},{"floor":8,"key":"ColorlessPotion"},{"floor":10,"key":"Energy Potion"}],"is_trial":false,"path_per_floor":["M","M","?","$","M","R","$","E","T","E","M","E","M","M","R","B"],"character_chosen":"IRONCLAD","items_purchased":["Battle Trance","Immolate"],"campfire_rested":0,"item_purchase_floors":[4,4],"current_hp_per_floor":[59,65,70,70,70,70,70,62,62,41,42,46,52,38,38,0,0],"gold":355,"neow_bonus":"TWO_FIFTY_GOLD","is_daily":false,"chose_seed":false,"campfire_upgraded":2,"win_rate":0.0,"timestamp":1610395729,"path_taken":["M","M","?","$","M","R","$","E","T","E","M","E","M","M","R","BOSS"],"items_purchased_type":["Card","Card"],"build_version":"2020-12-22","purchased_purges":0,"victory":false,"max_hp_per_floor":[72,72,77,77,77,77,77,77,77,77,77,77,77,77,77,77,77],"relic_stats":{"Darkstone Periapt":0,"counters":[10,36],"Shuriken":[4],"Bird Faced Urn":[0],"Whetstone":["Strike_R","Strike_R"],"obtain_stats":[{"Darkstone Periapt":10,"Shuriken":9,"Bird Faced Urn":8,"Whetstone":12,"Burning Blood":0},{"Darkstone Periapt":5,"Shuriken":4,"Bird Faced Urn":4,"Whetstone":7,"Burning Blood":0},{"Darkstone Periapt":18,"Shuriken":13,"Bird Faced Urn":13,"Whetstone":24,"Burning Blood":0}],"Burning Blood":54},"card_choices":[{"not_picked":["Clash","Evolve"],"picked":"Perfected Strike","floor":1},{"not_picked":["Anger","Metallicize"],"picked":"Battle Trance","floor":2},{"not_picked":["Dark Embrace","Wild Strike","Anger"],"picked":"SKIP","floor":5},{"not_picked":["Rupture","Feel No Pain"],"picked":"Shrug It Off","floor":8},{"not_picked":["Havoc","True Grit","Pommel Strike"],"picked":"SKIP","floor":10},{"not_picked":["Flex","Iron Wave","Perfected Strike"],"picked":"SKIP","floor":11},{"not_picked":["Reckless Charge","Demon Form"],"picked":"Body Slam","floor":12},{"not_picked":["Anger","True Grit","Flex"],"picked":"SKIP","floor":13},{"not_picked":["Clash","Havoc","True Grit"],"picked":"SKIP","floor":14}],"player_experience":590512,"relics_obtained":[{"floor":8,"key":"Bird Faced Urn"},{"floor":9,"key":"Shuriken"},{"floor":10,"key":"Darkstone Periapt"},{"floor":12,"key":"Whetstone"}],"event_choices":[{"damage_healed":0,"gold_gain":0,"player_choice":"Donut","damage_taken":0,"max_hp_gain":5,"max_hp_loss":0,"event_name":"Big Fish","floor":3,"gold_loss":0}],"is_beta":false,"boss_relics":[],"items_purged_floors":[],"is_endless":false,"potions_floor_spawned":[2,8,10],"killed_by":"The Guardian","ascension_level":10}}