{"host":"y89x8uui45kcjy42","time":1610374321,"event":{"mods":["2.2 Compatiblity","BaseMod","CapriCore","Colored Map","Colored Powertips","Custom Start","Friendly Minions","Keyboard Shortcuts","Minty Spire (QoL Compilation)","Relic Stats","Slay the Relics Exporter","StSLib","SuperFastMode","Uncapped"],"gold_per_floor":[118,43,43,57,69,104,104,132,157,185,185,81,131,151,151,237,237,265,292,302,311,24,55,55,55],"floor_reached":24,"playtime":724,"items_purged":["Strike_B","Strike_B"],"score":452,"play_id":"20ff9b83-d68a-4208-aeb2-484614cec38a","local_time":"20210111231201","is_ascension_mode":true,"campfire_choices":[{"data":"Gash","floor":7,"key":"SMITH"},{"data":"Reinforced Body","floor":11,"key":"SMITH"},{"data":"Beam Cell","floor":15,"key":"SMITH"}],"circlet_count":0,"master_deck":["AscendersBane","Strike_B","Defend_B","Defend_B","Defend_B","Reprogram+1","Reprogram+1","Gash+1","Conserve Battery","Self Repair","Reinforced Body+1","Sweeping Beam","Beam Cell+1","Machine Learning","Auto Shields","Gash","Double Energy","Skim"],"relics":["Cracked Core","CeramicFish","Smiling Mask","Omamori","Cursed Key","ClockworkSouvenir","Meat on the Bone"],"acts_visited":["Exordium","TheCity"],"potions_floor_usage":[6,6,10,16,16,19,19],"damage_taken":[{"damage":7,"enemies":"Small Slimes","floor":1,"turns":4},{"damage":0,"enemies":"Cultist","floor":4,"turns":3},{"damage":0,"enemies":"2 Louse","floor":5,"turns":4},{"damage":5,"enemies":"Lagavulin","floor":6,"turns":8},{"damage":10,"enemies":"Red Slaver","floor":8,"turns":6},{"damage":21,"enemies":"3 Sentries","floor":10,"turns":7},{"damage":8,"enemies":"3 Louse","floor":14,"turns":4},{"damage":10,"enemies":"Hexaghost","floor":16,"turns":9},{"damage":0,"enemies":"Spheric Guardian","floor":18,"turns":7},{"damage":21,"enemies":"Chosen","floor":19,"turns":6},{"damage":30,"enemies":"Snecko","floor":20,"turns":11},{"damage":32,"enemies":"Gremlin Leader","floor":23,"turns":5},{"damage":18,"enemies":"Centurion and Healer","floor":24,"turns":1}],"seed_played":"-2159871581128516819","potions_obtained":[{"floor":1,"key":"SkillPotion"},{"floor":4,"key":"PowerPotion"},{"floor":8,"key":"ColorlessPotion"},{"floor":14,"key":"PowerPotion"},{"floor":16,"key":"ColorlessPotion"},{"floor":18,"key":"Fire Potion"},{"floor":23,"key":"Fire Potion"}],"is_trial":false,"path_per_floor":["M","?","$","M","M","E","R","M","T","E","R","$","?","M","R","B",null,"M","M","M","?","$","E","M"],"character_chosen":"DEFECT","items_purchased":["PowerPotion","Skim","ClockworkSouvenir"],"campfire_rested":0,"item_purchase_floors":[12,22,22],"current_hp_per_floor":[64,64,64,64,64,66,66,63,63,49,49,49,42,34,34,24,65,72,58,35,35,35,10,0,0],"gold":55,"neow_bonus":"TEN_PERCENT_HP_BONUS","is_daily":false,"chose_seed":false,"campfire_upgraded":3,"win_rate":0.0,"timestamp":1610374321,"path_taken":["M","?","$","M","M","E","R","M","T","E","R","$","?","?","R","BOSS","M","?","M","?","$","E","M"],"items_purchased_type":["Potion","Card","Relic"],"build_version":"2020-12-22","purchased_purges":2,"victory":false,"max_hp_per_floor":[78,78,78,78,78,78,78,78,78,78,78,78,78,78,78,78,78,78,78,78,78,78,78,78,78],"relic_stats":{"counters":[13,75],"CeramicFish":72,"Smiling Mask":75,"Cursed Key":0,"obtain_stats":[{"CeramicFish":6,"Omamori":10,"Cracked Core":0,"Smiling Mask":9,"Cursed Key":17,"ClockworkSouvenir":22,"Meat on the Bone":23},{"CeramicFish":4,"Omamori":6,"Cracked Core":0,"Smiling Mask":5,"Cursed Key":8,"ClockworkSouvenir":11,"Meat on the Bone":12},{"CeramicFish":19,"Omamori":32,"Cracked Core":0,"Smiling Mask":25,"Cursed Key":45,"ClockworkSouvenir":69,"Meat on the Bone":74}],"Meat on the Bone":0},"card_choices":[{"not_picked":["Barrage","Sunder"],"picked":"Gash","floor":1},{"not_picked":["Blizzard","Undo"],"picked":"Conserve Battery","floor":4},{"not_picked":["Coolheaded","Stack"],"picked":"Self Repair","floor":5},{"not_picked":["Loop","Doom and Gloom"],"picked":"Reinforced Body","floor":6},{"not_picked":["Thunder Strike","Glacier"],"picked":"Sweeping Beam","floor":8},{"not_picked":["Go for the Eyes","Darkness","Cold Snap"],"picked":"SKIP","floor":10},{"not_picked":["Sweeping Beam","Rebound"],"picked":"Beam Cell","floor":14},{"not_picked":["Thunder Strike","Meteor Strike"],"picked":"Machine Learning","floor":16},{"not_picked":["Streamline","Defragment"],"picked":"Auto Shields","floor":18},{"not_picked":["Fusion","Redo"],"picked":"Gash","floor":19},{"not_picked":["Biased Cognition","Auto Shields","Conserve Battery+1"],"picked":"SKIP","floor":20},{"not_picked":["Self Repair","Turbo","Reprogram"],"picked":"SKIP","floor":23}],"player_experience":592846,"relics_obtained":[{"floor":6,"key":"CeramicFish"},{"floor":9,"key":"Smiling Mask"},{"floor":10,"key":"Omamori"},{"floor":23,"key":"Meat on the Bone"}],"event_choices":[{"cards_removed":["Strike_B"],"damage_healed":0,"gold_gain":0,"player_choice":"Card Removal","damage_taken":0,"max_hp_gain":0,"max_hp_loss":0,"event_name":"The Cleric","floor":2,"gold_loss":75},{"damage_healed":0,"gold_gain":50,"player_choice":"Touch","damage_taken":7,"max_hp_gain":0,"max_hp_loss":0,"event_name":"FaceTrader","floor":13,"gold_loss":0},{"damage_healed":0,"gold_gain":0,"cards_transformed":["Defend_B"],"player_choice":"Transformed","damage_taken":0,"max_hp_gain":0,"max_hp_loss":0,"event_name":"Transmorgrifier","floor":21,"gold_loss":0,"cards_obtained":["Double Energy"]}],"is_beta":false,"boss_relics":[{"not_picked":["Tiny House","Snecko Eye"],"picked":"Cursed Key"}],"items_purged_floors":[12,22],"is_endless":false,"potions_floor_spawned":[1,4,8,14,16,18,23],"killed_by":"Centurion and Healer","ascension_level":20}}