{"host":"w3q5ijqu8eoknil3","time":1610342456,"event":{"mods":["AchievementEnabler","BaseMod","Block Reminder","Colored Powertips","Curses Come First","Minty Spire (QoL Compilation)","Quick Restart","Relic Stats","StSLib","ojb\u0027s Better Paths Mod","ojb\u0027s Info Mod","slay the spire mod where everything is the same but ironclad has a cowboy hat"],"gold_per_floor":[114,114,114,39,64,64,104,124,124,149,35,35,74,93,93,189,189,209,209,223,223,244,244,244],"floor_reached":23,"playtime":754,"items_purged":[],"score":433,"play_id":"c095f4cc-9896-4307-8796-1d4fd38ddba7","local_time":"20210111052056","is_ascension_mode":true,"campfire_choices":[{"data":"Blade Dance","floor":6,"key":"SMITH"},{"data":"A Thousand Cuts","floor":12,"key":"SMITH"},{"data":"Eviscerate","floor":15,"key":"SMITH"}],"circlet_count":0,"master_deck":["AscendersBane","Strike_G","Strike_G","Strike_G","Strike_G","Defend_G","Defend_G","Defend_G","Defend_G","Defend_G","Survivor","Neutralize","Underhanded Strike","Blade Dance+1","A Thousand Cuts+1","Skewer","Eviscerate+1","Choke","Cloak And Dagger","Wraith Form v2","Blade Dance","Adrenaline","Leg Sweep","Masterful Stab","Dash"],"relics":["Ring of the Snake","NeowsBlessing","Golden Idol","Eternal Feather","Orichalcum","Blood Vial","WristBlade"],"acts_visited":["Exordium","TheCity"],"potions_floor_usage":[14,16,21,21,23],"damage_taken":[{"damage":0,"enemies":"Small Slimes","floor":1,"turns":1},{"damage":0,"enemies":"2 Louse","floor":5,"turns":1},{"damage":0,"enemies":"Lagavulin","floor":7,"turns":1},{"damage":0,"enemies":"Cultist","floor":8,"turns":4},{"damage":3,"enemies":"Blue Slaver","floor":10,"turns":3},{"damage":15,"enemies":"3 Sentries","floor":13,"turns":7},{"damage":6,"enemies":"3 Louse","floor":14,"turns":4},{"damage":44,"enemies":"Hexaghost","floor":16,"turns":9},{"damage":5,"enemies":"3 Byrds","floor":18,"turns":5},{"damage":29,"enemies":"2 Thieves","floor":20,"turns":3},{"damage":0,"enemies":"Cultist and Chosen","floor":21,"turns":5},{"damage":12,"enemies":"Snecko","floor":22,"turns":4},{"damage":23,"enemies":"Book of Stabbing","floor":23,"turns":5}],"seed_played":"-9008974048695425963","potions_obtained":[{"floor":7,"key":"Regen Potion"},{"floor":10,"key":"SmokeBomb"},{"floor":14,"key":"Explosive Potion"},{"floor":18,"key":"SpeedPotion"},{"floor":22,"key":"LiquidBronze"}],"is_trial":false,"path_per_floor":["M","?","?","?","M","R","E","M","T","M","$","R","E","M","R","B",null,"M","?","M","M","M","E"],"character_chosen":"THE_SILENT","items_purchased":["Choke","Cloak And Dagger"],"campfire_rested":0,"item_purchase_floors":[11,11],"current_hp_per_floor":[59,64,64,64,64,64,64,64,64,61,61,64,49,54,64,20,53,50,50,23,25,15,0,0],"gold":244,"neow_bonus":"THREE_ENEMY_KILL","is_daily":false,"chose_seed":false,"campfire_upgraded":3,"win_rate":0.0,"timestamp":1610342456,"path_taken":["M","?","?","?","M","R","E","M","T","M","$","R","E","M","R","BOSS","M","?","M","M","?","E"],"items_purchased_type":["Card","Card"],"build_version":"2020-12-22","purchased_purges":0,"victory":false,"max_hp_per_floor":[66,71,64,64,64,64,64,64,64,64,64,64,64,64,64,64,64,64,64,64,64,64,64,64],"relic_stats":{"Blood Vial":12,"counters":[13,52],"Golden Idol":67,"Eternal Feather":13,"Orichalcum":[96],"obtain_stats":[{"Blood Vial":13,"NeowsBlessing":0,"WristBlade":17,"Golden Idol":3,"Eternal Feather":7,"Orichalcum":9,"Ring of the Snake":0},{"Blood Vial":6,"NeowsBlessing":0,"WristBlade":8,"Golden Idol":1,"Eternal Feather":3,"Orichalcum":4,"Ring of the Snake":0},{"Blood Vial":17,"NeowsBlessing":0,"WristBlade":30,"Golden Idol":1,"Eternal Feather":3,"Orichalcum":7,"Ring of the Snake":0}],"Ring of the Snake":[26]},"card_choices":[{"not_picked":["Heel Hook","Dodge and Roll"],"picked":"Underhanded Strike","floor":1},{"not_picked":["Prepared","Slice"],"picked":"Blade Dance","floor":5},{"not_picked":["Phantasmal Killer","Underhanded Strike"],"picked":"A Thousand Cuts","floor":7},{"not_picked":["Dagger Throw","Slice"],"picked":"Skewer","floor":8},{"not_picked":["Sucker Punch","Tactician"],"picked":"Eviscerate","floor":10},{"not_picked":["Dash","Eviscerate"],"picked":"Wraith Form v2","floor":13},{"not_picked":["Outmaneuver","Predator"],"picked":"Blade Dance","floor":14},{"not_picked":["Doppelganger","Malaise"],"picked":"Adrenaline","floor":16},{"not_picked":["Dodge and Roll","Dagger Spray"],"picked":"Leg Sweep","floor":18},{"not_picked":["Backflip","Setup"],"picked":"Masterful Stab","floor":20},{"not_picked":["PiercingWail+1","Prepared+1"],"picked":"Dash","floor":22}],"player_experience":956380,"relics_obtained":[{"floor":7,"key":"Eternal Feather"},{"floor":9,"key":"Orichalcum"},{"floor":13,"key":"Blood Vial"}],"event_choices":[{"damage_healed":0,"gold_gain":0,"player_choice":"Donut","damage_taken":0,"max_hp_gain":5,"max_hp_loss":0,"event_name":"Big Fish","floor":2,"gold_loss":0},{"damage_healed":0,"gold_gain":0,"player_choice":"Lose Max HP","damage_taken":0,"relics_obtained":["Golden Idol"],"max_hp_gain":0,"max_hp_loss":7,"event_name":"Golden Idol","floor":3,"gold_loss":0},{"cards_removed":["Strike_G"],"damage_healed":0,"gold_gain":0,"player_choice":"Card Removal","damage_taken":0,"max_hp_gain":0,"max_hp_loss":0,"event_name":"The Cleric","floor":4,"gold_loss":75},{"damage_healed":0,"gold_gain":0,"player_choice":"0 cards matched","damage_taken":0,"max_hp_gain":0,"max_hp_loss":0,"event_name":"Match and Keep!","floor":19,"gold_loss":0,"cards_obtained":[]}],"is_beta":false,"boss_relics":[{"not_picked":["Runic Dome","Ectoplasm"],"picked":"WristBlade"}],"items_purged_floors":[],"is_endless":false,"potions_floor_spawned":[7,10,14,18,22],"killed_by":"Book of Stabbing","ascension_level":18}}