{"host":"acw864156wjp8gcv","time":1610381480,"event":{"mods":["2.2 Compatiblity","AchievementEnabler","Ascension Reborn","Aspiration","BaseMod","Beaked The Cultist","Better Altar","Better Match","Better Note","Better Sensory Stone","Better Silent Start","Better Skull","Better Third Choice","Better Vampires","BetterRewards","Challenge The Spire","Colored Map","Colored Powertips","Conspire","Curses Come First","Downfall","Energized Spire","GifTheSpireLib","Halation","Hubris","Infinite Spire","Ironclad Rager","Jedi Mod","Mimic Mod","Minty Spire (QoL Compilation)","Permanent Neow","Relic Sorter","Replay The Spire","Shop Mod","Spicy Shops","Spikes Relics","StSLib","Stuff the Spire","The Blue Laboratory","The Construct","The Jungle","Wandering Minibosses","everything is the same but u backflip on backflip","vexMod"],"gold_per_floor":[123,123,146,165,188,188,548,585,585,585,604,640,263,341,341,575,575,698,698,698,698,822,822,926,926,990,1064,1163,1163,1163,1305,1305,1523,1523,1576,1733,1733,1846,2040,2150,2228,2366,2366,2468,2541,2541,2541,2670,2670,2680,2680],"floor_reached":50,"playtime":1803,"items_purged":["Defend_R+1","Strike_R+1","Defend_R+1"],"score":100,"play_id":"3e70f0b5-8382-4950-be14-82c300f26eed","local_time":"20210111101120","is_ascension_mode":true,"campfire_choices":[{"data":"Sword Boomerang","floor":6,"key":"SMITH"},{"data":"Clash","floor":10,"key":"SMITH"},{"data":"Whirlwind","floor":15,"key":"SMITH"},{"data":"Clash","floor":23,"key":"SMITH"},{"data":"Demon Form","floor":32,"key":"SMITH"},{"floor":49,"key":"REST"}],"circlet_count":0,"master_deck":["Strike_R+1","Strike_R+1","Strike_R+1","Defend_R+1","Defend_R+1","Bash+1","Infernal Blade+1","Sword Boomerang+1","Whirlwind+1","hubris:DuctTapeCard","Demon Form+1","Offering+1","Blood for Blood+1"],"relics":["Burning Blood","hubris:Icosahedron","aspiration:Nostalgia","Ring of the Snake","Old Coin","MealTicket","Anchor","Ice Cream","Another Sword","Replay:Bandana","StuffTheSpire:Saxophone","StuffTheSpire:Expresso","energizedSpire:MagnifyingGlass","Runic Pyramid","RollingBoulder","ReplayTheSpireMod:Spearhead","aspiration:ChemicalBlood","Letter Opener","energizedSpire:DeadBattery","WizardHat","hubris:TenFootPole","hubris:BottledHeart","hubris:DuctTape","halation:SwordOfLegend","hubris:BlackHole","StuffTheSpire:PointBlank","wanderingMiniBosses:OtherGremlinHorn","Snack Pack","War Paint","ReplayTheSpireMod:Lightbulb","Chameleon Ring","jedi:paperlyon"],"acts_visited":["Exordium","TheCity","TheBeyond"],"potions_floor_usage":[],"damage_taken":[{"damage":0,"enemies":"Small Slimes","floor":1,"turns":2},{"damage":15,"enemies":"conspire:RoseBush","floor":3,"turns":5},{"damage":0,"enemies":"Jaw Worm","floor":4,"turns":2},{"damage":10,"enemies":"Red Slaver","floor":5,"turns":2},{"damage":0,"enemies":"3 Sentries","floor":8,"turns":6},{"damage":0,"enemies":"conspire:2 RoseBushes","floor":11,"turns":2},{"damage":0,"enemies":"Gremlin Nob","floor":12,"turns":2},{"damage":0,"enemies":"Large Slime","floor":14,"turns":2},{"damage":56,"enemies":"Hexaghost","floor":16,"turns":5},{"damage":0,"enemies":"3 Byrds","floor":18,"turns":3},{"damage":6,"enemies":"conspire:FuzzyDice","floor":22,"turns":4},{"damage":0,"enemies":"Chosen and Byrds","floor":24,"turns":3},{"damage":0,"enemies":"Snecko","floor":27,"turns":2},{"damage":0,"enemies":"3 Cultists","floor":28,"turns":2},{"damage":0,"enemies":"conspire:SneckoGhost","floor":31,"turns":3},{"damage":0,"enemies":"Champ","floor":33,"turns":5},{"damage":0,"enemies":"Orb Walker","floor":35,"turns":2},{"damage":0,"enemies":"conspire:MimicChest","floor":36,"turns":2},{"damage":0,"enemies":"3 Darklings","floor":38,"turns":2},{"damage":0,"enemies":"Writhing Mass","floor":39,"turns":4},{"damage":0,"enemies":"Giant Head","floor":40,"turns":6},{"damage":0,"enemies":"4 Shapes","floor":41,"turns":2},{"damage":0,"enemies":"Maw","floor":42,"turns":2},{"damage":0,"enemies":"3 Darklings","floor":44,"turns":2},{"damage":0,"enemies":"Spire Growth","floor":45,"turns":2},{"damage":0,"enemies":"Writhing Mass","floor":48,"turns":3},{"damage":3,"enemies":"infinitespire:MassOfShapes","floor":50,"turns":5}],"seed_played":"1462168228772610224","potions_obtained":[{"floor":1,"key":"EssenceOfSteel"},{"floor":3,"key":"blueLaboratory:ConflagurationPotion"},{"floor":4,"key":"Cursed Concoction"},{"floor":28,"key":"Adrenaline Potion"},{"floor":39,"key":"BloodPotion"}],"is_trial":false,"path_per_floor":["M","?","M","M","M","R","?","E","T","R","M","E","$","M","R","B",null,"M","?","?","?","M","R","M","AVR","T","M","M","?","?","E","R","B",null,"M","?","?","M","M","E","M","M","T","M","M","?","AVR","M","R_BF","B"],"character_chosen":"IRONCLAD","items_purchased":["Replay:Bandana","StuffTheSpire:Saxophone"],"campfire_rested":1,"item_purchase_floors":[13,13],"current_hp_per_floor":[85,85,78,85,83,83,71,79,79,79,85,85,85,85,85,44,90,90,32,32,32,34,34,42,42,42,50,58,71,1,1,1,1,1,1,1,1,1,1,1,1,1,1,1,1,1,1,1,1,0,0],"gold":2680,"neow_bonus":"NOSTALGIA","is_daily":false,"chose_seed":false,"campfire_upgraded":5,"win_rate":0.0,"timestamp":1610381480,"path_taken":["M","?","M","M","M","R","?","E","T","R","M","E","$","?","R","BOSS","M","?","?","?","M","R","M","AVR","T","M","M","?","?","E","R","BOSS","M","?","?","M","?","E","?","M","T","M","M","?","AVR","M","R_BF","BOSS"],"items_purchased_type":["Relic","Relic"],"build_version":"2020-12-22","purchased_purges":3,"victory":false,"max_hp_per_floor":[85,85,85,85,85,85,85,85,85,85,85,85,85,85,85,90,90,90,90,90,90,90,90,90,90,90,90,90,90,1,1,1,1,1,1,1,1,1,1,1,1,1,1,1,1,1,1,1,1,1,1],"card_choices":[{"not_picked":["Whirlwind","Disarm","StuffTheSpire:RagingBull"],"picked":"SKIP","floor":1},{"not_picked":["Whirlwind","Disarm","StuffTheSpire:RagingBull"],"picked":"SKIP","floor":1},{"not_picked":["True Grit","Wild Strike"],"picked":"Sword Boomerang","floor":3},{"not_picked":["Anger","Perfected Strike","Fire Breathing+1"],"picked":"SKIP","floor":4},{"not_picked":["Replay:Undeath\u0027s Touch","Cleave","jedi:fear"],"picked":"SKIP","floor":5},{"not_picked":["Shrug It Off","hubris:SharpeningStone+1"],"picked":"Dual Wield+1","floor":8},{"not_picked":["Shockwave","Offering"],"picked":"Clash","floor":8},{"not_picked":["Second Wind","Dark Embrace","jedi:fear+1"],"picked":"SKIP","floor":11},{"not_picked":["Wild Strike","StuffTheSpire:BloodClot","Headbutt"],"picked":"SKIP","floor":12},{"not_picked":["Clothesline+1","Hemokinesis","StuffTheSpire:RockThrow+1"],"picked":"SKIP","floor":12},{"not_picked":["jedi:controlledanger+1","StuffTheSpire:RockThrow","jedi:fear"],"picked":"SKIP","floor":14},{"not_picked":["Warcry","Massacre","hubris:ReadiedAction"],"picked":"SKIP","floor":18},{"not_picked":["Shrug It Off","Burning Pact+1","Pommel Strike+1"],"picked":"SKIP","floor":22},{"not_picked":["Massacre","Thunderclap","Run Through+1"],"picked":"SKIP","floor":24},{"not_picked":["Pummel+1","Invigoration+1","Replay:Undeath\u0027s Touch"],"picked":"SKIP","floor":27},{"not_picked":["StuffTheSpire:RockThrow","conspire:Charge","jedi:suffering+1"],"picked":"SKIP","floor":28},{"not_picked":["StuffTheSpire:Slingshot","conspire:Purge"],"picked":"Demon Form","floor":31},{"not_picked":["Hemogenesis","Impervious"],"picked":"Offering","floor":33},{"not_picked":["Metallicize+1","Abandon+1"],"picked":"Blood for Blood+1","floor":35},{"not_picked":["Body Slam+1","conspire:Charge","True Grit+1"],"picked":"SKIP","floor":38},{"not_picked":["Run Through+1","ReplayTheSpireMod:Strike From Hell+1","Feed"],"picked":"SKIP","floor":39},{"not_picked":["Hemokinesis+1","ReplayTheSpireMod:Corrosion Curse+1","Clash+1"],"picked":"SKIP","floor":40},{"not_picked":["Hemokinesis+1","ReplayTheSpireMod:Corrosion Curse+1","Clash+1"],"picked":"SKIP","floor":40},{"not_picked":["Cleave+1","Blood for Blood+1","Replay:Undeath\u0027s Touch"],"picked":"SKIP","floor":41},{"not_picked":["Spot Weakness+1","Shockwave+1","True Grit+1"],"picked":"SKIP","floor":42},{"not_picked":["Iron Wave+1","jedi:MakeshiftSword+1","Juggernaut"],"picked":"SKIP","floor":44},{"not_picked":["Pommel Strike+1","Cleave+1","Entrench+1"],"picked":"SKIP","floor":45},{"not_picked":["Iron Wave+1","Run Through+1","StuffTheSpire:Resist+1"],"picked":"SKIP","floor":48}],"player_experience":146983,"relics_obtained":[{"floor":8,"key":"MealTicket"},{"floor":9,"key":"Anchor"},{"floor":9,"key":"Ice Cream"},{"floor":12,"key":"Another Sword"},{"floor":16,"key":"StuffTheSpire:Expresso"},{"floor":26,"key":"WizardHat"},{"floor":26,"key":"hubris:TenFootPole"},{"floor":31,"key":"hubris:DuctTape"},{"floor":33,"key":"halation:SwordOfLegend"},{"floor":36,"key":"StuffTheSpire:PointBlank"},{"floor":39,"key":"wanderingMiniBosses:OtherGremlinHorn"},{"floor":40,"key":"Snack Pack"},{"floor":41,"key":"War Paint"},{"floor":43,"key":"ReplayTheSpireMod:Lightbulb"},{"floor":43,"key":"Chameleon Ring"}],"event_choices":[{"damage_healed":0,"gold_gain":0,"player_choice":"Relic ","damage_taken":12,"max_hp_gain":0,"max_hp_loss":0,"event_name":"betterThird:BetterScrap","floor":7,"gold_loss":0,"cards_obtained":["Tantrum"]},{"damage_healed":0,"gold_gain":0,"player_choice":"RE RE RE ","damage_taken":64,"relics_obtained":["RollingBoulder","ReplayTheSpireMod:Spearhead","aspiration:ChemicalBlood"],"max_hp_gain":0,"max_hp_loss":0,"event_name":"betterSkull:BetterSkull","floor":19,"gold_loss":0,"cards_upgraded":[]},{"damage_healed":0,"gold_gain":0,"player_choice":"Ignored","damage_taken":0,"max_hp_gain":0,"max_hp_loss":0,"event_name":"betterNote:BetterNote","floor":20,"gold_loss":0,"cards_obtained":["hubris:InfiniteBlow"]},{"damage_healed":0,"gold_gain":0,"player_choice":"Leave","damage_taken":0,"max_hp_gain":0,"max_hp_loss":0,"event_name":"conspire:Investor","floor":37,"gold_loss":0}],"is_beta":false,"boss_relics":[{"not_picked":["Runic Pyramid","vexMod:FluxCapacitor"],"picked":"energizedSpire:MagnifyingGlass"},{"not_picked":["Calling Bell","Electric Blood"],"picked":"hubris:BlackHole"}],"items_purged_floors":[13,13,25],"is_endless":false,"potions_floor_spawned":[4,8,11,16,18,24,33,39,41,42,45],"killed_by":"infinitespire:MassOfShapes","ascension_level":-20}}