{"host":"kh6fvhxn285ncg0o","time":1610388098,"event":{"mods":["Act Like it!","BaseMod","Colored Map","Friendly Minions","Keyboard Shortcuts","Minty Spire (QoL Compilation)","Quick Restart","Relic Stats","StSLib","SuperFastMode"],"gold_per_floor":[369,383,19,30,45,45,65,90,90,119,119,129,158,168,168,241,241,253,264,278,291,302,302,331,331,358,393,393,403,431,240,240,313,313,333,351,351,351,351],"floor_reached":38,"playtime":1506,"items_purged":["Strike_R","Strike_R"],"score":920,"play_id":"59a9affc-f516-4bb3-894b-d288157de714","local_time":"20210112030138","is_ascension_mode":true,"campfire_choices":[{"data":"Armaments","floor":6.0,"key":"SMITH"},{"data":"Battle Trance","floor":11.0,"key":"SMITH"},{"data":"Feel No Pain","floor":15.0,"key":"SMITH"},{"floor":23.0,"key":"REST"},{"data":"Immolate","floor":25.0,"key":"SMITH"},{"floor":28.0,"key":"REST"},{"data":"Discovery","floor":32,"key":"SMITH"}],"circlet_count":0,"master_deck":["AscendersBane","Strike_R","Strike_R","Strike_R","Defend_R","Defend_R","Defend_R","Defend_R","Bash","Battle Trance+1","Seeing Red","Armaments+1","Sever Soul","Shockwave","Feel No Pain+1","Disarm","Carnage","Immolate+1","Sentinel","Havoc+1","Burning Pact","Discovery+1","Feed","Body Slam+1"],"relics":["Burning Blood","Lantern","Mango","Matryoshka","Shuriken","InkBottle","SlaversCollar","Darkstone Periapt","Happy Flower","Ancient Tea Set","Toy Ornithopter","Regal Pillow","Busted Crown"],"acts_visited":["Exordium","TheCity","TheBeyond"],"potions_floor_usage":[33,33],"damage_taken":[{"damage":6.0,"enemies":"Cultist","floor":1.0,"turns":3.0},{"damage":12.0,"enemies":"Jaw Worm","floor":2.0,"turns":3.0},{"damage":0.0,"enemies":"2 Louse","floor":4.0,"turns":2.0},{"damage":16.0,"enemies":"Large Slime","floor":5.0,"turns":11.0},{"damage":6.0,"enemies":"2 Fungi Beasts","floor":7.0,"turns":3.0},{"damage":8.0,"enemies":"Gremlin Nob","floor":8.0,"turns":3.0},{"damage":12.0,"enemies":"Lagavulin","floor":10.0,"turns":5.0},{"damage":5.0,"enemies":"3 Louse","floor":12.0,"turns":3.0},{"damage":40.0,"enemies":"Gremlin Nob","floor":13.0,"turns":5.0},{"damage":1.0,"enemies":"Blue Slaver","floor":14.0,"turns":6.0},{"damage":24.0,"enemies":"Slime Boss","floor":16.0,"turns":10.0},{"damage":5.0,"enemies":"Chosen","floor":18.0,"turns":5.0},{"damage":20.0,"enemies":"Shell Parasite","floor":19.0,"turns":9.0},{"damage":24.0,"enemies":"Chosen and Byrds","floor":20.0,"turns":6.0},{"damage":11.0,"enemies":"Snake Plant","floor":21.0,"turns":5.0},{"damage":3.0,"enemies":"Cultist and Chosen","floor":22.0,"turns":6.0},{"damage":7.0,"enemies":"Gremlin Leader","floor":24.0,"turns":6.0},{"damage":55.0,"enemies":"Slavers","floor":27.0,"turns":4.0},{"damage":14.0,"enemies":"Snecko","floor":29.0,"turns":4.0},{"damage":14,"enemies":"Gremlin Leader","floor":30,"turns":4},{"damage":5,"enemies":"Champ","floor":33,"turns":9},{"damage":32,"enemies":"Orb Walker","floor":35,"turns":7},{"damage":34,"enemies":"3 Shapes","floor":36,"turns":11},{"damage":22,"enemies":"Maw","floor":38,"turns":2}],"seed_played":"3051839085152472385","potions_obtained":[{"floor":4.0,"key":"AttackPotion"},{"floor":5.0,"key":"BloodPotion"},{"floor":10.0,"key":"SkillPotion"},{"floor":12.0,"key":"Strength Potion"},{"floor":14.0,"key":"Dexterity Potion"},{"floor":18.0,"key":"SpeedPotion"},{"floor":21.0,"key":"Fire Potion"},{"floor":24.0,"key":"CultistPotion"},{"floor":30,"key":"HeartOfIron"},{"floor":36,"key":"GamblersBrew"}],"is_trial":false,"path_per_floor":["M","M","$","M","M","R","M","E","T","E","R","M","E","M","R","B",null,"M","M","M","M","M","R","E","R","T","E","R","M","E","$","R","B",null,"M","M","?","M"],"character_chosen":"IRONCLAD","items_purchased":["Battle Trance","Lantern","Seeing Red","Discovery"],"campfire_rested":2,"item_purchase_floors":[3,3,3,31],"current_hp_per_floor":[68,62,62,68,58,58,58,70,70,64,64,81,47,52,52,34,70,71,57,39,34,37,61,60,60,60,11,35,27,19,19,19,30,69,43,18,8,0,0],"gold":351,"neow_bonus":"TWO_FIFTY_GOLD","is_daily":false,"chose_seed":false,"campfire_upgraded":5,"win_rate":0.0,"timestamp":1610388098,"path_taken":["M","M","$","M","M","R","M","E","T","E","R","?","E","M","R","BOSS","M","M","M","M","M","R","E","R","T","E","R","M","E","$","R","BOSS","M","?","?","M"],"items_purchased_type":["Card","Relic","Card","Card"],"build_version":"2020-12-22","purchased_purges":2,"victory":false,"max_hp_per_floor":[68,68,68,68,68,68,68,82,82,82,82,82,82,82,82,82,82,82,82,82,82,82,82,82,82,82,82,82,82,82,82,82,82,82,82,85,85,85,85],"relic_stats":{"Darkstone Periapt":0,"Regal Pillow":0,"Busted Crown":10,"Happy Flower":[13],"counters":[24,132],"Shuriken":[14],"obtain_stats":[{"Darkstone Periapt":24,"Lantern":3,"Regal Pillow":30,"Happy Flower":26,"Mango":8,"Ancient Tea Set":26,"Burning Blood":0,"SlaversCollar":17,"Matryoshka":9,"Busted Crown":34,"Shuriken":10,"InkBottle":13,"Toy Ornithopter":27},{"Darkstone Periapt":17,"Lantern":2,"Regal Pillow":20,"Happy Flower":17,"Mango":6,"Ancient Tea Set":17,"Burning Blood":0,"SlaversCollar":11,"Matryoshka":6,"Busted Crown":21,"Shuriken":7,"InkBottle":9,"Toy Ornithopter":18},{"Darkstone Periapt":91,"Lantern":6,"Regal Pillow":103,"Happy Flower":91,"Mango":25,"Ancient Tea Set":91,"Burning Blood":0,"SlaversCollar":54,"Matryoshka":25,"Busted Crown":112,"Shuriken":30,"InkBottle":38,"Toy Ornithopter":95}],"Burning Blood":138,"InkBottle":[23],"Toy Ornithopter":10},"card_choices":[{"not_picked":["Pommel Strike","Double Tap"],"picked":"Armaments","floor":4.0},{"not_picked":["Dual Wield","Iron Wave","Sword Boomerang"],"picked":"SKIP","floor":5.0},{"not_picked":["Sentinel","Pummel"],"picked":"Sever Soul","floor":7.0},{"not_picked":["Perfected Strike","Sentinel"],"picked":"Shockwave","floor":8.0},{"not_picked":["Dark Embrace","Pummel"],"picked":"Feel No Pain","floor":10.0},{"not_picked":["Cleave","Headbutt"],"picked":"Disarm","floor":12.0},{"not_picked":["Cleave","Sword Boomerang"],"picked":"Carnage","floor":13.0},{"not_picked":["Infernal Blade","Flex","Clash"],"picked":"SKIP","floor":14.0},{"not_picked":["Double Tap","Fiend Fire"],"picked":"Immolate","floor":16.0},{"not_picked":["Cleave","Hemokinesis"],"picked":"Sentinel","floor":18.0},{"not_picked":["Havoc+1","Anger","Thunderclap"],"picked":"SKIP","floor":19.0},{"not_picked":["Anger","Thunderclap"],"picked":"Havoc+1","floor":19.0},{"not_picked":["Armaments","Hemokinesis"],"picked":"Burning Pact","floor":20.0},{"not_picked":["Cleave","Pommel Strike","Anger+1"],"picked":"SKIP","floor":21.0},{"not_picked":["Clash","Twin Strike","True Grit"],"picked":"SKIP","floor":22.0},{"not_picked":["Iron Wave","Blood for Blood","Headbutt"],"picked":"SKIP","floor":24.0},{"not_picked":["Intimidate","Havoc","Reaper"],"picked":"SKIP","floor":27.0},{"not_picked":["Sword Boomerang","Body Slam","Flex"],"picked":"SKIP","floor":29.0},{"not_picked":["Body Slam","Perfected Strike","Spot Weakness"],"picked":"SKIP","floor":30},{"not_picked":["Reaper","Brutality"],"picked":"Feed","floor":33},{"not_picked":["Clash"],"picked":"SKIP","floor":35},{"not_picked":[],"picked":"Body Slam+1","floor":36}],"player_experience":3422119,"relics_obtained":[{"floor":8.0,"key":"Mango"},{"floor":9.0,"key":"Matryoshka"},{"floor":10.0,"key":"Shuriken"},{"floor":13.0,"key":"InkBottle"},{"floor":24.0,"key":"Darkstone Periapt"},{"floor":26.0,"key":"Happy Flower"},{"floor":26.0,"key":"Ancient Tea Set"},{"floor":27.0,"key":"Toy Ornithopter"},{"floor":30,"key":"Regal Pillow"}],"event_choices":[{"damage_healed":0,"gold_gain":0,"player_choice":"Memory 3","damage_taken":10,"max_hp_gain":0,"max_hp_loss":0,"event_name":"SensoryStone","floor":37,"gold_loss":0}],"is_beta":false,"boss_relics":[{"not_picked":["Cursed Key","Velvet Choker"],"picked":"SlaversCollar"},{"not_picked":["SacredBark","Black Star"],"picked":"Busted Crown"}],"items_purged_floors":[3,31],"is_endless":false,"potions_floor_spawned":[4,5,10,12,14,18,21,22,24,30,36],"killed_by":"Maw","ascension_level":20}}