{"host":"uvd23xk3ig6bv7xx","time":1610335327,"event":{"mods":["BaseMod","Colored Powertips","Minty Spire (QoL Compilation)","Quick Restart","StSLib","SuperFastMode","¡¾ÒÅÎï¿¨ÅÆ¡¿REMEMod"],"gold_per_floor":[113,131,131,81,97,97,129,129,129,129,144,176,188,207,207,307,307,317,68,85,111,125,125,139,151,151,167,178,29,29,29,29,124,124,137,137,137,14,14,14,39,49,73,73,295,311,357,74,74,74],"floor_reached":51,"playtime":1532,"items_purged":["Strike_R","Strike_R"],"score":787,"play_id":"7907cae1-3879-440f-88da-141711a62d0d","local_time":"20210111112207","is_ascension_mode":false,"campfire_choices":[{"data":"Bludgeon","floor":6.0,"key":"SMITH"},{"data":"Heavy Blade","floor":8.0,"key":"SMITH"},{"data":"Twin Strike","floor":15.0,"key":"SMITH"},{"data":"Offering","floor":23.0,"key":"SMITH"},{"data":"Thunderclap","floor":30.0,"key":"SMITH"},{"floor":32.0,"key":"REST"},{"data":"Madness","floor":40,"key":"SMITH"},{"data":"Madness","floor":44,"key":"SMITH"},{"data":"Limit Break","floor":49,"key":"SMITH"}],"circlet_count":0,"master_deck":["Defend_R","Defend_R","Defend_R","Bash","Bludgeon+1","Intimidate","Twin Strike+1","Heavy Blade+1","Impervious","Thunderclap+1","Offering+1","Spot Weakness","Barricade+1","Shockwave+1","Madness+1","Madness+1","Shrug It Off","Iron Wave+1","Limit Break+1","Flame Barrier"],"relics":["Black Blood","REME_ComplimentaryCards","NeowsBlessing","Bird Faced Urn","Incense Burner","Self Forming Clay","Kunai","Empty Cage","Gremlin Horn","Red Mask","Frozen Egg 2","REME_PuzzleBoxRelic","Pear","Bronze Scales","Du-Vu Doll","HandDrill"],"acts_visited":["Exordium","TheCity","TheBeyond"],"potions_floor_usage":[33,33,50],"damage_taken":[{"damage":0.0,"enemies":"2 Louse","floor":1.0,"turns":1.0},{"damage":0.0,"enemies":"Jaw Worm","floor":2.0,"turns":1.0},{"damage":0.0,"enemies":"Cultist","floor":5.0,"turns":1.0},{"damage":31.0,"enemies":"Lagavulin","floor":7.0,"turns":4.0},{"damage":10.0,"enemies":"Looter","floor":11.0,"turns":2.0},{"damage":6.0,"enemies":"Gremlin Nob","floor":12.0,"turns":3.0},{"damage":12.0,"enemies":"Blue Slaver","floor":13.0,"turns":4.0},{"damage":7.0,"enemies":"3 Louse","floor":14.0,"turns":5.0},{"damage":0.0,"enemies":"Slime Boss","floor":16.0,"turns":9.0},{"damage":5.0,"enemies":"3 Byrds","floor":18.0,"turns":5.0},{"damage":10.0,"enemies":"Chosen","floor":20.0,"turns":4.0},{"damage":6.0,"enemies":"Masked Bandits","floor":21.0,"turns":1.0},{"damage":10.0,"enemies":"Snake Plant","floor":22.0,"turns":3.0},{"damage":24.0,"enemies":"Centurion and Healer","floor":24.0,"turns":4.0},{"damage":12.0,"enemies":"Chosen and Byrds","floor":25.0,"turns":3.0},{"damage":15.0,"enemies":"Snake Plant","floor":27.0,"turns":3.0},{"damage":6.0,"enemies":"Centurion and Healer","floor":28.0,"turns":3.0},{"damage":14,"enemies":"Automaton","floor":33,"turns":6},{"damage":12,"enemies":"Orb Walker","floor":35,"turns":3},{"damage":18,"enemies":"Nemesis","floor":41,"turns":7},{"damage":2,"enemies":"3 Darklings","floor":42,"turns":2},{"damage":6,"enemies":"Maw","floor":46,"turns":6},{"damage":51,"enemies":"2 Orb Walkers","floor":47,"turns":6},{"damage":34,"enemies":"Awakened One","floor":50,"turns":10}],"seed_played":"-2341834807556626102","potions_obtained":[{"floor":2.0,"key":"Strength Potion"},{"floor":12.0,"key":"BlessingOfTheForge"},{"floor":13.0,"key":"Block Potion"},{"floor":16.0,"key":"LiquidBronze"},{"floor":18.0,"key":"Strength Potion"},{"floor":24.0,"key":"LiquidMemories"},{"floor":25.0,"key":"FearPotion"},{"floor":47,"key":"Regen Potion"}],"is_trial":false,"path_per_floor":["M","M","?","?","M","R","E","R","T","T","M","E","M","M","R","B",null,"M","$","M","?","M","R","M","M","T","M","M","$","R","?","R","B",null,"M","?","?","$","?","R","E","M","T","R","?","M","?","$","R","B",null],"character_chosen":"IRONCLAD","items_purchased":["Gremlin Horn","REME_PuzzleBoxRelic","Shrug It Off","HandDrill","Flame Barrier"],"campfire_rested":1,"item_purchase_floors":[19,29,38,48,48],"current_hp_per_floor":[80,80,73,73,79,79,54,54,54,54,50,50,44,43,43,49,80,80,80,76,76,72,72,54,48,48,39,39,39,39,24,49,45,85,85,85,74,74,74,74,80,92,92,92,92,95,60,60,60,95],"gold":74,"neow_bonus":"THREE_ENEMY_KILL","is_daily":false,"chose_seed":false,"campfire_upgraded":8,"win_rate":0.0,"timestamp":1610335327,"path_taken":["M","M","?","?","?","R","E","R","T","?","M","E","M","M","R","BOSS","M","$","?","?","M","R","M","M","T","M","M","$","R","?","R","BOSS","M","?","?","$","?","R","E","M","T","R","?","?","?","$","R","BOSS"],"items_purchased_type":["Relic","Relic","Card","Relic","Card"],"build_version":"2020-12-22","purchased_purges":2,"victory":true,"max_hp_per_floor":[80,80,80,80,80,80,80,80,80,80,80,80,80,80,80,80,80,80,80,80,80,80,80,80,80,80,80,80,80,80,85,85,85,85,85,85,85,85,85,85,95,95,95,95,95,95,95,95,95,95],"card_choices":[{"not_picked":["Clothesline","REME_Scribble"],"picked":"Intimidate","floor":1.0},{"not_picked":["Infernal Blade","Warcry"],"picked":"Twin Strike","floor":2.0},{"not_picked":["Dropkick","Intimidate"],"picked":"Heavy Blade","floor":5.0},{"not_picked":["Armaments","Body Slam"],"picked":"Impervious","floor":7.0},{"not_picked":["True Grit","Armaments","Dark Embrace"],"picked":"SKIP","floor":11.0},{"not_picked":["Headbutt","Seeing Red"],"picked":"Thunderclap","floor":12.0},{"not_picked":["Feel No Pain","Heavy Blade","Cleave"],"picked":"SKIP","floor":13.0},{"not_picked":["Sever Soul","Cleave","Havoc"],"picked":"SKIP","floor":14.0},{"not_picked":["REME_Fury","Corruption"],"picked":"Offering","floor":16.0},{"not_picked":["Dark Embrace","Sentinel","Clash"],"picked":"SKIP","floor":18.0},{"not_picked":["REME_Scribble","Infernal Blade","Dark Embrace+1"],"picked":"SKIP","floor":20.0},{"not_picked":["Dropkick","Clothesline"],"picked":"Carnage+1","floor":21.0},{"not_picked":["Rampage","Cleave"],"picked":"Spot Weakness","floor":22.0},{"not_picked":["Perfected Strike+1","Sword Boomerang","Fiend Fire"],"picked":"SKIP","floor":24.0},{"not_picked":["Metallicize","Ghostly Armor","Wild Strike+1"],"picked":"SKIP","floor":25.0},{"not_picked":["Dark Embrace+1","Dropkick","Clash"],"picked":"SKIP","floor":27.0},{"not_picked":["Wild Strike","Perfected Strike+1","Cleave"],"picked":"SKIP","floor":28.0},{"not_picked":["REME_Fury","Exhume"],"picked":"Barricade+1","floor":33},{"not_picked":["Searing Blow","Iron Wave"],"picked":"Shockwave+1","floor":35},{"not_picked":["Clash+1","Heavy Blade+1","Perfected Strike+1"],"picked":"SKIP","floor":41},{"not_picked":["Wild Strike","Clash","Clothesline+1"],"picked":"SKIP","floor":42},{"not_picked":["Ghostly Armor+1","Warcry+1"],"picked":"Iron Wave+1","floor":46},{"not_picked":["Thunderclap+1","Sword Boomerang+1"],"picked":"Limit Break","floor":47}],"player_experience":326197,"relics_obtained":[{"floor":7.0,"key":"Bird Faced Urn"},{"floor":9.0,"key":"Incense Burner"},{"floor":10.0,"key":"Self Forming Clay"},{"floor":12.0,"key":"Kunai"},{"floor":21.0,"key":"Red Mask"},{"floor":26.0,"key":"Frozen Egg 2"},{"floor":41,"key":"Pear"},{"floor":43,"key":"Bronze Scales"},{"floor":47,"key":"Du-Vu Doll"}],"event_choices":[{"cards_removed":["Strike_R"],"damage_healed":0.0,"max_hp_gain":0.0,"max_hp_loss":0.0,"gold_gain":0.0,"event_name":"Golden Wing","player_choice":"Card Removal","floor":3.0,"gold_loss":0.0,"damage_taken":7.0},{"cards_removed":["Strike_R"],"damage_healed":0.0,"max_hp_gain":0.0,"max_hp_loss":0.0,"gold_gain":0.0,"event_name":"The Cleric","player_choice":"Card Removal","floor":4.0,"gold_loss":50.0,"damage_taken":0.0},{"damage_healed":0.0,"max_hp_gain":0.0,"max_hp_loss":0.0,"gold_gain":0.0,"event_name":"Masked Bandits","player_choice":"Fought Bandits","floor":21.0,"gold_loss":0.0,"damage_taken":0.0},{"damage_healed":0.0,"max_hp_gain":5.0,"max_hp_loss":0.0,"gold_gain":0.0,"event_name":"Forgotten Altar","player_choice":"Shed Blood","floor":31.0,"gold_loss":0.0,"damage_taken":20.0},{"cards_removed":["Carnage"],"damage_healed":0,"gold_gain":0,"player_choice":"Removed Attack","damage_taken":0,"max_hp_gain":0,"max_hp_loss":0,"event_name":"Falling","floor":36,"gold_loss":0},{"damage_healed":0,"gold_gain":0,"player_choice":"Embrace Madness","damage_taken":11,"max_hp_gain":0,"max_hp_loss":0,"event_name":"Winding Halls","floor":37,"gold_loss":0,"cards_obtained":["Madness","Madness"]},{"damage_healed":0,"gold_gain":0,"player_choice":"Memory 1","damage_taken":0,"max_hp_gain":0,"max_hp_loss":0,"event_name":"SensoryStone","floor":39,"gold_loss":0},{"damage_healed":0,"gold_gain":222,"player_choice":"Wore Mask","damage_taken":0,"max_hp_gain":0,"max_hp_loss":0,"event_name":"Tomb of Lord Red Mask","floor":45,"gold_loss":0},{"damage_healed":0,"gold_gain":0,"player_choice":"Fight","damage_taken":0,"max_hp_gain":0,"max_hp_loss":0,"event_name":"Mysterious Sphere","floor":47,"gold_loss":0}],"is_beta":false,"boss_relics":[{"not_picked":["Pandora\u0027s Box","Runic Dome"],"picked":"Empty Cage"},{"not_picked":["REME_ChargedStone","SlaversCollar"],"picked":"Black Blood"}],"items_purged_floors":[38,48],"is_endless":false,"potions_floor_spawned":[2,12,13,16,18,24,25,47],"ascension_level":0}}