{"host":"bf9sa99gaumonoeu","time":1610377274,"event":{"mods":["AchievementEnabler","Act Like it!","BaseMod","Better Sensory Stone","Colored Map","Colored Powertips","Fox Events","Friendly Minions","Gensokyo","GifTheSpireLib","Googly Eyes","Hallownest","Hermit","Hubris","Jorbs\u0027s Wanderer Trilogy","KinomotoSakuraMod(????)","Koishi","Lobotomy","Marisa????????","Minty Spire (QoL Compilation)","Rare Cards Sparkle","Reimu??????","Relic Stats","Remilia??????","Replay The Spire","StSLib","The Administrix","The Animator","The Bug Knight","The Construct","The Cursed","The Disciple","The Hierophant","The Mystic","The Necromancer","The Poker Player","The Runesmith","The Senshi","The Servant 0.9.4","TheLocksmith","Yakumo Yukari mod","thorton"],"gold_per_floor":[111,111,128,146,160,160,170,204,204,204,239,257,271,10,10,85,85,105,63,63,63],"floor_reached":20,"playtime":1178,"items_purged":[],"score":357,"play_id":"3d89f5fe-f37c-4ab7-a4e8-42a8c62df667","local_time":"20210111130114","is_ascension_mode":true,"campfire_choices":[{"data":"hubris:Counter","floor":6,"key":"SMITH"},{"floor":15,"key":"REST"}],"circlet_count":0,"master_deck":["AscendersBane","Strike_G","Strike_G","Strike_G","Strike_G","Defend_G","Defend_G","Defend_G","Defend_G","Survivor","Neutralize","Parasite","All Out Attack","Blur","PiercingWail","ReplayTheSpireMod:Scrap Shanks","hubris:Counter+1","Footwork","Toxin Wave","PiercingWail","Riddle With Holes","Cloak And Dagger","AdministrixMod:BloodBargain","Escape Plan","Footwork","Mind Blast","Poison Darts","ReplayTheSpireMod:Shiv Toss","AdministrixMod:TouchOfCinnabar"],"relics":["Ring of the Snake","HollowMod:PaleOreRelic","hubris:AstralHammer","Mango","GremlinMask","hubris:DisguiseKit","Velvet Choker"],"acts_visited":["Exordium","TheCity"],"potions_floor_usage":[5,12,16],"damage_taken":[{"damage":1,"enemies":"Small Slimes","floor":1,"turns":4},{"damage":0,"enemies":"Cultist","floor":3,"turns":4},{"damage":0,"enemies":"2 Louse","floor":4,"turns":2},{"damage":6,"enemies":"Large Slime","floor":5,"turns":5},{"damage":4,"enemies":"Lots of Slimes","floor":7,"turns":2},{"damage":10,"enemies":"Lagavulin","floor":8,"turns":10},{"damage":38,"enemies":"3 Sentries","floor":11,"turns":8},{"damage":0,"enemies":"2 Fungi Beasts","floor":12,"turns":4},{"damage":0,"enemies":"Blue Slaver","floor":13,"turns":5},{"damage":21,"enemies":"Hexaghost","floor":16,"turns":10},{"damage":23,"enemies":"Spheric Guardian","floor":18,"turns":5},{"damage":19,"enemies":"2 Thieves","floor":19,"turns":5},{"damage":19,"enemies":"Shelled Parasite and Fungi","floor":20,"turns":1}],"seed_played":"-8530961107672658537","potions_obtained":[{"floor":4,"key":"Regen Potion"},{"floor":11,"key":"Toxic Potion"},{"floor":12,"key":"Milkshake"},{"floor":13,"key":"Weak Potion"},{"floor":16,"key":"FearPotion"}],"is_trial":false,"path_per_floor":["M","?","M","M","M","R","M","E","T","?","E","M","M","$","R","B",null,"M","M","M"],"character_chosen":"THE_SILENT","items_purchased":["Escape Plan","Footwork","Mind Blast"],"campfire_rested":1,"item_purchase_floors":[14,14,14],"current_hp_per_floor":[58,32,32,32,40,40,36,26,40,40,2,2,2,2,26,5,61,38,19,0,0],"gold":63,"neow_bonus":"TRANSFORM_TWO_CARDS","is_daily":false,"chose_seed":false,"campfire_upgraded":1,"win_rate":0.0,"timestamp":1610377274,"path_taken":["M","?","M","M","M","R","M","E","T","?","E","M","M","$","R","BOSS","M","?","M"],"items_purchased_type":["Card","Card","Card"],"build_version":"2020-12-22","purchased_purges":0,"victory":false,"max_hp_per_floor":[66,66,66,66,66,66,66,66,80,80,80,80,80,80,80,80,80,80,80,80,80],"relic_stats":{"counters":[13,65],"obtain_stats":[{"hubris:DisguiseKit":11,"hubris:AstralHammer":8,"Velvet Choker":17,"Mango":9,"GremlinMask":10,"HollowMod:PaleOreRelic":2,"Ring of the Snake":0},{"hubris:DisguiseKit":7,"hubris:AstralHammer":6,"Velvet Choker":10,"Mango":6,"GremlinMask":6,"HollowMod:PaleOreRelic":1,"Ring of the Snake":0},{"hubris:DisguiseKit":35,"hubris:AstralHammer":27,"Velvet Choker":54,"Mango":27,"GremlinMask":27,"HollowMod:PaleOreRelic":4,"Ring of the Snake":0}],"Ring of the Snake":[26]},"card_choices":[{"not_picked":["Dodge and Roll","ReplayTheSpireMod:Exploit Weakness"],"picked":"PiercingWail","floor":1},{"not_picked":["Prepared","Accuracy"],"picked":"ReplayTheSpireMod:Scrap Shanks","floor":3},{"not_picked":["All Out Attack","ReplayTheSpireMod:The Works"],"picked":"hubris:Counter","floor":4},{"not_picked":["Hidden Blade","Bane"],"picked":"Footwork","floor":5},{"not_picked":["Setup","Backstab"],"picked":"Toxin Wave","floor":7},{"not_picked":["Hidden Blade","Poisoned Stab"],"picked":"PiercingWail","floor":8},{"not_picked":["Backstab","Dagger Spray"],"picked":"Riddle With Holes","floor":11},{"not_picked":["Poisoned Stab","Deflect","AdministrixMod:PlateOfAntiquity"],"picked":"Cloak And Dagger","floor":12},{"not_picked":["Backflip","ReplayTheSpireMod:From All Sides","Dodge and Roll"],"picked":"AdministrixMod:BloodBargain","floor":13},{"not_picked":["Glass Knife","Die Die Die","AdministrixMod:FalseDeath"],"picked":"Poison Darts","floor":16},{"not_picked":["Poisoned Stab+1","Dodge and Roll","AdministrixMod:CrackingPangu"],"picked":"ReplayTheSpireMod:Shiv Toss","floor":18},{"not_picked":["Infinite Blades","Backflip","Leg Sweep"],"picked":"AdministrixMod:TouchOfCinnabar","floor":19}],"player_experience":900674,"relics_obtained":[{"floor":8,"key":"hubris:AstralHammer"},{"floor":9,"key":"Mango"},{"floor":11,"key":"hubris:DisguiseKit"}],"event_choices":[{"damage_healed":0,"gold_gain":0,"player_choice":"Success","damage_taken":26,"relics_obtained":["HollowMod:PaleOreRelic"],"max_hp_gain":0,"max_hp_loss":0,"event_name":"Scrap Ooze","floor":2,"gold_loss":0},{"damage_healed":0,"gold_gain":0,"player_choice":"Trade","damage_taken":0,"relics_obtained":["GremlinMask"],"max_hp_gain":0,"max_hp_loss":0,"event_name":"FaceTrader","floor":10,"gold_loss":0}],"is_beta":false,"boss_relics":[{"not_picked":["Pandora\u0027s Box","hubris:HollowSoul"],"picked":"Velvet Choker"}],"items_purged_floors":[],"is_endless":false,"potions_floor_spawned":[4,11,12,13,16],"killed_by":"Shelled Parasite and Fungi","ascension_level":18}}