{"host":"ufl0k2so27eic2iy","time":1610386326,"event":{"mods":["BaseMod","Minty Spire (QoL Compilation)","StSLib","The Animator"],"gold_per_floor":[209,284,309,309,60,91,91,132,132,132,132],"floor_reached":10,"playtime":344,"items_purged":["animator:Strike"],"score":130,"play_id":"7664038d-6c48-41ea-a5e7-aa14def7bc20","local_time":"20210111173206","is_ascension_mode":true,"campfire_choices":[{"data":"animator:AcuraAkari","floor":7,"key":"SMITH"}],"circlet_count":0,"master_deck":["AscendersBane","animator:Strike_HitsugiNoChaika","animator:Defend_HitsugiNoChaika","animator:Strike","animator:Strike","animator:Defend","animator:Defend","animator:Defend","animator:AcuraAkari+1","animator:Gillette","animator:ReimuHakurei","animator:Shuna","animator:Canti","animator:MarisaKirisame","animator:AcuraTooru"],"relics":["animator:LivingPicture","animator:TheMissingPiece","Peace Pipe","Blue Candle","Toxic Egg 2"],"acts_visited":["Exordium"],"potions_floor_usage":[6],"damage_taken":[{"damage":2,"enemies":"Jaw Worm","floor":1,"turns":3},{"damage":6,"enemies":"2 Louse","floor":3,"turns":3},{"damage":19,"enemies":"Gremlin Nob","floor":6,"turns":4},{"damage":23,"enemies":"Lagavulin","floor":8,"turns":6},{"damage":0,"enemies":"3 Sentries","floor":10,"turns":2}],"seed_played":"-6661431482421056318","potions_obtained":[{"floor":8,"key":"Weak Potion"}],"is_trial":false,"path_per_floor":["M","?","M","?","$","E","R","E","T","E"],"character_chosen":"THE_ANIMATOR","items_purchased":["animator:Canti","Regen Potion"],"campfire_rested":0,"item_purchase_floors":[5,5],"current_hp_per_floor":[52,41,35,35,35,30,30,7,7,7,7],"gold":132,"neow_bonus":"HUNDRED_GOLD","is_daily":false,"chose_seed":true,"campfire_upgraded":1,"win_rate":0.0,"timestamp":1610386326,"path_taken":["M","?","M","?","$","E","R","E","T","E"],"items_purchased_type":["Card","Potion"],"build_version":"2020-12-22","purchased_purges":1,"victory":false,"max_hp_per_floor":[60,60,60,60,60,60,60,60,60,60,60],"card_choices":[{"not_picked":["animator:MaesHughes","animator:Gillette"],"picked":"animator:ReimuHakurei","floor":1},{"not_picked":["animator:Spearman","animator:SuikaIbuki"],"picked":"animator:Shuna","floor":3},{"not_picked":["animator:ChlammyZell","animator:KoishiKomeiji"],"picked":"animator:MarisaKirisame","floor":6},{"not_picked":["animator:Guy","animator:Fredrika"],"picked":"animator:AcuraTooru","floor":8}],"player_experience":2430474,"relics_obtained":[{"floor":6,"key":"Peace Pipe"},{"floor":8,"key":"Blue Candle"},{"floor":9,"key":"Toxic Egg 2"}],"event_choices":[{"damage_healed":0,"gold_gain":75,"player_choice":"Gather Gold","damage_taken":11,"max_hp_gain":0,"max_hp_loss":0,"event_name":"World of Goop","floor":2,"gold_loss":0},{"damage_healed":0,"gold_gain":0,"player_choice":"Fled","damage_taken":0,"max_hp_gain":0,"max_hp_loss":0,"event_name":"Scrap Ooze","floor":4,"gold_loss":0}],"is_beta":false,"boss_relics":[],"items_purged_floors":[5],"is_endless":false,"potions_floor_spawned":[8],"killed_by":"3 Sentries","ascension_level":15}}