{"host":"g200jza2br9hmesm","time":1610329785,"event":{"mods":["AchievementEnabler","BaseMod","Colored Map","Downfall","Minty Spire (QoL Compilation)","Quick Restart","Relic Stats","StSLib"],"gold_per_floor":[112,129,304,304,315,315,315,315],"floor_reached":7,"playtime":300,"items_purged":[],"score":62,"play_id":"3fe9e4ff-c5b0-4dd2-9f34-2688cc6060f7","local_time":"20210110204945","is_ascension_mode":true,"campfire_choices":[{"floor":6,"key":"REST"}],"circlet_count":0,"master_deck":["AscendersBane","Strike_R","Strike_R","Strike_R","Strike_R","Strike_R","Defend_R","Defend_R","Defend_R","Defend_R","Bash","Havoc","Doubt","Perfected Strike"],"relics":["Black Star","The Courier"],"acts_visited":["Exordium"],"potions_floor_usage":[7],"damage_taken":[{"damage":12,"enemies":"Jaw Worm","floor":1,"turns":3},{"damage":6,"enemies":"2 Louse","floor":2,"turns":3},{"damage":20,"enemies":"Small Slimes","floor":5,"turns":6},{"damage":35,"enemies":"3 Sentries","floor":7,"turns":7}],"seed_played":"6987453858409101952","potions_obtained":[{"floor":1,"key":"sneckomod:MuddlingPotion"}],"is_trial":false,"path_per_floor":["M","M","?","?","M","R","E"],"character_chosen":"IRONCLAD","items_purchased":[],"campfire_rested":1,"item_purchase_floors":[],"current_hp_per_floor":[60,54,54,29,9,33,0,0],"gold":315,"neow_bonus":"BOSS_RELIC","is_daily":false,"chose_seed":false,"campfire_upgraded":0,"win_rate":0.0,"timestamp":1610329785,"path_taken":["M","M","?","?","M","R","E"],"items_purchased_type":[],"build_version":"2020-12-22","purchased_purges":0,"victory":false,"max_hp_per_floor":[80,80,80,80,80,80,80,80],"relic_stats":{"counters":[4,19],"Black Star":0,"obtain_stats":[{"The Courier":4,"Black Star":0,"Burning Blood":0},{"The Courier":2,"Black Star":0,"Burning Blood":0},{"The Courier":6,"Black Star":0,"Burning Blood":0}]},"card_choices":[{"not_picked":["Fire Breathing","Pummel","Headbutt"],"picked":"SKIP","floor":1},{"not_picked":["Flex","Dark Embrace"],"picked":"Havoc","floor":2},{"not_picked":["Anger","Flex"],"picked":"Perfected Strike","floor":5}],"player_experience":511097,"relics_obtained":[],"event_choices":[{"damage_healed":0,"gold_gain":175,"player_choice":"AGREE","damage_taken":0,"max_hp_gain":0,"max_hp_loss":0,"event_name":"Liars Game","floor":3,"gold_loss":0,"cards_obtained":["Doubt"]},{"damage_healed":0,"gold_gain":0,"player_choice":"Success","damage_taken":25,"relics_obtained":["The Courier"],"max_hp_gain":0,"max_hp_loss":0,"event_name":"Scrap Ooze","floor":4,"gold_loss":0}],"is_beta":false,"boss_relics":[],"items_purged_floors":[],"is_endless":false,"potions_floor_spawned":[1],"killed_by":"3 Sentries","ascension_level":10}}