{"host":"4lxzgdqpvzyot39g","time":1610336917,"event":{"mods":["100% Spire Juice","Abigail Mod","Act Like it!","Aspiration","BaseMod","Beaked The Cultist","Better Altar","Better Match","Better Note","Better Sensory Stone","Better Skull","Better Third Choice","CCEM","Colored Map","Colored Powertips","Conspire","Dark Map","Displayed Cursed Tome","Dota2Spire","Energized Spire","Fox Events","Friendly Minions","Gensokyo","GifTheSpireLib","Halation","Hallownest","Hermit","Highlight Path","Hubris","Infinite Spire","Jedi Mod","JesterMod","Mari Mod (Legacy)","Mari\u0027s V1 Patch","MarisaÅiñ∂âJÅ@ñÇóùçπÅj","Minty Spire (QoL Compilation)","Prisma Mod","Quarter Circle Forward PUNCH!","Relic Filter","Replay The Spire","Robot Space Explorer","SCP261 Mod","Small Relic Pack","Spicy Shops","Spikes Relics","StSLib","Stuff the Spire","The Alterego","The Blue Laboratory","The Bug Knight","The Cursed","The Fake Hero","The Servant 0.9.4","The Wild Card","Trackpad","Waifu the Spire","WarShipGirlsR/??è≠èóR mod","vexMod","Åy?ï®?îvÅzREMEMod"],"gold_per_floor":[517,517,537,166,166,166,200,213,240,240,240,254,254,286,286,361,361,379,379,105,25,25,25,53,64,64,64,79,90,107,133,133,208,208,218,231,241,257,257,284,284,297,321,349,349,381,395,406,406,406,406],"floor_reached":50,"playtime":2496,"items_purged":["luka_mod:Surrender","luka_mod:FlailWildly","luka_mod:Guard"],"score":1111,"play_id":"f9c29239-a4fa-45fe-8bb6-43e9d17f94fc","local_time":"20210110224837","is_ascension_mode":true,"campfire_choices":[{"data":"luka_mod:PrayToIlias","floor":6,"key":"SMITH"},{"data":"luka_mod:Request","floor":11,"key":"SMITH"},{"data":"Violence","floor":13,"key":"SMITH"},{"data":"Hallownest:skillCityofTearsMap","floor":23,"key":"SMITH"},{"data":"luka_mod:StrikeLukaThree","floor":27,"key":"SMITH"},{"floor":32,"key":"RECALL"},{"data":"luka_mod:Daystar","floor":41,"key":"SMITH"},{"data":"luka_mod:OiAlice","floor":49,"key":"SMITH"}],"circlet_count":0,"master_deck":["AscendersBane","luka_mod:StrikeLukaOne","luka_mod:StrikeLukaTwo","luka_mod:StrikeLukaThree+1","luka_mod:StrikeLukaFour","luka_mod:StrikeLukaFive","luka_mod:StrikeLukaSix","luka_mod:Salt","luka_mod:Meditation","Violence+1","luka_mod:PrayToIlias+1","luka_mod:Salamander","luka_mod:Daystar+1","luka_mod:OiAlice+1","luka_mod:AlmaElma","Hallownest:skillCityofTearsMap+1","luka_mod:NinefoldRakshasa","luka_mod:SuperAttack","luka_mod:Intense+1","luka_mod:NeverSurrender+1"],"relics":["luka_mod:KeepsakeRing","REME_ComplimentaryCards","hubris:TenFootPole","CCEMRelics:BiPhaseBiplane","ReplayTheSpireMod:TigerMarble","Dota2Spire:BladeMail","hubris:BottledRain","Runic Pyramid","Red Mask","jedi:archwizardhat","qcfpunch:Broken_Tusk","StuffTheSpire:PointBlank","Replay:Drink Me","aspiration:SeaSaltIceCream","Dota2Spire:PowerTreads","StuffTheSpire:Barrel","ReplayFunnel","Omamori","Vajra","Dota2Spire:Dagon"],"acts_visited":["Exordium","Hallownest:CityofTears","Hallownest:KingdomsEdge"],"potions_floor_usage":[37,50],"damage_taken":[{"damage":16,"enemies":"Jaw Worm","floor":1,"turns":4},{"damage":6,"enemies":"Cultist","floor":3,"turns":4},{"damage":10,"enemies":"3 Sentries","floor":7,"turns":3},{"damage":10,"enemies":"Small Slimes","floor":8,"turns":2},{"damage":0,"enemies":"Blue Slaver","floor":12,"turns":1},{"damage":4,"enemies":"Gremlin Nob","floor":14,"turns":3},{"damage":6,"enemies":"Hexaghost","floor":16,"turns":3},{"damage":0,"enemies":"Hallownest:3_Youths","floor":18,"turns":4},{"damage":0,"enemies":"Hallownest:eliteWatcherKnight","floor":24,"turns":7},{"damage":0,"enemies":"Hallownest:Guard_and_Sentry","floor":25,"turns":3},{"damage":0,"enemies":"Hallownest:2_Husk_Sentries","floor":28,"turns":1},{"damage":0,"enemies":"Hallownest:2_Flukemon","floor":29,"turns":4},{"damage":0,"enemies":"Hallownest:3_Mistakes","floor":30,"turns":1},{"damage":0,"enemies":"Hallownest:Nosk","floor":31,"turns":6},{"damage":12,"enemies":"Hallownest:BossSoulMaster","floor":33,"turns":4},{"damage":6,"enemies":"Hallownest:3_Siblings","floor":35,"turns":2},{"damage":0,"enemies":"Hallownest:2_Littles","floor":36,"turns":2},{"damage":12,"enemies":"Hallownest:Slobbering_and_Violent","floor":37,"turns":2},{"damage":0,"enemies":"Hallownest:Xero_Hu_Marmu","floor":38,"turns":1},{"damage":0,"enemies":"Hallownest:StalkingDevout","floor":40,"turns":2},{"damage":4,"enemies":"Hallownest:2_Wing_and_1_Kings","floor":42,"turns":2},{"damage":0,"enemies":"Nightmare","floor":44,"turns":2},{"damage":0,"enemies":"Hallownest:eliteCollector","floor":46,"turns":2},{"damage":0,"enemies":"Hallownest:2_Great","floor":47,"turns":2},{"damage":0,"enemies":"Hallownest:2_Wandering_and_1_Horned","floor":48,"turns":2},{"damage":47,"enemies":"Hallownest:BossHollowKnight","floor":50,"turns":2}],"seed_played":"-857662989681265264","potions_obtained":[{"floor":7,"key":"blueLaboratory:PyrophylliteBrew"},{"floor":14,"key":"blueLaboratory:StoneskinPotion"},{"floor":16,"key":"DuplicationPotion"},{"floor":29,"key":"DistilledChaos"},{"floor":40,"key":"blueLaboratory:PolymorphPotion"},{"floor":46,"key":"FearPotion"}],"is_trial":false,"path_per_floor":["M","?","M","$","?","R","E","M","T","T","R","M","R","E","R_BF","B",null,"M","?","$","?","?","R","E","M","T","R","M","M","M","E","R","B",null,"M","M","M","M","T","E","R","M","T","NM","?","E","M","M","R","B"],"character_chosen":"LUKA_CLASS","items_purchased":["hubris:TenFootPole","CCEMRelics:BiPhaseBiplane","luka_mod:PrayToIlias","luka_mod:NotVerySharp"],"campfire_rested":0,"item_purchase_floors":[4,4,4,20],"current_hp_per_floor":[31,31,38,38,38,38,28,18,18,18,18,18,18,33,33,27,35,38,38,38,38,38,38,38,38,38,38,38,38,38,38,38,26,28,22,22,17,17,17,29,29,25,25,25,21,21,21,21,21,0,0],"gold":406,"neow_bonus":"RANDOM_COLORLESS","is_daily":false,"chose_seed":false,"campfire_upgraded":7,"win_rate":0.0,"timestamp":1610336917,"path_taken":["M","?","?","$","?","R","E","M","T","?","R","M","R","E","R_BF","BOSS","M","?","$","?","?","R","E","M","T","R","M","M","?","E","R","BOSS","M","M","?","M","?","E","R","M","T","NM","?","E","M","?","R","BOSS"],"items_purchased_type":["Relic","Relic","Card","Card"],"build_version":"2020-12-22","purchased_purges":3,"victory":false,"max_hp_per_floor":[38,38,38,38,38,38,38,38,38,38,38,38,38,38,38,38,38,38,38,38,38,38,38,38,38,38,38,38,38,38,38,38,38,29,29,29,29,29,29,29,29,29,29,29,29,29,29,29,29,29,29],"card_choices":[{"not_picked":["luka_mod:DemonSkullBeheading","luka_mod:Intense","luka_mod:StressRelief"],"picked":"SKIP","floor":1},{"not_picked":["luka_mod:Overexert","luka_mod:DemonDecapitation","luka_mod:FireSlash"],"picked":"SKIP","floor":3},{"not_picked":["luka_mod:WaterSlash","luka_mod:FireSlash"],"picked":"luka_mod:Request","floor":7},{"not_picked":["luka_mod:StressRelief","luka_mod:FireSlash"],"picked":"luka_mod:Daystar","floor":8},{"not_picked":["luka_mod:ThunderThrust","luka_mod:StressRelief","luka_mod:Struggle"],"picked":"SKIP","floor":12},{"not_picked":["luka_mod:BladeOfStillWater","luka_mod:Intense","luka_mod:BegIlias"],"picked":"SKIP","floor":14},{"not_picked":["luka_mod:Daystar","luka_mod:SpoilerDance"],"picked":"luka_mod:AlmaElma","floor":16},{"not_picked":["luka_mod:Struggle","luka_mod:DemonDecapitation","luka_mod:StressRelief"],"picked":"SKIP","floor":18},{"not_picked":[],"picked":"luka_mod:NinefoldRakshasa","floor":22},{"not_picked":["luka_mod:Sara","luka_mod:AlicesFist","luka_mod:FireSlash"],"picked":"SKIP","floor":24},{"not_picked":["luka_mod:Undine","luka_mod:GuardedStrike","luka_mod:RestrictedStrike+1"],"picked":"SKIP","floor":25},{"not_picked":["luka_mod:Overexert","luka_mod:ThunderThrust+1","luka_mod:FlashKill"],"picked":"SKIP","floor":28},{"not_picked":["luka_mod:Feel","luka_mod:RestrictedStrike","luka_mod:StressRelief"],"picked":"SKIP","floor":29},{"not_picked":["luka_mod:Sylph","luka_mod:EarthSlash+1","luka_mod:Struggle"],"picked":"SKIP","floor":30},{"not_picked":["luka_mod:Overexert","luka_mod:AngryLuka","luka_mod:AlicesFist"],"picked":"SKIP","floor":31},{"not_picked":["luka_mod:AlicesFist","luka_mod:Daystar"],"picked":"luka_mod:SuperAttack","floor":33},{"not_picked":["luka_mod:BladeOfStillWater","luka_mod:PerfectTiming","luka_mod:Struggle"],"picked":"SKIP","floor":35},{"not_picked":["luka_mod:Overexert","luka_mod:WindSlash","luka_mod:Calm"],"picked":"SKIP","floor":36},{"not_picked":["luka_mod:Calm","luka_mod:WaterSlash","luka_mod:SereneDemonSword+1"],"picked":"SKIP","floor":37},{"not_picked":["luka_mod:Struggle","luka_mod:Overexert+1"],"picked":"luka_mod:Intense+1","floor":38},{"not_picked":["luka_mod:Cutscene","luka_mod:PerfectTiming","luka_mod:Alice"],"picked":"SKIP","floor":40},{"not_picked":["luka_mod:GuardTraining","luka_mod:Sylph","luka_mod:ThunderThrust+1"],"picked":"SKIP","floor":42},{"not_picked":["luka_mod:PerfectTiming","luka_mod:ThunderThrust","luka_mod:Request+1"],"picked":"SKIP","floor":44},{"not_picked":["luka_mod:DeathSwordChaosStar","luka_mod:Intense","luka_mod:TouchFluffyTail"],"picked":"SKIP","floor":46},{"not_picked":["luka_mod:RestrictedStrike","luka_mod:StressRelief"],"picked":"luka_mod:NeverSurrender+1","floor":47},{"not_picked":["luka_mod:EarthSlash","luka_mod:StrikeLuka+1","luka_mod:Calm"],"picked":"SKIP","floor":48}],"player_experience":906018,"relics_obtained":[{"floor":7,"key":"ReplayTheSpireMod:TigerMarble"},{"floor":9,"key":"Dota2Spire:BladeMail"},{"floor":14,"key":"hubris:BottledRain"},{"floor":24,"key":"jedi:archwizardhat"},{"floor":26,"key":"qcfpunch:Broken_Tusk"},{"floor":31,"key":"StuffTheSpire:PointBlank"},{"floor":39,"key":"aspiration:SeaSaltIceCream"},{"floor":40,"key":"StuffTheSpire:Barrel"},{"floor":43,"key":"ReplayFunnel"},{"floor":44,"key":"Omamori"},{"floor":46,"key":"Dota2Spire:Dagon"}],"event_choices":[{"damage_healed":0,"gold_gain":0,"cards_transformed":["luka_mod:Wait"],"player_choice":"Transformed","damage_taken":0,"max_hp_gain":0,"max_hp_loss":0,"event_name":"Transmorgrifier","floor":2,"gold_loss":0,"cards_obtained":["luka_mod:PerfectTiming"]},{"damage_healed":0,"gold_gain":0,"player_choice":"RE ","damage_taken":11,"relics_obtained":["Vajra"],"max_hp_gain":0,"max_hp_loss":0,"event_name":"betterSkull:BetterSkull","floor":45,"gold_loss":0,"cards_upgraded":[]}],"is_beta":false,"boss_relics":[{"not_picked":["Snecko Eye","aspiration:SilentSkillbook"],"picked":"Runic Pyramid"},{"not_picked":["hubris:HollowSoul","halation:PinkAlligatorPlush"],"picked":"Replay:Drink Me"}],"items_purged_floors":[4,20,20],"is_endless":false,"potions_floor_spawned":[7,14,16,24,25,29,31,40,44,46,48],"killed_by":"Hallownest:BossHollowKnight","ascension_level":14}}