{"host":"z0tqw7lu1gwakzxm","time":1610407516,"event":{"mods":["BaseMod","DeckTracker","Lobotomy","Minty Spire (QoL Compilation)","StSLib","slay the spire mod where everything is the same but ironclad has a cowboy hat"],"gold_per_floor":[117,192,192,206,224,224,224],"floor_reached":6,"playtime":236,"items_purged":[],"score":41,"play_id":"3cd818bf-7d5c-4ae0-8e45-045fa52102c2","local_time":"20210111182516","is_ascension_mode":true,"campfire_choices":[],"circlet_count":0,"master_deck":["Strike_G","Strike_G","Strike_G","Strike_G","Strike_G","Defend_G","Defend_G","Defend_G","Defend_G","Defend_G","Survivor","Neutralize+1","FairyFestival","Acrobatics","Footwork","OSAHOGD","Backstab"],"relics":["Ring of the Snake","CogitoBucket"],"acts_visited":["Exordium"],"potions_floor_usage":[6],"damage_taken":[{"damage":1,"enemies":"Cultist","floor":1,"turns":3},{"damage":7,"enemies":"2 Louse","floor":4,"turns":3},{"damage":0,"enemies":"Jaw Worm","floor":5,"turns":4},{"damage":29,"enemies":"Lagavulin","floor":6,"turns":5}],"seed_played":"-2750930883472845844","potions_obtained":[{"floor":5,"key":"Swift Potion"}],"is_trial":false,"path_per_floor":["M","?","?","M","M","E"],"character_chosen":"THE_SILENT","items_purchased":[],"campfire_rested":0,"item_purchase_floors":[],"current_hp_per_floor":[69,58,58,54,56,34,34],"gold":224,"neow_bonus":"","is_daily":false,"chose_seed":false,"campfire_upgraded":0,"win_rate":0.0,"timestamp":1610407516,"path_taken":["M","?","?","M","M","E"],"items_purchased_type":[],"build_version":"2020-12-22","purchased_purges":0,"victory":false,"max_hp_per_floor":[70,70,70,70,70,70,70],"card_choices":[{"not_picked":["Bloodbath","MHz"],"picked":"FairyFestival","floor":1},{"not_picked":["Bouncing Flask","Dodge and Roll"],"picked":"Acrobatics","floor":1},{"not_picked":["Blade Dance","Predator"],"picked":"Footwork","floor":4},{"not_picked":["MeatLantern","BeautyBeast","MHz"],"picked":"Singing Bowl","floor":5},{"not_picked":["OldLady","Scorched"],"picked":"OSAHOGD","floor":5},{"not_picked":["Dodge and Roll","Dagger Throw"],"picked":"Backstab","floor":5}],"player_experience":328511,"relics_obtained":[],"event_choices":[{"damage_healed":0,"gold_gain":75,"player_choice":"Gather Gold","damage_taken":11,"max_hp_gain":0,"max_hp_loss":0,"event_name":"World of Goop","floor":2,"gold_loss":0},{"damage_healed":0,"gold_gain":0,"player_choice":"Upgraded","damage_taken":0,"max_hp_gain":0,"max_hp_loss":0,"event_name":"Upgrade Shrine","floor":3,"gold_loss":0,"cards_upgraded":["Neutralize"]}],"is_beta":false,"boss_relics":[],"items_purged_floors":[],"is_endless":false,"potions_floor_spawned":[5],"killed_by":"Lagavulin","ascension_level":3}}