{"host":"zk71suw73lg2r165","time":1610328316,"event":{"mods":["BaseMod","Colored Map","Minty Spire (QoL Compilation)","Permanent Neow","Relic Stats","StSLib"],"gold_per_floor":[115,132,407,420,95,121,121,132,132,132,143,175,190,190,190,268,268,279,297,297,32,82,82,0,0,0,0,0],"floor_reached":27,"playtime":808,"items_purged":["Regret","Decay"],"score":442,"play_id":"34aefa17-d517-47cc-95d2-ebdb6552f493","local_time":"20210110202516","is_ascension_mode":true,"campfire_choices":[{"data":"True Grit","floor":7,"key":"SMITH"},{"data":"Entrench","floor":10,"key":"SMITH"},{"floor":15,"key":"REST"}],"circlet_count":0,"master_deck":["AscendersBane","Strike_R","Strike_R","Defend_R","Defend_R","Defend_R","Defend_R","Bash","Cleave","Armaments","Entrench+1","Disarm","Blood for Blood","Rampage","True Grit+1","Burning Pact","Dark Embrace","Burning Pact","Offering","Sever Soul","Demon Form","Infernal Blade+1","Battle Trance","Berserk","Brutality","Pain"],"relics":["Burning Blood","Regal Pillow","Ancient Tea Set","White Beast Statue","Dead Branch","Cursed Key","Bronze Scales","Red Skull"],"acts_visited":["Exordium","TheCity"],"potions_floor_usage":[12,13,16,16,19,27],"damage_taken":[{"damage":11,"enemies":"Small Slimes","floor":1,"turns":4},{"damage":1,"enemies":"Cultist","floor":2,"turns":3},{"damage":6,"enemies":"2 Louse","floor":4,"turns":3},{"damage":31,"enemies":"Lagavulin","floor":6,"turns":7},{"damage":9,"enemies":"Red Slaver","floor":8,"turns":3},{"damage":8,"enemies":"2 Fungi Beasts","floor":11,"turns":5},{"damage":32,"enemies":"Gremlin Nob","floor":12,"turns":4},{"damage":2,"enemies":"3 Louse","floor":13,"turns":2},{"damage":66,"enemies":"Slime Boss","floor":16,"turns":11},{"damage":35,"enemies":"3 Byrds","floor":18,"turns":5},{"damage":20,"enemies":"2 Thieves","floor":19,"turns":5},{"damage":20,"enemies":"Chosen and Byrds","floor":27,"turns":3}],"seed_played":"-8533109980543541350","potions_obtained":[{"floor":4,"key":"ElixirPotion"},{"floor":11,"key":"LiquidMemories"},{"floor":12,"key":"Fire Potion"},{"floor":13,"key":"BloodPotion"},{"floor":16,"key":"FearPotion"},{"floor":18,"key":"ColorlessPotion"},{"floor":19,"key":"Explosive Potion"}],"is_trial":false,"path_per_floor":["M","M","?","M","$","E","R","M","T","R","M","E","M","?","R","B",null,"M","M","?","$","?","?","?","?","T","M"],"character_chosen":"IRONCLAD","items_purchased":["Disarm","Blood for Blood","Rampage","Bronze Scales"],"campfire_rested":1,"item_purchase_floors":[5,5,5,21],"current_hp_per_floor":[63,68,68,68,68,43,43,40,40,40,38,12,16,16,53,8,58,29,15,15,15,15,15,15,15,15,0,0],"gold":0,"neow_bonus":"RANDOM_COMMON_RELIC","is_daily":false,"chose_seed":false,"campfire_upgraded":2,"win_rate":0.0,"timestamp":1610328316,"path_taken":["M","M","?","M","$","E","R","?","T","R","M","E","M","?","R","BOSS","M","M","?","$","?","?","?","?","T","M"],"items_purchased_type":["Card","Card","Card","Relic"],"build_version":"2020-12-22","purchased_purges":2,"victory":false,"max_hp_per_floor":[75,75,75,75,75,75,75,75,75,75,75,75,75,75,75,75,75,75,75,75,75,75,75,75,75,75,75,75],"relic_stats":{"Regal Pillow":15,"counters":[12,55],"Dead Branch":[50],"Bronze Scales":[6],"Cursed Key":1,"obtain_stats":[{"Regal Pillow":0,"Dead Branch":12,"Bronze Scales":21,"Ancient Tea Set":6,"Cursed Key":17,"Burning Blood":0,"White Beast Statue":9,"Red Skull":26},{"Regal Pillow":0,"Dead Branch":7,"Bronze Scales":11,"Ancient Tea Set":4,"Cursed Key":9,"Burning Blood":0,"White Beast Statue":5,"Red Skull":11},{"Regal Pillow":0,"Dead Branch":29,"Bronze Scales":52,"Ancient Tea Set":17,"Cursed Key":42,"Burning Blood":0,"White Beast Statue":20,"Red Skull":52}],"Burning Blood":66},"card_choices":[{"not_picked":["Twin Strike","Entrench"],"picked":"Cleave","floor":1},{"not_picked":["Bloodletting","Cleave"],"picked":"Armaments","floor":2},{"not_picked":["Burning Pact","Bludgeon"],"picked":"Entrench","floor":4},{"not_picked":["Heavy Blade","Havoc"],"picked":"True Grit","floor":6},{"not_picked":["Searing Blow","Dropkick"],"picked":"Burning Pact","floor":8},{"not_picked":["Sentinel","Clash"],"picked":"Dark Embrace","floor":11},{"not_picked":["Ghostly Armor","Clash"],"picked":"Burning Pact","floor":12},{"not_picked":["Havoc","Whirlwind"],"picked":"Offering","floor":13},{"not_picked":["Limit Break","Offering"],"picked":"Demon Form","floor":16},{"not_picked":["Armaments","Body Slam"],"picked":"Infernal Blade","floor":18},{"not_picked":["Perfected Strike","Wild Strike+1"],"picked":"Battle Trance","floor":19}],"player_experience":1332517,"relics_obtained":[{"floor":6,"key":"Ancient Tea Set"},{"floor":9,"key":"White Beast Statue"},{"floor":12,"key":"Dead Branch"},{"floor":26,"key":"Red Skull"}],"event_choices":[{"damage_healed":0,"gold_gain":275,"player_choice":"Desecrate","damage_taken":0,"max_hp_gain":0,"max_hp_loss":0,"event_name":"Golden Shrine","floor":3,"gold_loss":0,"cards_obtained":["Regret"]},{"damage_healed":0,"gold_gain":0,"cards_transformed":["Strike_R"],"player_choice":"Transformed","damage_taken":0,"max_hp_gain":0,"max_hp_loss":0,"event_name":"Transmorgrifier","floor":14,"gold_loss":0,"cards_obtained":["Sever Soul"]},{"damage_healed":0,"gold_gain":0,"player_choice":"Smashed Altar","damage_taken":0,"max_hp_gain":0,"max_hp_loss":0,"event_name":"Forgotten Altar","floor":20,"gold_loss":0,"cards_obtained":["Decay"]},{"damage_healed":0,"gold_gain":50,"player_choice":"Stole From Cult","damage_taken":0,"max_hp_gain":0,"max_hp_loss":0,"event_name":"Nest","floor":22,"gold_loss":0},{"damage_healed":0,"gold_gain":0,"cards_transformed":["Strike_R","Strike_R"],"player_choice":"Became Test Subject","damage_taken":0,"max_hp_gain":0,"max_hp_loss":0,"event_name":"Drug Dealer","floor":23,"gold_loss":0,"cards_obtained":["Berserk","Brutality"]},{"damage_healed":0,"gold_gain":0,"player_choice":"Paid Fearfully","damage_taken":0,"max_hp_gain":0,"max_hp_loss":0,"event_name":"Masked Bandits","floor":24,"gold_loss":82},{"damage_healed":0,"gold_gain":0,"player_choice":"Upgraded","damage_taken":0,"max_hp_gain":0,"max_hp_loss":0,"event_name":"Upgrade Shrine","floor":25,"gold_loss":0,"cards_upgraded":["Infernal Blade"]}],"is_beta":false,"boss_relics":[{"not_picked":["Astrolabe","Coffee Dripper"],"picked":"Cursed Key"}],"items_purged_floors":[5,21],"is_endless":false,"potions_floor_spawned":[4,11,12,13,16,18,19],"killed_by":"Chosen and Byrds","ascension_level":20}}