{"host":"0ttaavwaei2fh9kw","time":1610382613,"event":{"mods":["Act Like it!","BaseMod","Chen","Colored Map","Decade(王小明)","Downfall","Gensokyo","KinomotoSakuraMod(木之本樱)","Lobotomy","LobotomyExtend","Marisa（F雨　魔理沙）","Minty Spire (QoL Compilation)","Prisma Mod","Reimu（博丽灵梦）","Remilia（蕾米莉亚）","Replay The Spire","Spicy Shops","StSLib","The Servant 0.9.4","WarShipGirlsR/战舰少女R mod","Youmu（魂魄妖梦）"],"gold_per_floor":[117,117,135,150,150,195,195],"floor_reached":6,"playtime":372,"items_purged":[],"score":38,"play_id":"8e798237-8fd3-45f3-9239-604ac2b45654","local_time":"20210112003013","is_ascension_mode":true,"campfire_choices":[],"circlet_count":0,"master_deck":["ClowCardTheSword","ClowCardTheSword","ClowCardTheSword","ClowCardTheSword","ClowCardTheShield","ClowCardTheShield","ClowCardTheShield","ClowCardTheShield","SpellCardSeal","SpellCardRelease","Wellcheers","ClowCardTheFloat","ClowCardTheMove+1","UniverseFragment","ClowCardTheLight","Sickly"],"relics":["KSMOD_SealedBook","KSMOD_SealedWand","CogitoBucket","LetterFromLob","ReplayTheSpireMod:Ring of Challenge","ReplayTheSpireMod:Ring of Exchange"],"acts_visited":["Gensokyo:Gensokyo"],"potions_floor_usage":[6],"damage_taken":[{"damage":19.0,"enemies":"Gensokyo:3_Fairies","floor":1.0,"turns":10.0},{"damage":3.0,"enemies":"Gensokyo:Gryphon","floor":3.0,"turns":5.0},{"damage":3.0,"enemies":"Gensokyo:Python","floor":4.0,"turns":5.0},{"damage":50,"enemies":"Gensokyo:Aya","floor":6,"turns":6}],"seed_played":"1874025091513153722","potions_obtained":[{"floor":4,"key":"KSMOD_MagickBottle"}],"is_trial":false,"path_per_floor":["M","?","M","M","?","E"],"character_chosen":"KINOMOTOSAKURA","items_purchased":[],"campfire_rested":0,"item_purchase_floors":[],"current_hp_per_floor":[51,51,48,45,45,0,0],"gold":195,"neow_bonus":"","is_daily":false,"chose_seed":false,"campfire_upgraded":0,"win_rate":0.0,"timestamp":1610382613,"path_taken":["M","?","M","M","?","E"],"items_purchased_type":[],"build_version":"2020-12-22","purchased_purges":0,"victory":false,"max_hp_per_floor":[70,70,70,70,70,70,70],"card_choices":[{"not_picked":["LittleHelper","Rudolta","VoidDream"],"picked":"Singing Bowl","floor":1.0},{"not_picked":["OSAHOGD","BeautyBeast"],"picked":"Wellcheers","floor":1.0},{"not_picked":["ClowCardTheShot","ClowCardTheLibra"],"picked":"ClowCardTheFloat","floor":1.0},{"not_picked":["MeatLantern","SnowQueen"],"picked":"UniverseFragment","floor":3.0},{"not_picked":["ClowCardTheIllusion","ClowCardThePower","ClowCardTheShot"],"picked":"SKIP","floor":3.0},{"not_picked":["ClowCardTheIllusion","ClowCardThePower","ClowCardTheShot"],"picked":"SKIP","floor":3.0},{"not_picked":["ClowCardTheRain","ClowCardTheWave"],"picked":"ClowCardTheLight","floor":4}],"player_experience":167722,"relics_obtained":[{"floor":1.0,"key":"LetterFromLob"},{"floor":5,"key":"ReplayTheSpireMod:Ring of Challenge"},{"floor":5,"key":"ReplayTheSpireMod:Ring of Exchange"}],"event_choices":[],"is_beta":false,"boss_relics":[],"items_purged_floors":[],"is_endless":false,"potions_floor_spawned":[4],"killed_by":"Gensokyo:Aya","ascension_level":1}}