{"host":"6a06qhlf17v5rcww","time":1610402559,"event":{"mods":["Act Like it!","Aspiration","BaseMod","Beaked The Cultist","Better Altar","Better Match","Better Note","Better Sensory Stone","Better Skull","Better Third Choice","Better Vampires","BetterRewards","Block Reminder","Colored Powertips","Downfall","Gensokyo","Infinite Spire","Minty Spire (QoL Compilation)","Pale of the Ancients","Poor People Problems","Prisma Mod","Rare Cards Sparkle","Replay The Spire","Shade Mod","Slumbering Mod","StSLib","The Bug Knight","The Jungle","The Marked"],"gold_per_floor":[111,111,111,111,121,121,121,135,135,165,65,65,98,108,108,206,206,223,223,235,253,253,253,253,253,253,287,287,287,287,313,313,412,412,429,429,429,446,172,207,257,257,257,257,257,309,309,344,344,344,360,374,374,100,100,120,120,87,87,87],"floor_reached":61,"playtime":6539,"items_purged":["Strike_B","Normality","Spreading Infection","Doubt"],"score":1889,"play_id":"d9c38486-6182-4044-83dd-3bed2f9c6f41","local_time":"20210111170239","is_ascension_mode":true,"campfire_choices":[{"data":"ReplayTheSpireMod:Book of Names","floor":6.0,"key":"SMITH"},{"data":"Envenom","floor":23.0,"key":"SMITH"},{"floor":45.0,"key":"DIG"},{"data":"Injury","floor":49.0,"key":"PURGE"},{"data":"Well Laid Plans","floor":57,"key":"SMITH"}],"circlet_count":0,"master_deck":["Strike_B+1","Defend_B","Defend_B","Defend_B","Zap","Dualcast","Conserve Battery+1","Gash+1","Undo","ReplayTheSpireMod:Speed Training","ReplayTheSpireMod:Book of Names+1","Darkness","Coolheaded+1","Panic Button+1","Leap+1","Gash+1","Redo+1","All For One","Chaos+1","beaked:AwakenedForm+1","Leap+1","Conserve Battery+1","infinitespire:Collect+1","Self Repair","Scrape","Night Terror+1","Blur+1","Replay:SS_hec_1","Hologram+1","Sweeping Beam","Escape Plan+1","Flying Knee+1","AscendersBane","infinitespire:TheBestDefense+1","Gensokyo:AllTheWorldsEvil","ReplayTheSpireMod:The Works+1","Creative AI","Gash+1","Double Energy+1","Well Laid Plans+1","Replay:Dark Deal+1","Flechettes","Blur+1","Crystallizer"],"relics":["Cracked Core","BargainBundle","aspiration:HiddenCompartment","Replay:Multitool","infinitespire:CheckeredPen","Toxic Egg 2","WingedGreaves","Shuriken","ReplayTheSpireMod:Ninjato","MealTicket","Ring of Shattering","Ring of Panic","aspiration:SilentSkillbook","Turnip","Juzu Bracelet","aspiration:TomeofQuesting","WarpedTongs","Bottled Tornado","Kunai","infinitespire:SolderingIron","Ring of Chaos","Ring of Misfortune","Anchor","Cursed Key","Replay:Bottled Eggs","aspiration:HatOfInfinitePower","aspiration:AnachronicSnailShell","Question Card","Gambling Chip","Pocketwatch","Replay:Mystery Machine","paleoftheancients:Timepiece","Bronze Scales","CultistMask","paleoftheancients:SoulOfTheShapes"],"acts_visited":["Exordium","TheCity","TheBeyond","TheBeyond"],"potions_floor_usage":[52,52,52],"damage_taken":[{"damage":0.0,"enemies":"theSlumbering:NewCultist","floor":1.0,"turns":4.0},{"damage":0.0,"enemies":"Small Slimes","floor":5.0,"turns":2.0},{"damage":0.0,"enemies":"2 Louse","floor":8.0,"turns":2.0},{"damage":0.0,"enemies":"Replay:BlueRogue","floor":10.0,"turns":4.0},{"damage":16.0,"enemies":"Gremlin Nob","floor":13.0,"turns":4.0},{"damage":2.0,"enemies":"Blue Slaver","floor":14.0,"turns":3.0},{"damage":10.0,"enemies":"The Guardian","floor":16.0,"turns":7.0},{"damage":5.0,"enemies":"3 Byrds","floor":18.0,"turns":5.0},{"damage":12.0,"enemies":"Spheric Guardian","floor":20.0,"turns":5.0},{"damage":0.0,"enemies":"Snecko","floor":21.0,"turns":4.0},{"damage":0.0,"enemies":"Replay:Snechameleon","floor":27.0,"turns":4.0},{"damage":19.0,"enemies":"Slavers","floor":31.0,"turns":4.0},{"damage":0.0,"enemies":"Automaton","floor":33.0,"turns":9.0},{"damage":22.0,"enemies":"3 Darklings","floor":35.0,"turns":5.0},{"damage":5.0,"enemies":"Orb Walker","floor":38.0,"turns":4.0},{"damage":15.0,"enemies":"Reptomancer","floor":40.0,"turns":8.0},{"damage":0.0,"enemies":"Mind Bloom Boss Battle","floor":41.0,"turns":5.0},{"damage":1.0,"enemies":"2 Orb Walkers","floor":46.0,"turns":7.0},{"damage":1.0,"enemies":"HollowMod:StalkingDevout","floor":48.0,"turns":7.0},{"damage":0.0,"enemies":"infinitespire:MassOfShapes","floor":50.0,"turns":8.0},{"damage":0.0,"enemies":"infinitespire:MassOfShapes","floor":51.0,"turns":5.0},{"damage":38,"enemies":"infinitespire:MassOfShapes","floor":52,"turns":12},{"damage":6,"enemies":"infinitespire:MassOfShapes","floor":56,"turns":8},{"damage":58,"enemies":"paleoftheancients:N","floor":60,"turns":7}],"seed_played":"236684879112496453","potions_obtained":[{"floor":14.0,"key":"Explosive Potion"},{"floor":16.0,"key":"CultistPotion"},{"floor":20.0,"key":"FearPotion"},{"floor":27.0,"key":"DuplicationPotion"},{"floor":31.0,"key":"Fire Potion"},{"floor":46.0,"key":"BlessingOfTheForge"},{"floor":52,"key":"Energy Potion"}],"is_trial":false,"path_per_floor":["M","?","?","?","M","R","?","M","T","E","$","T","E","M","R","B",null,"M","?","M","M","AVR","R","R","?","T","E","?","R","R","E","R","B",null,"M","?","AVR","M","$","E","?","?","T","?","R","?","?","E","R","B","M","M","?","$","R","M","R","$","?","B",null],"character_chosen":"DEFECT","items_purchased":["BargainBundle","Conserve Battery","Gash+1","PotionOfCapacity","AttackPotion","PowerPotion","Leap+1","Gash","Replay:SS_hec_1","Hologram+1","Sweeping Beam","Well Laid Plans","Replay:Dark Deal+1","Crystallizer"],"campfire_rested":0,"item_purchase_floors":[0,0,0,0,0,0,11,11,39,39,39,54,54,58],"current_hp_per_floor":[65,55,55,37,37,37,37,37,37,37,37,37,21,19,19,9,75,70,70,58,58,58,58,14,14,14,14,14,36,36,24,24,31,75,53,53,53,55,70,65,75,75,75,75,75,75,75,75,75,75,75,44,85,85,85,85,85,85,85,34],"gold":87,"neow_bonus":"","is_daily":false,"chose_seed":false,"campfire_upgraded":3,"win_rate":0.0,"timestamp":1610402559,"path_taken":["M","?","?","?","M","R","?","M","T","E","$","?","E","M","R","BOSS","M","?","M","M","AVR","R","R","?","T","E","?","R","R","E","R","BOSS","M","?","AVR","M","$","E","?","?","T","?","R","?","?","E","R","BOSS","M","M","?","$","R","M","R","$","?","BOSS"],"items_purchased_type":["Relic","Card","Card","Potion","Potion","Potion","Card","Card","Card","Card","Card","Card","Card","Card"],"build_version":"2020-12-22","purchased_purges":4,"victory":true,"max_hp_per_floor":[75,75,75,75,75,75,75,75,75,75,75,75,75,75,75,75,75,75,75,75,75,75,75,75,75,75,75,75,75,75,75,75,75,75,75,75,75,75,75,75,75,75,75,75,75,75,75,75,75,75,75,75,85,85,85,85,85,85,85,85],"card_choices":[{"not_picked":["Compile Driver","Genetic Algorithm"],"picked":"Undo","floor":1.0},{"not_picked":["infinitespire:Execution","infinitespire:NeuralNetwork"],"picked":"ReplayTheSpireMod:Book of Names","floor":4.0},{"not_picked":["Barrage","Sweeping Beam"],"picked":"Darkness","floor":5.0},{"not_picked":["Undo+1","Conserve Battery+1"],"picked":"Coolheaded+1","floor":8.0},{"not_picked":["Undo+1","Sunder"],"picked":"Panic Button+1","floor":10.0},{"not_picked":["Recycle+1","Cold Snap"],"picked":"Redo+1","floor":13.0},{"not_picked":["Double Energy+1","Cold Snap"],"picked":"Capacitor","floor":14.0},{"not_picked":["ReplayRNGCard+1","Core Surge"],"picked":"All For One","floor":16.0},{"not_picked":["Blade Dance+1","Scrape+1","Dagger Throw"],"picked":"Chaos+1","floor":18.0},{"not_picked":["BootSequence+1","Cold Snap","Double Energy+1"],"picked":"Leap+1","floor":20.0},{"not_picked":["Dagger Throw","ReplayTheSpireMod:The Works+1","Blade Dance+1"],"picked":"Conserve Battery+1","floor":21.0},{"not_picked":["Finisher","Outmaneuver+1","All Out Attack"],"picked":"Self Repair","floor":27.0},{"not_picked":["Static Discharge","Accuracy+1","Acrobatics+1","Replay:Bag of Tricks+1"],"picked":"SKIP","floor":31.0},{"not_picked":["After Image","Hyperbeam","Burst+1"],"picked":"Night Terror+1","floor":33.0},{"not_picked":["Flying Knee+1","Go for the Eyes+1","Barrage","Bane+1"],"picked":"SKIP","floor":35.0},{"not_picked":["Beam Cell","FIFO Queue+1","Bane"],"picked":"Blur+1","floor":38.0},{"not_picked":["Darkness+1","Deflect+1","Dagger Spray"],"picked":"Escape Plan+1","floor":40.0},{"not_picked":["Reprogram+1","Cloak And Dagger+1","Turbo+1"],"picked":"Flying Knee+1","floor":41.0},{"not_picked":["Underhanded Strike+1","Stack+1","Barrage","Blade Dance+1"],"picked":"ReplayTheSpireMod:The Works+1","floor":46.0},{"not_picked":["Choke","Sucker Punch","Riddle With Holes+1","All Out Attack"],"picked":"Creative AI","floor":48.0},{"not_picked":["Catalyst+1","Cloak And Dagger+1","Beam Cell","Ball Lightning+1"],"picked":"Gash","floor":51.0},{"not_picked":["Acrobatics+1","Beam Cell","Blade Dance+1","Ball Lightning"],"picked":"Double Energy+1","floor":52},{"not_picked":["Flechettes+1","Tactician+1","Calculated Gamble+1","Hello World"],"picked":"Blur+1","floor":56}],"player_experience":744826,"relics_obtained":[{"floor":3.0,"key":"infinitespire:CheckeredPen"},{"floor":9.0,"key":"WingedGreaves"},{"floor":10.0,"key":"Shuriken"},{"floor":12.0,"key":"ReplayTheSpireMod:Ninjato"},{"floor":13.0,"key":"MealTicket"},{"floor":15.0,"key":"Ring of Shattering"},{"floor":15.0,"key":"Ring of Panic"},{"floor":26.0,"key":"Bottled Tornado"},{"floor":27.0,"key":"Kunai"},{"floor":31.0,"key":"infinitespire:SolderingIron"},{"floor":36.0,"key":"Ring of Chaos"},{"floor":36.0,"key":"Ring of Misfortune"},{"floor":40.0,"key":"Replay:Bottled Eggs"},{"floor":41.0,"key":"aspiration:HatOfInfinitePower"},{"floor":43.0,"key":"aspiration:AnachronicSnailShell"},{"floor":45.0,"key":"Question Card"},{"floor":46.0,"key":"Gambling Chip"},{"floor":48.0,"key":"Replay:Mystery Machine"},{"floor":51.0,"key":"paleoftheancients:SoulOfTheShapes"},{"floor":52,"key":"paleoftheancients:SoulOfTheBard"}],"event_choices":[{"cards_removed":["ReplayTheSpireMod:Book of Names"],"damage_healed":0.0,"max_hp_gain":0.0,"max_hp_loss":0.0,"gold_gain":0.0,"event_name":"betterNote:BetterNote","player_choice":"Take \u0026 Give","floor":19.0,"gold_loss":0.0,"damage_taken":0.0,"cards_obtained":["beaked:AwakenedForm"]},{"damage_healed":0.0,"max_hp_gain":0.0,"max_hp_loss":0.0,"gold_gain":0.0,"event_name":"betterSkull:BetterSkull","player_choice":"RE RE UP ","floor":24.0,"gold_loss":0.0,"damage_taken":50.0,"cards_upgraded":["Strike_B"],"relics_obtained":["Juzu Bracelet","aspiration:TomeofQuesting"]},{"damage_healed":0.0,"max_hp_gain":0.0,"max_hp_loss":0.0,"gold_gain":0.0,"event_name":"Accursed Blacksmith","player_choice":"Rummage","floor":25.0,"gold_loss":0.0,"damage_taken":0.0,"relics_obtained":["WarpedTongs"],"cards_obtained":["Pain"]},{"damage_healed":0.0,"max_hp_gain":0.0,"max_hp_loss":0.0,"gold_gain":0.0,"cards_transformed":["Pain","Strike_B"],"event_name":"Drug Dealer","player_choice":"Became Test Subject","floor":28.0,"gold_loss":0.0,"damage_taken":0.0,"cards_obtained":["Doubt","Draining Mist"]},{"damage_healed":0.0,"max_hp_gain":0.0,"max_hp_loss":0.0,"gold_gain":0.0,"event_name":"MindBloom","player_choice":"Fight","floor":41.0,"gold_loss":0.0,"damage_taken":0.0},{"damage_healed":0.0,"max_hp_gain":0.0,"max_hp_loss":0.0,"gold_gain":3.0,"event_name":"betterStone:BetterStone","player_choice":"3","floor":42.0,"gold_loss":0.0,"damage_taken":0.0,"cards_obtained":["infinitespire:TheBestDefense"]},{"cards_removed":["Capacitor"],"damage_healed":0.0,"max_hp_gain":0.0,"max_hp_loss":0.0,"gold_gain":0.0,"event_name":"Falling","player_choice":"Removed Power","floor":44.0,"gold_loss":0.0,"damage_taken":0.0},{"damage_healed":0.0,"max_hp_gain":0.0,"max_hp_loss":0.0,"gold_gain":0.0,"event_name":"Mysterious Sphere","player_choice":"Fight","floor":46.0,"gold_loss":0.0,"damage_taken":0.0},{"cards_removed":["Draining Mist"],"damage_healed":0.0,"max_hp_gain":0.0,"max_hp_loss":0.0,"gold_gain":0.0,"event_name":"WeMeetAgain","player_choice":"Gave Card","floor":47.0,"gold_loss":0.0,"damage_taken":0.0,"relics_obtained":["Pocketwatch"]},{"cards_removed":["Envenom"],"damage_healed":31,"gold_gain":0,"player_choice":"Offered Rare","damage_taken":0,"max_hp_gain":10,"max_hp_loss":0,"event_name":"Bonfire Elementals","floor":53,"gold_loss":0}],"is_beta":false,"boss_relics":[{"not_picked":["Kintsugi","Sozu"],"picked":"aspiration:SilentSkillbook"},{"not_picked":["Honey Jar","aspiration:PoetsPen_weak","Velvet Choker"]}],"items_purged_floors":[0,22,37,39],"is_endless":false,"potions_floor_spawned":[5,8,14,16,20,27,31,35,38,46,52],"ascension_level":1}}