{"host":"in1bhfibxveltz2y","time":1610379760,"event":{"mods":["ATMod(°¢èªMod)","Act Like it!","Arknights The Spire","BaseMod","CapriCore","Chen","Colored Powertips","Dota2Spire","Friendly Minions","Gensokyo","GungeonMod","Hallownest","KinomotoSakuraMod(Ä¾Ö®±¾Ó£)","Kiyohime£¨Çå¼§£©","Koishi","Lobotomy","LobotomyExtend","Marisa£¨ìFÓê¡¡Ä§ÀíÉ³£©","Minty Spire (QoL Compilation)","MostiFishMod","Prisma Mod","Quick Restart","Reimu£¨²©ÀöÁéÃÎ£©","Remilia£¨ÀÙÃ×ÀòÑÇ£©","Replay The Spire","RumiaBox-Â¶Ã×æ«µÄÉñÃØºÐ×Ó","Shop Mod","StSLib","The Alterego","The Bug Knight","The Gatherer","The Immortal","The Mystic","TheWitcher","WarShipGirlsR/Õ½½¢ÉÙÅ®R mod","Yakumo Yukari mod","Youmu£¨»êÆÇÑýÃÎ£©","Yuyuko","[IsaacMod]ÒÔÈö¼âËþ","noobMod","vexMod","¡¾¹¦ÄÜMod¡¿»ìãçÖ®»·ÐÞ¸´²¹¶¡","¡¾ÒÅÎï¿¨ÅÆ¡¿REMEMod"],"gold_per_floor":[111,111,71,91,166,200,200,211,211,287,339,371,371,404,404,506,506,522,522,544,560,560,588,588,602,673,673,687,222,222,236,236,337,1003,1003,1014,1014,482,493,524,524,173,173,173,173,192,192,209,443,455,455,457,457,457,457,184,213,214],"floor_reached":59,"playtime":2361,"items_purged":["PrismaMod:ChloeDemonicTutor","Gatherer:Nutrients+1","Gatherer:Nutrients","Gatherer:Nutrients","Gatherer:SaveValuables"],"score":1877,"play_id":"98c34ee7-e8cd-4001-a3ae-113ac3fa01bd","local_time":"20210111234240","is_ascension_mode":false,"metric_token":2773,"campfire_choices":[{"data":"Gatherer:FlowerShield","floor":13,"key":"SMITH"},{"data":"Gatherer:FlowerShield+1","floor":15,"key":"SMITH"},{"data":"Gatherer:Nutrients","floor":24,"key":"SMITH"},{"floor":32,"key":"RECALL"},{"data":"Gatherer:Misfortune","floor":41,"key":"SMITH"},{"data":"Gatherer:LuckyClover","floor":51,"key":"SMITH"},{"data":"Gatherer:Overflowing","floor":55,"key":"SMITH"}],"circlet_count":0,"master_deck":["Gatherer:Strike_Gatherer","Gatherer:Strike_Gatherer","Gatherer:Strike_Gatherer","Gatherer:Strike_Gatherer","Gatherer:Defend_Gatherer","Gatherer:Defend_Gatherer+1","Gatherer:Defend_Gatherer+1","Gatherer:Centralize","Gatherer:FlowerWhip+3","MostiFishMod:Neptune","MostiFishMod:FantasySummer","MostiFishMod:NightSea","Gatherer:Examine","Gatherer:SealedBomb","Gatherer:FlowerShield+3","Gatherer:FlowerShield+3","Gatherer:LuckyClover+1","MostiFishMod:KingOfFree+1","Mayhem+1","Gatherer:Misfortune+1","Gatherer:FlowerFalling+2","MostiFishMod:SparklingWater+1","Gatherer:Overflowing+1"],"relics":["Gatherer:AlchemyBag","HushsDoor","ice","REME_ComplimentaryCards","DaveBox","AT_ATBox","MoonlightInvasionPlan","GuppysTail","Nunchaku","PaintedHorse:ReiMu","Dota2Spire:UrnOfShadows","HollowMod:StagPassRelic","LetterFromLob","BelialBook","SoulBox","GuppysHead","GuppysCollar","Dota2Spire:Mjollnir","GodSword3","Dota2Spire:EchoSabre","DollysMirror","MerchantsRug","GuppysPaw","AT_ArchangelStaff","Garlic","Ying","War Paint","vexMod:PaidLearning","DemoMod:ResourcefulSack","Pen Nib","Void","Dota2Spire:ArmletOfMordiggian","DemoMod:GlassGuonStoneRelic","AT_SpeedBoots","DemoMod:PoisonVial"],"acts_visited":["Exordium","TheCity","Gensokyo:Gensokyoest","TheEnding"],"potions_floor_usage":[12,12,33,33,33,48,48,48,52],"damage_taken":[{"damage":5,"enemies":"2 Louse","floor":1,"turns":3},{"damage":0,"enemies":"Cultist","floor":4,"turns":3},{"damage":19,"enemies":"3 Sentries","floor":6,"turns":6},{"damage":0,"enemies":"Small Slimes","floor":8,"turns":2},{"damage":5,"enemies":"Red Slaver","floor":11,"turns":2},{"damage":3,"enemies":"Exordium Thugs","floor":12,"turns":2},{"damage":0,"enemies":"Replay:BlueRogue","floor":14,"turns":2},{"damage":5,"enemies":"Slime Boss","floor":16,"turns":4},{"damage":5,"enemies":"Spheric Guardian","floor":18,"turns":2},{"damage":0,"enemies":"Chosen","floor":20,"turns":2},{"damage":0,"enemies":"3 Cultists","floor":21,"turns":3},{"damage":0,"enemies":"HollowMod:Nosk","floor":23,"turns":3},{"damage":0,"enemies":"Shelled Parasite and Fungi","floor":25,"turns":2},{"damage":5,"enemies":"Snake Plant","floor":28,"turns":2},{"damage":0,"enemies":"Cultist and Chosen","floor":31,"turns":3},{"damage":5,"enemies":"Pondfish","floor":33,"turns":3},{"damage":0,"enemies":"Gensokyo:3_Boulders","floor":36,"turns":2},{"damage":5,"enemies":"Gensokyo:AncientGuardian","floor":39,"turns":2},{"damage":6,"enemies":"Gensokyo:Marisa","floor":40,"turns":2},{"damage":0,"enemies":"Gensokyo:AtlasGolem","floor":46,"turns":3},{"damage":5,"enemies":"Gensokyo:Sharpion","floor":48,"turns":2},{"damage":11,"enemies":"Gensokyo:Doremy","floor":49,"turns":3},{"damage":0,"enemies":"Gensokyo:4_Bats","floor":50,"turns":2},{"damage":8,"enemies":"Gensokyo:Yuyuko","floor":52,"turns":2},{"damage":10,"enemies":"Shield and Spear","floor":57,"turns":3},{"damage":22,"enemies":"The Heart","floor":58,"turns":5}],"seed_played":"-6495014936916194673","potions_obtained":[{"floor":6,"key":"SpeedPotion"},{"floor":8,"key":"Dota2Spire:HealingSalve"},{"floor":11,"key":"Swift Potion"},{"floor":14,"key":"Adrenaline Potion"},{"floor":16,"key":"Venom Potion"},{"floor":18,"key":"Dota2Spire:HealingSalve"},{"floor":33,"key":"SpeedPotion"},{"floor":40,"key":"BlessingOfTheForge"},{"floor":46,"key":"Regen Potion"},{"floor":49,"key":"SteroidPotion"}],"is_trial":false,"path_per_floor":["M","?","?","M","?","E","?","M","T","T","M","M","R","E","R","B",null,"M","?","M","M","?","E","R","M","T","?","M","$","?","M","R","B",null,"M","M","?","$","M","E","R","COS","T","PTL","PTL","M","?","M","E","M","R","B",null,null,"R","$","E","B",null],"character_chosen":"THE_GATHERER","items_purchased":["GuppysHead","GuppysCollar","MostiFishMod:KingOfFree","Dota2Spire:EchoSabre","DollysMirror","MerchantsRug","GuppysPaw","AT_ArchangelStaff","Garlic","Ying","AT_SpeedBoots"],"campfire_rested":0,"item_purchase_floors":[17,17,17,29,29,29,34,38,38,38,56],"current_hp_per_floor":[67,52,52,52,41,22,7,7,7,7,2,69,69,69,69,70,43,38,38,42,43,43,49,49,49,49,52,47,47,47,47,47,55,43,43,43,43,43,39,37,37,37,37,37,37,39,32,34,24,25,25,25,25,56,56,56,46,25],"gold":214,"neow_bonus":"REMOVE_CARD","is_daily":false,"chose_seed":false,"campfire_upgraded":6,"win_rate":0.0,"timestamp":1610379760,"path_taken":["M","?","?","M","?","E","?","M","T","?","?","M","R","E","R","BOSS","M","?","M","M","?","E","R","M","T","?","?","$","?","M","R","BOSS","M","M","?","$","M","E","R","COS","T","PTL","PTL","M","?","M","E","?","R","BOSS","R","$","E","BOSS"],"items_purchased_type":["Relic","Relic","Card","Relic","Relic","Relic","Relic","Relic","Relic","Relic","Relic"],"build_version":"2020-12-22","purchased_purges":5,"victory":true,"max_hp_per_floor":[72,72,72,72,72,72,72,72,72,72,72,73,73,74,74,75,43,43,43,45,48,48,50,50,52,52,52,55,55,55,57,57,60,43,43,43,43,43,43,49,49,49,49,49,49,49,49,50,53,56,56,56,56,56,56,56,59,95],"card_choices":[{"not_picked":["Gatherer:Duality","Gatherer:TacticalStrike"],"picked":"Gatherer:SaveValuables","floor":1},{"not_picked":["Gatherer:Enchant","Gatherer:FeelingFine"],"picked":"Gatherer:Examine","floor":4},{"not_picked":["Gatherer:FragileHammer","Gatherer:Misfortune"],"picked":"Gatherer:SealedBomb","floor":6},{"not_picked":["Gatherer:EnergyBasket","Gatherer:Polymorphism"],"picked":"Gatherer:FlowerShield","floor":8},{"not_picked":["Gatherer:CarefulStrike","Gatherer:QuickSynthesis","Gatherer:Enchant"],"picked":"SKIP","floor":11},{"not_picked":["Gatherer:GatherMaterial","Gatherer:FragileHammer"],"picked":"Gatherer:FlowerShield","floor":12},{"not_picked":["Gatherer:Snatch","Gatherer:TacticalStrike","Gatherer:CarefulStrike"],"picked":"SKIP","floor":14},{"not_picked":["Gatherer:GrowBook","Gatherer:CursedBlade"],"picked":"Gatherer:LuckyClover","floor":16},{"not_picked":["Gatherer:TacticalStrike","Gatherer:Snatch+1"],"picked":"Gatherer:Nutrients","floor":18},{"not_picked":["Gatherer:FlamingBottle","Gatherer:GatherMaterial","Gatherer:TreeGrowth"],"picked":"SKIP","floor":20},{"not_picked":["Gatherer:EchoOfNature","Gatherer:UpgradeBag"],"picked":"Gatherer:FlowerFalling","floor":21},{"not_picked":["Gatherer:MiningStrike","Gatherer:SaveValuables","Gatherer:CarefulStrike"],"picked":"SKIP","floor":23},{"not_picked":["Gatherer:SmartManeuver","Gatherer:FragileHammer"],"picked":"Gatherer:Nutrients","floor":25},{"not_picked":["Gatherer:AromaProtection+1","Gatherer:CarefulStrike","Gatherer:TreeGrowth+1"],"picked":"SKIP","floor":28},{"not_picked":["Gatherer:Convert","Gatherer:PoisonMastery","Gatherer:FlowerShield"],"picked":"SKIP","floor":31},{"not_picked":["Gatherer:FlamingBottle","Gatherer:Bulldoze"],"picked":"Gatherer:Overflowing","floor":33},{"not_picked":["Gatherer:AromaProtection+1","Gatherer:TacticalStrike","Gatherer:BalancedGrowth+1"],"picked":"SKIP","floor":36},{"not_picked":["Gatherer:SaveValuables+1","Gatherer:PotentialSlash+1","Gatherer:EnergyBasket"],"picked":"SKIP","floor":39},{"not_picked":["Gatherer:Bulldoze","Gatherer:CollectorsShot+1","Gatherer:Enchant+1"],"picked":"SKIP","floor":40},{"not_picked":["Gatherer:Liquidism+1","Gatherer:CarefulStrike+1","Gatherer:BalancedGrowth+1"],"picked":"SKIP","floor":46},{"not_picked":["Gatherer:SaveValuables","Gatherer:TreeGrowth+1","Gatherer:CarefulStrike+1"],"picked":"SKIP","floor":48},{"not_picked":["Gatherer:EchoOfNature+1","Gatherer:Uplift+1","Gatherer:Convert+1"],"picked":"SKIP","floor":49},{"not_picked":["Gatherer:Snatch+1","Gatherer:UpgradeBag+1","Gatherer:StoneFence"],"picked":"SKIP","floor":50},{"not_picked":["Gatherer:SaveValuables","Gatherer:AromaProtection+1","Gatherer:AcidicSpray+1"],"picked":"SKIP","floor":57}],"player_experience":142355,"relics_obtained":[{"floor":6,"key":"Dota2Spire:UrnOfShadows"},{"floor":9,"key":"HollowMod:StagPassRelic"},{"floor":10,"key":"REME_ArchaeologicalTools"},{"floor":11,"key":"LetterFromLob"},{"floor":14,"key":"BelialBook"},{"floor":23,"key":"Dota2Spire:Mjollnir"},{"floor":26,"key":"GodSword3"},{"floor":40,"key":"War Paint"},{"floor":49,"key":"DemoMod:ResourcefulSack"},{"floor":57,"key":"DemoMod:PoisonVial"}],"event_choices":[{"damage_healed":0,"gold_gain":0,"player_choice":"ÈûÇ®","damage_taken":0,"relics_obtained":["PaintedHorse:ReiMu"],"max_hp_gain":0,"max_hp_loss":0,"event_name":"yidonshenshe","floor":3,"gold_loss":40},{"damage_healed":0,"gold_gain":75,"player_choice":"Gather Gold","damage_taken":11,"max_hp_gain":0,"max_hp_loss":0,"event_name":"World of Goop","floor":5,"gold_loss":0},{"damage_healed":0,"gold_gain":0,"cards_transformed":["MostiFishMod:TheEndOfMoonlight","Gatherer:Defend_Gatherer"],"player_choice":"Became Test Subject","damage_taken":0,"max_hp_gain":0,"max_hp_loss":0,"event_name":"Drug Dealer","floor":19,"gold_loss":0,"cards_obtained":["Mayhem","Gatherer:Misfortune"]},{"damage_healed":0,"gold_gain":0,"player_choice":"Copied","damage_taken":0,"max_hp_gain":0,"max_hp_loss":0,"event_name":"Duplicator","floor":22,"gold_loss":0,"cards_obtained":["Gatherer:Nutrients"]}],"is_beta":false,"boss_relics":[{"not_picked":["RedLine:ReiMu","ChiXiaoBlade"],"picked":"SoulBox"},{"not_picked":[]},{"not_picked":["Fusion Hammer","vexMod:BigBerry"],"picked":"vexMod:RockOfEvil"},{"not_picked":[]}],"items_purged_floors":[17,29,34,38,56],"is_endless":false,"potions_floor_spawned":[6,8,11,14,16,18,25,31,33,40,46,49],"ascension_level":0}}