{"host":"qwv9nni2x0umspiu","time":1610403076,"event":{"mods":["BaseMod","Downfall","Minty Spire (QoL Compilation)","Replay The Spire","StSLib","The Hierophant","Wandering Minibosses"],"gold_per_floor":[112,112,133,133,133,133,133,167,167,127,127],"floor_reached":10,"playtime":164,"items_purged":[],"score":178,"play_id":"18018955-f6d3-4421-95d0-7c76b6145b63","local_time":"20210111141116","is_ascension_mode":true,"campfire_choices":[{"data":"hierophant:ChurchCoffers","floor":6,"key":"SMITH"}],"circlet_count":0,"master_deck":["AscendersBane","hierophant:Strike_Hierophant+1","hierophant:Strike_Hierophant","hierophant:Strike_Hierophant","hierophant:Punish","hierophant:Defend_Hierophant","hierophant:Defend_Hierophant","hierophant:Defend_Hierophant","hierophant:Defend_Hierophant","hierophant:ChurchCoffers+1","hierophant:SealAway+1","hierophant:Bribe"],"relics":["hierophant:PropheticMaskRelic","NeowsBlessing","Golden Idol","Bronze Scales"],"acts_visited":["Exordium"],"potions_floor_usage":[],"damage_taken":[{"damage":0,"enemies":"Jaw Worm","floor":1,"turns":1},{"damage":0,"enemies":"2 Louse","floor":3,"turns":1},{"damage":0,"enemies":"3 Sentries","floor":8,"turns":2},{"damage":11,"enemies":"Gremlin Nob","floor":10,"turns":3}],"seed_played":"353397892684000433","potions_obtained":[],"is_trial":false,"path_per_floor":["M","?","M","?","?","R","?","E","T","E"],"character_chosen":"HIEROPHANT","items_purchased":[],"campfire_rested":0,"item_purchase_floors":[],"current_hp_per_floor":[68,42,42,19,19,19,19,19,19,8,8],"gold":127,"neow_bonus":"THREE_ENEMY_KILL","is_daily":false,"chose_seed":false,"campfire_upgraded":1,"win_rate":0.0,"timestamp":1610403076,"path_taken":["M","?","M","?","?","R","?","E","T","E"],"items_purchased_type":[],"build_version":"2020-12-22","purchased_purges":0,"victory":false,"max_hp_per_floor":[75,75,75,75,75,75,75,75,75,75,75],"card_choices":[{"not_picked":["hierophant:Sermon","hierophant:DisplayOfPower"],"picked":"hierophant:SealAway","floor":1},{"not_picked":["hierophant:FieryStrike","hierophant:Blessing","hierophant:HolyVerse"],"picked":"SKIP","floor":3},{"not_picked":["hierophant:Bribe","hierophant:OrnateBuckler","hierophant:Purify"],"picked":"SKIP","floor":8},{"not_picked":["hierophant:OrnateBuckler","hierophant:Purify"],"picked":"hierophant:Bribe","floor":8}],"player_experience":1343426,"relics_obtained":[{"floor":8,"key":"Bronze Scales"}],"event_choices":[{"damage_healed":0,"gold_gain":0,"player_choice":"Take Damage","damage_taken":26,"relics_obtained":["Golden Idol"],"max_hp_gain":0,"max_hp_loss":0,"event_name":"Golden Idol","floor":2,"gold_loss":0},{"damage_healed":0,"gold_gain":0,"player_choice":"Entered Light","damage_taken":23,"max_hp_gain":0,"max_hp_loss":0,"event_name":"Shining Light","floor":4,"gold_loss":0,"cards_upgraded":["hierophant:Strike_Hierophant","hierophant:SealAway"]}],"is_beta":false,"boss_relics":[],"items_purged_floors":[],"is_endless":false,"potions_floor_spawned":[],"killed_by":"Gremlin Nob","ascension_level":20}}