{"host":"r6da5kb9dzaaglw2","time":1610369702,"event":{"mods":["AchievementEnabler","BaseMod","Colored Powertips","Duelist Mod","GifTheSpireLib","Minty Spire (QoL Compilation)","StSLib"],"gold_per_floor":[243,254,254,277,56,83,83,138,165,199,199,199,219,231,231,351,351,376,180,257,172,172,206,206,222,273,283,297,89,115,128,128,245,245,260,260,279,297,644,676,676,711,711,731,731,817,1067,624,624,624,624,624,219,247,247],"floor_reached":56,"playtime":7111,"items_purged":["Regret","theDuelist:GiantSoldier","theDuelist:Sparks","Parasite"],"score":1717,"play_id":"88b5b49f-5d84-4187-9c14-fc20bb502aec","local_time":"20210111135502","is_ascension_mode":true,"campfire_choices":[{"data":"theDuelist:Mountain","floor":7.0,"key":"SMITH"},{"data":"theDuelist:WingedDragonRa","floor":12.0,"key":"SMITH"},{"data":"theDuelist:DragonCaptureJar","floor":15.0,"key":"SMITH"},{"data":"theDuelist:DragonMirror","floor":24.0,"key":"SMITH"},{"floor":32.0,"key":"RECALL"},{"floor":41.0,"key":"DIG"},{"floor":45,"key":"DIG"},{"floor":49,"key":"DIG"},{"floor":52,"key":"DIG"}],"circlet_count":0,"master_deck":["theDuelist:BabyDragon+1","theDuelist:BloodSparks","theDuelist:CastleWalls","theDuelist:CastleWalls+1","theDuelist:CaveDragon+1","theDuelist:CaveDragon+1","theDuelist:LesserDragon+1","theDuelist:LesserDragon+1","theDuelist:YamataDragon+1","theDuelist:Mountain","theDuelist:Mountain","theDuelist:WhiteHornDragon+1","theDuelist:DragonCaptureJar+1","theDuelist:Mountain+1","theDuelist:WingedDragonRa+1","theDuelist:BoosterDragon+1","theDuelist:DragonShield+3","theDuelist:WingedDragonRa+1","theDuelist:DragonMirror+1","theDuelist:BusterDrake+1","theDuelist:AncientPixieDragon+1","theDuelist:MaskedDragon+1","theDuelist:DragonMastery","theDuelist:DragonMastery","theDuelist:WaterDragon+1","theDuelist:DragonMastery+1","theDuelist:ArmageddonDragonEmp+1","Madness","theDuelist:Babycerasaurus"],"relics":["theDuelist:MillenniumPuzzle","theDuelist:CardPoolRelic","theDuelist:CardPoolBasicRelic","theDuelist:BoosterPackPoolRelic","theDuelist:CardPoolAddRelic","theDuelist:CardPoolMinusRelic","theDuelist:CardPoolSaveRelic","theDuelist:CardPoolOptionsRelic","theDuelist:MillenniumRod","Vajra","Smiling Mask","Red Skull","Potion Belt","Busted Crown","Shovel","Lizard Tail","Tough Bandages","Bird Faced Urn","War Paint","theDuelist:SummonAnchor","Bag of Preparation","SlaversCollar","Old Coin","Anchor","theDuelist:MillenniumArmor","theDuelist:MillenniumPrayerbook","Turnip","Boot","Bronze Scales","theDuelist:ArmorPlateA","Meat on the Bone","theDuelist:MillenniumRing","Mercury Hourglass","Lantern","theDuelist:CardRewardRelicH","Art of War"],"acts_visited":["Exordium","TheCity","TheBeyond","TheEnding"],"potions_floor_usage":[55,55,55],"damage_taken":[{"damage":0.0,"enemies":"Small Slimes","floor":1.0,"turns":4.0},{"damage":0.0,"enemies":"Jaw Worm","floor":2.0,"turns":3.0},{"damage":4.0,"enemies":"Cultist","floor":4.0,"turns":3.0},{"damage":0.0,"enemies":"Lagavulin","floor":6.0,"turns":7.0},{"damage":23.0,"enemies":"3 Sentries","floor":8.0,"turns":9.0},{"damage":10.0,"enemies":"Gremlin Nob","floor":10.0,"turns":3.0},{"damage":9.0,"enemies":"Exordium Thugs","floor":13.0,"turns":5.0},{"damage":13.0,"enemies":"Looter","floor":14.0,"turns":4.0},{"damage":26.0,"enemies":"The Guardian","floor":16.0,"turns":9.0},{"damage":5.0,"enemies":"Spheric Guardian","floor":18.0,"turns":6.0},{"damage":0.0,"enemies":"Spheric Guardian","floor":20.0,"turns":7.0},{"damage":0.0,"enemies":"theDuelist:KaibaA2","floor":23.0,"turns":6.0},{"damage":6.0,"enemies":"2 Thieves","floor":25.0,"turns":4.0},{"damage":10.0,"enemies":"Snake Plant","floor":27.0,"turns":7.0},{"damage":0.0,"enemies":"3 Cultists","floor":28.0,"turns":5.0},{"damage":23.0,"enemies":"Slavers","floor":30.0,"turns":5.0},{"damage":16.0,"enemies":"Shelled Parasite and Fungi","floor":31.0,"turns":6.0},{"damage":22.0,"enemies":"Collector","floor":33.0,"turns":7.0},{"damage":23.0,"enemies":"3 Darklings","floor":35.0,"turns":7.0},{"damage":8.0,"enemies":"Orb Walker","floor":37.0,"turns":2.0},{"damage":22.0,"enemies":"Writhing Mass","floor":38.0,"turns":6.0},{"damage":70.0,"enemies":"2 Orb Walkers","floor":39.0,"turns":7.0},{"damage":15.0,"enemies":"Nemesis","floor":40.0,"turns":7.0},{"damage":0.0,"enemies":"Giant Head","floor":42.0,"turns":5.0},{"damage":0,"enemies":"Transient","floor":44,"turns":5},{"damage":25,"enemies":"Nemesis","floor":46,"turns":11},{"damage":0,"enemies":"Donu and Deca","floor":50,"turns":6},{"damage":59,"enemies":"Shield and Spear","floor":54,"turns":6},{"damage":88,"enemies":"The Heart","floor":55,"turns":8}],"seed_played":"-8283385197229735318","potions_obtained":[{"floor":1.0,"key":"ColorlessPotion"},{"floor":8.0,"key":"Energy Potion"},{"floor":14.0,"key":"theDuelist:SummonFuryPotion"},{"floor":16.0,"key":"Dexterity Potion"},{"floor":18.0,"key":"theDuelist:FlamingBottle"},{"floor":25.0,"key":"theDuelist:BurningPotion"},{"floor":31.0,"key":"LiquidMemories"},{"floor":33.0,"key":"theDuelist:BurningPotion"},{"floor":35.0,"key":"theDuelist:LavaBottle"},{"floor":37.0,"key":"theDuelist:LavaBottle"},{"floor":42.0,"key":"SteroidPotion"}],"is_trial":false,"path_per_floor":["M","M","?","M","$","E","R","E","T","E","?","R","M","M","R","B",null,"M","$","?","?","?","E","R","M","T","M","M","$","E","M","R","B",null,"M","T","M","M","?","E","R","E","T","M","R","E","?","$","R","B",null,"R","$","E","B",null],"character_chosen":"THE_DUELIST","items_purchased":["theDuelist:DragonCaptureJar","theDuelist:Mountain","theDuelist:DragonMirror","theDuelist:MegaupgradePotion","theDuelist:DragonMastery","theDuelist:ArmorPlateA","Meat on the Bone","Lantern","theDuelist:CardRewardRelicH"],"campfire_rested":0,"item_purchase_floors":[5,5,19,19,29,48,48,53,53],"current_hp_per_floor":[80,84,84,80,80,80,80,72,72,62,62,62,57,44,44,18,92,87,87,87,87,102,102,102,106,106,96,100,100,91,97,97,93,110,101,101,97,87,33,36,36,54,54,66,66,63,38,38,38,66,121,121,121,76,16],"gold":247,"neow_bonus":"HUNDRED_GOLD","is_daily":false,"chose_seed":false,"campfire_upgraded":4,"win_rate":0.0,"timestamp":1610369702,"path_taken":["M","M","?","M","$","E","R","E","T","E","?","R","M","?","R","BOSS","M","$","?","?","?","E","R","M","T","M","M","$","E","M","R","BOSS","M","?","M","M","?","E","R","E","T","M","R","E","?","$","R","BOSS","R","$","E","BOSS"],"items_purchased_type":["Card","Card","Card","Potion","Card","Relic","Relic","Relic","Relic"],"build_version":"2020-12-22","purchased_purges":4,"victory":true,"max_hp_per_floor":[80,84,84,84,84,84,84,88,88,88,88,88,92,92,92,92,92,92,92,92,92,102,102,102,106,106,106,106,106,106,110,110,110,110,110,110,110,110,110,110,110,110,110,110,110,110,124,121,121,121,121,121,121,121,121],"card_choices":[{"not_picked":["theDuelist:DragonMirror","theDuelist:TotemDragon","theDuelist:WhiteHowling"],"picked":"theDuelist:Mountain","floor":1.0},{"not_picked":["theDuelist:SilverWing","theDuelist:TotemDragon","theDuelist:Vandalgyon"],"picked":"theDuelist:Mountain","floor":2.0},{"not_picked":["theDuelist:DragonRavine+1","theDuelist:GalaxySoldier+1","theDuelist:CyberLaserDragon+1","theDuelist:LostWorld+1"],"picked":"theDuelist:WhiteHornDragon+1","floor":4.0},{"not_picked":["theDuelist:BlackStego","theDuelist:MadFlameKaiju","theDuelist:MadSwordBeast","theDuelist:BlackTyranno","theDuelist:TrihornedDragon"],"picked":"SKIP","floor":6.0},{"not_picked":["theDuelist:ArmedProtectorDragon","theDuelist:BusterBladerDDS","theDuelist:QueenDragunDjinn","theDuelist:TailSwipe"],"picked":"theDuelist:WingedDragonRa","floor":8.0},{"not_picked":["theDuelist:AutorokketDragon","theDuelist:DragonMirror","theDuelist:GalaxySoldier","theDuelist:WhiteHowling"],"picked":"theDuelist:BoosterDragon","floor":10.0},{"not_picked":["theDuelist:BigFire","theDuelist:Hinotama","theDuelist:LightningDarts","theDuelist:RainbowOverdragon","theDuelist:Raigeki"],"picked":"SKIP","floor":13.0},{"not_picked":["theDuelist:DefenseDraw","theDuelist:FireDarts","theDuelist:SafeZone","theDuelist:SpiralSpearStrike+1"],"picked":"theDuelist:DragonShield+1","floor":14.0},{"not_picked":["theDuelist:CyberDragonInfinity","theDuelist:Scapegoat","theDuelist:SliferSky","theDuelist:VoidOgreDragon"],"picked":"theDuelist:WingedDragonRa","floor":16.0},{"not_picked":["theDuelist:DefenseZone","theDuelist:MoltenDestruction","theDuelist:StampingDestruction"],"picked":"SKIP","floor":18.0},{"not_picked":["theDuelist:Earthquake","theDuelist:BabyDragon"],"picked":"theDuelist:BusterDrake","floor":20.0},{"not_picked":["theDuelist:TwinBarrelDragon","theDuelist:BabyDragon"],"picked":"theDuelist:AncientPixieDragon","floor":23.0},{"not_picked":["theDuelist:Hydrogeddon","theDuelist:CurseDragon+1","theDuelist:MoltenDestruction"],"picked":"SKIP","floor":25.0},{"not_picked":["theDuelist:TwinBarrelDragon+1","theDuelist:CyberDinosaur","theDuelist:MadFlameKaiju"],"picked":"SKIP","floor":27.0},{"not_picked":["theDuelist:TwinHeadedFire","theDuelist:AmuletDragon"],"picked":"theDuelist:MaskedDragon","floor":28.0},{"not_picked":["theDuelist:GaiaDragonChamp+1","theDuelist:DefensiveTactics+1"],"picked":"theDuelist:DragonMastery","floor":30.0},{"not_picked":["theDuelist:ViceDragon","theDuelist:Anthrosaurus+1","theDuelist:ScrapIronScarecrow"],"picked":"SKIP","floor":31.0},{"not_picked":["theDuelist:SliferSky","theDuelist:CyberDragonInfinity"],"picked":"theDuelist:WaterDragon","floor":33.0},{"not_picked":["theDuelist:ArtifactIgnition","theDuelist:BlackPendant+1","theDuelist:PreventRat"],"picked":"SKIP","floor":35.0},{"not_picked":["theDuelist:TwinHeadedFire+1","theDuelist:DarkHorus+1","theDuelist:BlackBrutdrago"],"picked":"SKIP","floor":37.0},{"not_picked":["theDuelist:CaveDragon+1","theDuelist:AncientPixieDragon"],"picked":"theDuelist:DragonMastery+1","floor":38.0},{"not_picked":["theDuelist:BarrelDragon","theDuelist:FiveHeaded+1"],"picked":"theDuelist:ArmageddonDragonEmp+1","floor":40.0},{"not_picked":["Impatience"],"picked":"Madness","floor":42.0},{"not_picked":["theDuelist:Sparks+1","theDuelist:CastleWalls","theDuelist:ClawHermos+1"],"picked":"SKIP","floor":44},{"not_picked":["theDuelist:Earthquake+1","theDuelist:GoldSarcophagus","theDuelist:DragonTreasure+1"],"picked":"SKIP","floor":46},{"not_picked":["theDuelist:SpiralSpearStrike+3","theDuelist:VeilDarkness+5","theDuelist:StampingDestruction+9"],"picked":"SKIP","floor":54}],"player_experience":500437,"relics_obtained":[{"floor":6.0,"key":"Vajra"},{"floor":8.0,"key":"Smiling Mask"},{"floor":9.0,"key":"Red Skull"},{"floor":10.0,"key":"Potion Belt"},{"floor":20.0,"key":"Shovel"},{"floor":20.0,"key":"Lizard Tail"},{"floor":20.0,"key":"Tough Bandages"},{"floor":23.0,"key":"War Paint"},{"floor":26.0,"key":"theDuelist:SummonAnchor"},{"floor":30.0,"key":"Bag of Preparation"},{"floor":39.0,"key":"Old Coin"},{"floor":40.0,"key":"Anchor"},{"floor":41.0,"key":"theDuelist:MillenniumArmor"},{"floor":42.0,"key":"theDuelist:MillenniumPrayerbook"},{"floor":43.0,"key":"Turnip"},{"floor":45,"key":"Boot"},{"floor":46,"key":"Bronze Scales"},{"floor":49,"key":"theDuelist:MillenniumRing"},{"floor":52,"key":"Mercury Hourglass"},{"floor":54,"key":"Art of War"}],"event_choices":[{"damage_healed":0.0,"max_hp_gain":0.0,"max_hp_loss":0.0,"gold_gain":0.0,"event_name":"Big Fish","player_choice":"Box","floor":3.0,"gold_loss":0.0,"damage_taken":0.0,"relics_obtained":["theDuelist:MillenniumRod"],"cards_obtained":["Regret"]},{"damage_healed":0.0,"max_hp_gain":0.0,"max_hp_loss":0.0,"gold_gain":0.0,"event_name":"Match and Keep!","player_choice":"2 cards matched","floor":11.0,"gold_loss":0.0,"damage_taken":0.0,"cards_obtained":["theDuelist:GiantSoldier","theDuelist:BSkullDragon"]},{"damage_healed":0.0,"max_hp_gain":0.0,"max_hp_loss":0.0,"gold_gain":0.0,"event_name":"Battle City","player_choice":"Fight","duelist":true,"floor":20.0,"gold_loss":0.0,"damage_taken":0.0},{"damage_healed":0.0,"max_hp_gain":0.0,"max_hp_loss":0.0,"gold_gain":0.0,"event_name":"Addict","player_choice":"Obtained Relic","floor":21.0,"gold_loss":85.0,"damage_taken":0.0,"relics_obtained":["Bird Faced Urn"]},{"cards_removed":["theDuelist:BSkullDragon"],"damage_healed":5.0,"max_hp_gain":10.0,"max_hp_loss":0.0,"gold_gain":0.0,"event_name":"Bonfire Elementals","player_choice":"Offered Rare","floor":22.0,"gold_loss":0.0,"damage_taken":0.0},{"damage_healed":0.0,"max_hp_gain":0.0,"max_hp_loss":0.0,"gold_gain":0.0,"event_name":"Mysterious Sphere","player_choice":"Fight","floor":39.0,"gold_loss":0.0,"damage_taken":0.0},{"total_magic_score":100,"gold_gain":250,"greed_reward":1,"duelist":true,"damage_taken":45,"relics_obtained":[],"points":5,"max_hp_gain":20,"max_hp_loss":6,"spent_points":{"magic":1,"greed":1,"war":0,"power":1,"hunger":2},"event_name":"Nameless Tomb","hunger_reward":2,"floor":47,"gold_loss":0,"cards_obtained":[]}],"is_beta":false,"boss_relics":[{"not_picked":["Ectoplasm","theDuelist:ElectricKey"],"picked":"Busted Crown"},{"not_picked":["Astrolabe","SacredBark"],"picked":"SlaversCollar"}],"items_purged_floors":[5,19,29,48],"is_endless":false,"potions_floor_spawned":[1,8,14,16,18,25,31,33,35,37,42],"ascension_level":4}}