{"host":"5dhwd44u3dydylwe","time":1610357148,"event":{"mods":["AchievementEnabler","BaseMod","BetterRewards","Dota2Spire","Hubris","Minty Spire (QoL Compilation)","Shop Mod","StSLib","Wandering Minibosses"],"gold_per_floor":[142,217,292,467,545,604,604,604,604,604,621,639,589,674,674,800,800,817,235,235,60,106,469,469,495,520,561,636,878,374,424,424,558,558,570,570,614,625,666,691,734,792,792,1056,1087,399,399,447,447,477,477,477,104,133,163],"floor_reached":56,"playtime":2619,"items_purged":["Strike_R","Defend_R","Strike_R","Strike_R","Writhe","Strike_R","Ghostly Armor"],"score":2450,"play_id":"4b6e97a8-1b1b-4208-90c8-44dc8244a5c0","local_time":"20210111172548","is_ascension_mode":true,"campfire_choices":[{"data":"Bash","floor":7,"key":"SMITH"},{"data":"Twin Strike","floor":10,"key":"SMITH"},{"data":"Offering","floor":15,"key":"SMITH"},{"data":"Inflame","floor":24,"key":"SMITH"},{"data":"Metallicize","floor":32,"key":"SMITH"},{"floor":47,"key":"RECALL"},{"data":"Offering","floor":49,"key":"SMITH"},{"data":"Flame Barrier","floor":52,"key":"SMITH"}],"circlet_count":0,"master_deck":["Defend_R","Defend_R","Bash+1","Twin Strike+1","Shrug It Off","Flame Barrier+1","Offering+1","Immolate+1","Metallicize+1","Metallicize+1","Inflame+1","Impervious","Twin Strike+1","Flex+1","Flex+1","Offering+1","Spot Weakness+1","Metallicize","Limit Break"],"relics":["Burning Blood","Eternal Feather","hubris:CuriousFeather","Chemical X","hubris:OldNail","Dota2Spire:HandOfMidas","Art of War","Lee\u0027s Waffle","hubris:IronBody","Torii","hubris:Zylophone","Ancient Tea Set","Runic Pyramid","Gremlin Horn","Medical Kit","Dota2Spire:BladeMail","Old Coin","Nunchaku","DollysMirror","Red Skull","Empty Cage","Dota2Spire:ShadowBlade","hubris:DeckOfHolding","Dota2Spire:MaskOfMadness","wanderingMiniBosses:LockLocket","Calipers","Whetstone","TheAbacus","Strawberry","Orrery","hubris:SlimyHat"],"acts_visited":["Exordium","TheCity","TheBeyond","TheEnding"],"potions_floor_usage":[44,55,55,55],"damage_taken":[{"damage":2.0,"enemies":"Jaw Worm","floor":1.0,"turns":3.0},{"damage":9.0,"enemies":"Small Slimes","floor":2.0,"turns":10.0},{"damage":14.0,"enemies":"2 Louse","floor":5.0,"turns":8.0},{"damage":57,"enemies":"Lagavulin","floor":6,"turns":12},{"damage":0,"enemies":"2 Fungi Beasts","floor":11,"turns":3},{"damage":0,"enemies":"Red Slaver","floor":12,"turns":1},{"damage":1,"enemies":"3 Sentries","floor":14,"turns":8},{"damage":28,"enemies":"Hexaghost","floor":16,"turns":5},{"damage":6,"enemies":"Spheric Guardian","floor":18,"turns":1},{"damage":6,"enemies":"2 Thieves","floor":22,"turns":4},{"damage":6,"enemies":"Slavers","floor":23,"turns":5},{"damage":7,"enemies":"Gremlin Leader","floor":25,"turns":3},{"damage":0,"enemies":"Centurion and Healer","floor":27,"turns":6},{"damage":23,"enemies":"Snake Plant","floor":29,"turns":5},{"damage":6,"enemies":"Chosen and Byrds","floor":31,"turns":3},{"damage":6,"enemies":"Champ","floor":33,"turns":6},{"damage":0,"enemies":"3 Darklings","floor":35,"turns":3},{"damage":0,"enemies":"3 Shapes","floor":37,"turns":2},{"damage":7,"enemies":"Spire Growth","floor":38,"turns":2},{"damage":6,"enemies":"Maw","floor":39,"turns":3},{"damage":7,"enemies":"Reptomancer","floor":40,"turns":3},{"damage":45,"enemies":"Sphere and 2 Shapes","floor":41,"turns":4},{"damage":6,"enemies":"Giant Head","floor":42,"turns":5},{"damage":6,"enemies":"Transient","floor":44,"turns":5},{"damage":0,"enemies":"Nemesis","floor":45,"turns":3},{"damage":2,"enemies":"Jaw Worm Horde","floor":48,"turns":3},{"damage":12,"enemies":"Time Eater","floor":50,"turns":5},{"damage":12,"enemies":"Shield and Spear","floor":54,"turns":3},{"damage":25,"enemies":"The Heart","floor":55,"turns":5}],"seed_played":"-9010579907737284165","potions_obtained":[{"floor":2.0,"key":"Swift Potion"},{"floor":6,"key":"GamblersBrew"},{"floor":25,"key":"SneckoOil"},{"floor":27,"key":"FearPotion"},{"floor":31,"key":"Energy Potion"},{"floor":38,"key":"HeartOfIron"},{"floor":45,"key":"Weak Potion"},{"floor":54,"key":"Dexterity Potion"}],"is_trial":false,"path_per_floor":["M","M","?","?","M","E","R","?","T","R","M","M","?","E","R","B",null,"M","$","?","$","M","E","R","E","T","M","?","M","$","M","R","B",null,"M","?","M","M","M","E","M","E","T","M","E","$","R","M","R","B",null,"R","$","E","B",null],"character_chosen":"IRONCLAD","items_purchased":["Eternal Feather","hubris:CuriousFeather","Chemical X","Twin Strike","Ghostly Armor","hubris:OldNail","Dota2Spire:HandOfMidas","Shrug It Off","Art of War","Lee\u0027s Waffle","hubris:IronBody","Metallicize","Gremlin Horn","Medical Kit","DollysMirror","Red Skull","Whetstone","TheAbacus","Offering","Strawberry","Orrery","Metallicize"],"campfire_rested":0,"item_purchase_floors":[0,0,0,0,0,0,0,0,0,0,0,19,19,19,30,30,46,46,46,53,53,53],"current_hp_per_floor":[87,84,73,73,65,14,20,49,49,55,61,67,67,72,78,56,79,79,79,79,79,79,79,87,86,86,87,79,62,62,62,71,71,83,87,87,87,86,86,85,46,46,46,46,52,52,61,65,74,68,82,87,94,88,69],"gold":163,"neow_bonus":"","is_daily":false,"chose_seed":false,"campfire_upgraded":7,"win_rate":0.0,"timestamp":1610357148,"path_taken":["M","M","?","?","M","E","R","?","T","R","M","M","?","E","R","BOSS","M","$","?","$","M","E","R","E","T","M","?","M","$","?","R","BOSS","M","?","M","M","M","E","M","E","T","M","E","$","R","?","R","BOSS","R","$","E","BOSS"],"items_purchased_type":["Relic","Relic","Relic","Card","Card","Relic","Relic","Card","Relic","Relic","Relic","Card","Relic","Relic","Relic","Relic","Relic","Relic","Card","Relic","Relic","Card"],"build_version":"2020-12-22","purchased_purges":7,"victory":true,"max_hp_per_floor":[87,87,87,87,87,87,87,87,87,87,87,87,87,87,87,87,87,87,87,87,87,87,87,87,87,87,87,87,87,87,87,87,87,87,87,87,87,87,87,87,87,87,87,87,87,87,87,87,87,87,87,87,94,94,94],"card_choices":[{"not_picked":["Flex","Clash","True Grit"],"picked":"SKIP","floor":1.0},{"not_picked":["Heavy Blade","Clothesline"],"picked":"Flame Barrier","floor":2.0},{"not_picked":["Thunderclap","Dropkick","Ghostly Armor"],"picked":"SKIP","floor":5.0},{"not_picked":["Armaments","hubris:CleavingFinish","Iron Wave"],"picked":"SKIP","floor":6},{"not_picked":["Searing Blow","Clothesline","Havoc"],"picked":"SKIP","floor":11},{"not_picked":["Body Slam","Clash","Warcry"],"picked":"SKIP","floor":12},{"not_picked":["Headbutt","Heavy Blade"],"picked":"Offering","floor":14},{"not_picked":["Reaper","Brutality"],"picked":"Immolate","floor":16},{"not_picked":["Whirlwind","Battle Trance","Second Wind"],"picked":"SKIP","floor":18},{"not_picked":["Perfected Strike","Rage"],"picked":"Metallicize","floor":22},{"not_picked":["Sever Soul","Flex+1"],"picked":"Inflame","floor":23},{"not_picked":["Clothesline","Sever Soul"],"picked":"Impervious","floor":25},{"not_picked":["Sever Soul+1","Heavy Blade","Reckless Charge"],"picked":"SKIP","floor":27},{"not_picked":["Sword Boomerang+1","Intimidate","hubris:ReadiedAction+1"],"picked":"SKIP","floor":29},{"not_picked":["Sword Boomerang","Cleave","Second Wind"],"picked":"SKIP","floor":31},{"not_picked":["Iron Wave+1","Sever Soul+1","Evolve"],"picked":"SKIP","floor":35},{"not_picked":["Cleave","Shrug It Off+1","Hemokinesis"],"picked":"SKIP","floor":37},{"not_picked":["Rage","Entrench+1","Wild Strike+1"],"picked":"SKIP","floor":38},{"not_picked":["Headbutt","Armaments","Clash+1"],"picked":"SKIP","floor":39},{"not_picked":["Power Through+1","Clothesline","Blood for Blood+1"],"picked":"SKIP","floor":40},{"not_picked":["Cleave","Thunderclap"],"picked":"Flex+1","floor":41},{"not_picked":["Wild Strike+1","Sword Boomerang"],"picked":"Flex+1","floor":42},{"not_picked":["Searing Blow+1","Rage+1","Body Slam+1"],"picked":"SKIP","floor":44},{"not_picked":["Clothesline","Rupture","hubris:CleavingFinish+1"],"picked":"SKIP","floor":45},{"not_picked":["Heavy Blade","Clothesline+1","Reckless Charge"],"picked":"SKIP","floor":48},{"not_picked":["Flex","Blood for Blood+1"],"picked":"Spot Weakness+1","floor":53},{"not_picked":["Feel No Pain+1","Infernal Blade+1"],"picked":"Limit Break","floor":54}],"player_experience":79221,"relics_obtained":[{"floor":6,"key":"Torii"},{"floor":9,"key":"hubris:Zylophone"},{"floor":14,"key":"Ancient Tea Set"},{"floor":23,"key":"Old Coin"},{"floor":25,"key":"Nunchaku"},{"floor":40,"key":"Dota2Spire:ShadowBlade"},{"floor":42,"key":"hubris:DeckOfHolding"},{"floor":43,"key":"Dota2Spire:MaskOfMadness"},{"floor":44,"key":"wanderingMiniBosses:LockLocket"},{"floor":45,"key":"Calipers"},{"floor":54,"key":"hubris:SlimyHat"}],"event_choices":[{"damage_healed":0.0,"max_hp_gain":0.0,"max_hp_loss":0.0,"gold_gain":75.0,"event_name":"World of Goop","player_choice":"Gather Gold","floor":3.0,"gold_loss":0.0,"damage_taken":11.0},{"damage_healed":0.0,"max_hp_gain":0.0,"max_hp_loss":0.0,"gold_gain":175.0,"event_name":"Liars Game","player_choice":"AGREE","floor":4.0,"gold_loss":0.0,"damage_taken":0.0,"cards_obtained":["Doubt"]},{"damage_healed":29,"gold_gain":0,"player_choice":"Banana","damage_taken":0,"max_hp_gain":0,"max_hp_loss":0,"event_name":"Big Fish","floor":8,"gold_loss":0},{"cards_removed":["Doubt"],"damage_healed":0,"gold_gain":0,"player_choice":"Card Removal","damage_taken":0,"max_hp_gain":0,"max_hp_loss":0,"event_name":"The Cleric","floor":13,"gold_loss":50},{"damage_healed":0,"gold_gain":0,"player_choice":"Opened","damage_taken":0,"relics_obtained":["Dota2Spire:BladeMail"],"max_hp_gain":0,"max_hp_loss":0,"event_name":"The Mausoleum","floor":20,"gold_loss":0,"cards_obtained":["Writhe"]},{"damage_healed":0,"gold_gain":75,"player_choice":"Touch","damage_taken":8,"max_hp_gain":0,"max_hp_loss":0,"event_name":"FaceTrader","floor":28,"gold_loss":0},{"damage_healed":0,"gold_gain":0,"player_choice":"Forge","damage_taken":0,"max_hp_gain":0,"max_hp_loss":0,"event_name":"Accursed Blacksmith","floor":36,"gold_loss":0,"cards_upgraded":["Metallicize"]}],"is_beta":false,"boss_relics":[{"not_picked":["Tiny House","Calling Bell"],"picked":"Runic Pyramid"},{"not_picked":["Cursed Key","Runic Cube"],"picked":"Empty Cage"}],"items_purged_floors":[0,0,0,19,21,30,46],"is_endless":false,"potions_floor_spawned":[2,6,25,27,31,33,38,39,41,45,54],"ascension_level":9}}