{"host":"qwv9nni2x0umspiu","time":1610404787,"event":{"mods":["BaseMod","Downfall","Minty Spire (QoL Compilation)","Replay The Spire","StSLib","The Hierophant","Wandering Minibosses"],"gold_per_floor":[110,192,203,203,71,71,111,111,137,156,156,170,194,208,208,271,271,337,337,411,485,61,61,102,92,92],"floor_reached":25,"playtime":1625,"items_purged":["hierophant:Defend_Hierophant","hierophant:Strike_Hierophant"],"score":512,"play_id":"d6a1d9a0-f09f-4dc8-8fe9-3b63b614f968","local_time":"20210111143947","is_ascension_mode":true,"campfire_choices":[{"data":"hierophant:ChurchCoffers","floor":6.0,"key":"SMITH"},{"data":"hierophant:Punish","floor":11.0,"key":"SMITH"},{"data":"hierophant:SealAway","floor":15,"key":"SMITH"},{"data":"hierophant:BulkyChest","floor":23,"key":"SMITH"}],"circlet_count":0,"master_deck":["AscendersBane","hierophant:Strike_Hierophant","hierophant:Strike_Hierophant","hierophant:Strike_Hierophant","hierophant:Punish+1","hierophant:Defend_Hierophant","hierophant:Defend_Hierophant","hierophant:Defend_Hierophant","hierophant:ChurchCoffers+1","hierophant:Zeal","hierophant:Alms","hierophant:Smite","hierophant:Shelter","hierophant:SealAway+1","hierophant:BulkyChest+1","hierophant:Chorus","hierophant:HammerAndAnvil"],"relics":["hierophant:PropheticMaskRelic","NeowsBlessing","Golden Idol","Bag of Marbles","Meat on the Bone","Replay:Bronze Core","Replay:Baseball","Orrery","Bag of Preparation"],"acts_visited":["Exordium","TheCity"],"potions_floor_usage":[16,21,24,25],"damage_taken":[{"damage":0.0,"enemies":"Small Slimes","floor":1.0,"turns":1.0},{"damage":0.0,"enemies":"Cultist","floor":3.0,"turns":1.0},{"damage":0.0,"enemies":"Gremlin Nob","floor":7.0,"turns":1.0},{"damage":12.0,"enemies":"3 Sentries","floor":10.0,"turns":8.0},{"damage":7.0,"enemies":"Jaw Worm","floor":12.0,"turns":2.0},{"damage":0.0,"enemies":"Large Slime","floor":13.0,"turns":2.0},{"damage":13,"enemies":"Blue Slaver","floor":14,"turns":2},{"damage":44,"enemies":"Fading Forest","floor":16,"turns":13},{"damage":7,"enemies":"3 Byrds","floor":18,"turns":3},{"damage":1,"enemies":"Spheric Guardian","floor":20,"turns":5},{"damage":25,"enemies":"Snake Plant","floor":21,"turns":4},{"damage":28,"enemies":"Gremlin Leader","floor":24,"turns":3},{"damage":20,"enemies":"Centurion and Healer","floor":25,"turns":4}],"seed_played":"3995235399443675897","potions_obtained":[{"floor":1.0,"key":"FearPotion"},{"floor":7.0,"key":"SkillPotion"},{"floor":12.0,"key":"AttackPotion"},{"floor":14,"key":"Swift Potion"},{"floor":16,"key":"DistilledChaos"},{"floor":21,"key":"Strength Potion"},{"floor":24,"key":"hexamod:EctoCoolerPotion"}],"is_trial":false,"path_per_floor":["M","?","M","?","$","R","E","?","T","E","R","M","M","M","R","B",null,"M","?","M","M","$","R","E","M"],"character_chosen":"HIEROPHANT","items_purchased":["hierophant:Shelter","Replay:Baseball","Orrery"],"campfire_rested":0,"item_purchase_floors":[5,22,22],"current_hp_per_floor":[68,44,44,18,18,18,18,43,43,31,31,36,48,47,47,23,62,55,49,48,35,35,35,19,0,0],"gold":92,"neow_bonus":"THREE_ENEMY_KILL","is_daily":false,"chose_seed":false,"campfire_upgraded":4,"win_rate":0.0,"timestamp":1610404787,"path_taken":["M","?","?","?","?","R","E","?","T","E","R","M","M","M","R","BOSS","M","?","M","M","$","R","E","M"],"items_purchased_type":["Card","Relic","Relic"],"build_version":"2020-12-22","purchased_purges":2,"victory":false,"max_hp_per_floor":[75,75,75,75,75,75,75,75,75,75,75,75,75,75,75,75,75,75,75,75,75,75,75,75,75,75],"card_choices":[{"not_picked":["hierophant:Doomsaying","hierophant:Bribe","hierophant:SolarFlare"],"picked":"SKIP","floor":1.0},{"not_picked":["hierophant:Bribe","hierophant:AuricBeam"],"picked":"hierophant:Zeal","floor":2.0},{"not_picked":["hierophant:Remorse","hierophant:FlamingChariot"],"picked":"hierophant:Alms","floor":2.0},{"not_picked":["hierophant:ThreeLashes","hierophant:Exaltation"],"picked":"hierophant:Smite","floor":3.0},{"not_picked":["hierophant:OrnateBuckler","hierophant:AuricBeam","hierophant:PassingBell"],"picked":"SKIP","floor":7.0},{"not_picked":["hierophant:CoinFling","hierophant:DisplayOfPower","hierophant:Remorse"],"picked":"SKIP","floor":10.0},{"not_picked":["hierophant:Prophecy","hierophant:Endure","hierophant:Alms"],"picked":"SKIP","floor":12.0},{"not_picked":["hierophant:Empathy","hierophant:ThreeLashes"],"picked":"hierophant:SealAway","floor":13.0},{"not_picked":["hierophant:DeathKnell","hierophant:PassingBell","hierophant:SealAway"],"picked":"SKIP","floor":14},{"not_picked":["hierophant:AuricForm","hierophant:Generosity"],"picked":"hierophant:BulkyChest","floor":16},{"not_picked":["hierophant:Patience","hierophant:PristineSoul+1","hierophant:Doomsaying"],"picked":"SKIP","floor":18},{"not_picked":["hierophant:DisplayOfPower","hierophant:TollTheBells","hierophant:Refuge"],"picked":"SKIP","floor":20},{"not_picked":["hierophant:FlamingChariot","hierophant:Repentance","hierophant:OrnateJavelin"],"picked":"SKIP","floor":21},{"not_picked":["hierophant:HolyVerse","hierophant:Doubloon"],"picked":"hierophant:Chorus","floor":22},{"not_picked":["hierophant:ConvertCurrency","hierophant:Mercenaries"],"picked":"hierophant:HammerAndAnvil","floor":24}],"player_experience":1343632,"relics_obtained":[{"floor":9.0,"key":"Bag of Marbles"},{"floor":10.0,"key":"Meat on the Bone"},{"floor":24,"key":"Bag of Preparation"}],"event_choices":[{"damage_healed":0.0,"max_hp_gain":0.0,"max_hp_loss":0.0,"gold_gain":0.0,"event_name":"Golden Idol","player_choice":"Take Damage","floor":4.0,"gold_loss":0.0,"damage_taken":26.0,"relics_obtained":["Golden Idol"]},{"damage_healed":25.0,"max_hp_gain":0.0,"max_hp_loss":0.0,"gold_gain":0.0,"event_name":"Big Fish","player_choice":"Banana","floor":8.0,"gold_loss":0.0,"damage_taken":0.0},{"damage_healed":0,"gold_gain":0,"player_choice":"","damage_taken":6,"max_hp_gain":0,"max_hp_loss":0,"event_name":"Knowing Skull","floor":19,"potions_obtained":[],"gold_loss":0,"cards_obtained":[]}],"is_beta":false,"boss_relics":[{"not_picked":["Ring of Chaos","Tiny House"],"picked":"Replay:Bronze Core"}],"items_purged_floors":[5,22],"is_endless":false,"potions_floor_spawned":[1,7,12,14,16,21,24],"killed_by":"Centurion and Healer","ascension_level":20}}