{"host":"gj3450u0c4def4mj","time":1610337231,"event":{"mods":["2.2 Compatiblity","Act Like it!","BaseMod","Gensokyo","Minty Spire (QoL Compilation)","Permanent Neow","Reimu??????","StSLib"],"gold_per_floor":[114,114,214,231,231,256,108,124,148,148,173,186,92,126,126,200,200,214,230,58,58,58,91,111,75,75,146,158,158,177,208,208,285,285,301,301,318,2,2,30,30,45,95,126,126,126,157,15,15,15],"floor_reached":51,"playtime":4306,"items_purged":["Pain"],"score":1579,"play_id":"f1f8f9a0-d463-434f-84a5-42156a07ecbd","local_time":"20210110225351","is_ascension_mode":true,"campfire_choices":[{"data":"InherentArray:ReiMu","floor":15.0,"key":"SMITH"},{"data":"DependentForm:ReiMu","floor":29.0,"key":"SMITH"},{"floor":32.0,"key":"REST"},{"data":"Authority:ReiMu","floor":46.0,"key":"SMITH"},{"data":"NineCharacters:ReiMu","floor":49.0,"key":"SMITH"}],"circlet_count":0,"master_deck":["AscendersBane","Strike_Lin:ReiMu+1","Defend_Lin:ReiMu","Defend_Lin:ReiMu","Defend_Lin:ReiMu","NB:ReiMu","Stagnation:ReiMu+1","Shame","ForcedLanding:ReiMu","CareerPray:ReiMu+1","SpreadBorder2:ReiMu","Clumsy","SafetyPray:ReiMu","InherentArray:ReiMu+1","LearningPray:ReiMu+1","Crusade:ReiMu","InherentArray:ReiMu","SafetyPray:ReiMu","EmergencyTakeOff:ReiMu+1","EmergencyTakeOff:ReiMu","DependentForm:ReiMu+1","SpreadBorder2:ReiMu","WonderfulDomain:ReiMu+1","AirManeuver:ReiMu","Shame","PrepareRite:ReiMu","NineCharacters:ReiMu+1","CareerPray:ReiMu","SafetyPray:ReiMu","Authority:ReiMu+1","Dreaming:ReiMu+1","PassingAway:ReiMu","LearningPray:ReiMu","Shame","Gensokyo:AllTheWorldsEvil"],"relics":["FlyPower:ReiMu","Gensokyo:NagashiBinaDoll","Gensokyo:LunaticRedEyes","Oddly Smooth Stone","War Paint","Tiny Chest","Strawberry","RedLine:ReiMu","Membership Card","Gensokyo:ChorusOfJoy","Anchor","Molten Egg 2","Gremlin Horn","Blue Candle","Cursed Key","Blood Vial","Bird Faced Urn","Bottled Tornado","Gensokyo:EmptyGrave","PreservedInsect","Potion Belt","Happy Flower","Mercury Hourglass","StoneCalendar","CheatingSign:ReiMu"],"acts_visited":["Gensokyo:Gensokyo","Gensokyo:Gensokyoer","Gensokyo:Gensokyoest"],"potions_floor_usage":[],"damage_taken":[{"damage":2.0,"enemies":"Gensokyo:Python","floor":1.0,"turns":3.0},{"damage":0.0,"enemies":"Gensokyo:2_Kodama","floor":4.0,"turns":7.0},{"damage":37.0,"enemies":"Gensokyo:Cirno","floor":6.0,"turns":11.0},{"damage":0.0,"enemies":"Gensokyo:Gryphon","floor":8.0,"turns":5.0},{"damage":0.0,"enemies":"Gensokyo:Mamizou","floor":11.0,"turns":11.0},{"damage":0.0,"enemies":"Gensokyo:Kitsune","floor":12.0,"turns":2.0},{"damage":6.0,"enemies":"Gensokyo:Cirno","floor":14.0,"turns":9.0},{"damage":13.0,"enemies":"Gensokyo:Kokoro","floor":16.0,"turns":13.0},{"damage":0.0,"enemies":"Gensokyo:3_Dogs","floor":18.0,"turns":4.0},{"damage":9.0,"enemies":"Gensokyo:Chomper","floor":19.0,"turns":7.0},{"damage":0.0,"enemies":"Gensokyo:Tenshi","floor":23.0,"turns":9.0},{"damage":0.0,"enemies":"Gensokyo:Wraith","floor":24.0,"turns":8.0},{"damage":19.0,"enemies":"Gensokyo:3_Gloops","floor":28.0,"turns":4.0},{"damage":10.0,"enemies":"Gensokyo:Monolith_and_Dog","floor":30.0,"turns":5.0},{"damage":0.0,"enemies":"Gensokyo:Reisen","floor":31.0,"turns":6.0},{"damage":4.0,"enemies":"Gensokyo:Kaguya","floor":33.0,"turns":10.0},{"damage":22.0,"enemies":"Gensokyo:AncientGuardian","floor":35.0,"turns":8.0},{"damage":15.0,"enemies":"Gensokyo:3_Boulders","floor":37.0,"turns":7.0},{"damage":2.0,"enemies":"Gensokyo:Doremy","floor":40.0,"turns":7.0},{"damage":0.0,"enemies":"Gensokyo:Dusk_and_Dawn","floor":42.0,"turns":4.0},{"damage":1.0,"enemies":"Gensokyo:Marisa","floor":44.0,"turns":5.0},{"damage":0.0,"enemies":"Gensokyo:Doremy","floor":47.0,"turns":6.0},{"damage":0,"enemies":"Gensokyo:Yuyuko","floor":50,"turns":6}],"seed_played":"-98582535509974779","potions_obtained":[{"floor":1.0,"key":"Regen Potion"},{"floor":6.0,"key":"SkillPotion"},{"floor":11.0,"key":"PinkPotion:ReiMu"},{"floor":18.0,"key":"EntropicBrew"},{"floor":37.0,"key":"EntropicBrew"},{"floor":42.0,"key":"LiquidBronze"}],"is_trial":false,"path_per_floor":["M","?","?","M","?","E","$","M","T","?","E","M","$","E","R","B",null,"M","M","$","?","?","E","M","$","T","T","M","R","M","E","R","B",null,"M","?","M","$","?","E","?","M","T","E","T","R","E","COS","R","B",null],"character_chosen":"REIMU","items_purchased":["InherentArray:ReiMu","SafetyPray:ReiMu","EmergencyTakeOff:ReiMu","Membership Card","AirManeuver:ReiMu","NineCharacters:ReiMu","PassingAway:ReiMu","Bird Faced Urn","Bottled Tornado"],"campfire_rested":1,"item_purchase_floors":[7,13,13,20,20,25,38,38,38],"current_hp_per_floor":[57,57,57,57,57,20,20,20,20,40,40,40,40,41,41,28,61,61,52,52,52,52,52,52,52,52,52,33,33,23,23,44,55,68,46,46,33,33,33,41,41,67,67,67,67,67,67,67,67,67],"gold":15,"neow_bonus":"TRANSFORM_TWO_CARDS","is_daily":false,"chose_seed":false,"campfire_upgraded":4,"win_rate":0.0,"timestamp":1610337231,"path_taken":["M","?","?","M","?","E","$","?","T","?","E","M","$","E","R","BOSS","M","?","$","?","?","E","M","$","T","?","M","R","M","E","R","BOSS","M","?","M","$","?","E","?","M","T","E","?","R","E","COS","R","BOSS"],"items_purchased_type":["Card","Card","Card","Relic","Card","Card","Card","Relic","Relic"],"build_version":"2020-12-22","purchased_purges":1,"victory":true,"max_hp_per_floor":[65,65,65,65,65,65,65,65,65,65,65,65,65,72,72,72,72,72,72,72,72,72,72,72,72,72,72,72,72,72,72,72,72,72,72,72,72,72,67,67,67,67,67,67,67,67,67,67,67,67],"card_choices":[{"not_picked":["OrbThrow:ReiMu","RainPray2:ReiMu"],"picked":"SpreadBorder2:ReiMu","floor":1.0},{"not_picked":["SealNeedle:ReiMu","Amulet:ReiMu"],"picked":"SafetyPray:ReiMu","floor":4.0},{"not_picked":["WonderfulDomain:ReiMu","Amulet:ReiMu","SpiritualOutbreak2:ReiMu"],"picked":"SKIP","floor":6.0},{"not_picked":["AirStrike:ReiMu","Meditation:ReiMu"],"picked":"LearningPray:ReiMu","floor":8.0},{"not_picked":["SpiritualOutbreak2:ReiMu","OrbThrow:ReiMu"],"picked":"Crusade:ReiMu","floor":11.0},{"not_picked":["EmergencyTakeOff:ReiMu","Intuition:ReiMu"],"picked":"InherentArray:ReiMu","floor":12.0},{"not_picked":["Determination:ReiMu","Conquer:ReiMu"],"picked":"EmergencyTakeOff:ReiMu","floor":14.0},{"not_picked":["HakureiPhantom:ReiMu","Shading:ReiMu"],"picked":"DependentForm:ReiMu","floor":16.0},{"not_picked":["AirStrike:ReiMu+1","OrbThrow:ReiMu"],"picked":"SpreadBorder2:ReiMu","floor":18.0},{"not_picked":["SpringWay:ReiMu","CareerPray:ReiMu"],"picked":"WonderfulDomain:ReiMu+1","floor":19.0},{"not_picked":["OrbThrow:ReiMu","PhosphorusFlame:ReiMu","KyokaiOfKami:ReiMu"],"picked":"SKIP","floor":23.0},{"not_picked":["TightArray:ReiMu","RainPray2:ReiMu+1"],"picked":"PrepareRite:ReiMu","floor":24.0},{"not_picked":["PhosphorusFlame:ReiMu+1","ForcedLanding:ReiMu+1"],"picked":"CareerPray:ReiMu","floor":28.0},{"not_picked":["EmergencyTakeOff:ReiMu+1","PhosphorusFlame:ReiMu"],"picked":"SafetyPray:ReiMu","floor":30.0},{"not_picked":["FineLineFantasy:ReiMu","Revelation:ReiMu"],"picked":"Authority:ReiMu","floor":31.0},{"not_picked":["BlastKick2:ReiMu+1","Free:ReiMu"],"picked":"Dreaming:ReiMu+1","floor":33.0},{"not_picked":["SubcavityInstant:ReiMu","Amulet:ReiMu+1","CareerPray:ReiMu+1"],"picked":"SKIP","floor":35.0},{"not_picked":["OrbThrow:ReiMu+1","AlertArray:ReiMu+1","KamiSacrifice:ReiMu"],"picked":"SKIP","floor":37.0},{"not_picked":["NineCharacters:ReiMu","Enchanting:ReiMu"],"picked":"LearningPray:ReiMu","floor":40.0},{"not_picked":["SpringWay:ReiMu","OrbThrow:ReiMu+1","CareerPray:ReiMu"],"picked":"SKIP","floor":42.0},{"not_picked":["TightArray:ReiMu+1","Enchanting:ReiMu+1","RainPray2:ReiMu"],"picked":"SKIP","floor":44.0},{"not_picked":["OctopathBindingBorder2:ReiMu","Amulet:ReiMu","Revelation:ReiMu+1"],"picked":"SKIP","floor":47.0}],"player_experience":96804,"relics_obtained":[{"floor":6.0,"key":"Oddly Smooth Stone"},{"floor":9.0,"key":"War Paint"},{"floor":11.0,"key":"Tiny Chest"},{"floor":14.0,"key":"Strawberry"},{"floor":23.0,"key":"Anchor"},{"floor":26.0,"key":"Molten Egg 2"},{"floor":27.0,"key":"Gremlin Horn"},{"floor":31.0,"key":"Blue Candle"},{"floor":40.0,"key":"PreservedInsect"},{"floor":43.0,"key":"Potion Belt"},{"floor":44.0,"key":"Happy Flower"},{"floor":45.0,"key":"Mercury Hourglass"},{"floor":47.0,"key":"StoneCalendar"}],"event_choices":[],"is_beta":false,"boss_relics":[{"not_picked":["Philosopher\u0027s Stone","Black Star"],"picked":"RedLine:ReiMu"},{"not_picked":["Astrolabe","DonationBox:ReiMu"],"picked":"Cursed Key"}],"items_purged_floors":[7],"is_endless":false,"potions_floor_spawned":[1,6,11,12,18,31,37,42],"ascension_level":13}}