{"host":"v54ek091sdz7ha6h","time":1610331680,"event":{"mods":["BaseMod","Better Vampires","Colored Map","Colored Powertips","Custom Start","DeckTracker","Friendly Minions","Highlight Path","KOR Keyword Fix","Minty Spire (QoL Compilation)","Rare Cards Sparkle","StSLib","SuperFastMode","everything is the same but u backflip on backflip","slay the spire mod where everything is the same but ironclad has a cowboy hat"],"gold_per_floor":[135,145,175,325,191,191,191,191,215,215,299,387,387,446,446,521,521,532,512,512],"floor_reached":19,"playtime":406,"items_purged":["Doubt"],"score":450,"play_id":"6cff60e5-ab6c-44b7-a4b2-99eecf832f95","local_time":"20210111112120","is_ascension_mode":true,"campfire_choices":[{"data":"Eruption","floor":6.0,"key":"SMITH"},{"data":"Pray","floor":8.0,"key":"SMITH"},{"data":"HandOfGreed","floor":10.0,"key":"SMITH"},{"floor":13.0,"key":"REST"},{"data":"FollowUp","floor":15.0,"key":"SMITH"}],"circlet_count":0,"master_deck":["AscendersBane","Strike_P","Strike_P","Strike_P","Strike_P","Defend_P+1","Defend_P","Defend_P+1","Defend_P","Eruption+1","Vigilance","Writhe","HandOfGreed+1","FlurryOfBlows","Pray+1","Prostrate+1","FollowUp+1","Perseverance","DeusExMachina","EmptyMind+1"],"relics":["PureWater","Bag of Marbles","War Paint","Shuriken","Runic Dome"],"acts_visited":["Exordium","TheCity"],"potions_floor_usage":[19],"damage_taken":[{"damage":7.0,"enemies":"Jaw Worm","floor":1.0,"turns":6.0},{"damage":1.0,"enemies":"Small Slimes","floor":2.0,"turns":4.0},{"damage":0.0,"enemies":"Cultist","floor":3.0,"turns":3.0},{"damage":33.0,"enemies":"3 Sentries","floor":11.0,"turns":8.0},{"damage":5.0,"enemies":"3 Louse","floor":12.0,"turns":8.0},{"damage":35.0,"enemies":"Lagavulin","floor":14.0,"turns":5.0},{"damage":0.0,"enemies":"Slime Boss","floor":16.0,"turns":6.0},{"damage":47.0,"enemies":"Chosen","floor":18.0,"turns":6.0},{"damage":12,"enemies":"2 Thieves","floor":19,"turns":1}],"seed_played":"1190257309275208267","potions_obtained":[{"floor":2.0,"key":"BlessingOfTheForge"},{"floor":11.0,"key":"Fruit Juice"},{"floor":12.0,"key":"Energy Potion"},{"floor":18.0,"key":"Ambrosia"}],"is_trial":false,"path_per_floor":["M","M","M","?","$","R","?","R","T","R","E","M","R","E","R","B",null,"M","M"],"character_chosen":"WATCHER","items_purchased":["Prostrate"],"campfire_rested":1,"item_purchase_floors":[5],"current_hp_per_floor":[54,53,53,53,53,53,53,53,53,53,20,15,41,6,6,6,56,9,0,0],"gold":512,"neow_bonus":"RANDOM_COLORLESS_2","is_daily":false,"chose_seed":false,"campfire_upgraded":4,"win_rate":0.0,"timestamp":1610331680,"path_taken":["M","M","M","?","$","R","?","R","T","R","E","M","R","E","R","BOSS","M","M"],"items_purchased_type":["Card"],"build_version":"2020-12-22","purchased_purges":1,"victory":false,"max_hp_per_floor":[68,68,68,68,68,68,68,68,68,68,68,68,73,73,73,73,73,73,73,73],"card_choices":[{"not_picked":["Transmutation","Panache"],"picked":"HandOfGreed","floor":0.0},{"not_picked":["PathToVictory","CutThroughFate"],"picked":"FlurryOfBlows","floor":1.0},{"not_picked":["ThirdEye","LikeWater"],"picked":"Pray","floor":2.0},{"not_picked":["ClearTheMind","FlyingSleeves","ThirdEye"],"picked":"SKIP","floor":3.0},{"not_picked":["Nirvana","Blasphemy"],"picked":"FollowUp","floor":11.0},{"not_picked":["BattleHymn","Crescendo"],"picked":"Perseverance","floor":12.0},{"not_picked":["EmptyFist","BowlingBash","ClearTheMind"],"picked":"SKIP","floor":14.0},{"not_picked":["DevaForm","SpiritShield"],"picked":"DeusExMachina","floor":16.0},{"not_picked":["BowlingBash","Meditate"],"picked":"EmptyMind+1","floor":18.0}],"player_experience":1410436,"relics_obtained":[{"floor":9.0,"key":"Bag of Marbles"},{"floor":11.0,"key":"War Paint"},{"floor":14.0,"key":"Shuriken"}],"event_choices":[{"damage_healed":0.0,"max_hp_gain":0.0,"max_hp_loss":0.0,"gold_gain":150.0,"event_name":"Liars Game","player_choice":"AGREE","floor":4.0,"gold_loss":0.0,"damage_taken":0.0,"cards_obtained":["Doubt"]},{"damage_healed":0.0,"max_hp_gain":0.0,"max_hp_loss":0.0,"gold_gain":0.0,"event_name":"Living Wall","player_choice":"Grow","floor":7.0,"gold_loss":0.0,"damage_taken":0.0,"cards_upgraded":["Prostrate"]}],"is_beta":false,"boss_relics":[{"not_picked":["Ectoplasm","Snecko Eye"],"picked":"Runic Dome"}],"items_purged_floors":[5],"is_endless":false,"potions_floor_spawned":[2,11,12,18],"killed_by":"2 Thieves","ascension_level":20}}