{"host":"x6165drukuu8ns9f","time":1610382709,"event":{"mods":["2.2 Compatiblity","Act Like it!","Aspiration","BaseMod","CapriCore","ChefMod","Colored Map","Colored Powertips","Conspire","Elementarium","GifTheSpireLib","Hallownest","Hubris","Luminous","Minty Spire (QoL Compilation)","Pale of the Ancients","Robot Space Explorer","Spicy Shops","Spire Birthday Party","StSLib","SuperFastMode","The Alterego","The Blue Laboratory","The Dragon Tamer","The Mystic","The Runesmith","TheSwordswoman","TheWitcher","vexMod"],"gold_per_floor":[138,180,219,273,13,13,118,151,151,151,196,253,328,364,364,679,679,730,331,385,447,471,471,471,561,561,561,271,370,15,51,51,336,336,393,156,318,218,254,308,308,389,389,80,200,293,577,679,679,679,679],"floor_reached":50,"playtime":1455,"items_purged":["mysticmod:Defend_Mystic"],"score":860,"play_id":"74a68554-f4ad-4d09-9a4c-59afa3bc713a","local_time":"20210111173149","daily_mods":["Vintage","Flight","DeadlyEvents","Midas"],"is_ascension_mode":false,"campfire_choices":[{"floor":6,"key":"REST"},{"floor":10,"key":"REST"},{"floor":15,"key":"REST"},{"floor":23,"key":"REST"},{"floor":27,"key":"REST"},{"floor":32,"key":"REST"},{"data":"mysticmod:Strike_Mystic","floor":41,"key":"PURGE"},{"data":"mysticmod:Strike_Mystic","floor":49,"key":"PURGE"}],"circlet_count":0,"master_deck":["mysticmod:Strike_Mystic","mysticmod:Strike_Mystic","mysticmod:Defend_Mystic","mysticmod:ArcaneDodge","mysticmod:ShockingGrasp+1","mysticmod:CorrosiveTouch","mysticmod:ArcaneAccuracy","mysticmod:Probe+1","mysticmod:Snowball","mysticmod:MirrorEntity","mysticmod:MightyMagic","mysticmod:LightningBolt","mysticmod:SuddenClarity+1","Magnetism","mysticmod:ComponentsPouch","mysticmod:EnchantedMoulinet","mysticmod:Shield+1","mysticmod:CureLightWounds+1","Apotheosis+1","mysticmod:Spellstrike","mysticmod:Sideswipe","mysticmod:PowerSlash+1","mysticmod:PunishingArmor+1","mysticmod:BulkUp+1","mysticmod:CorrosiveTouch","mysticmod:Snowball","mysticmod:Momentum","mysticmod:MightyMagic","mysticmod:Spellstrike","mysticmod:Alacrity+1","Regret","mysticmod:SpontaneousCaster","mysticmod:Riposte+1"],"relics":["mysticmod:SpellBook","hubris:DeckOfHolding","Blood Vial","Mercury Hourglass","Sundial","hubris:OldNail","vexMod:Dragonfruit","Strawberry","hubris:SlimyHat","aspiration:Lifesprig","Toxic Egg 2","Whetstone","hubris:SphereOfDissonance","Philosopher\u0027s Stone","White Beast Statue","Membership Card","ClockworkSouvenir","Ancient Tea Set","Shuriken","vexMod:FocusSash","hubris:Towel","Turnip","Runesmith:Nanobots","PreservedInsect","hubris:MadmansSpellBook","Vajra","Bag of Preparation","mysticmod:RabbitsFoot","War Paint","aspiration:Nostalgia","Burning Blood","Happy Flower","mysticmod:CrystalBall","Peace Pipe","Bird Faced Urn","conspire:TreasureMap","mysticmod:BentSpoon","Pen Nib","Prayer Wheel","Mummified Hand","hubris:FoxTail","vexMod:HeadHunter","Toy Ornithopter","Sling","Boot","Bag of Marbles","CeramicFish","Lantern","Ice Cream"],"acts_visited":["Exordium","TheCity","TheBeyond"],"potions_floor_usage":[7,13,13,13,31],"damage_taken":[{"damage":0,"enemies":"Cultist","floor":1,"turns":3},{"damage":6,"enemies":"2 Louse","floor":2,"turns":3},{"damage":0,"enemies":"Small Slimes","floor":3,"turns":4},{"damage":28,"enemies":"Exordium Thugs","floor":4,"turns":5},{"damage":31,"enemies":"Gremlin Nob","floor":7,"turns":5},{"damage":15,"enemies":"Gremlin Gang","floor":8,"turns":4},{"damage":3,"enemies":"Red Slaver","floor":11,"turns":3},{"damage":6,"enemies":"2 Fungi Beasts","floor":12,"turns":3},{"damage":17,"enemies":"Lagavulin","floor":13,"turns":4},{"damage":5,"enemies":"Lots of Slimes","floor":14,"turns":2},{"damage":65,"enemies":"The Guardian","floor":16,"turns":7},{"damage":20,"enemies":"Spheric Guardian","floor":18,"turns":4},{"damage":1,"enemies":"conspire:FuzzyDice","floor":20,"turns":5},{"damage":27,"enemies":"Snake Plant","floor":21,"turns":4},{"damage":10,"enemies":"Book of Stabbing","floor":25,"turns":5},{"damage":0,"enemies":"Slavers","floor":29,"turns":1},{"damage":3,"enemies":"conspire:HollyBat","floor":31,"turns":7},{"damage":18,"enemies":"Champ","floor":33,"turns":6},{"damage":0,"enemies":"Orb Walker","floor":35,"turns":2},{"damage":3,"enemies":"2 Orb Walkers","floor":37,"turns":4},{"damage":1,"enemies":"3 Shapes","floor":39,"turns":1},{"damage":0,"enemies":"Jaw Worm Horde","floor":40,"turns":1},{"damage":0,"enemies":"Reptomancer","floor":42,"turns":1},{"damage":0,"enemies":"Giant Head","floor":45,"turns":1},{"damage":0,"enemies":"Nemesis","floor":46,"turns":1},{"damage":0,"enemies":"Giant Head","floor":48,"turns":1},{"damage":106,"enemies":"conspire:OrnateMirror","floor":50,"turns":2}],"seed_played":"8902832971179874867","potions_obtained":[{"floor":3,"key":"ColorlessPotion"},{"floor":7,"key":"blueLaboratory:SavagePotion"},{"floor":8,"key":"blueLaboratory:BottleOfRum"},{"floor":12,"key":"blueLaboratory:EmptyBottle"},{"floor":20,"key":"blueLaboratory:RecallPotion"},{"floor":21,"key":"Block Potion"},{"floor":25,"key":"blueLaboratory:HorrorPotion"},{"floor":29,"key":"blueLaboratory:BottleOfRum"},{"floor":31,"key":"BlessingOfTheForge"}],"is_trial":true,"path_per_floor":["M","M","M","M","$","R","E","M","T","R","M","M","E","M","R","B",null,"M","$","M","M","T","R","?","E","T","R","$","E","$","M","R","B",null,"M","$","?","NS","M","M","R","E","T","$","E","E","?","E","R","B"],"character_chosen":"MYSTIC_CLASS","items_purchased":["hubris:OldNail","mysticmod:CorrosiveTouch","mysticmod:ArcaneAccuracy","Membership Card","mysticmod:MightyMagic","mysticmod:LightningBolt","mysticmod:SuddenClarity+1","ClockworkSouvenir","Magnetism","mysticmod:EnchantedMoulinet","PreservedInsect","hubris:MadmansSpellBook","Vajra","mysticmod:Shield+1","Apotheosis+1","mysticmod:RabbitsFoot","War Paint","aspiration:Nostalgia","Bird Faced Urn","conspire:TreasureMap","mysticmod:Sideswipe","mysticmod:BentSpoon","Pen Nib","Sling","mysticmod:BulkUp+1","mysticmod:CorrosiveTouch","mysticmod:Snowball","Boot","Bag of Marbles"],"campfire_rested":6,"item_purchase_floors":[5,5,5,19,19,19,19,19,19,28,28,28,28,28,30,30,30,30,36,36,36,36,36,44,44,44,44,44,44],"current_hp_per_floor":[77,71,73,47,47,70,46,40,40,66,65,61,46,43,69,6,89,69,69,70,45,45,71,71,63,63,89,89,89,89,89,89,80,89,89,89,89,89,89,89,89,89,89,89,89,89,89,89,89,0,0],"gold":679,"neow_bonus":"","is_daily":false,"chose_seed":false,"campfire_upgraded":0,"win_rate":0.0,"timestamp":1610382709,"path_taken":["M","M","M","M","$","R","E","M","T","R","M","M","E","M","R","BOSS","M","$","M","M","?","R","?","E","T","R","?","?","$","?","R","BOSS","M","$","?","NS","?","M","R","E","T","$","?","?","?","E","R","BOSS"],"items_purchased_type":["Relic","Card","Card","Relic","Card","Card","Card","Relic","Card","Card","Relic","Relic","Relic","Card","Card","Relic","Relic","Relic","Relic","Relic","Card","Relic","Relic","Relic","Card","Card","Card","Relic","Relic"],"build_version":"2020-12-22","purchased_purges":1,"victory":false,"max_hp_per_floor":[77,77,77,77,77,77,82,89,89,89,89,89,89,89,89,89,89,89,89,89,89,89,89,89,89,89,89,89,89,89,89,89,89,89,89,89,89,89,89,89,89,89,89,89,89,89,89,89,89,89,89],"card_choices":[{"not_picked":["mysticmod:Riposte","mysticmod:MightyMagic"],"picked":"mysticmod:Probe","floor":7},{"not_picked":["mysticmod:ChargedParry+1","mysticmod:EarthenWall+1"],"picked":"mysticmod:Snowball","floor":13},{"not_picked":["mysticmod:Lunge+1","mysticmod:Natural20+1"],"picked":"mysticmod:MirrorEntity","floor":16},{"not_picked":["mysticmod:Shield+1","mysticmod:FiveFootStep"],"picked":"mysticmod:ComponentsPouch","floor":25},{"not_picked":["mysticmod:BulkUp+1","mysticmod:VorpalThrust"],"picked":"mysticmod:CureLightWounds+1","floor":29},{"not_picked":["mysticmod:Doublecast+1","mysticmod:MysticalShield"],"picked":"mysticmod:Spellstrike","floor":33},{"not_picked":["mysticmod:CorrosiveTouch","mysticmod:HeavyStrike"],"picked":"mysticmod:PowerSlash+1","floor":37},{"not_picked":["mysticmod:Fly+1","mysticmod:AllIn"],"picked":"mysticmod:PunishingArmor+1","floor":42},{"not_picked":["mysticmod:Natural20","mysticmod:Disintegrate"],"picked":"mysticmod:Momentum","floor":45},{"not_picked":["mysticmod:IllusionOfCalm+1","mysticmod:Alacrity+1"],"picked":"mysticmod:MightyMagic","floor":45},{"not_picked":["mysticmod:MirrorEntity","mysticmod:EnchantedMoulinet"],"picked":"mysticmod:Spellstrike","floor":46},{"not_picked":["mysticmod:Dedication+1","mysticmod:BladeMaster+1"],"picked":"mysticmod:Alacrity+1","floor":46},{"not_picked":["mysticmod:Haste","mysticmod:Lunge"],"picked":"mysticmod:SpontaneousCaster","floor":48},{"not_picked":["mysticmod:CorrosiveTouch","mysticmod:TomeOfSpells+1"],"picked":"mysticmod:Riposte+1","floor":48}],"player_experience":105397,"relics_obtained":[{"floor":1,"key":"hubris:DeckOfHolding"},{"floor":2,"key":"Blood Vial"},{"floor":3,"key":"Mercury Hourglass"},{"floor":4,"key":"Sundial"},{"floor":7,"key":"vexMod:Dragonfruit"},{"floor":8,"key":"Strawberry"},{"floor":9,"key":"hubris:SlimyHat"},{"floor":11,"key":"aspiration:Lifesprig"},{"floor":12,"key":"Toxic Egg 2"},{"floor":13,"key":"Whetstone"},{"floor":14,"key":"hubris:SphereOfDissonance"},{"floor":18,"key":"White Beast Statue"},{"floor":20,"key":"Ancient Tea Set"},{"floor":21,"key":"Shuriken"},{"floor":22,"key":"vexMod:FocusSash"},{"floor":25,"key":"Turnip"},{"floor":26,"key":"Runesmith:Nanobots"},{"floor":29,"key":"Bag of Preparation"},{"floor":31,"key":"Happy Flower"},{"floor":35,"key":"Peace Pipe"},{"floor":37,"key":"Prayer Wheel"},{"floor":39,"key":"Mummified Hand"},{"floor":40,"key":"hubris:FoxTail"},{"floor":42,"key":"vexMod:HeadHunter"},{"floor":43,"key":"Toy Ornithopter"},{"floor":45,"key":"CeramicFish"},{"floor":46,"key":"Lantern"},{"floor":48,"key":"Ice Cream"}],"event_choices":[{"damage_healed":0,"gold_gain":0,"player_choice":"Fight","damage_taken":0,"max_hp_gain":0,"max_hp_loss":0,"event_name":"Mysterious Sphere","floor":37,"gold_loss":0},{"damage_healed":0,"gold_gain":275,"player_choice":"Desecrate","damage_taken":0,"max_hp_gain":0,"max_hp_loss":0,"event_name":"Golden Shrine","floor":47,"gold_loss":0,"cards_obtained":["Regret"]}],"is_beta":false,"boss_relics":[{"not_picked":["conspire:SpecialSausage","hubris:VirtuousBlindfold"],"picked":"Philosopher\u0027s Stone"},{"not_picked":["Cursed Key","Tiny House"],"picked":"mysticmod:CrystalBall"}],"items_purged_floors":[28],"is_endless":false,"potions_floor_spawned":[3,7,8,12,20,21,25,29,31,33,35,37,39,40,42,45,46,48],"killed_by":"conspire:OrnateMirror","ascension_level":0}}