{"host":"vx45j8cu2uwqk4g9","time":1610349962,"event":{"mods":["BaseMod","Marisa£®ÏF”Í°°ƒß¿Ì…≥£©","Minty Spire (QoL Compilation)","Remilia£®¿Ÿ√◊¿Ú—«£©","Replay The Spire","StSLib","The Servant 0.9.4","Yakumo Yukari mod"],"gold_per_floor":[134,309,327,16,32,67,82,82,107,107,136,136,136,152,152,257,257,273,213,213,45,60,60,73,73,73,73,87,87,87,105,105,202,302,316,316,316,326,336,336,336,63,87,87,87,87,103,114,114,114,114,114,114,147,147,147],"floor_reached":55,"playtime":4570,"items_purged":["Doubt","Defend_purpleEX","Regret"],"score":730,"play_id":"fef124d1-c041-40b4-b46f-cd9d2f8ed1a5","local_time":"20210111152602","is_ascension_mode":false,"campfire_choices":[{"data":"Nest_LightFlightworm_purple","floor":8,"key":"SMITH"},{"data":"RuleDissolution_purple","floor":10,"key":"SMITH"},{"floor":15,"key":"REST"},{"floor":23,"key":"RECALL"},{"data":"LoveAcrossDimensions_purple","floor":25,"key":"SMITH"},{"data":"CommonSense_AntiCommonSense_purple","floor":27,"key":"SMITH"},{"data":"StateErode_purple","floor":32,"key":"SMITH"},{"data":"Observe_purple_2","floor":41,"key":"SMITH"},{"data":"WeekHit_purple","floor":46,"key":"SMITH"},{"data":"DimensionStaggered_purple","floor":49,"key":"SMITH"},{"data":"DimensionStaggered_purple","floor":52,"key":"SMITH"}],"circlet_count":0,"master_deck":["AT_purpleEX","AT_purpleEX","AT_purpleEX","AT_purpleEX","Defend_purpleEX","Defend_purpleEX","Defend_purpleEX","Observe_purple_1","Observe_purple_2+1","RuleDissolution_purple+1","StateErode_purple+1","WeekHit_purple+1","StateDuplicate_purple","Nest_LightFlightworm_purple+1","DimensionStaggered_purple+1","DarkRealmRedLine_purple+1","DimensionStaggered_purple+1","LoveAcrossDimensions_purple+1","EighthInstrument_OneDividesIntoTwo_purple+1","MNeedle_purple","CommonSense_AntiCommonSense_purple+1","Bait_HighSpeedFlying_purple+1","Charmbait_purple+1","WorldDissolvedintheRealm_purple+1","RuptureOfTimeAndSpace_purple+1","RuleDissolution_purple"],"relics":["Boundary_crack","Memoryfragments_purpleEX","NeowsBlessing","Toolbox","Boot","Bag of Marbles","Potion Belt","SlaversCollar","Eternal Feather","Replay:Wanted Poster","Centennial Puzzle","Happy Flower","Bottled Tornado","Incense Burner"],"acts_visited":["Exordium","TheCity","TheBeyond","TheEnding"],"potions_floor_usage":[6,16,16,16,33,40,54,55,55,55,55],"damage_taken":[{"damage":0,"enemies":"2 Louse","floor":1,"turns":1},{"damage":0,"enemies":"Small Slimes","floor":3,"turns":1},{"damage":0,"enemies":"Cultist","floor":5,"turns":1},{"damage":39,"enemies":"Lagavulin","floor":6,"turns":6},{"damage":0,"enemies":"Large Slime","floor":7,"turns":6},{"damage":18,"enemies":"3 Sentries","floor":11,"turns":8},{"damage":0,"enemies":"2 Fungi Beasts","floor":14,"turns":2},{"damage":8,"enemies":"Fading Forest","floor":16,"turns":11},{"damage":0,"enemies":"Spheric Guardian","floor":18,"turns":5},{"damage":12,"enemies":"2 Thieves","floor":22,"turns":4},{"damage":14,"enemies":"Shelled Parasite and Fungi","floor":24,"turns":4},{"damage":0,"enemies":"Snake Plant","floor":28,"turns":3},{"damage":0,"enemies":"Centurion and Healer","floor":31,"turns":3},{"damage":11,"enemies":"Pondfish","floor":33,"turns":5},{"damage":2,"enemies":"Orb Walker","floor":35,"turns":3},{"damage":19,"enemies":"3 Shapes","floor":38,"turns":4},{"damage":11,"enemies":"Jaw Worm Horde","floor":39,"turns":2},{"damage":30,"enemies":"Reptomancer","floor":40,"turns":2},{"damage":20,"enemies":"3 Darklings","floor":47,"turns":4},{"damage":4,"enemies":"Maw","floor":48,"turns":4},{"damage":24,"enemies":"Awakened One","floor":50,"turns":7},{"damage":59,"enemies":"Shield and Spear","floor":54,"turns":4},{"damage":50,"enemies":"The Heart","floor":55,"turns":2}],"seed_played":"-2718226765391394755","potions_obtained":[{"floor":5,"key":"Reflective Coating"},{"floor":11,"key":"Languid Potion"},{"floor":13,"key":"DistilledChaos"},{"floor":13,"key":"Doom Potion"},{"floor":13,"key":"SpeedPotion"},{"floor":14,"key":"ColorlessPotion"},{"floor":18,"key":"Elixir"},{"floor":31,"key":"Strength Potion"},{"floor":33,"key":"Energy Potion"},{"floor":39,"key":"SmokeBomb"},{"floor":48,"key":"AttackPotion"}],"is_trial":false,"path_per_floor":["M","?","M","$","M","E","M","R","T","R","E","?","?","M","R","B",null,"M","?","?","$","M","R","M","R","T","R","M","?","?","M","R","B",null,"M","?","?","M","M","E","R","$","T","?","T","R","M","M","R","B",null,"R","$","E","B"],"character_chosen":"Youkari","items_purchased":["WeekHit_purple","Toolbox","CommonSense_AntiCommonSense_purple","Centennial Puzzle"],"campfire_rested":1,"item_purchase_floors":[4,4,21,42],"current_hp_per_floor":[70,70,70,70,70,32,33,33,33,33,20,13,13,20,41,60,70,70,70,70,70,66,66,52,52,52,64,68,68,68,70,70,59,70,70,70,70,52,45,20,35,35,35,35,35,50,30,35,50,26,70,70,70,11,0,0],"gold":147,"neow_bonus":"THREE_ENEMY_KILL","is_daily":false,"chose_seed":false,"campfire_upgraded":9,"win_rate":0.0,"timestamp":1610349962,"path_taken":["M","?","M","$","M","E","M","R","T","R","E","?","?","?","R","BOSS","M","?","?","$","M","R","M","R","T","R","?","?","?","?","R","BOSS","M","?","?","M","?","E","R","$","T","?","?","R","?","M","R","BOSS","R","$","E","BOSS"],"items_purchased_type":["Card","Relic","Card","Relic"],"build_version":"2020-12-22","purchased_purges":3,"victory":false,"max_hp_per_floor":[70,70,70,70,70,70,70,70,70,70,70,70,70,70,70,70,70,70,70,70,70,70,70,70,70,70,70,70,70,70,70,70,70,70,70,70,70,70,70,70,70,70,70,70,70,70,70,70,70,70,70,70,70,70,70,70],"card_choices":[{"not_picked":["Charmbait_purple","Boundary_LightAndDark_purple"],"picked":"RuleDissolution_purple","floor":1},{"not_picked":["Boundary_LightAndDark_purple","Charmbait_purple"],"picked":"StateErode_purple","floor":3},{"not_picked":["Realm_recovery_purpleEX","Boundary_ObjectiveBoundary_purple"],"picked":"StateDuplicate_purple","floor":5},{"not_picked":["Charmbait_purple","ExistenceContinue_purple"],"picked":"Nest_LightFlightworm_purple","floor":6},{"not_picked":["MeetDecomposer_purple","Nest_LightFlightworm_purple"],"picked":"DimensionStaggered_purple","floor":7},{"not_picked":["OmniscientAndOmnipotent_Monster_purple","Charmbait_purple"],"picked":"DarkRealmRedLine_purple","floor":11},{"not_picked":["EighthInstrument_OneDividesIntoTwo_purple","Shallow_ocean_purpleEX"],"picked":"DimensionStaggered_purple","floor":14},{"not_picked":["Know_ledgeAbilityRealm_purple","ContainerChange_purple"],"picked":"LoveAcrossDimensions_purple","floor":16},{"not_picked":["RealityDreamConfluencek_purple","StateDuplicate_purple+1"],"picked":"EighthInstrument_OneDividesIntoTwo_purple+1","floor":18},{"not_picked":["OmniscientAndOmnipotent_Monster_purple","Boundary_LightAndDark_purple"],"picked":"Bait_HighSpeedFlying_purple+1","floor":22},{"not_picked":["Worldmountain_purple+1","SharpContractionReality_purple"],"picked":"Charmbait_purple+1","floor":24},{"not_picked":["Worldmountain_purple","MonsterNeedle_purple"],"picked":"WorldDissolvedintheRealm_purple","floor":28},{"not_picked":["Bait_HighSpeedFlying_purple","OmniscientAndOmnipotent_Monster_purple"],"picked":"RuptureOfTimeAndSpace_purple+1","floor":31},{"not_picked":["OmniscientAndOmnipotent_Monster_purple+1","MNeedle_purple+1","WeekHit_purple"],"picked":"SKIP","floor":35},{"not_picked":["StateDuplicate_purple+1","AdvanceAttack_purple","Umbrella_purple"],"picked":"SKIP","floor":38},{"not_picked":["WatchEChange_purple+1","SfantasyHide_purple+1","Anti_communist_purple"],"picked":"SKIP","floor":39},{"not_picked":["EighthInstrument_OneDividesIntoTwo_purple+1","StateDuplicate_purple+1","ExistenceContinue_purple+1"],"picked":"SKIP","floor":47},{"not_picked":["Photoelasticity_Doppler_Effect_purple+1","OpenedBox_purple","Shallow_ocean_purpleEX+1"],"picked":"SKIP","floor":48},{"not_picked":["Shallow_ocean_purpleEX","Boundary_DynamicStaticEquilibrium_purple+1"],"picked":"RuleDissolution_purple","floor":54}],"player_experience":154428,"relics_obtained":[{"floor":6,"key":"Boot"},{"floor":11,"key":"Bag of Marbles"},{"floor":26,"key":"Eternal Feather"},{"floor":43,"key":"Happy Flower"},{"floor":45,"key":"Bottled Tornado"},{"floor":54,"key":"Incense Burner"}],"event_choices":[{"damage_healed":0,"gold_gain":175,"player_choice":"AGREE","damage_taken":0,"max_hp_gain":0,"max_hp_loss":0,"event_name":"Liars Game","floor":2,"gold_loss":0,"cards_obtained":["Doubt"]},{"damage_healed":0,"gold_gain":0,"player_choice":"Success","damage_taken":7,"relics_obtained":["Potion Belt"],"max_hp_gain":0,"max_hp_loss":0,"event_name":"Scrap Ooze","floor":12,"gold_loss":0},{"damage_healed":0,"gold_gain":0,"player_choice":"Got Potions","damage_taken":0,"max_hp_gain":0,"max_hp_loss":0,"event_name":"Lab","floor":13,"gold_loss":0},{"damage_healed":0,"gold_gain":0,"player_choice":"Read","damage_taken":0,"max_hp_gain":0,"max_hp_loss":0,"event_name":"TheLibraryeventEX","floor":20,"gold_loss":0,"cards_obtained":["MNeedle_purple"]},{"damage_healed":0,"gold_gain":0,"player_choice":"Ignored","damage_taken":0,"max_hp_gain":0,"max_hp_loss":0,"event_name":"Vampires","floor":29,"gold_loss":0},{"damage_healed":0,"gold_gain":0,"player_choice":"Upgraded","damage_taken":0,"max_hp_gain":0,"max_hp_loss":0,"event_name":"Upgrade Shrine","floor":30,"gold_loss":0,"cards_upgraded":["WorldDissolvedintheRealm_purple"]},{"damage_healed":0,"gold_gain":0,"player_choice":"Forge","damage_taken":0,"max_hp_gain":0,"max_hp_loss":0,"event_name":"Accursed Blacksmith","floor":37,"gold_loss":0,"cards_upgraded":["DarkRealmRedLine_purple"]},{"damage_healed":0,"gold_gain":0,"player_choice":"Ignored","damage_taken":0,"max_hp_gain":0,"max_hp_loss":0,"event_name":"The Moai Head","floor":44,"gold_loss":0}],"is_beta":false,"boss_relics":[{"not_picked":["Velvet Choker","Coffee Dripper"],"picked":"SlaversCollar"},{"not_picked":["Cursed Key","Tiny House"],"picked":"Replay:Wanted Poster"}],"items_purged_floors":[4,21,42],"is_endless":false,"potions_floor_spawned":[5,11,14,18,31,33,39,40,48],"killed_by":"The Heart","ascension_level":0}}