{"host":"9slw7l0ws16384qq","time":1610398812,"event":{"mods":["BaseMod","Colored Map","Hubris","Minty Spire (QoL Compilation)","Replay The Spire","StSLib","The Alterego","The Dragon Tamer","The Marked","Yakumo Yukari mod"],"gold_per_floor":[216,73,73,73,89,117,117,134,134,134,54,54,68,101,101,200,200,219,144,144,163,173,186,186,211,234,27,0,28,28,46,46,46,46],"floor_reached":33,"playtime":1209,"items_purged":["theMarked:Defend","theMarked:Defend"],"score":343,"play_id":"ea82c153-ba4d-41d7-8dc3-163203d5de9c","local_time":"20210111220012","is_ascension_mode":false,"campfire_choices":[{"data":"theMarked:ElementalBlade","floor":7.0,"key":"SMITH"},{"data":"theMarked:GodGivenPower","floor":10.0,"key":"SMITH"},{"data":"theMarked:HeritageOfTheMarked","floor":15.0,"key":"SMITH"},{"floor":24.0,"key":"REST"},{"floor":32.0,"key":"REST"}],"circlet_count":0,"master_deck":["theMarked:Strike","theMarked:Strike","theMarked:Strike","theMarked:Strike","theMarked:Strike","theMarked:Defend","theMarked:SoldierOfQuellstein+1","theMarked:LightningStrikesTwice","theMarked:Snap","theMarked:ElementalBlade+1","theMarked:GodGivenPower+1","theMarked:HeritageOfTheMarked+1","theMarked:BanishingStrike","theMarked:EternalStudent","theMarked:DeterminationOfTheMarked"],"relics":["theMarked:ArtifactOfAir","ReplayFunnel","hubris:Towel","Vajra","Quantum Egg","Matryoshka","Busted Crown","MealTicket","Omamori","Replay:Baseball","Membership Card","StrikeDummy"],"acts_visited":["Exordium","TheCity"],"potions_floor_usage":[33,33],"damage_taken":[{"damage":5.0,"enemies":"Cultist","floor":1.0,"turns":4.0},{"damage":0.0,"enemies":"2 Louse","floor":5.0,"turns":4.0},{"damage":12.0,"enemies":"Gremlin Nob","floor":6.0,"turns":4.0},{"damage":0.0,"enemies":"Jaw Worm","floor":8.0,"turns":2.0},{"damage":4.0,"enemies":"2 Fungi Beasts","floor":13.0,"turns":3.0},{"damage":24.0,"enemies":"Lagavulin","floor":14.0,"turns":5.0},{"damage":0.0,"enemies":"Slime Boss","floor":16.0,"turns":5.0},{"damage":5.0,"enemies":"Chosen","floor":18.0,"turns":3.0},{"damage":5.0,"enemies":"2 Thieves","floor":21.0,"turns":2.0},{"damage":30.0,"enemies":"Shelled Parasite and Fungi","floor":22.0,"turns":4.0},{"damage":11.0,"enemies":"Cultist and Chosen","floor":23.0,"turns":4.0},{"damage":26.0,"enemies":"Gremlin Leader","floor":25.0,"turns":5.0},{"damage":28.0,"enemies":"Slavers","floor":29.0,"turns":4.0},{"damage":0.0,"enemies":"Snecko","floor":31.0,"turns":3.0},{"damage":23,"enemies":"Automaton","floor":33,"turns":4}],"seed_played":"-2617341859853373637","potions_obtained":[{"floor":1.0,"key":"Elixir"},{"floor":5.0,"key":"Doom Potion"},{"floor":6.0,"key":"AttackPotion"},{"floor":23.0,"key":"Death Potion"},{"floor":31.0,"key":"SkillPotion"}],"is_trial":false,"path_per_floor":["M","$","?","?","M","E","R","M","T","R","$","?","M","E","R","B",null,"M","$","?","M","M","M","R","E","T","$","?","E","?","M","R","B"],"character_chosen":"THE_DEFAULT","items_purchased":["ReplayFunnel","theMarked:HeritageOfTheMarked","Membership Card"],"campfire_rested":2,"item_purchase_floors":[2,11,27],"current_hp_per_floor":[65,65,58,58,58,46,46,46,46,46,46,46,42,18,18,18,70,65,65,65,60,30,19,40,14,14,29,29,1,1,1,22,0,0],"gold":46,"neow_bonus":"HUNDRED_GOLD","is_daily":false,"chose_seed":false,"campfire_upgraded":3,"win_rate":0.0,"timestamp":1610398812,"path_taken":["M","?","?","?","M","E","R","M","T","R","$","?","M","E","R","BOSS","M","$","?","M","M","M","R","E","T","?","?","E","?","?","R","BOSS"],"items_purchased_type":["Relic","Card","Relic"],"build_version":"2020-12-22","purchased_purges":2,"victory":false,"max_hp_per_floor":[70,70,70,70,70,70,70,70,70,70,70,70,70,70,70,70,70,70,70,70,70,70,70,70,70,70,70,70,70,70,70,70,70,70],"card_choices":[{"not_picked":["theMarked:Frustration","theMarked:Aftermath"],"picked":"theMarked:LightningStrikesTwice","floor":1.0},{"not_picked":["theMarked:SelfDefenseTraining","theMarked:Frustration"],"picked":"theMarked:Snap","floor":5.0},{"not_picked":["theMarked:HeightenedSenses","theMarked:Frustration"],"picked":"theMarked:ElementalBlade","floor":6.0},{"not_picked":["theMarked:WastefulDefense","theMarked:EmpowerWeapon"],"picked":"theMarked:GodGivenPower","floor":8.0},{"not_picked":["theMarked:RepellingDischarge","theMarked:ParalyzingBlade"],"picked":"theMarked:BanishingStrike","floor":13.0},{"not_picked":["theMarked:ChainLightning","theMarked:Aftermath","theMarked:RepellingDischarge"],"picked":"SKIP","floor":14.0},{"not_picked":["theMarked:BindingBlade","theMarked:FavorableWinds"],"picked":"theMarked:EternalStudent","floor":16.0},{"not_picked":["theMarked:Frustration"],"picked":"SKIP","floor":18.0},{"not_picked":["theMarked:Indomitable"],"picked":"SKIP","floor":21.0},{"not_picked":["theMarked:Static"],"picked":"SKIP","floor":22.0},{"not_picked":["theMarked:ChainLightning"],"picked":"SKIP","floor":23.0},{"not_picked":["theMarked:DeterminationOfTheMarked"],"picked":"SKIP","floor":25.0},{"not_picked":[],"picked":"theMarked:DeterminationOfTheMarked","floor":25.0},{"not_picked":["theMarked:ChainLightning+1"],"picked":"SKIP","floor":29.0},{"not_picked":["theMarked:MaelstromOfLightning"],"picked":"SKIP","floor":31.0}],"player_experience":1506581,"relics_obtained":[{"floor":6.0,"key":"Vajra"},{"floor":9.0,"key":"Quantum Egg"},{"floor":14.0,"key":"Matryoshka"},{"floor":25.0,"key":"MealTicket"},{"floor":26.0,"key":"Omamori"},{"floor":26.0,"key":"Replay:Baseball"},{"floor":29.0,"key":"StrikeDummy"}],"event_choices":[{"cards_removed":["theMarked:Defend"],"damage_healed":0.0,"max_hp_gain":0.0,"max_hp_loss":0.0,"gold_gain":0.0,"event_name":"Golden Wing","player_choice":"Card Removal","floor":3.0,"gold_loss":0.0,"damage_taken":7.0},{"damage_healed":0.0,"max_hp_gain":0.0,"max_hp_loss":0.0,"gold_gain":0.0,"event_name":"Liars Game","player_choice":"Ignored","floor":12.0,"gold_loss":0.0,"damage_taken":0.0},{"damage_healed":0.0,"max_hp_gain":0.0,"max_hp_loss":0.0,"gold_gain":0.0,"event_name":"Upgrade Shrine","player_choice":"Upgraded","floor":20.0,"gold_loss":0.0,"damage_taken":0.0,"cards_upgraded":["theMarked:SoldierOfQuellstein"]},{"damage_healed":0.0,"max_hp_gain":0.0,"max_hp_loss":0.0,"gold_gain":0.0,"event_name":"Masked Bandits","player_choice":"Paid Fearfully","floor":28.0,"gold_loss":27.0,"damage_taken":0.0},{"damage_healed":0.0,"max_hp_gain":0.0,"max_hp_loss":0.0,"gold_gain":0.0,"event_name":"Forgotten Altar","player_choice":"Smashed Altar","floor":30.0,"gold_loss":0.0,"damage_taken":0.0,"cards_obtained":["Decay"]}],"is_beta":false,"boss_relics":[{"not_picked":["hubris:HollowSoul","Honey Jar"],"picked":"Busted Crown"}],"items_purged_floors":[19,27],"is_endless":false,"potions_floor_spawned":[1,5,6,14,18,23,31],"killed_by":"Automaton","ascension_level":0}}