{"host":"1kq2ingo3j45gyyp","time":1610407540,"event":{"mods":["BaseMod","Better Note","Better Third Choice","Downfall","Minty Spire (QoL Compilation)","StSLib","The Marked"],"gold_per_floor":[116,116,133,146,158,190,203,219,219,219,219,69,69,84,84,184,184,203,217,217,217,230,230,243,243,268,280,292,314,326,355,367,379,379],"floor_reached":33,"playtime":958,"items_purged":[],"score":251,"play_id":"c9034773-5299-40a9-8434-bcbd580013fe","local_time":"20210111182540","is_ascension_mode":false,"campfire_choices":[{"data":"theMarked:EmpowerWeapon","floor":10,"key":"SMITH"},{"data":"theMarked:RogueSparks","floor":15,"key":"SMITH"},{"floor":23,"key":"REST"},{"floor":25,"key":"REST"},{"floor":30,"key":"REST"},{"data":"theMarked:ParalyzingBlade","floor":32,"key":"SMITH"}],"circlet_count":0,"master_deck":["theMarked:Strike","theMarked:Strike","theMarked:Strike","theMarked:Defend","theMarked:Defend","theMarked:Defend","theMarked:Defend","theMarked:SoldierOfQuellstein+1","theMarked:LightningStrikesTwice","theMarked:EmpowerWeapon+1","theMarked:SwordAndMagic","theMarked:RogueSparks+1","theMarked:ParalyzingBlade+1"],"relics":["theMarked:BronzeBlade","Pantograph","Incense Burner","Bag of Marbles","MawBank","Matryoshka"],"acts_visited":["Exordium","TheCity"],"potions_floor_usage":[33,33],"damage_taken":[{"damage":1,"enemies":"Cultist","floor":1,"turns":3},{"damage":1,"enemies":"Jaw Worm","floor":3,"turns":3},{"damage":0,"enemies":"2 Louse","floor":4,"turns":2},{"damage":8,"enemies":"Red Slaver","floor":5,"turns":3},{"damage":22,"enemies":"Gremlin Nob","floor":6,"turns":4},{"damage":7,"enemies":"Exordium Wildlife","floor":7,"turns":2},{"damage":5,"enemies":"Exordium Thugs","floor":8,"turns":3},{"damage":4,"enemies":"Blue Slaver","floor":14,"turns":4},{"damage":3,"enemies":"The Guardian","floor":16,"turns":7},{"damage":2,"enemies":"Chosen","floor":18,"turns":3},{"damage":27,"enemies":"3 Byrds","floor":19,"turns":5},{"damage":16,"enemies":"3 Cultists","floor":22,"turns":4},{"damage":12,"enemies":"Snake Plant","floor":24,"turns":3},{"damage":19,"enemies":"Centurion and Healer","floor":29,"turns":4},{"damage":35,"enemies":"Shelled Parasite and Fungi","floor":31,"turns":4},{"damage":53,"enemies":"Automaton","floor":33,"turns":6}],"seed_played":"6891593645777666936","potions_obtained":[{"floor":1,"key":"Energy Potion"},{"floor":3,"key":"AttackPotion"},{"floor":4,"key":"Block Potion"},{"floor":29,"key":"Dexterity Potion"}],"is_trial":false,"path_per_floor":["M","?","M","M","M","E","M","M","T","R","?","$","?","M","R","B",null,"M","M","?","?","M","R","M","R","T","?","$","M","R","M","R","B"],"character_chosen":"THE_DEFAULT","items_purchased":["theMarked:RogueSparks","theMarked:ParalyzingBlade"],"campfire_rested":3,"item_purchase_floors":[12,12],"current_hp_per_floor":[69,69,68,68,60,38,31,26,26,26,26,26,26,22,22,44,70,68,41,41,41,25,46,34,55,55,55,55,36,57,22,22,0,0],"gold":379,"neow_bonus":"REMOVE_CARD","is_daily":false,"chose_seed":false,"campfire_upgraded":3,"win_rate":0.0,"timestamp":1610407540,"path_taken":["M","?","M","M","?","E","M","M","T","R","?","$","?","M","R","BOSS","M","M","?","?","M","R","?","R","T","?","$","M","R","M","R","BOSS"],"items_purchased_type":["Card","Card"],"build_version":"2020-12-22","purchased_purges":0,"victory":false,"max_hp_per_floor":[70,70,70,70,70,70,70,70,70,70,70,70,70,70,70,70,70,70,70,70,70,70,70,70,70,70,70,70,70,70,70,70,70,70],"card_choices":[{"not_picked":["theMarked:WardOff","theMarked:Polarize"],"picked":"theMarked:LightningStrikesTwice","floor":1},{"not_picked":["theMarked:AttractMetal","theMarked:Aftermath"],"picked":"theMarked:EmpowerWeapon","floor":3},{"not_picked":["theMarked:HeritageOfTheMarked","theMarked:Generate","theMarked:ChainLightning"],"picked":"SKIP","floor":4},{"not_picked":["theMarked:WastefulAttack","theMarked:EnhanceMovement","theMarked:HeightenedSenses"],"picked":"SKIP","floor":5},{"not_picked":["theMarked:MuscleMemory","theMarked:ContemptForTheProud"],"picked":"theMarked:SwordAndMagic","floor":6},{"not_picked":["theMarked:Parkour","theMarked:ElectricStrings","theMarked:ShockingTouch"],"picked":"SKIP","floor":7},{"not_picked":["theMarked:Aftermath","theMarked:Polarize","theMarked:Frustration"],"picked":"SKIP","floor":8},{"not_picked":["theMarked:RepellingDischarge","theMarked:Parkour","theMarked:Overthink"],"picked":"SKIP","floor":14},{"not_picked":["theMarked:WardOff","theMarked:ChainLightning","theMarked:Improvise"],"picked":"SKIP","floor":18},{"not_picked":["theMarked:ElectricStrings","theMarked:ElementalBlade","theMarked:WastefulDefense"],"picked":"SKIP","floor":19},{"not_picked":["theMarked:MuscleMemory","theMarked:WardOff","theMarked:WastefulAttack+1"],"picked":"SKIP","floor":22},{"not_picked":["theMarked:Opportunist","theMarked:ChainLightning+1","theMarked:ResourceFulStrike"],"picked":"SKIP","floor":24},{"not_picked":["theMarked:Frustration","theMarked:TwofoldDefense","theMarked:TakeCover"],"picked":"SKIP","floor":29},{"not_picked":["theMarked:CreepingChasm+1","theMarked:WastefulAttack+1","theMarked:HeightenedSenses"],"picked":"SKIP","floor":31}],"player_experience":859497,"relics_obtained":[{"floor":6,"key":"Pantograph"},{"floor":9,"key":"Incense Burner"},{"floor":26,"key":"MawBank"},{"floor":27,"key":"Matryoshka"}],"event_choices":[{"cards_removed":["theMarked:Strike"],"damage_healed":0,"gold_gain":0,"player_choice":"Offered Basic","damage_taken":0,"max_hp_gain":0,"max_hp_loss":0,"event_name":"Bonfire Elementals","floor":2,"gold_loss":0},{"damage_healed":0,"gold_gain":0,"player_choice":"Grow","damage_taken":0,"max_hp_gain":0,"max_hp_loss":0,"event_name":"Living Wall","floor":11,"gold_loss":0,"cards_upgraded":["theMarked:SoldierOfQuellstein"]},{"damage_healed":0,"gold_gain":0,"player_choice":"Searched \u00271\u0027 times","damage_taken":0,"max_hp_gain":0,"max_hp_loss":0,"event_name":"Dead Adventurer","floor":13,"gold_loss":0},{"damage_healed":0,"gold_gain":0,"player_choice":"Ignored","damage_taken":0,"max_hp_gain":0,"max_hp_loss":0,"event_name":"betterNote:BetterNote","floor":20,"gold_loss":0,"cards_obtained":["Blind"]},{"damage_healed":0,"gold_gain":0,"player_choice":"Gave Potion","damage_taken":0,"relics_obtained":["Bag of Marbles"],"max_hp_gain":0,"max_hp_loss":0,"event_name":"WeMeetAgain","floor":21,"gold_loss":0},{"damage_healed":0,"gold_gain":0,"player_choice":"Relic","damage_taken":0,"max_hp_gain":0,"max_hp_loss":0,"event_name":"Wheel of Change","floor":27,"gold_loss":0}],"is_beta":false,"boss_relics":[{"not_picked":["Runic Pyramid","SlaversCollar"],"picked":"theMarked:BronzeBlade"}],"items_purged_floors":[],"is_endless":false,"potions_floor_spawned":[1,3,4,7,18,29],"killed_by":"Automaton","ascension_level":0}}