{"host":"z9grmtg2w0nmz8n1","time":1610342269,"event":{"mods":["Aspiration","Bard","BaseMod","Beaked The Cultist","Better Altar","Better Match","Better Note","Better Sensory Stone","Better Skull","Better Third Choice","BetterRewards","CCEM","Colored Map","Conspire","Downfall","GifTheSpireLib","Googly Eyes","Halation","Hermit","Highlight Path","Hubris","Hunter ??","Jedi Mod","Jorbs\u0027s Wanderer Trilogy","Mad Scientist","Marisa????????","Minty Spire (QoL Compilation)","Permanent Neow","Replay The Spire","Shade Mod","Shop Mod","Spicy Shops","StSLib","Stuff the Spire","The Bug Knight","The Construct","The Necromancer","The Runesmith","The Witch"],"gold_per_floor":[115,115,115,135,62,62,94,94,94,125,125,145,70,70,70,172,172,184,198,217,217,235,235,235],"floor_reached":23,"playtime":956,"items_purged":["Strike_G"],"score":209,"play_id":"36a018f0-a196-43fa-9dad-c3fb27d31132","local_time":"20210111031749","is_ascension_mode":true,"campfire_choices":[{"floor":6,"key":"RECALL"},{"floor":11,"key":"REST"},{"data":"Noxious Fumes","floor":15,"key":"SMITH"}],"circlet_count":0,"master_deck":["Strike_G","Strike_G","Defend_G+1","Defend_G","Defend_G","Defend_G","Defend_G","Survivor+1","Neutralize","Deadly Poison","Poisoned Stab","Noxious Fumes+1","Slice","ReplayTheSpireMod:Speed Training+1","Poisoned Stab","Corpse Explosion","Cloak And Dagger+1"],"relics":["Ring of the Snake","halation:PinkSoulGem","Vajra","halation:PrussianBluePaint","Black Star"],"acts_visited":["Exordium","TheCity"],"potions_floor_usage":[16,18,19,22,23,23],"damage_taken":[{"damage":0,"enemies":"Jaw Worm","floor":1,"turns":4},{"damage":3,"enemies":"Small Slimes","floor":4,"turns":5},{"damage":15,"enemies":"3 Sentries","floor":7,"turns":9},{"damage":11,"enemies":"Gremlin Nob","floor":10,"turns":3},{"damage":0,"enemies":"2 Louse","floor":12,"turns":3},{"damage":18,"enemies":"Fading Forest","floor":16,"turns":11},{"damage":27,"enemies":"3 Byrds","floor":18,"turns":4},{"damage":8,"enemies":"Chosen","floor":19,"turns":5},{"damage":11,"enemies":"Centurion and Healer","floor":20,"turns":4},{"damage":5,"enemies":"3 Cultists","floor":22,"turns":3},{"damage":31,"enemies":"Book of Stabbing","floor":23,"turns":6}],"seed_played":"7215790882342511858","potions_obtained":[{"floor":7,"key":"SpeedPotion"},{"floor":10,"key":"LifebloodPotion"},{"floor":12,"key":"ColorlessPotion"},{"floor":16,"key":"SkillPotion"},{"floor":18,"key":"Slimebound:ThreeZeroPotion"},{"floor":19,"key":"BlessingOfTheForge"}],"is_trial":false,"path_per_floor":["M","?","?","M","$","R","E","?","T","E","R","M","$","$","R","B",null,"M","M","M","?","M","E"],"character_chosen":"THE_SILENT","items_purchased":["Noxious Fumes"],"campfire_rested":1,"item_purchase_floors":[5],"current_hp_per_floor":[70,70,56,53,53,53,38,38,38,27,48,48,48,48,48,40,70,43,35,24,24,19,0,0],"gold":235,"neow_bonus":"RANDOM_EVENT","is_daily":false,"chose_seed":false,"campfire_upgraded":1,"win_rate":0.0,"timestamp":1610342269,"path_taken":["M","?","?","?","$","R","E","?","T","E","R","M","?","$","R","BOSS","M","M","?","?","M","E"],"items_purchased_type":["Card"],"build_version":"2020-12-22","purchased_purges":1,"victory":false,"max_hp_per_floor":[70,70,70,70,70,70,70,70,70,70,70,70,70,70,70,70,70,70,70,70,70,70,70,70],"card_choices":[{"not_picked":["Acrobatics","Outmaneuver"],"picked":"Deadly Poison","floor":1},{"not_picked":["Deadly Poison","PiercingWail"],"picked":"Poisoned Stab","floor":4},{"not_picked":["Backflip","Venomology"],"picked":"Slice","floor":7},{"not_picked":["Accuracy","Sneak Up","ReplayTheSpireMod:The Works"],"picked":"SKIP","floor":10},{"not_picked":["Expertise","Prepared"],"picked":"Poisoned Stab","floor":12},{"not_picked":["jedi:studyshivs","Night Terror"],"picked":"Corpse Explosion","floor":16},{"not_picked":["Quick Slash","Outmaneuver+1","Deflect"],"picked":"SKIP","floor":18},{"not_picked":["StuffTheSpire:Injection","StuffTheSpire:Python","Riddle With Holes"],"picked":"SKIP","floor":19},{"not_picked":["Sucker Punch","Quick Slash","conspire:PoisonWeapons+1"],"picked":"SKIP","floor":20},{"not_picked":["Phantasmal Killer","Deflect+1"],"picked":"Cloak And Dagger+1","floor":22}],"player_experience":835565,"relics_obtained":[{"floor":7,"key":"Vajra"},{"floor":10,"key":"halation:PrussianBluePaint"}],"event_choices":[{"damage_healed":70,"gold_gain":0,"player_choice":"Upgrade","damage_taken":14,"max_hp_gain":0,"max_hp_loss":70,"event_name":"betterThird:BetterShining","floor":3,"gold_loss":0,"cards_upgraded":["Survivor","Defend_G"]},{"cards_removed":["Strike_G"],"damage_healed":0,"gold_gain":0,"player_choice":"Give","damage_taken":0,"max_hp_gain":0,"max_hp_loss":0,"event_name":"betterNote:BetterNote","floor":21,"gold_loss":0,"cards_obtained":["Hallucinations"]}],"is_beta":false,"boss_relics":[{"not_picked":["Replay:Ancient Bell","construct:ClawGrip"],"picked":"Black Star"}],"items_purged_floors":[13],"is_endless":false,"potions_floor_spawned":[7,10,12,16,18,19],"killed_by":"Book of Stabbing","ascension_level":1}}