{"host":"s794kqxf2n1qz2yr","time":1610326760,"event":{"mods":["100% Spire Juice","2.2 Compatiblity","AchievementEnabler","Aspiration","BaseMod","ChefMod","Downfall","Friendly Minions","Hermit","Minty Spire (QoL Compilation)","Permanent Neow","StSLib","The Animator"],"gold_per_floor":[111,111,126,201,211,211,246,266,266,297,318,333,333,608,608,713,713,733,733,760,760,760],"floor_reached":21,"playtime":1372,"items_purged":[],"score":208,"play_id":"2863e153-4ce4-4847-af13-9fedf50b9403","local_time":"20210111005920","is_ascension_mode":true,"campfire_choices":[{"data":"hermit:FromBeyond","floor":6,"key":"SMITH"},{"data":"hermit:Quickdraw","floor":13,"key":"SMITH"},{"floor":15,"key":"REST"}],"circlet_count":0,"master_deck":["hermit:Strike_Hermit","hermit:Strike_Hermit","hermit:Strike_Hermit","hermit:Strike_Hermit","hermit:Defend_Hermit","hermit:Defend_Hermit","hermit:Defend_Hermit","hermit:Defend_Hermit","hermit:Snapshot","hermit:Covet","hermit:FromBeyond+1","hermit:BodyArmor","Regret","hermit:Scavenge","hermit:ShadowCloak","hermit:Quickdraw+1","Regret","hermit:Adapt","hermit:FlashPowder"],"relics":["hermit:Momento","Meat on the Bone","Tiny Chest","Mummified Hand","Juzu Bracelet","Velvet Choker","Red Mask"],"acts_visited":["Exordium","TheCity"],"potions_floor_usage":[10,11,11,12,20],"damage_taken":[{"damage":3,"enemies":"Jaw Worm","floor":1,"turns":4},{"damage":0,"enemies":"Small Slimes","floor":3,"turns":4},{"damage":0,"enemies":"Cultist","floor":5,"turns":3},{"damage":33,"enemies":"Gremlin Nob","floor":7,"turns":5},{"damage":2,"enemies":"Looter","floor":8,"turns":4},{"damage":7,"enemies":"Lagavulin","floor":10,"turns":9},{"damage":3,"enemies":"Exordium Thugs","floor":11,"turns":5},{"damage":0,"enemies":"Large Slime","floor":12,"turns":7},{"damage":15,"enemies":"The Guardian","floor":16,"turns":14},{"damage":30,"enemies":"3 Byrds","floor":18,"turns":7},{"damage":43,"enemies":"Masked Bandits","floor":20,"turns":6},{"damage":18,"enemies":"Chosen","floor":21,"turns":4}],"seed_played":"-6445807646366545903","potions_obtained":[{"floor":3,"key":"PowerPotion"},{"floor":8,"key":"Ancient Potion"},{"floor":10,"key":"Explosive Potion"},{"floor":11,"key":"Weak Potion"},{"floor":16,"key":"Strength Potion"}],"is_trial":false,"path_per_floor":["M","?","M","?","M","R","E","M","T","E","M","M","R","?","R","B",null,"M","?","?","M"],"character_chosen":"HERMIT","items_purchased":[],"campfire_rested":1,"item_purchase_floors":[],"current_hp_per_floor":[72,72,72,61,61,61,40,38,38,43,40,40,40,40,62,47,75,45,45,14,0,0],"gold":760,"neow_bonus":"ONE_RANDOM_RARE_CARD","is_daily":false,"chose_seed":false,"campfire_upgraded":2,"win_rate":0.0,"timestamp":1610326760,"path_taken":["M","?","M","?","?","R","E","M","T","E","M","M","R","?","R","BOSS","M","?","?","M"],"items_purchased_type":[],"build_version":"2020-12-22","purchased_purges":0,"victory":false,"max_hp_per_floor":[75,75,75,75,75,75,75,75,75,75,75,75,75,75,75,75,75,75,75,75,75,75],"card_choices":[{"not_picked":["hermit:Roulette","hermit:FullyLoaded"],"picked":"hermit:BodyArmor","floor":1},{"not_picked":["hermit:BigShot","hermit:Maintenance"],"picked":"hermit:Scavenge","floor":3},{"not_picked":["hermit:Coalescence","hermit:FullyLoaded","hermit:ItchyTrigger"],"picked":"SKIP","floor":5},{"not_picked":["hermit:Snipe","hermit:HeroicBravado"],"picked":"hermit:ShadowCloak","floor":7},{"not_picked":["hermit:DeadMansHand","hermit:TrackingShot","hermit:Roulette"],"picked":"SKIP","floor":8},{"not_picked":["hermit:Coalescence","hermit:Misfire","hermit:Vantage"],"picked":"SKIP","floor":10},{"not_picked":["hermit:SprayPray","hermit:Combo","hermit:Ricochet"],"picked":"SKIP","floor":11},{"not_picked":["hermit:WideOpen","hermit:BodyArmor"],"picked":"hermit:Quickdraw","floor":12},{"not_picked":["hermit:HighNoon","hermit:Gambit"],"picked":"hermit:Adapt","floor":16},{"not_picked":["hermit:Feint","hermit:Manifest+1","hermit:Brawl+1"],"picked":"SKIP","floor":18}],"player_experience":335467,"relics_obtained":[{"floor":7,"key":"Tiny Chest"},{"floor":9,"key":"Mummified Hand"},{"floor":10,"key":"Juzu Bracelet"},{"floor":20,"key":"Red Mask"}],"event_choices":[{"damage_healed":0,"gold_gain":0,"player_choice":"Box","damage_taken":0,"relics_obtained":["Meat on the Bone"],"max_hp_gain":0,"max_hp_loss":0,"event_name":"Big Fish","floor":2,"gold_loss":0,"cards_obtained":["Regret"]},{"damage_healed":0,"gold_gain":75,"player_choice":"Gather Gold","damage_taken":11,"max_hp_gain":0,"max_hp_loss":0,"event_name":"World of Goop","floor":4,"gold_loss":0},{"damage_healed":0,"gold_gain":275,"player_choice":"Desecrate","damage_taken":0,"max_hp_gain":0,"max_hp_loss":0,"event_name":"Golden Shrine","floor":14,"gold_loss":0,"cards_obtained":["Regret"]},{"damage_healed":0,"gold_gain":0,"player_choice":"Read","damage_taken":0,"max_hp_gain":0,"max_hp_loss":0,"event_name":"The Library","floor":19,"gold_loss":0,"cards_obtained":["hermit:FlashPowder"]},{"damage_healed":0,"gold_gain":0,"player_choice":"Fought Bandits","damage_taken":0,"max_hp_gain":0,"max_hp_loss":0,"event_name":"Masked Bandits","floor":20,"gold_loss":0}],"is_beta":false,"boss_relics":[{"not_picked":["SacredBark","aspiration:IroncladSkillbook"],"picked":"Velvet Choker"}],"items_purged_floors":[],"is_endless":false,"potions_floor_spawned":[3,8,10,11,16],"killed_by":"Chosen","ascension_level":2}}