{"host":"ELF","time":1610348932,"event":{"mods":["BaseMod","Minty Spire (QoL Compilation)"],"gold_per_floor":[112,56,131,56,56,100,126,138,150,162,154,166,178,178],"floor_reached":13,"playtime":703,"items_purged":[],"score":203,"play_id":"4027f8b7-8623-4d99-8194-1b557db6c4e8","local_time":"20210111010852","is_ascension_mode":true,"campfire_choices":[{"data":"Coolheaded","floor":8,"key":"SMITH"},{"data":"Zap","floor":10,"key":"SMITH"},{"data":"Redo","floor":12,"key":"SMITH"}],"circlet_count":0,"master_deck":["AscendersBane","Strike_B","Strike_B","Strike_B","Defend_B","Defend_B","Defend_B","Defend_B","Zap+1","Dualcast","Redo+1","Coolheaded+1","Fusion+1","Steam+1"],"relics":["Cracked Core","NeowsBlessing","MawBank","Toxic Egg 2","Letter Opener"],"acts_visited":["Exordium"],"potions_floor_usage":[13],"damage_taken":[{"damage":0,"enemies":"Jaw Worm","floor":1,"turns":1},{"damage":0,"enemies":"Lagavulin","floor":6,"turns":1},{"damage":0,"enemies":"2 Louse","floor":7,"turns":1},{"damage":109,"enemies":"Gremlin Nob","floor":13,"turns":4}],"seed_played":"-5186429288623146246","potions_obtained":[{"floor":6,"key":"GamblersBrew"},{"floor":7,"key":"LiquidBronze"},{"floor":11,"key":"Dexterity Potion"}],"is_trial":false,"path_per_floor":["M","$","?","?","T","E","M","R","T","R","?","R","E"],"character_chosen":"DEFECT","items_purchased":["Coolheaded"],"campfire_rested":0,"item_purchase_floors":[2],"current_hp_per_floor":[64,64,53,53,53,53,53,53,53,53,53,53,0,0],"gold":178,"neow_bonus":"THREE_ENEMY_KILL","is_daily":false,"chose_seed":false,"campfire_upgraded":3,"win_rate":0.0,"timestamp":1610348932,"path_taken":["M","$","?","?","?","E","M","R","T","R","?","R","E"],"items_purchased_type":["Card"],"build_version":"2020-12-18","purchased_purges":0,"victory":false,"max_hp_per_floor":[71,71,71,71,71,71,71,71,71,71,71,71,71,71],"card_choices":[{"not_picked":["Sweeping Beam","Barrage"],"picked":"Redo","floor":1},{"not_picked":["Chill+1","Tempest+1"],"picked":"Fusion+1","floor":6},{"not_picked":["Stack+1","Steam Power+1"],"picked":"Steam+1","floor":7}],"player_experience":3172348,"relics_obtained":[{"floor":5,"key":"MawBank"},{"floor":6,"key":"Toxic Egg 2"},{"floor":9,"key":"Letter Opener"}],"event_choices":[{"damage_healed":0,"gold_gain":75,"player_choice":"Gather Gold","damage_taken":11,"max_hp_gain":0,"max_hp_loss":0,"event_name":"World of Goop","floor":3,"gold_loss":0},{"cards_removed":["Strike_B"],"damage_healed":0,"gold_gain":0,"player_choice":"Card Removal","damage_taken":0,"max_hp_gain":0,"max_hp_loss":0,"event_name":"The Cleric","floor":4,"gold_loss":75},{"damage_healed":0,"gold_gain":0,"player_choice":"Bought 1 Potion","damage_taken":0,"max_hp_gain":0,"max_hp_loss":0,"event_name":"The Woman in Blue","floor":11,"gold_loss":0}],"is_beta":true,"boss_relics":[],"items_purged_floors":[],"is_endless":false,"potions_floor_spawned":[6,7],"killed_by":"Gremlin Nob","ascension_level":19}}