{"host":"w5vfr18i2ft1pzo2","time":1610386340,"event":{"mods":["AchievementEnabler","Act Like it!","Aspiration","BaseMod","Better Third Choice","BetterRewards","Colored Map","Colored Powertips","Conspire","Curses Come First","DNKmod","Defuse TimeMaze Blight","Dota2Spire","Elementarium","Energized Spire","Evolution","Force Act Four","Fox Events","Friendly Minions","Gensokyo","GifTheSpireLib","Gold Saver","GungeonMod","Halation","Hallownest","Hubris","Hyrulean Relics","Infinite Spire","Jedi Mod","Marisa????????","Minty Spire (QoL Compilation)","MostiFishMod","Poor People Problems","Prisma Mod","Remilia??????","Replay The Spire","SacredBarkPlus","Small Relic Pack","Spicy Shops","Spikes Relics","StSLib","Stuff the Spire","SuperFastMode","Synergy Search","The Animator","The Blue Laboratory","The Servant 0.9.4","Trackpad","Treasure Hunter","Uncapped","Wandering Minibosses","Yakumo Yukari mod","noobMod","vexMod","??????REMEMod"],"gold_per_floor":[131,161,161,178,50,88,88,104,104,139,139,153,167,203,203,297,297,318,334,334,334,382,415,433,466,466,395,410,447,461,483,483,567,567,577,577,577,600,600,600,600,600,600,615,345,358,358,148,148,152,152,152,764,832,891,964,964,134,241,331,362,99,219,300,299,70,203,203,239],"floor_reached":70,"playtime":4566,"items_purged":["animator:Defend","animator:Strike"],"score":2780,"play_id":"324ad66f-4cbd-4ad7-b114-ce840aeb440a","local_time":"20210112013220","is_ascension_mode":true,"campfire_choices":[{"floor":7,"key":"RECALL"},{"data":"animator:ItamiYouji","floor":11,"key":"SMITH"},{"data":"animator:Shuna","floor":15,"key":"SMITH"},{"data":"animator:Verdia","floor":32,"key":"SMITH"},{"data":"animator:Verdia","floor":42,"key":"SMITH"},{"data":"animator:Hibiki","floor":49,"key":"SMITH"},{"data":"animator:Verdia","floor":52,"key":"SMITH"},{"data":"animator:SilverFang","floor":68,"key":"SMITH"}],"circlet_count":0,"master_deck":["AscendersBane","animator:Strike_Konosuba+1","animator:Defend_Konosuba+1","animator:Strike+1","animator:Strike+1","animator:Defend+1","animator:Defend+1","animator:Aqua+1","animator:Verdia+1","Violence+1","animator:Verdia+1","animator:FielNirvalen+1","animator:Megumin+12","animator:Kazuma+1","animator:Chris+1","animator:ItamiYouji+1","TH:DeckOfManyThings+1","animator:Ara+1","animator:Shuna+1","animator:Verdia+1","animator:Verdia+1","animator:Ainz+1","animator:Hakurou+1","animator:Darkness+1","animator:YunYun+1","animator:Aqua+1","animator:Chris+1","Gensokyo:Taser","animator:Mitsurugi+1","animator:Vanir+1","animator:Boros+1","animator:Aqua+1","animator:Kazuma+1","animator:Kazuma+1","animator:Kazuma+1","animator:Hibiki+1","animator:Darkness+1","animator:Mitsurugi+1","animator:Kazuma+1","animator:Kazuma+1","animator:Vanir+1","animator:MaesHughes+1","TH:DeckOfManyThings+1","animator:Ara+1","animator:SilverFang+1","animator:Kaijin+1"],"relics":["animator:TheWolleyCore","animator:LivingPicture","animator:TheMissingPiece","animator:AncientMedallion"],"acts_visited":["Gensokyo:Gensokyo","Gensokyo:Gensokyoer","Gensokyo:Gensokyoest","TheEnding","EYB:TheUnnamedReign"],"potions_floor_usage":[],"damage_taken":[{"damage":0.0,"enemies":"Gensokyo:Gryphon","floor":1.0,"turns":3.0},{"damage":0.0,"enemies":"Gensokyo:3_Fairies","floor":2.0,"turns":3.0},{"damage":0,"enemies":"Gensokyo:Python","floor":4,"turns":2},{"damage":0,"enemies":"Gensokyo:Aya","floor":6,"turns":4},{"damage":0,"enemies":"Gensokyo:VengefulSpirit","floor":8,"turns":2},{"damage":0,"enemies":"Gensokyo:Cirno","floor":10,"turns":5},{"damage":0,"enemies":"Gensokyo:3_Kodama","floor":12,"turns":1},{"damage":0,"enemies":"Gensokyo:5_Fairies","floor":13,"turns":2},{"damage":0,"enemies":"Gensokyo:Aya","floor":14,"turns":3},{"damage":0,"enemies":"Gensokyo:Kokoro","floor":16,"turns":6},{"damage":0,"enemies":"Gensokyo:AngelMirror","floor":18,"turns":1},{"damage":0,"enemies":"Gensokyo:3_Dogs","floor":19,"turns":2},{"damage":0,"enemies":"Gensokyo:Slime_Group","floor":22,"turns":2},{"damage":0,"enemies":"Gensokyo:Reisen","floor":23,"turns":1},{"damage":0,"enemies":"Gensokyo:3_Gloops","floor":24,"turns":2},{"damage":0,"enemies":"Gensokyo:Koishi","floor":25,"turns":1},{"damage":0,"enemies":"Gensokyo:Monolith_and_Dog","floor":28,"turns":1},{"damage":0,"enemies":"Gensokyo:Reisen","floor":29,"turns":2},{"damage":0,"enemies":"Gensokyo:Swordslinger","floor":30,"turns":2},{"damage":0,"enemies":"Gensokyo:Wraith","floor":31,"turns":2},{"damage":0,"enemies":"Gensokyo:Eiki","floor":33,"turns":1},{"damage":0,"enemies":"Gensokyo:AncientGuardian","floor":35,"turns":1},{"damage":0,"enemies":"Gensokyo:3_Bats","floor":44,"turns":1},{"damage":0,"enemies":"Gensokyo:SeedOfUnknown","floor":46,"turns":2},{"damage":0,"enemies":"Gensokyo:Scarlet_Devils","floor":50,"turns":2},{"damage":12,"enemies":"animator:TRIPLE_SHAPES_WEAK","floor":54,"turns":7},{"damage":0,"enemies":"animator:UNNAMED_HAT","floor":55,"turns":7},{"damage":0,"enemies":"animator:TRIPLE_LAGAVULIN","floor":59,"turns":6},{"damage":8,"enemies":"animator:LARGE_CRYSTAL","floor":60,"turns":3},{"damage":0,"enemies":"conspire:MimicChest","floor":61,"turns":3},{"damage":0,"enemies":"animator:ULTIMATE_CUBE","floor":63,"turns":6},{"damage":6,"enemies":"animator:ULTIMATE_WISP","floor":67,"turns":5}],"seed_played":"8371478821374161893","potions_obtained":[{"floor":1.0,"key":"Weak Potion"},{"floor":8,"key":"Milkshake"},{"floor":14,"key":"Elixir"},{"floor":46,"key":"PowerPotion"},{"floor":54,"key":"animator:FalseLifePotion"},{"floor":55,"key":"animator:FalseLifePotion"}],"is_trial":false,"path_per_floor":["M","M","?","M","$","E","R","M","T","E","R","M","M","E","R","B",null,"M","M","?","?","M","E","M","E","T","COS","M","E","M","M","R","B",null,"M","?","?","T","?","?","?","R","T","M","$","M","?","$","R","B",null,"R","??","M","M","T","?","$","M","M","?","$","E","T","?","$","E","R","B",null],"character_chosen":"THE_ANIMATOR","items_purchased":["animator:Kazuma","BargainBundle","Question Card","StuffTheSpire:Experiment12","animator:Hibiki","animator:Darkness","animator:Mitsurugi","DemoMod:BlueGuonStone","animator:Kazuma","aspiration:Nostalgia","animator:AncientMedallion","animator:AncientMedallion","animator:AncientMedallion","animator:AncientMedallion","animator:Ara","animator:SilverFang","animator:Kaijin"],"campfire_rested":0,"item_purchase_floors":[5,45,45,45,45,45,45,45,48,48,58,58,58,62,66,66,66],"current_hp_per_floor":[56,58,58,61,61,61,61,61,61,61,61,61,61,61,61,62,62,64,70,35,35,44,56,69,85,85,85,105,130,152,177,177,203,211,234,234,234,234,234,234,234,234,234,263,263,290,290,290,290,318,318,318,80,68,74,74,74,74,80,76,80,80,80,80,80,80,80,80,80],"gold":239,"neow_bonus":"THREE_CARDS","is_daily":false,"chose_seed":false,"campfire_upgraded":7,"win_rate":0.0,"timestamp":1610386340,"path_taken":["M","M","?","M","?","E","R","?","T","E","R","M","M","E","R","BOSS","M","?","?","?","M","E","?","E","T","COS","M","E","M","M","R","BOSS","M","?","?","?","?","?","?","R","T","M","$","M","?","?","R","BOSS","R","??","M","M","T","?","$","M","M","?","$","E","T","?","$","E","R","BOSS"],"items_purchased_type":["Card","Relic","Relic","Relic","Card","Card","Card","Relic","Card","Relic","Relic","Relic","Relic","Relic","Card","Card","Card"],"build_version":"2020-12-22","purchased_purges":2,"victory":true,"max_hp_per_floor":[60,60,60,61,61,61,61,61,61,61,61,61,61,61,61,62,62,64,70,70,70,77,87,100,114,114,114,132,151,171,192,192,214,214,237,237,237,237,237,237,237,237,237,263,263,290,290,290,290,318,318,318,80,80,80,80,80,80,80,80,80,80,80,80,80,80,80,80,80],"card_choices":[{"not_picked":["animator:Witch","animator:Kazuma"],"picked":"animator:Verdia","floor":0.0},{"not_picked":["animator:SilverFang","animator:Caster"],"picked":"animator:Verdia","floor":1.0},{"not_picked":["animator:SwordMaiden","animator:DolaCouronne","animator:Souei","animator:Ain"],"picked":"animator:FielNirvalen","floor":2},{"not_picked":["animator:GazelDwargon","animator:NagisaMomoe","animator:Ara","animator:Ciel"],"picked":"animator:Megumin","floor":4},{"not_picked":["animator:Verdia","animator:Kazuma","animator:YunYun","animator:Mitsurugi"],"picked":"animator:Chris","floor":6},{"not_picked":["animator:Mitsurugi","animator:Shuna","animator:MumenRider","animator:Chung"],"picked":"animator:ItamiYouji","floor":6},{"not_picked":["animator:Priestess","animator:Illya","animator:Shichika","animator:Azekura","animator:Jibril"],"picked":"SKIP","floor":8},{"not_picked":["TH:CopperCoins","TH:ElvenBoots","TH:Mimic"],"picked":"TH:DeckOfManyThings","floor":9},{"not_picked":["animator:Ciel","animator:Sebas","animator:LeleiLaLalena","animator:Tet"],"picked":"animator:Ara","floor":10},{"not_picked":["TH:ArmorSpikes","TH:CopperCoins","TH:CursedSword","TH:PixieDust"],"picked":"SKIP","floor":10},{"not_picked":["TH:ArmorSpikes","TH:CopperCoins","TH:CursedSword","TH:PixieDust"],"picked":"SKIP","floor":10},{"not_picked":["animator:ElricAlphonse","animator:Boros","animator:CrowleyEusford","animator:Cocytus"],"picked":"animator:Shuna","floor":12},{"not_picked":["animator:Kazuma","animator:Aqua","animator:Mitsurugi","animator:Vanir"],"picked":"animator:Verdia","floor":13},{"not_picked":["animator:UneriGinkaku","animator:Ara","animator:Lancer","animator:Mikaela"],"picked":"animator:Verdia","floor":14},{"not_picked":["TH:ElvenBoots","TH:CursedSword","TH:ArmorSpikes","TH:DeckOfManyThings"],"picked":"SKIP","floor":14},{"not_picked":["animator:HigakiRinne","animator:PinaCoLada","animator:MadokaKaname","animator:FeridBathory"],"picked":"animator:Ainz","floor":16},{"not_picked":["animator:Shigure","animator:Sebas","animator:RoryMercury","animator:Shion"],"picked":"animator:Hakurou","floor":18},{"not_picked":["animator:LizardPriest","animator:Alexander","animator:OrikoMikuni","animator:MumenRider"],"picked":"animator:Darkness","floor":19},{"not_picked":["animator:Kazuma","animator:Darkness","animator:Chris","animator:Megumin"],"picked":"animator:YunYun","floor":22},{"not_picked":["TH:CursedSword","TH:BikiniMail","TH:DeckOfManyThings","TH:ArmorSpikes"],"picked":"SKIP","floor":23},{"not_picked":["animator:Shichika","animator:Millim","animator:YuiTsuruno","animator:SuzuneAmano","animator:HiiragiShinya+1"],"picked":"SKIP","floor":23},{"not_picked":["TH:CursedSword","TH:BikiniMail","TH:DeckOfManyThings","TH:ArmorSpikes"],"picked":"SKIP","floor":23},{"not_picked":["animator:Shichika","animator:Millim","animator:YuiTsuruno","animator:SuzuneAmano","animator:HiiragiShinya+1"],"picked":"SKIP","floor":23},{"not_picked":["animator:Shuna","animator:Konayuki+1","animator:Yoichi","animator:Emonzaemon"],"picked":"animator:Aqua","floor":24},{"not_picked":["animator:Gilgamesh","animator:Hitei","animator:ShinjiMatou","animator:Hakurou"],"picked":"animator:Chris","floor":25},{"not_picked":["TH:EnergyPotion","TH:CursedSword","TH:PixieDust","TH:TreasureMap"],"picked":"SKIP","floor":25},{"not_picked":["TH:EnergyPotion","TH:CursedSword","TH:PixieDust","TH:TreasureMap"],"picked":"SKIP","floor":25},{"not_picked":["TH:BikiniMail","TH:PixieDust","TH:CursedSword","TH:ElvenBoots"],"picked":"SKIP","floor":26},{"not_picked":["animator:Megumin","animator:Kazuma","animator:YunYun","animator:Darkness"],"picked":"animator:Mitsurugi","floor":28},{"not_picked":["TH:DeckOfManyThings","TH:TreasureMap","TH:CursedSword","TH:Mimic"],"picked":"SKIP","floor":29},{"not_picked":["animator:LeleiLaLalena","animator:AcuraShin","animator:Hakurou","animator:DolaCouronne","animator:DolaRiku"],"picked":"SKIP","floor":29},{"not_picked":["animator:Elsword","animator:Alexander","animator:KrulTepes","animator:HighElfArcher","animator:Kaijin"],"picked":"SKIP","floor":30},{"not_picked":["animator:DolaRiku","animator:Raven","animator:Add+1","animator:Togame"],"picked":"animator:Vanir","floor":31},{"not_picked":["animator:SwordMaiden","animator:Sora","animator:Envy","animator:ChaikaTrabant"],"picked":"animator:Boros","floor":33},{"not_picked":["animator:Darkness","animator:Vanir","animator:Chris","animator:Kazuma"],"picked":"animator:Aqua","floor":35},{"not_picked":["TH:ElvenBoots","TH:ArmorSpikes","TH:PixieDust","TH:Mimic"],"picked":"SKIP","floor":38},{"not_picked":["TH:CursedSword","TH:PixieDust","TH:TreasureMap","TH:Mimic"],"picked":"SKIP","floor":43},{"not_picked":["animator:ChlammyZell","animator:TukaLunaMarceau","animator:Kyubey","animator:EmiyaShirou+1"],"picked":"animator:Kazuma","floor":44},{"not_picked":["animator:LizardPriest","animator:Benimaru","animator:Sebas","animator:SuzuneAmano","animator:Priestess","animator:DolaRiku+1"],"picked":"SKIP","floor":46},{"not_picked":["animator:CowGirl","animator:Demiurge","animator:MetalKnight"],"picked":"SKIP","floor":54},{"not_picked":["animator:Chris","animator:Mitsurugi"],"picked":"animator:Kazuma","floor":55},{"not_picked":["TH:TreasureMap","TH:CopperCoins"],"picked":"SKIP","floor":56},{"not_picked":["animator:Add","animator:YuiTsuruno","animator:LeleiLaLalena"],"picked":"SKIP","floor":59},{"not_picked":["animator:PandorasActor","animator:KyokoSakura"],"picked":"animator:Vanir","floor":60},{"not_picked":["animator:Laby","animator:Mitsurugi+1"],"picked":"animator:MaesHughes","floor":61},{"not_picked":["TH:CopperCoins","TH:CursedSword"],"picked":"SKIP","floor":63},{"not_picked":["animator:CowGirl","animator:GuildGirl","animator:Shigure+1"],"picked":"SKIP","floor":63},{"not_picked":["TH:CursedSword","TH:DeckOfManyThings"],"picked":"SKIP","floor":64},{"not_picked":["TH:CursedSword"],"picked":"TH:DeckOfManyThings","floor":64},{"not_picked":["animator:GuildGirl","animator:DolaCouronne","animator:ChlammyZell"],"picked":"SKIP","floor":67}],"player_experience":431987,"relics_obtained":[{"floor":1.0,"key":"SynthV:TestCard"},{"floor":6,"key":"aspiration:FetidBarrel"},{"floor":14,"key":"Civilization"},{"floor":23,"key":"StuffTheSpire:SapphireSignet"},{"floor":25,"key":"Juzu Bracelet"},{"floor":29,"key":"Red Skull"},{"floor":38,"key":"StuffTheSpire:Mouthbags"},{"floor":43,"key":"infinitespire:FocusingShard"},{"floor":53,"key":"animator:TheWolleyCore"},{"floor":56,"key":"animator:AncientMedallion"},{"floor":59,"key":"wanderingMiniBosses:OtherGremlinHorn"},{"floor":61,"key":"animator:AncientMedallion"},{"floor":63,"key":"animator:AncientMedallion"},{"floor":64,"key":"animator:AncientMedallion"},{"floor":65,"key":"animator:AncientMedallion"},{"floor":67,"key":"animator:AncientMedallion"}],"event_choices":[],"is_beta":false,"boss_relics":[{"not_picked":["energizedSpire:NeverEndingSparkler","Honey Jar"],"picked":"Dota2Spire:Bloodstone"},{"not_picked":["Kintsugi","Replay:Grab Bag"],"picked":"Sandwich"}],"items_purged_floors":[5,45],"is_endless":false,"potions_floor_spawned":[1,8,14,18,24,31,33,46,54,59,60],"ascension_level":18}}