{"host":"2js2pxuugveqjuf7","time":1610399604,"event":{"mods":["BaseMod","Minty Spire (QoL Compilation)","Relic Stats","StSLib"],"gold_per_floor":[117,117,117,134,59,86,103,103,126,141,141,158,158,186,186,285,285,303,320,16,36,48,81,81,81,81],"floor_reached":25,"playtime":2402,"items_purged":["Normality"],"score":396,"play_id":"eb8efde6-c29e-44df-9d3d-640e2770bcd1","local_time":"20210111151324","is_ascension_mode":true,"campfire_choices":[{"data":"Sever Soul","floor":8.0,"key":"SMITH"},{"data":"Barricade","floor":11.0,"key":"SMITH"},{"data":"Infernal Blade","floor":13.0,"key":"SMITH"},{"data":"Offering","floor":15.0,"key":"SMITH"},{"data":"Feel No Pain","floor":24,"key":"SMITH"}],"circlet_count":0,"master_deck":["Strike_R","Strike_R","Defend_R","Defend_R","Defend_R","Defend_R","Bash","Burning Pact","Infernal Blade+1","Sever Soul+1","Barricade+1","Pain","Shrug It Off","Sentinel","Offering+1","Armaments","Evolve","Juggernaut","Battle Trance","Shrug It Off","Second Wind","Feel No Pain+1","Bloodletting","Intimidate+1"],"relics":["Burning Blood","WarpedTongs","Oddly Smooth Stone","Bag of Preparation","Toy Ornithopter","Cursed Key","Centennial Puzzle","Gremlin Horn"],"acts_visited":["Exordium","TheCity"],"potions_floor_usage":[23],"damage_taken":[{"damage":5.0,"enemies":"Cultist","floor":1.0,"turns":5.0},{"damage":8.0,"enemies":"Small Slimes","floor":4.0,"turns":5.0},{"damage":46.0,"enemies":"3 Sentries","floor":6.0,"turns":14.0},{"damage":4.0,"enemies":"2 Louse","floor":7.0,"turns":2.0},{"damage":8.0,"enemies":"Exordium Wildlife","floor":10.0,"turns":5.0},{"damage":19.0,"enemies":"Large Slime","floor":12.0,"turns":3.0},{"damage":13.0,"enemies":"Gremlin Nob","floor":14.0,"turns":4.0},{"damage":8.0,"enemies":"Slime Boss","floor":16.0,"turns":9.0},{"damage":17.0,"enemies":"3 Byrds","floor":18.0,"turns":4.0},{"damage":7.0,"enemies":"Chosen","floor":19.0,"turns":5.0},{"damage":19.0,"enemies":"Centurion and Healer","floor":21.0,"turns":6.0},{"damage":7.0,"enemies":"Snecko","floor":22.0,"turns":3.0},{"damage":70,"enemies":"Book of Stabbing","floor":23,"turns":7},{"damage":30,"enemies":"Gremlin Leader","floor":25,"turns":2}],"seed_played":"4383641847897334787","potions_obtained":[{"floor":10.0,"key":"FairyPotion"},{"floor":12.0,"key":"Explosive Potion"},{"floor":14.0,"key":"AttackPotion"},{"floor":21.0,"key":"Swift Potion"},{"floor":23,"key":"DuplicationPotion"}],"is_trial":false,"path_per_floor":["M","?","?","M","$","E","M","R","T","M","R","M","R","E","R","B",null,"M","M","$","M","M","E","R","E"],"character_chosen":"IRONCLAD","items_purchased":["Second Wind","Feel No Pain","Centennial Puzzle"],"campfire_rested":0,"item_purchase_floors":[20,20,20],"current_hp_per_floor":[73,73,73,71,71,31,33,33,33,31,31,18,18,11,11,14,64,58,57,57,44,43,30,30,0,0],"gold":81,"neow_bonus":"TRANSFORM_TWO_CARDS","is_daily":false,"chose_seed":false,"campfire_upgraded":5,"win_rate":0.0,"timestamp":1610399604,"path_taken":["M","?","?","M","$","E","M","R","T","M","R","?","R","E","R","BOSS","M","M","$","M","M","E","R","E"],"items_purchased_type":["Card","Card","Relic"],"build_version":"2020-12-22","purchased_purges":1,"victory":false,"max_hp_per_floor":[80,80,80,80,80,80,80,80,80,80,80,80,80,80,80,80,80,80,80,80,80,80,80,80,80,80],"relic_stats":{"Centennial Puzzle":[12],"Gremlin Horn":[0,1],"counters":[14,74],"Bag of Preparation":[20],"Cursed Key":0,"obtain_stats":[{"Centennial Puzzle":20,"Gremlin Horn":23,"Oddly Smooth Stone":6,"Bag of Preparation":9,"Cursed Key":17,"Burning Blood":0,"Toy Ornithopter":14,"WarpedTongs":3},{"Centennial Puzzle":10,"Gremlin Horn":13,"Oddly Smooth Stone":3,"Bag of Preparation":4,"Cursed Key":8,"Burning Blood":0,"Toy Ornithopter":7,"WarpedTongs":1},{"Centennial Puzzle":56,"Gremlin Horn":72,"Oddly Smooth Stone":24,"Bag of Preparation":26,"Cursed Key":47,"Burning Blood":0,"Toy Ornithopter":38,"WarpedTongs":5}],"Burning Blood":78,"Toy Ornithopter":15,"WarpedTongs":[62]},"card_choices":[{"not_picked":["Pommel Strike","Flex"],"picked":"Sever Soul","floor":1.0},{"not_picked":["Anger","Flex"],"picked":"Shrug It Off","floor":4.0},{"not_picked":["Perfected Strike","Anger"],"picked":"Sentinel","floor":6.0},{"not_picked":["Infernal Blade","Twin Strike","Reckless Charge"],"picked":"SKIP","floor":7.0},{"not_picked":["Entrench","Uppercut"],"picked":"Offering","floor":10.0},{"not_picked":["Warcry","Twin Strike"],"picked":"Armaments","floor":12.0},{"not_picked":["Wild Strike","Flex"],"picked":"Evolve","floor":14.0},{"not_picked":["Offering","Demon Form"],"picked":"Juggernaut","floor":16.0},{"not_picked":["Perfected Strike","Whirlwind"],"picked":"Battle Trance","floor":18.0},{"not_picked":["Rage","Infernal Blade"],"picked":"Shrug It Off","floor":19.0},{"not_picked":["Clash","True Grit"],"picked":"Bloodletting","floor":21.0},{"not_picked":["Metallicize","Anger","Havoc"],"picked":"SKIP","floor":22.0},{"not_picked":["Infernal Blade","Ghostly Armor"],"picked":"Intimidate+1","floor":23}],"player_experience":249683,"relics_obtained":[{"floor":6.0,"key":"Oddly Smooth Stone"},{"floor":9.0,"key":"Bag of Preparation"},{"floor":14.0,"key":"Toy Ornithopter"},{"floor":23,"key":"Gremlin Horn"}],"event_choices":[{"damage_healed":0.0,"max_hp_gain":0.0,"max_hp_loss":0.0,"gold_gain":0.0,"cards_transformed":["Strike_R"],"event_name":"Living Wall","player_choice":"Change","floor":2.0,"gold_loss":0.0,"damage_taken":0.0,"cards_obtained":["Barricade"]},{"damage_healed":0.0,"max_hp_gain":0.0,"max_hp_loss":0.0,"gold_gain":0.0,"event_name":"Accursed Blacksmith","player_choice":"Rummage","floor":3.0,"gold_loss":0.0,"damage_taken":0.0,"relics_obtained":["WarpedTongs"],"cards_obtained":["Pain"]}],"is_beta":false,"boss_relics":[{"not_picked":["Black Blood","Busted Crown"],"picked":"Cursed Key"}],"items_purged_floors":[5],"is_endless":false,"potions_floor_spawned":[10,12,14,21,23],"killed_by":"Gremlin Leader","ascension_level":8}}