{"host":"ci7cmvrwpmzqnw7e","time":1610409299,"event":{"mods":["BaseMod","BetterRewards","Colored Map","Downfall","GungeonMod","Highlight Path","Hubris","Infinite Spire","Minty Spire (QoL Compilation)","Random Character Button","Rare Cards Sparkle","Replay The Spire","Shop Mod","StSLib","The Disciple","The Forsaken","The Necromancer"],"gold_per_floor":[109,126,52,52,62,62,62,62,87,87,142,174,203,235,235,361,361,403,403,328,23,57,57,123,166,178,230,280,320,332,46,46,166,166,211,261,261],"floor_reached":36,"playtime":1634,"items_purged":[],"score":579,"play_id":"82388c27-a183-4045-b652-a773e1b897b3","local_time":"20210111165459","is_ascension_mode":false,"campfire_choices":[{"data":"Blade Dance","floor":6,"key":"SMITH"},{"data":"Beam Cell","floor":8,"key":"SMITH"},{"data":"Leap","floor":10,"key":"SMITH"},{"floor":15,"key":"REST"},{"data":"infinitespire:TheBestDefense","floor":23,"key":"SMITH"},{"floor":32,"key":"REST"}],"circlet_count":0,"master_deck":["Strike_G","Strike_G","Strike_G","Strike_G","Strike_G","Defend_G","Defend_G","Defend_G","Defend_G","Unload","Blade Dance+1","Hidden Blade","Infinite Blades+1","Slice","Leap+1","Beam Cell+1","Endless Agony","Corpse Explosion","ReplayTheSpireMod:The Works","Acrobatics","Malaise","infinitespire:TheBestDefense+1","infinitespire:FinalStrike","Blade Dance","Expertise+1","Riddle With Holes","Prepared","Night Terror","Dagger Spray"],"relics":["Ring of the Snake","Replay:Bandana","Toy Ornithopter","hubris:ScarierMask","Replay:Mystery Machine","hubris:MysteriousPyramids","MawBank","infinitespire:Broken Mirror","Bottled Lightning","Sling","infinitespire:Lucky Rock","infinitespire:EvilPickle","WristBlade"],"acts_visited":["Exordium","TheCity","TheBeyond"],"potions_floor_usage":[13,16,24,33,33,33],"damage_taken":[{"damage":7,"enemies":"Jaw Worm","floor":1,"turns":3},{"damage":0,"enemies":"Cultist","floor":2,"turns":2},{"damage":0,"enemies":"Small Slimes","floor":5,"turns":2},{"damage":30,"enemies":"Lagavulin","floor":11,"turns":4},{"damage":0,"enemies":"Looter","floor":12,"turns":1},{"damage":3,"enemies":"Exordium Wildlife","floor":13,"turns":2},{"damage":5,"enemies":"Blue Slaver","floor":14,"turns":2},{"damage":44,"enemies":"Hexaghost","floor":16,"turns":9},{"damage":23,"enemies":"Shell Parasite","floor":18,"turns":6},{"damage":1,"enemies":"2 Thieves","floor":22,"turns":3},{"damage":3,"enemies":"Book of Stabbing","floor":24,"turns":3},{"damage":3,"enemies":"Cultist and Chosen","floor":25,"turns":3},{"damage":3,"enemies":"Snecko","floor":27,"turns":3},{"damage":0,"enemies":"Slavers","floor":28,"turns":1},{"damage":14,"enemies":"Snake Plant","floor":29,"turns":4},{"damage":62,"enemies":"Pondfish","floor":33,"turns":11},{"damage":0,"enemies":"3 Darklings","floor":35,"turns":3},{"damage":0,"enemies":"infinitespire:Three Voidlings","floor":36,"turns":2},{"damage":70,"enemies":"Nightmare_Alpha","floor":36,"turns":6}],"seed_played":"-1195160186860083540","potions_obtained":[{"floor":5,"key":"Elixir"},{"floor":11,"key":"ColorlessPotion"},{"floor":14,"key":"Fire Potion"},{"floor":16,"key":"Dexterity Potion"},{"floor":22,"key":"AttackPotion"},{"floor":24,"key":"Dexterity Potion"},{"floor":33,"key":"sneckomod:MuddlingPotion"}],"is_trial":false,"path_per_floor":["M","M","$","?","M","R","?","R","T","R","E","M","M","M","R","B",null,"M","AVR","?","$","M","R","E","M","T","M","E","M","?","$","R","B",null,"M","?"],"character_chosen":"THE_SILENT","items_purchased":["Infinite Blades","Blade Dance","hubris:MysteriousPyramids","Sling","infinitespire:Lucky Rock"],"campfire_rested":2,"item_purchase_floors":[3,21,21,31,31],"current_hp_per_floor":[63,63,63,63,63,63,63,63,63,63,33,33,35,30,51,12,70,47,47,47,47,46,46,48,45,45,42,42,28,28,28,49,2,70,70,0,0],"gold":261,"neow_bonus":"ONE_RANDOM_RARE_CARD","is_daily":false,"chose_seed":false,"campfire_upgraded":4,"win_rate":0.0,"timestamp":1610409299,"path_taken":["M","M","$","?","?","R","?","R","T","R","E","M","M","M","R","BOSS","M","AVR","?","$","M","R","E","M","T","M","E","M","?","$","R","BOSS","M","?"],"items_purchased_type":["Card","Card","Relic","Relic","Relic"],"build_version":"2020-12-22","purchased_purges":0,"victory":false,"max_hp_per_floor":[70,70,70,70,70,70,70,70,70,70,70,70,70,70,70,70,70,70,70,70,70,70,70,70,70,70,70,70,70,70,70,70,70,70,70,70,70],"card_choices":[{"not_picked":["Dodge and Roll","Acrobatics"],"picked":"Blade Dance","floor":1},{"not_picked":["Sneak Up","Outmaneuver"],"picked":"Hidden Blade","floor":2},{"not_picked":["Well Laid Plans","hubris:SlightOfHand"],"picked":"Slice","floor":5},{"not_picked":["hubris:Sniper","Sucker Punch"],"picked":"Endless Agony","floor":11},{"not_picked":["Dodge and Roll","Bane"],"picked":"Corpse Explosion","floor":12},{"not_picked":["PiercingWail","Deflect"],"picked":"ReplayTheSpireMod:The Works","floor":13},{"not_picked":["Leg Sweep","Dodge and Roll"],"picked":"Acrobatics","floor":14},{"not_picked":["ReplayTheSpireMod:Necrosis","Wraith Form v2"],"picked":"Malaise","floor":16},{"not_picked":["Eviscerate+1","Deadly Poison","Masterful Stab"],"picked":"SKIP","floor":18},{"not_picked":["Poisoned Stab","Quick Slash"],"picked":"Expertise+1","floor":22},{"not_picked":["Deadly Poison+1","Footwork"],"picked":"Riddle With Holes","floor":24},{"not_picked":["Bane","Sucker Punch","Hidden Blade"],"picked":"SKIP","floor":25},{"not_picked":["hubris:Counter","Sucker Punch+1","Wraith Form v2"],"picked":"SKIP","floor":27},{"not_picked":["hubris:Counter","Sucker Punch+1","Wraith Form v2"],"picked":"SKIP","floor":27},{"not_picked":["Terror","Toxin Wave+1","Sucker Punch"],"picked":"SKIP","floor":28},{"not_picked":["Poisoned Stab+1","Dagger Throw"],"picked":"Prepared","floor":29},{"not_picked":["infinitespire:Neurotoxin","Corpse Explosion"],"picked":"Night Terror","floor":33},{"not_picked":["Toxin Wave+1","Blade Dance+1"],"picked":"Dagger Spray","floor":35}],"player_experience":54218,"relics_obtained":[{"floor":9,"key":"Replay:Bandana"},{"floor":11,"key":"Toy Ornithopter"},{"floor":24,"key":"MawBank"},{"floor":26,"key":"infinitespire:Broken Mirror"},{"floor":28,"key":"Bottled Lightning"}],"event_choices":[{"damage_healed":0,"gold_gain":0,"player_choice":"Forge","damage_taken":0,"max_hp_gain":0,"max_hp_loss":0,"event_name":"Accursed Blacksmith","floor":4,"gold_loss":0,"cards_upgraded":["Infinite Blades"]},{"cards_removed":["Defend_G"],"damage_healed":0,"gold_gain":0,"player_choice":"Gave Gold","damage_taken":0,"max_hp_gain":0,"max_hp_loss":0,"event_name":"Beggar","floor":20,"gold_loss":75},{"damage_healed":0,"gold_gain":0,"player_choice":"Ignored","damage_taken":0,"max_hp_gain":0,"max_hp_loss":0,"event_name":"Ghosts","floor":30,"gold_loss":0}],"is_beta":false,"boss_relics":[{"not_picked":["Black Star","Replay:Ancient Bell"],"picked":"hubris:ScarierMask"},{"not_picked":["Cursed Key","Astrolabe"],"picked":"WristBlade"}],"items_purged_floors":[],"is_endless":false,"potions_floor_spawned":[5,11,14,16,22,24,29,33],"killed_by":"Nightmare_Alpha","ascension_level":0}}