{"host":"wj90f2q0h2omert0","time":1610397189,"event":{"mods":["BaseMod","Beaked The Cultist","Better Third Choice","ChefMod","Clawfect","Colored Map","DeckTracker","Downfall","Hubris","JesterMod","Minty Spire (QoL Compilation)","Quick Restart","Relic Stats","Robot Space Explorer","Shade Mod","StSLib","The Blackbeard","The Bug Knight","The Druid","The Hayseed","TheSwordswoman"],"gold_per_floor":[113,133,146,146,156,156,171,92,92,167,167,193,193,193,193,193,193],"floor_reached":16,"playtime":3119,"items_purged":[],"score":100,"play_id":"23328e99-19e6-4112-942f-640c29dbdbe2","local_time":"20210111153309","is_ascension_mode":false,"campfire_choices":[{"data":"HollowMod:NewLittleFool","floor":6,"key":"SMITH"},{"floor":13,"key":"REST"},{"floor":15,"key":"REST"}],"circlet_count":0,"master_deck":["HollowMod:NailStrikeStart","HollowMod:NailStrikeStart","HollowMod:NailStrikeStart","HollowMod:NailStrikeStart","HollowMod:QuickDashStart","HollowMod:QuickDashStart","HollowMod:QuickDashStart","HollowMod:QuickDashStart","HollowMod:FocusHealStart+1","HollowMod:PogoStrike","HollowMod:NewLittleFool+1","HollowMod:HuntersJournal","HollowMod:Grubsong","HollowMod:LifebloodCocoon","HollowMod:ChannelNail","HollowMod:SoulShaman","HollowMod:FastStrike"],"relics":["HollowMod:VesselMask","NeowsBlessing","hubris:Icosahedron","hubris:SphereOfDissonance","Anchor","hubris:OldNail"],"acts_visited":["Exordium"],"potions_floor_usage":[7,12,12],"damage_taken":[{"damage":0,"enemies":"Cultist","floor":1,"turns":1},{"damage":0,"enemies":"2 Louse","floor":2,"turns":1},{"damage":0,"enemies":"Small Slimes","floor":3,"turns":1},{"damage":18,"enemies":"3 Louse","floor":5,"turns":6},{"damage":10,"enemies":"2 Fungi Beasts","floor":7,"turns":4},{"damage":39,"enemies":"HollowMod:MossKnight","floor":12,"turns":14},{"damage":73,"enemies":"Hexaghost","floor":16,"turns":12}],"seed_played":"-7890544436664856509","potions_obtained":[{"floor":1,"key":"LiquidBronze"},{"floor":3,"key":"Swift Potion"},{"floor":7,"key":"DistilledChaos"}],"is_trial":false,"path_per_floor":["M","M","M","?","M","R","M","$","T","?","?","E","R","?","R","B"],"character_chosen":"THE_BUGKNIGHT","items_purchased":["HollowMod:SoulShaman"],"campfire_rested":2,"item_purchase_floors":[8],"current_hp_per_floor":[75,75,75,75,68,68,58,58,58,47,40,13,35,35,57,0,0],"gold":193,"neow_bonus":"THREE_ENEMY_KILL","is_daily":false,"chose_seed":false,"campfire_upgraded":1,"win_rate":0.0,"timestamp":1610397189,"path_taken":["M","?","?","?","M","R","M","$","T","?","?","E","R","?","R","BOSS"],"items_purchased_type":["Card"],"build_version":"2020-12-22","purchased_purges":0,"victory":false,"max_hp_per_floor":[75,75,75,75,75,75,75,75,75,75,75,75,75,75,75,75,75],"relic_stats":{"counters":[7,39],"obtain_stats":[{"Anchor":11,"hubris:Icosahedron":4,"NeowsBlessing":0,"hubris:SphereOfDissonance":9,"HollowMod:VesselMask":0,"hubris:OldNail":12},{"Anchor":5,"hubris:Icosahedron":3,"NeowsBlessing":0,"hubris:SphereOfDissonance":5,"HollowMod:VesselMask":0,"hubris:OldNail":6},{"Anchor":13,"hubris:Icosahedron":3,"NeowsBlessing":0,"hubris:SphereOfDissonance":13,"HollowMod:VesselMask":0,"hubris:OldNail":27}]},"card_choices":[{"not_picked":["HollowMod:MonarchWings","HollowMod:TaintedHusks"],"picked":"HollowMod:NewLittleFool","floor":1},{"not_picked":["HollowMod:SharpenedNail","HollowMod:VengefulVoid"],"picked":"HollowMod:HuntersJournal","floor":2},{"not_picked":["HollowMod:DescendingDark","HollowMod:VengefulSpirit"],"picked":"HollowMod:Grubsong","floor":3},{"not_picked":["HollowMod:SoulEater","HollowMod:SharpenedShadows"],"picked":"HollowMod:LifebloodCocoon","floor":5},{"not_picked":["HollowMod:SoulStrike","HollowMod:ShadowDash"],"picked":"HollowMod:ChannelNail","floor":7},{"not_picked":["HollowMod:NewLittleFool","HollowMod:DungDefenderAura"],"picked":"HollowMod:FastStrike","floor":12}],"player_experience":722646,"relics_obtained":[{"floor":9,"key":"hubris:SphereOfDissonance"},{"floor":12,"key":"hubris:OldNail"}],"event_choices":[{"damage_healed":0,"gold_gain":75,"player_choice":"Gold","damage_taken":11,"max_hp_gain":0,"max_hp_loss":0,"event_name":"betterThird:BetterGoop","floor":10,"gold_loss":0},{"damage_healed":0,"gold_gain":0,"player_choice":"Relic ","damage_taken":7,"max_hp_gain":0,"max_hp_loss":0,"event_name":"betterThird:BetterScrap","floor":11,"gold_loss":0,"cards_obtained":["Dropkick"]},{"damage_healed":0,"gold_gain":0,"player_choice":"Grow","damage_taken":0,"max_hp_gain":0,"max_hp_loss":0,"event_name":"Living Wall","floor":14,"gold_loss":0,"cards_upgraded":["HollowMod:FocusHealStart"]}],"is_beta":false,"boss_relics":[],"items_purged_floors":[],"is_endless":false,"potions_floor_spawned":[1,3,7],"killed_by":"Hexaghost","ascension_level":0}}