{"host":"llpusn9usp8rznkj","time":1610336330,"event":{"mods":["2.2 Compatiblity","Aspiration","BaseMod","Colored Map","Colored Powertips","Conspire","Hubris","Minty Spire (QoL Compilation)","Quick Restart","Rare Cards Sparkle","Replay The Spire","StSLib","The Cursed"],"gold_per_floor":[116,116,116,127,127,157,157,182,182,182,212,212,227,240,240,319,319,337,349,349,349,274,274,300,300,300,329,329,329,329],"floor_reached":29,"playtime":729,"items_purged":[],"score":704,"play_id":"7497bc36-de7e-4a36-836a-30801f825210","local_time":"20210110223850","is_ascension_mode":true,"campfire_choices":[{"data":"ReplayTheSpireMod:Strike From Hell","floor":7.0,"key":"SMITH"},{"data":"Inflame","floor":10.0,"key":"SMITH"},{"data":"Bash","floor":12.0,"key":"SMITH"},{"floor":15.0,"key":"RECALL"},{"floor":23.0,"key":"REST"},{"floor":25,"key":"REST"}],"circlet_count":0,"master_deck":["AscendersBane","Strike_R","Strike_R","Strike_R","Strike_R","Strike_R","Defend_R","Defend_R","Defend_R","Defend_R","Bash+1","Uppercut","Spreading Infection","ReplayTheSpireMod:Strike From Hell+1","Inflame+1","Replay:Undeath\u0027s Touch","Exhume","ReplayTheSpireMod:Strike From Hell","Writhe","Anger+1"],"relics":["Burning Blood","NeowsBlessing","hubris:AstralHammer","ReplayTheSpireMod:Ring of Exchange","Ring of Hypnosis","Bottled Flame","CaptainsWheel","Dead Branch","hubris:FunFungus","Replay:Baseball","SlaversCollar","aspiration:Lifesprig","conspire:Flyswatter","conspire:BottledYoYo","Champion Belt","Ornamental Fan"],"acts_visited":["Exordium","TheCity"],"potions_floor_usage":[24],"damage_taken":[{"damage":0.0,"enemies":"2 Louse","floor":1.0,"turns":1.0},{"damage":0.0,"enemies":"Jaw Worm","floor":4.0,"turns":1.0},{"damage":0.0,"enemies":"Lagavulin","floor":6.0,"turns":1.0},{"damage":14.0,"enemies":"Gremlin Nob","floor":8.0,"turns":4.0},{"damage":39.0,"enemies":"3 Sentries","floor":11.0,"turns":5.0},{"damage":0.0,"enemies":"Cultist","floor":13.0,"turns":3.0},{"damage":11.0,"enemies":"Blue Slaver","floor":14.0,"turns":3.0},{"damage":3.0,"enemies":"Slime Boss","floor":16.0,"turns":5.0},{"damage":3.0,"enemies":"Chosen","floor":18.0,"turns":3.0},{"damage":28.0,"enemies":"2 Thieves","floor":19.0,"turns":4.0},{"damage":47,"enemies":"Slavers","floor":24,"turns":6},{"damage":30,"enemies":"Gremlin Leader","floor":27,"turns":4},{"damage":14,"enemies":"Cultist and Chosen","floor":29,"turns":2}],"seed_played":"4678670453184552210","potions_obtained":[{"floor":4.0,"key":"Weak Potion"},{"floor":13.0,"key":"SpeedPotion"},{"floor":19.0,"key":"DuplicationPotion"}],"is_trial":false,"path_per_floor":["M","?","?","M","T","E","R","E","T","R","E","R","M","M","R","B",null,"M","M","?","?","?","R","E","R","T","E","T","M"],"character_chosen":"IRONCLAD","items_purchased":[],"campfire_rested":2,"item_purchase_floors":[],"current_hp_per_floor":[74,74,74,75,75,75,75,67,67,67,34,34,40,35,35,38,66,69,47,47,26,26,50,11,35,35,13,13,0,0],"gold":329,"neow_bonus":"THREE_ENEMY_KILL","is_daily":false,"chose_seed":false,"campfire_upgraded":3,"win_rate":0.0,"timestamp":1610336330,"path_taken":["M","?","?","M","?","E","R","E","T","R","E","R","M","M","R","BOSS","M","M","?","?","?","R","E","R","T","E","?","M"],"items_purchased_type":[],"build_version":"2020-12-22","purchased_purges":0,"victory":false,"max_hp_per_floor":[75,75,75,75,75,75,75,75,75,75,75,75,75,75,75,75,75,75,75,75,80,80,80,80,80,80,80,80,80,80],"card_choices":[{"not_picked":["Body Slam","Wild Strike"],"picked":"Uppercut","floor":1.0},{"not_picked":["Clash","Anger"],"picked":"ReplayTheSpireMod:Strike From Hell","floor":4.0},{"not_picked":["Shockwave","True Grit","Clash"],"picked":"SKIP","floor":6.0},{"not_picked":["Barricade","Run Through"],"picked":"Inflame","floor":8.0},{"not_picked":["Body Slam","Double Tap","Cleave"],"picked":"SKIP","floor":11.0},{"not_picked":["Clothesline","Flex","Whirlwind"],"picked":"SKIP","floor":13.0},{"not_picked":["Dual Wield","Run Through"],"picked":"Replay:Undeath\u0027s Touch","floor":14.0},{"not_picked":["Demonic Infusion","Immolate"],"picked":"Exhume","floor":16.0},{"not_picked":["Bloodletting","Perfected Strike","hubris:CleavingFinish"],"picked":"SKIP","floor":18.0},{"not_picked":["Life Link","Havoc+1"],"picked":"ReplayTheSpireMod:Strike From Hell","floor":19.0},{"not_picked":["Immolate","Reckless Charge","Eclipse"],"picked":"SKIP","floor":24},{"not_picked":["Twin Strike","Iron Wave"],"picked":"Anger+1","floor":27}],"player_experience":1140823,"relics_obtained":[{"floor":3.0,"key":"ReplayTheSpireMod:Ring of Exchange"},{"floor":3.0,"key":"Ring of Hypnosis"},{"floor":5.0,"key":"Bottled Flame"},{"floor":6.0,"key":"CaptainsWheel"},{"floor":8.0,"key":"Dead Branch"},{"floor":9.0,"key":"hubris:FunFungus"},{"floor":11.0,"key":"Replay:Baseball"},{"floor":24,"key":"conspire:Flyswatter"},{"floor":26,"key":"conspire:BottledYoYo"},{"floor":27,"key":"Champion Belt"},{"floor":28,"key":"Ornamental Fan"}],"event_choices":[{"damage_healed":0.0,"max_hp_gain":0.0,"max_hp_loss":0.0,"gold_gain":0.0,"event_name":"Big Fish","player_choice":"Box","floor":2.0,"gold_loss":0.0,"damage_taken":0.0,"relics_obtained":["hubris:AstralHammer"],"cards_obtained":["Regret"]},{"damage_healed":0.0,"max_hp_gain":0.0,"max_hp_loss":0.0,"gold_gain":0.0,"event_name":"The Mausoleum","player_choice":"Opened","floor":20.0,"gold_loss":0.0,"damage_taken":0.0,"relics_obtained":["aspiration:Lifesprig"],"cards_obtained":["Writhe"]},{"damage_healed":0.0,"max_hp_gain":5.0,"max_hp_loss":0.0,"gold_gain":0.0,"event_name":"Forgotten Altar","player_choice":"Shed Blood","floor":21.0,"gold_loss":0.0,"damage_taken":26.0},{"cards_removed":["Regret"],"damage_healed":0.0,"max_hp_gain":0.0,"max_hp_loss":0.0,"gold_gain":0.0,"event_name":"Beggar","player_choice":"Gave Gold","floor":22.0,"gold_loss":75.0,"damage_taken":0.0}],"is_beta":false,"boss_relics":[{"not_picked":["Snecko Eye","Runic Dome"],"picked":"SlaversCollar"}],"items_purged_floors":[],"is_endless":false,"potions_floor_spawned":[4,13,19],"killed_by":"Cultist and Chosen","ascension_level":20}}