{"host":"9nt1zhl3k8mtcf72","time":1610334419,"event":{"mods":["Aspiration","BaseMod","BetterRewards","Conjunction","Conspire","Downfall","Energized Spire","Friendly Minions","GifTheSpireLib","Halation","HexUI Lib","Hubris","Infinite Spire","Jedi Mod","JesterMod","Mimic Mod","Minty Spire (QoL Compilation)","RatMod","Replay The Spire","Spikes Relics","StSLib","Stuff the Spire","TheArtist","Trackpad","Useless Jewels Mod","Wandering Minibosses","vexMod"],"gold_per_floor":[119,146,146,158,158,187,41,41,120,120,120,120,120,152,152,249,249,263,263,195,195,206,206,206,278,278,326,326,326],"floor_reached":28,"playtime":955,"items_purged":[],"score":288,"play_id":"36247d0a-637b-4890-9569-12d354df3aba","local_time":"20210110220659","is_ascension_mode":false,"campfire_choices":[{"floor":8,"key":"REST"},{"floor":13,"key":"REST"},{"floor":15,"key":"REST"},{"floor":23,"key":"REST"}],"circlet_count":0,"master_deck":["artistmod:StrokeStrike","artistmod:StrokeStrike","artistmod:StrokeStrike","artistmod:StrokeStrike","artistmod:DaringDefend","artistmod:DaringDefend","artistmod:DaringDefend","artistmod:DaringDefend","artistmod:BrushBash","artistmod:DarkenDrawing","artistmod:PalettePick","artistmod:ClearChroma","artistmod:YellowYearning","artistmod:ChosenColors","artistmod:YellowYearning","artistmod:RedReaper","artistmod:RainbowRazor","artistmod:StrokeStrike","artistmod:StrokeStrike","artistmod:StrokeStrike","artistmod:StrokeStrike","artistmod:DaringDefend","artistmod:DaringDefend","artistmod:DaringDefend","artistmod:DaringDefend","artistmod:BrushBash","artistmod:DarkenDrawing","artistmod:PalettePick","artistmod:ClearChroma","artistmod:YellowYearning","artistmod:ChosenColors","artistmod:YellowYearning","artistmod:RedReaper","artistmod:RainbowRazor","artistmod:DoubleDemolition","Voices","artistmod:DarkerDanger+1"],"relics":["artistmod:BlueBrush","NeowsBlessing","trackpad:GuardianSpirit","jedi:bottledfury","Juzu Bracelet","halation:PinkSoulGem","aspiration:ChemicalBlood","conspire:SlowCooker","halation:EternalFortune","Ring of Peace","ReplayTheSpireMod:Ring of Challenge","trackpad:AdjectivePendant","Pear","hubris:TenFootPole"],"acts_visited":["Exordium","TheCity"],"potions_floor_usage":[16,16,22,22,22,25,25,25],"damage_taken":[{"damage":0,"enemies":"Cultist","floor":1,"turns":1},{"damage":0,"enemies":"conspire:MimicChest","floor":2,"turns":1},{"damage":0,"enemies":"Small Slimes","floor":4,"turns":2},{"damage":72,"enemies":"Gremlin Nob","floor":6,"turns":6},{"damage":49,"enemies":"3 Sentries","floor":14,"turns":9},{"damage":68,"enemies":"Hexaghost","floor":16,"turns":12},{"damage":18,"enemies":"Chosen","floor":18,"turns":4},{"damage":31,"enemies":"Shell Parasite","floor":22,"turns":4},{"damage":48,"enemies":"Gremlin Leader","floor":25,"turns":5},{"damage":27,"enemies":"Sentry and Sphere","floor":28,"turns":3}],"seed_played":"-357192369270959037","potions_obtained":[{"floor":16,"key":"jedi:StrikingPotion"}],"is_trial":false,"path_per_floor":["M","?","?","M","?","E","$","R","T","?","?","$","R","E","R","B",null,"M","?","$","?","M","R","?","E","T","T","M"],"character_chosen":"THE_ARTIST","items_purchased":["Juzu Bracelet","artistmod:RainbowRazor"],"campfire_rested":4,"item_purchase_floors":[7,20],"current_hp_per_floor":[71,71,71,71,71,21,21,42,42,57,57,57,71,22,43,21,71,53,56,56,56,39,61,61,13,23,23,0,0],"gold":326,"neow_bonus":"THREE_ENEMY_KILL","is_daily":false,"chose_seed":false,"campfire_upgraded":0,"win_rate":0.0,"timestamp":1610334419,"path_taken":["M","?","?","M","?","E","$","R","T","?","?","?","R","E","R","BOSS","M","?","?","?","M","R","?","E","T","?","M"],"items_purchased_type":["Relic","Card"],"build_version":"2020-12-22","purchased_purges":0,"victory":false,"max_hp_per_floor":[71,71,71,71,71,71,71,71,71,71,71,71,71,71,71,71,71,71,74,74,74,74,74,74,74,84,84,84,84],"card_choices":[{"not_picked":["artistmod:CanvasCatapult","artistmod:RedRazzing"],"picked":"artistmod:PalettePick","floor":1},{"not_picked":["artistmod:ColorCopy","artistmod:BlueBurst"],"picked":"artistmod:ClearChroma","floor":2},{"not_picked":["artistmod:CanvasCatapult","artistmod:SimpleStudies"],"picked":"artistmod:YellowYearning","floor":4},{"not_picked":["artistmod:CursedClash","artistmod:BlackBang"],"picked":"artistmod:ChosenColors","floor":6},{"not_picked":["artistmod:GrowingGreens","artistmod:AquaAnnoyance"],"picked":"artistmod:YellowYearning","floor":14},{"not_picked":["artistmod:FantasyForm","artistmod:ProfoundPurple"],"picked":"artistmod:RedReaper","floor":16},{"not_picked":["artistmod:PrismaticPain","artistmod:GrowingGreens","artistmod:DualDebuffs"],"picked":"SKIP","floor":18},{"not_picked":["artistmod:DualDash","artistmod:WatercolorWhap"],"picked":"artistmod:DoubleDemolition","floor":22},{"not_picked":["artistmod:BigBrown","artistmod:ColorCopy"],"picked":"artistmod:DarkerDanger+1","floor":25}],"player_experience":526956,"relics_obtained":[{"floor":2,"key":"trackpad:GuardianSpirit"},{"floor":6,"key":"jedi:bottledfury"},{"floor":14,"key":"aspiration:ChemicalBlood"},{"floor":24,"key":"Ring of Peace"},{"floor":24,"key":"ReplayTheSpireMod:Ring of Challenge"},{"floor":25,"key":"trackpad:AdjectivePendant"},{"floor":26,"key":"Pear"},{"floor":27,"key":"hubris:TenFootPole"}],"event_choices":[{"damage_healed":0,"gold_gain":0,"player_choice":"Ignored","damage_taken":0,"max_hp_gain":0,"max_hp_loss":0,"event_name":"NoteForYourself","floor":5,"gold_loss":0}],"is_beta":false,"boss_relics":[{"not_picked":["hubris:TerracottaHorce","Velvet Choker"],"picked":"conspire:SlowCooker"}],"items_purged_floors":[],"is_endless":false,"potions_floor_spawned":[4,16,18],"killed_by":"Sentry and Sphere","ascension_level":0}}