{"host":"pi8b3ffzwvxqztac","time":1610406352,"event":{"mods":["BaseMod","Colored Map","Downfall","Minty Spire (QoL Compilation)","StSLib","The Jungle"],"gold_per_floor":[99,117,136,147,132,145,170,181,106,106,106,124,124,124,139,215,215,215,230,230,243,261,278,304,304,315,315,315,315],"floor_reached":27,"playtime":1948,"items_purged":[],"score":418,"play_id":"1e825571-d0d9-473a-bf0b-3067f50a607f","local_time":"20210112120552","is_ascension_mode":true,"campfire_choices":[{"floor":1,"key":"RECALL"},{"data":"Guardian:Suspension","floor":9,"key":"SMITH"},{"data":"Guardian:StasisField","floor":11,"key":"SMITH"},{"data":"Guardian:CurlUp","floor":13,"key":"SMITH"},{"data":"Guardian:Strike_Guardian","floor":18,"key":"SMITH"}],"circlet_count":0,"master_deck":["AscendersBane","Guardian:Strike_Guardian","Guardian:Strike_Guardian","Guardian:Strike_Guardian+1","Guardian:Defend_Guardian","Guardian:Defend_Guardian","Guardian:Defend_Guardian","Guardian:Defend_Guardian","Guardian:CurlUp+1","Guardian:TwinSlam+1","Guardian:StasisField+1","Guardian:Suspension+1","Guardian:Repulse","Guardian:SpikerProtocol","Guardian:Gem_Cyan","Writhe","Guardian:TemporalShield"],"relics":["Guardian:ModeShifter","Oddly Smooth Stone","downfall:HeartBlessingRed","Guardian:DefensiveModeMoreBlock","Mummified Hand","Black Star","Shovel"],"acts_visited":["Exordium","Exordium"],"potions_floor_usage":[16,22,23,26,27],"damage_taken":[{"damage":3,"enemies":"2 Louse","floor":2,"turns":3},{"damage":2,"enemies":"Jaw Worm","floor":3,"turns":3},{"damage":2,"enemies":"Small Slimes","floor":4,"turns":4},{"damage":0,"enemies":"downfall:FleeingMerchant","floor":5,"turns":4},{"damage":9,"enemies":"Exordium Thugs","floor":6,"turns":6},{"damage":3,"enemies":"Blue Slaver","floor":8,"turns":4},{"damage":0,"enemies":"Exordium Wildlife","floor":12,"turns":2},{"damage":0,"enemies":"Red Slaver","floor":15,"turns":3},{"damage":5,"enemies":"downfall:Silent","floor":16,"turns":14},{"damage":0,"enemies":"theJungle:5_Spyders","floor":19,"turns":7},{"damage":0,"enemies":"Shell Parasite","floor":21,"turns":6},{"damage":12,"enemies":"theJungle:2_Flameangoes","floor":22,"turns":9},{"damage":22,"enemies":"theJungle:SlimyTreeVines","floor":23,"turns":10},{"damage":2,"enemies":"theJungle:JungleHuntersEncounter","floor":26,"turns":7},{"damage":39,"enemies":"theJungle:MamaSnecko","floor":27,"turns":11}],"seed_played":"-3189475096281302813","potions_obtained":[{"floor":2,"key":"LiquidMemories"},{"floor":4,"key":"Block Potion"},{"floor":22,"key":"ColorlessPotion"},{"floor":23,"key":"Weak Potion"},{"floor":26,"key":"AttackPotion"}],"is_trial":false,"path_per_floor":["R","M","M","M","$","M","T","M","R","?","R","M","R","T","M","B",null,"R","M","?","M","M","M","T","?","M","E"],"character_chosen":"GUARDIAN","items_purchased":[],"campfire_rested":0,"item_purchase_floors":[],"current_hp_per_floor":[65,62,60,58,58,49,49,46,46,41,41,41,41,41,41,36,63,63,63,63,63,51,35,35,35,33,0,0,0],"gold":315,"neow_bonus":"UPGRADE_CARD","is_daily":false,"chose_seed":false,"campfire_upgraded":4,"win_rate":0.0,"timestamp":1610406352,"path_taken":["R","M","M","M","$","M","T","M","R","?","R","M","R","?","M","BOSS","R","M","?","M","M","M","T","?","M","E"],"items_purchased_type":[],"build_version":"2020-12-22","purchased_purges":0,"victory":false,"max_hp_per_floor":[72,72,72,72,72,72,72,72,72,72,72,72,72,72,72,72,72,72,72,72,72,72,72,72,72,72,72,72,72],"card_choices":[{"not_picked":["Guardian:MultiBeam","Guardian:WalkerClaw","Guardian:PrismaticBeam"],"picked":"SKIP","floor":2},{"not_picked":["Guardian:TemporalStrike","Guardian:RollAttack","Guardian:Gem_Red"],"picked":"SKIP","floor":3},{"not_picked":["Guardian:RollAttack","Guardian:Gem_Yellow"],"picked":"Guardian:StasisField","floor":4},{"not_picked":["Guardian:VentSteam","Guardian:TemporalStrike"],"picked":"Guardian:Suspension","floor":5},{"not_picked":["Guardian:DonusPower","Guardian:ChargeCore","Guardian:ShieldCharger"],"picked":"SKIP","floor":6},{"not_picked":["Guardian:Gem_Red","Guardian:PrimingBeam"],"picked":"Guardian:Gem_Fragmented","floor":8},{"not_picked":["Guardian:ShieldSpikes","Guardian:Gem_Green"],"picked":"Guardian:Gem_Blue","floor":12},{"not_picked":["Guardian:Suspension","Guardian:WalkerClaw"],"picked":"Guardian:Gem_Cyan","floor":15},{"not_picked":["Guardian:PrimingBeam","Guardian:ShieldCharger"],"picked":"Guardian:Repulse","floor":19},{"not_picked":["Guardian:PrimingBeam","Guardian:ShieldSpikes"],"picked":"Guardian:SpikerProtocol","floor":21},{"not_picked":["Guardian:PrimingBeam","Guardian:Suspension"],"picked":"Guardian:Gem_Cyan","floor":22},{"not_picked":["Guardian:PrimingBeam","Guardian:Planning+1","Guardian:Gem_Lightblue"],"picked":"SKIP","floor":23},{"not_picked":["Guardian:VentSteam","Guardian:Gem_Red"],"picked":"Guardian:TemporalShield","floor":26}],"player_experience":516133,"relics_obtained":[{"floor":7,"key":"Oddly Smooth Stone"},{"floor":14,"key":"Mummified Hand"}],"event_choices":[{"damage_healed":0,"gold_gain":0,"player_choice":"Success","damage_taken":5,"relics_obtained":["Guardian:DefensiveModeMoreBlock"],"max_hp_gain":0,"max_hp_loss":0,"event_name":"Scrap Ooze","floor":10,"gold_loss":0}],"is_beta":false,"boss_relics":[{"not_picked":["Philosopher\u0027s Stone","Guardian:ModeShifterPlus"],"picked":"Black Star"}],"items_purged_floors":[],"is_endless":false,"potions_floor_spawned":[2,4,6,22,23,26],"killed_by":"theJungle:MamaSnecko","ascension_level":20}}