{"host":"w36evy4uyf1bcavi","time":1610377451,"event":{"mods":["Act Like it!","Aspiration","BaseMod","Conspire","Hermit","Jedi Mod","Minty Spire (QoL Compilation)","Replay The Spire","Robot Space Explorer","Spicy Shops","StSLib","The Cursed","The Hierophant"],"gold_per_floor":[114,214,227,239,256,285,83,113,113,138,158,170,181,212,212,315,315,333,139,139,154,154,182,200,233,233,260,277,217,250,265,265,363,363,376,376,390,405,417,443,443,477,477,494,494,506,535,547,547,547,547,547,80,113,113],"floor_reached":56,"playtime":6298,"items_purged":["Regret","Parasite"],"score":1483,"play_id":"0cd7494d-f45d-4e20-8166-ecbaece4b213","local_time":"20210111230411","is_ascension_mode":true,"campfire_choices":[{"floor":15,"key":"REST"},{"floor":32,"key":"RECALL"},{"data":"hermit:Maintenance","floor":41,"key":"SMITH"},{"data":"hermit:Roughhouse","floor":45,"key":"SMITH"},{"data":"hermit:Purgatory","floor":49,"key":"SMITH"},{"data":"hermit:Determination","floor":52,"key":"SMITH"}],"circlet_count":0,"master_deck":["hermit:Strike_Hermit","hermit:Strike_Hermit","hermit:Strike_Hermit+1","hermit:Defend_Hermit","hermit:Defend_Hermit","hermit:Defend_Hermit","hermit:Defend_Hermit","hermit:Snapshot","hermit:Covet","hermit:Determination+1","hermit:Headshot+1","hermit:Combo+1","hermit:EyeOfTheStorm","hermit:BigShot","hermit:TakeAim","hermit:GhostlyPresence","hermit:RoundhouseKick","hermit:Determination+1","hermit:TakeCover","hermit:Maintenance+1","hermit:HeroicBravado","hermit:TakeAim+1","hermit:Vantage","hermit:Vantage","hermit:Quickdraw","hermit:Snipe","hermit:Glare","hermit:Glare+1","hermit:Snipe+1","hermit:Virtue+1","hermit:Virtue","hermit:Dissolve","hermit:Roughhouse+1","hermit:Desperado","hermit:Quickdraw+1","hermit:FlashPowder","hermit:HighCaliber","hermit:Purgatory+1","hermit:RoundhouseKick","hermit:Combo","hermit:EyeOfTheStorm"],"relics":["Sozu","PreservedInsect","Guide Book","Boot","jedi:firstaidkit","Iron Hammer","Incense Burner","Philosopher\u0027s Stone","hermit:PetGhost","Replay:Ringing Soul","Pen Nib","Pantograph","hermit:Horseshoe","jedi:arcanewood","Replay:PocketPolymizer","jedi:battlestandard","Calipers","Snack Pack","Whetstone","Counterbalance","Gremlin Food","hermit:RedScarf","Replay:Rubber Ducky","Art of War"],"acts_visited":["Exordium","TheCity","TheBeyond","TheEnding"],"potions_floor_usage":[],"damage_taken":[{"damage":0,"enemies":"conspire:RoseBush","floor":1,"turns":3},{"damage":1,"enemies":"Cultist","floor":3,"turns":3},{"damage":1,"enemies":"Jaw Worm","floor":4,"turns":3},{"damage":5,"enemies":"Looter","floor":5,"turns":2},{"damage":18,"enemies":"Lagavulin","floor":6,"turns":6},{"damage":4,"enemies":"3 Sentries","floor":8,"turns":6},{"damage":32,"enemies":"Gremlin Nob","floor":10,"turns":4},{"damage":8,"enemies":"Large Slime","floor":11,"turns":3},{"damage":9,"enemies":"Exordium Thugs","floor":12,"turns":4},{"damage":3,"enemies":"Exordium Wildlife","floor":13,"turns":4},{"damage":0,"enemies":"Lagavulin","floor":14,"turns":5},{"damage":26,"enemies":"Slime Boss","floor":16,"turns":6},{"damage":31,"enemies":"3 Byrds","floor":18,"turns":4},{"damage":17,"enemies":"Spheric Guardian","floor":21,"turns":4},{"damage":19,"enemies":"Slavers","floor":23,"turns":2},{"damage":27,"enemies":"Snake Plant","floor":24,"turns":5},{"damage":20,"enemies":"Replay:Snechameleon","floor":25,"turns":6},{"damage":5,"enemies":"Gremlin Leader","floor":27,"turns":4},{"damage":27,"enemies":"Shelled Parasite and Fungi","floor":28,"turns":17},{"damage":28,"enemies":"Replay:Snechameleon","floor":30,"turns":5},{"damage":34,"enemies":"Chosen and Byrds","floor":31,"turns":9},{"damage":18,"enemies":"conspire:MysteriousRune","floor":33,"turns":7},{"damage":2,"enemies":"3 Shapes","floor":35,"turns":7},{"damage":0,"enemies":"3 Darklings","floor":37,"turns":5},{"damage":10,"enemies":"4 Shapes","floor":38,"turns":8},{"damage":35,"enemies":"Sphere and 2 Shapes","floor":39,"turns":5},{"damage":2,"enemies":"Reptomancer","floor":40,"turns":5},{"damage":21,"enemies":"R_Hoarder","floor":42,"turns":9},{"damage":0,"enemies":"Spire Growth","floor":44,"turns":4},{"damage":17,"enemies":"Writhing Mass","floor":46,"turns":6},{"damage":7,"enemies":"Reptomancer","floor":47,"turns":5},{"damage":17,"enemies":"Maw","floor":48,"turns":7},{"damage":65,"enemies":"Donu and Deca","floor":50,"turns":7},{"damage":28,"enemies":"Shield and Spear","floor":54,"turns":5},{"damage":93,"enemies":"The Heart","floor":55,"turns":12}],"seed_played":"1907666381958956841","potions_obtained":[],"is_trial":false,"path_per_floor":["M","?","M","M","M","E","$","E","T","E","M","M","M","E","R","B",null,"M","$","T","M","T","E","M","E","T","E","M","?","E","M","R","B",null,"M","?","M","M","M","E","R","E","T","M","R","M","E","M","R","B",null,"R","$","E","B",null],"character_chosen":"HERMIT","items_purchased":["Guide Book","hermit:TakeAim","hermit:TakeAim+1","hermit:PetGhost","hermit:RedScarf","hermit:Combo","Replay:Rubber Ducky"],"campfire_rested":1,"item_purchase_floors":[7,7,19,19,53,53,53],"current_hp_per_floor":[75,75,74,73,68,50,50,46,46,16,10,6,5,5,27,4,75,75,75,75,59,59,43,33,28,28,26,87,87,71,93,96,93,96,99,99,102,103,90,91,94,94,94,99,102,108,126,119,122,105,132,135,135,127,136],"gold":113,"neow_bonus":"BOSS_RELIC","is_daily":false,"chose_seed":false,"campfire_upgraded":4,"win_rate":0.0,"timestamp":1610377451,"path_taken":["M","?","?","?","M","E","$","E","T","E","M","?","M","E","R","BOSS","M","$","?","?","?","E","M","E","T","E","M","?","E","M","R","BOSS","M","?","M","M","M","E","R","E","T","M","R","?","E","?","R","BOSS","R","$","E","BOSS"],"items_purchased_type":["Relic","Card","Card","Relic","Relic","Card","Relic"],"build_version":"2020-12-22","purchased_purges":2,"victory":true,"max_hp_per_floor":[75,75,75,75,75,75,75,75,75,75,75,75,75,75,75,75,75,75,75,75,75,75,78,78,81,81,84,87,87,90,93,96,96,96,99,99,102,105,108,111,114,114,114,117,120,123,126,129,132,132,132,135,135,138,138],"card_choices":[{"not_picked":["hermit:ShadowCloak","hermit:Roulette"],"picked":"hermit:Determination","floor":1},{"not_picked":["hermit:Showdown","hermit:Desperado"],"picked":"hermit:Headshot","floor":3},{"not_picked":["hermit:NoHoldsBarred","hermit:Deadeye"],"picked":"hermit:Combo","floor":4},{"not_picked":["hermit:Combo","hermit:Shortfuse"],"picked":"hermit:EyeOfTheStorm","floor":5},{"not_picked":["hermit:Showdown","hermit:GoldenBullet"],"picked":"hermit:BigShot","floor":6},{"not_picked":["hermit:Manifest","hermit:Coalescence"],"picked":"hermit:GhostlyPresence","floor":8},{"not_picked":["hermit:SprayPray","hermit:Snipe"],"picked":"hermit:Headshot","floor":10},{"not_picked":["hermit:Quickdraw","hermit:Misfire"],"picked":"hermit:RoundhouseKick","floor":11},{"not_picked":["hermit:Deadeye","hermit:Quickdraw"],"picked":"hermit:Determination","floor":12},{"not_picked":["hermit:HighCaliber","hermit:Roulette"],"picked":"hermit:TakeCover","floor":13},{"not_picked":["hermit:WideOpen","hermit:Coalescence"],"picked":"hermit:Maintenance","floor":14},{"not_picked":["hermit:EternalForm","hermit:FinalCanter"],"picked":"hermit:HeroicBravado","floor":16},{"not_picked":["hermit:SprayPray","hermit:Headshot"],"picked":"hermit:LoneWolf","floor":18},{"not_picked":["hermit:LowProfile","hermit:Malice","hermit:Horror"],"picked":"SKIP","floor":21},{"not_picked":["hermit:Dive","hermit:TrackingShot"],"picked":"hermit:Glare","floor":23},{"not_picked":["hermit:WideOpen","hermit:Cheat","hermit:Coalescence"],"picked":"SKIP","floor":24},{"not_picked":["hermit:WideOpen","hermit:Cheat","hermit:Coalescence"],"picked":"SKIP","floor":24},{"not_picked":["hermit:Dissolve","hermit:FullyLoaded"],"picked":"hermit:Vantage","floor":25},{"not_picked":["hermit:NoHoldsBarred","hermit:Dissolve"],"picked":"hermit:RoundhouseKick","floor":27},{"not_picked":["hermit:Grudge+1","hermit:SprayPray+1"],"picked":"hermit:Vantage","floor":28},{"not_picked":["hermit:SprayPray+1","hermit:WideOpen"],"picked":"hermit:Quickdraw","floor":30},{"not_picked":["hermit:Showdown","hermit:Headshot"],"picked":"hermit:Snipe","floor":31},{"not_picked":["hermit:Snipe+1","hermit:NoHoldsBarred"],"picked":"hermit:Glare","floor":35},{"not_picked":["hermit:Grudge+1","hermit:Feint"],"picked":"hermit:Glare+1","floor":37},{"not_picked":["hermit:FinalCanter","hermit:Misfire"],"picked":"hermit:Snipe+1","floor":38},{"not_picked":["hermit:GhostlyPresence","hermit:ItchyTrigger"],"picked":"hermit:Virtue+1","floor":39},{"not_picked":["hermit:Roulette","hermit:Glare"],"picked":"hermit:Virtue","floor":40},{"not_picked":["hermit:Headshot","hermit:Misfire+1","hermit:SprayPray+1"],"picked":"SKIP","floor":42},{"not_picked":["hermit:LuckOfTheDraw+1","hermit:Dive"],"picked":"hermit:Roughhouse","floor":44},{"not_picked":["hermit:Ricochet","hermit:Roulette"],"picked":"hermit:Quickdraw+1","floor":46},{"not_picked":["hermit:Desperado","hermit:ItchyTrigger+1"],"picked":"hermit:FlashPowder","floor":47},{"not_picked":["hermit:Headshot+1","hermit:Desperado+1"],"picked":"hermit:HighCaliber","floor":48},{"not_picked":["hermit:CursedWeapon","hermit:Roulette+1"],"picked":"hermit:EyeOfTheStorm","floor":54}],"player_experience":447077,"relics_obtained":[{"floor":6,"key":"PreservedInsect"},{"floor":8,"key":"Boot"},{"floor":9,"key":"jedi:firstaidkit"},{"floor":10,"key":"Iron Hammer"},{"floor":14,"key":"Incense Burner"},{"floor":20,"key":"Replay:Ringing Soul"},{"floor":23,"key":"Pen Nib"},{"floor":25,"key":"Pantograph"},{"floor":26,"key":"hermit:Horseshoe"},{"floor":27,"key":"jedi:arcanewood"},{"floor":30,"key":"Replay:PocketPolymizer"},{"floor":40,"key":"Snack Pack"},{"floor":42,"key":"Whetstone"},{"floor":43,"key":"Counterbalance"},{"floor":47,"key":"Gremlin Food"},{"floor":54,"key":"Art of War"}],"event_choices":[{"damage_healed":0,"gold_gain":100,"player_choice":"Gold","damage_taken":0,"max_hp_gain":0,"max_hp_loss":0,"event_name":"Wheel of Change","floor":2,"gold_loss":0},{"cards_removed":["hermit:RoundhouseKick"],"damage_healed":0,"gold_gain":0,"player_choice":"Gave Card","damage_taken":0,"relics_obtained":["Calipers"],"max_hp_gain":0,"max_hp_loss":0,"event_name":"WeMeetAgain","floor":36,"gold_loss":0}],"is_beta":false,"boss_relics":[{"not_picked":["aspiration:FutureDiary","conspire:RunicOctahedron"],"picked":"Philosopher\u0027s Stone"},{"not_picked":["ReplayTheSpireMod:DimensionalGlitch","Tiny House"],"picked":"jedi:battlestandard"}],"items_purged_floors":[7,53],"is_endless":false,"potions_floor_spawned":[1,8,11,16,18,28,30,38,40,46,54],"ascension_level":1}}