{"host":"iv8gkcqs5ryn8eyc","time":1610352834,"event":{"mods":["Astrologer","BaseMod","Colored Map","Colored Powertips","Dio Mod","Magitek Elite","Minty Spire (QoL Compilation)","Replay The Spire","Shade Mod","Spire Birthday Party","StSLib","The Blackbeard","The Marked","The Runesmith","The Saiyan","The Servant 0.9.4","TheVacant"],"gold_per_floor":[110,110,110,121,132,158,158,193,193,193,212,212,10,26,26,128,128,141,241,253,18,44,44,73,84,84,119,134,34,49,149,149,289,289,328,365,413,449,449,449,514,514,591,627,627],"floor_reached":44,"playtime":2538,"items_purged":["dioMod:Strike","dioMod:Strike"],"score":576,"play_id":"a951ab3f-2302-4ef4-ae58-7bb3dae6e973","local_time":"20210111031354","is_ascension_mode":true,"campfire_choices":[{"floor":7.0,"key":"REST"},{"floor":10.0,"key":"REST"},{"data":"dioMod:Freeze","floor":12.0,"key":"SMITH"},{"data":"dioMod:DominatingPresence","floor":15.0,"key":"SMITH"},{"data":"dioMod:MudaMudaMuda","floor":23.0,"key":"SMITH"},{"floor":32.0,"key":"DIG"},{"floor":40,"key":"REST"}],"circlet_count":0,"master_deck":["dioMod:Strike","Bite","dioMod:Defend","dioMod:Defend","dioMod:Defend","dioMod:Defend","dioMod:LaserVision","dioMod:RoadRoller+1","dioMod:BloodSplash","dioMod:TripleThreat","dioMod:Freeze+1","dioMod:DisarmingVoice","dioMod:Hiss","dioMod:DarkRebirth+1","dioMod:DominatingPresence+1","dioMod:Roundabout","dioMod:Despair","dioMod:CautiousMuda+1","dioMod:Muda","dioMod:MudaMudaMuda+1","dioMod:BloodSplash+1","dioMod:Muda","dioMod:TheWalk","dioMod:Muda","dioMod:DaggerSpree","dioMod:SevenPageMuda","dioMod:GoodbyeJojo+1","dioMod:DisarmingVoice+1","theMarked:HeightenedSenses","theMarked:EmpowerWeapon+1","theMarked:EmpowerWeapon+1"],"relics":["dioMod:JoestarBlood","HornCleat","FossilizedHelix","Centennial Puzzle","WingedGreaves","Replay:Bronze Core","Blue Doll","Akabeko","Iron Hammer","Replay:Bottled Snecko","Matryoshka","Calipers","InkBottle","Replay:Bandana","ReplayTheSpireMod:Ring of Collecting","Tintinnabulum","ReplayTheSpireMod:Shallot","Juzu Bracelet","Ring of Greed","Smiling Mask","MealTicket"],"acts_visited":["Exordium","TheCity","TheBeyond"],"potions_floor_usage":[37,37,41],"damage_taken":[{"damage":2.0,"enemies":"2 Louse","floor":1.0,"turns":5.0},{"damage":0.0,"enemies":"Cultist","floor":4.0,"turns":4.0},{"damage":10.0,"enemies":"Jaw Worm","floor":5.0,"turns":4.0},{"damage":52.0,"enemies":"3 Sentries","floor":6.0,"turns":13.0},{"damage":43.0,"enemies":"Replay:BlueRogue","floor":8.0,"turns":8.0},{"damage":0.0,"enemies":"3 Louse","floor":11.0,"turns":3.0},{"damage":0.0,"enemies":"Exordium Wildlife","floor":14.0,"turns":3.0},{"damage":43.0,"enemies":"Hexaghost","floor":16.0,"turns":13.0},{"damage":0.0,"enemies":"Chosen","floor":18.0,"turns":5.0},{"damage":22.0,"enemies":"Shell Parasite","floor":20.0,"turns":11.0},{"damage":1.0,"enemies":"Slavers","floor":24.0,"turns":3.0},{"damage":5.0,"enemies":"Snecko","floor":25.0,"turns":4.0},{"damage":37.0,"enemies":"Book of Stabbing","floor":27.0,"turns":8.0},{"damage":1.0,"enemies":"Chosen and Byrds","floor":28.0,"turns":4.0},{"damage":0.0,"enemies":"3 Cultists","floor":30.0,"turns":2.0},{"damage":0.0,"enemies":"Colosseum Slavers","floor":31.0,"turns":2.0},{"damage":0.0,"enemies":"Colosseum Nobs","floor":31.0,"turns":3.0},{"damage":10.0,"enemies":"StardustCrusaders","floor":33.0,"turns":5.0},{"damage":8.0,"enemies":"3 Shapes","floor":35.0,"turns":1.0},{"damage":9.0,"enemies":"3 Darklings","floor":36.0,"turns":3.0},{"damage":32,"enemies":"Transient","floor":37,"turns":5},{"damage":0,"enemies":"Spire Growth","floor":38,"turns":2},{"damage":29,"enemies":"Reptomancer","floor":41,"turns":3},{"damage":52,"enemies":"Giant Head","floor":44,"turns":6}],"seed_played":"-2443759455452395497","potions_obtained":[{"floor":1.0,"key":"Energy Potion"},{"floor":8.0,"key":"dioMod:HumanBlood"},{"floor":11.0,"key":"Adrenaline Potion"},{"floor":14.0,"key":"Elixir"},{"floor":18.0,"key":"Dexterity Potion"},{"floor":27.0,"key":"Block Potion"},{"floor":33.0,"key":"AttackPotion"},{"floor":38,"key":"AttackPotion"}],"is_trial":false,"path_per_floor":["M","?","?","M","M","E","R","E","T","R","M","R","$","M","R","B",null,"M","?","M","$","T","R","E","M","T","E","M","$","M","?","R_BF","B",null,"M","M","M","M","?","R","E","?","T","E"],"character_chosen":"THE_DEFAULT","items_purchased":["dioMod:DarkRebirth+1","dioMod:DominatingPresence","Blue Doll","dioMod:MudaMudaMuda","SkillPotion"],"campfire_rested":3,"item_purchase_floors":[13,13,21,21,21],"current_hp_per_floor":[76,76,76,83,78,41,67,31,31,57,68,68,68,76,76,46,89,89,89,77,77,77,77,89,89,89,60,70,70,85,89,89,89,89,81,74,45,45,45,71,42,43,44,0,0],"gold":627,"neow_bonus":"TWENTY_PERCENT_HP_BONUS","is_daily":false,"chose_seed":false,"campfire_upgraded":3,"win_rate":0.0,"timestamp":1610352834,"path_taken":["M","?","?","?","M","E","R","E","T","R","M","R","$","M","R","BOSS","M","?","M","$","?","R","E","M","T","E","M","$","M","?","R_BF","BOSS","M","M","M","M","?","R","E","?","T","E"],"items_purchased_type":["Card","Card","Relic","Card","Potion"],"build_version":"2020-12-22","purchased_purges":2,"victory":false,"max_hp_per_floor":[89,89,89,89,89,89,89,89,89,89,89,89,89,89,89,89,89,89,89,89,89,89,89,89,89,89,89,89,89,89,89,89,89,89,89,89,89,89,89,89,89,85,85,85,85],"card_choices":[{"not_picked":["dioMod:CoffinBath","dioMod:ComposedMuda"],"picked":"dioMod:LaserVision","floor":1.0},{"not_picked":["dioMod:ComboFever","dioMod:SadisticLaugh"],"picked":"dioMod:BloodSplash","floor":4.0},{"not_picked":["dioMod:LaserVision","dioMod:BloodSuck"],"picked":"dioMod:TripleThreat","floor":5.0},{"not_picked":["dioMod:SlashThroughTime","dioMod:BloodSplash"],"picked":"dioMod:Freeze","floor":6.0},{"not_picked":["dioMod:BloodSplash","dioMod:ComboFever"],"picked":"dioMod:DisarmingVoice","floor":8.0},{"not_picked":["dioMod:LaserVision","dioMod:MudaMudaMuda"],"picked":"dioMod:Hiss","floor":11.0},{"not_picked":["dioMod:CautiousMuda","dioMod:SecretPlan"],"picked":"dioMod:Roundabout","floor":14.0},{"not_picked":["dioMod:SevenPageMuda","dioMod:UltimateSacrifice"],"picked":"dioMod:Despair","floor":16.0},{"not_picked":["dioMod:BloodSplash","dioMod:SecretPlan"],"picked":"dioMod:CautiousMuda+1","floor":18.0},{"not_picked":["dioMod:Freeze","dioMod:CautiousMuda"],"picked":"dioMod:Muda","floor":20.0},{"not_picked":["dioMod:DarkRebirth","dioMod:MudaMudaMuda"],"picked":"dioMod:BloodSplash+1","floor":24.0},{"not_picked":["dioMod:Hiss","dioMod:Minions","dioMod:CautiousMuda"],"picked":"SKIP","floor":25.0},{"not_picked":["dioMod:LaserVision","dioMod:DarkRebirth+1"],"picked":"dioMod:Muda","floor":27.0},{"not_picked":["dioMod:Hiss+1","dioMod:DaggerToss+1"],"picked":"dioMod:TheWalk","floor":28.0},{"not_picked":["dioMod:VengefulMuda","dioMod:Donut+1"],"picked":"dioMod:Muda","floor":30.0},{"not_picked":["dioMod:DisarmingVoice","dioMod:Roundabout"],"picked":"dioMod:DaggerSpree","floor":31.0},{"not_picked":["dioMod:Pluck","dioMod:UltimateSacrifice"],"picked":"dioMod:SevenPageMuda","floor":33.0},{"not_picked":["dioMod:BlendIn","dioMod:LaserVision"],"picked":"dioMod:GoodbyeJojo+1","floor":35.0},{"not_picked":["dioMod:WRYYY","dioMod:MudaMudaMuda+1"],"picked":"dioMod:DisarmingVoice+1","floor":36.0},{"not_picked":["theMarked:Static+1","theMarked:Parry"],"picked":"theMarked:HeightenedSenses","floor":37},{"not_picked":["theMarked:WastefulAttack","theMarked:Parkour+1"],"picked":"theMarked:EmpowerWeapon+1","floor":38},{"not_picked":["theMarked:Snap","theMarked:ElectricStrings"],"picked":"theMarked:EmpowerWeapon+1","floor":41}],"player_experience":483425,"relics_obtained":[{"floor":6.0,"key":"FossilizedHelix"},{"floor":8.0,"key":"Centennial Puzzle"},{"floor":9.0,"key":"WingedGreaves"},{"floor":22.0,"key":"Akabeko"},{"floor":24.0,"key":"Iron Hammer"},{"floor":26.0,"key":"Replay:Bottled Snecko"},{"floor":27.0,"key":"Matryoshka"},{"floor":31.0,"key":"Calipers"},{"floor":31.0,"key":"InkBottle"},{"floor":32.0,"key":"Replay:Bandana"},{"floor":39,"key":"ReplayTheSpireMod:Ring of Collecting"},{"floor":41,"key":"Tintinnabulum"},{"floor":43,"key":"ReplayTheSpireMod:Shallot"},{"floor":43,"key":"Juzu Bracelet"},{"floor":43,"key":"Ring of Greed"},{"floor":43,"key":"Smiling Mask"},{"floor":43,"key":"MealTicket"}],"event_choices":[{"damage_healed":0.0,"max_hp_gain":0.0,"max_hp_loss":0.0,"gold_gain":0.0,"event_name":"WeMeetAgain","player_choice":"Gave Potion","floor":3.0,"gold_loss":0.0,"damage_taken":0.0,"relics_obtained":["HornCleat"]},{"damage_healed":0.0,"max_hp_gain":0.0,"max_hp_loss":0.0,"gold_gain":100.0,"event_name":"Golden Shrine","player_choice":"Pray","floor":19.0,"gold_loss":0.0,"damage_taken":0.0},{"damage_healed":0.0,"max_hp_gain":0.0,"max_hp_loss":0.0,"gold_gain":0.0,"event_name":"Colosseum","player_choice":"Fight","floor":31.0,"gold_loss":0.0,"damage_taken":0.0},{"damage_healed":0.0,"max_hp_gain":0.0,"max_hp_loss":0.0,"gold_gain":0.0,"event_name":"Colosseum","player_choice":"Fought Nobs","floor":31.0,"gold_loss":0.0,"damage_taken":0.0},{"damage_healed":0,"gold_gain":0,"player_choice":"Max HP","damage_taken":0,"max_hp_gain":0,"max_hp_loss":4,"event_name":"Winding Halls","floor":42,"gold_loss":0}],"is_beta":false,"boss_relics":[{"not_picked":["Runesmith:UraniumAnvil","Runic Pyramid"],"picked":"Replay:Bronze Core"},{"not_picked":["Painkiller Herb","Black Star"],"picked":"dioMod:JoestarBlood"}],"items_purged_floors":[13,29],"is_endless":false,"potions_floor_spawned":[1,8,11,14,18,27,31,31,33,38],"killed_by":"Giant Head","ascension_level":4}}