{"host":"8lgo2trwv2o0qyml","time":1610375851,"event":{"mods":["BaseMod","Colored Map","Colored Powertips","DeckTracker","Highlight Path","Hubris","Infinite Spire","Minty Spire (QoL Compilation)","Quick Restart","Random Character Button","Relic Sorter","Replay The Spire","StSLib","SuperFastMode","Synergy Search"],"gold_per_floor":[111,128,228,242,0,33,33,43,69,79,79,92,108,143,143,240,240,251,251,251,270,285,285,285,285,311,311,311],"floor_reached":27,"playtime":1369,"items_purged":[],"score":325,"play_id":"7bcfae03-56af-4929-92cb-5eda61a406a5","local_time":"20210111093731","is_ascension_mode":false,"campfire_choices":[{"data":"Mayhem","floor":7,"key":"SMITH"},{"floor":15,"key":"REST"},{"data":"Echo Form","floor":23,"key":"SMITH"}],"circlet_count":0,"master_deck":["Strike_B","Strike_B","Strike_B","Defend_B","Defend_B","Defend_B","Zap","Gash","Steam","Beam Cell","Mayhem+1","Ball Lightning","White Noise","Gash","Echo Form+1","Conserve Battery","Gash","hubris:Ukulele","All For One","FTL","Electrodynamics","Double Energy","infinitespire:Collect","Redo","ReplayGash","infinitespire:Punishment"],"relics":["Cracked Core","infinitespire:WardingShard","Anchor","StoneCalendar","Oddly Smooth Stone"],"acts_visited":["Exordium","TheCity"],"potions_floor_usage":[14,16,16,27],"damage_taken":[{"damage":5,"enemies":"Jaw Worm","floor":1,"turns":4},{"damage":0,"enemies":"Cultist","floor":2,"turns":4},{"damage":2,"enemies":"Small Slimes","floor":4,"turns":3},{"damage":25,"enemies":"Gremlin Nob","floor":6,"turns":4},{"damage":12,"enemies":"Blue Slaver","floor":8,"turns":3},{"damage":5,"enemies":"2 Fungi Beasts","floor":10,"turns":3},{"damage":0,"enemies":"Looter","floor":12,"turns":3},{"damage":0,"enemies":"Large Slime","floor":13,"turns":5},{"damage":9,"enemies":"Lagavulin","floor":14,"turns":6},{"damage":25,"enemies":"The Guardian","floor":16,"turns":9},{"damage":0,"enemies":"Chosen","floor":18,"turns":3},{"damage":0,"enemies":"Shell Parasite","floor":21,"turns":5},{"damage":16,"enemies":"Snecko","floor":22,"turns":5},{"damage":15,"enemies":"Colosseum Slavers","floor":27,"turns":3},{"damage":14,"enemies":"Colosseum Nobs","floor":27,"turns":2}],"seed_played":"-7534755683270587236","potions_obtained":[{"floor":4,"key":"Elixir"},{"floor":10,"key":"Block Potion"},{"floor":12,"key":"Strength Potion"},{"floor":13,"key":"FocusPotion"},{"floor":21,"key":"AttackPotion"}],"is_trial":false,"path_per_floor":["M","M","?","M","$","E","R","M","T","M","?","M","M","E","R","B",null,"M","?","AVR","M","M","R","?","?","T","?"],"character_chosen":"DEFECT","items_purchased":["Mayhem","Ball Lightning"],"campfire_rested":1,"item_purchase_floors":[5,5],"current_hp_per_floor":[70,70,70,68,68,43,43,31,31,26,31,31,31,22,46,21,80,80,80,80,80,64,64,49,28,28,0,0],"gold":311,"neow_bonus":"TRANSFORM_CARD","is_daily":false,"chose_seed":false,"campfire_upgraded":2,"win_rate":0.0,"timestamp":1610375851,"path_taken":["M","M","?","M","$","E","R","M","T","?","?","M","M","E","R","BOSS","M","?","AVR","M","M","R","?","?","T","?"],"items_purchased_type":["Card","Card"],"build_version":"2020-12-22","purchased_purges":0,"victory":false,"max_hp_per_floor":[75,75,75,75,75,75,75,75,75,75,80,80,80,80,80,80,80,80,80,80,80,80,80,85,85,85,85,85],"card_choices":[{"not_picked":["Chaos","Redo"],"picked":"Gash","floor":1},{"not_picked":["Steam Power","Stack"],"picked":"Steam","floor":2},{"not_picked":["Reinforced Body","Stack"],"picked":"Beam Cell","floor":4},{"not_picked":["Stack","ReplayGash"],"picked":"White Noise","floor":6},{"not_picked":["White Noise","Self Repair"],"picked":"Gash","floor":8},{"not_picked":["Barrage","Conserve Battery"],"picked":"Echo Form","floor":10},{"not_picked":["Cold Snap","Beam Cell"],"picked":"Conserve Battery","floor":12},{"not_picked":["Steam","BasicCrystalCard"],"picked":"Gash","floor":13},{"not_picked":["Coolheaded","Hologram"],"picked":"hubris:Ukulele","floor":14},{"not_picked":["Rainbow","hubris:SpecializedCircuitry"],"picked":"All For One","floor":16},{"not_picked":["ReplayTheSpireMod:Repulse","ReplayTheSpireMod:GoodbyeWorld+1"],"picked":"FTL","floor":18},{"not_picked":["Hologram","ReplaySort"],"picked":"Redo","floor":21},{"not_picked":["Panic Button","Sweeping Beam"],"picked":"ReplayGash","floor":22},{"not_picked":["hubris:InfiniteBlow","infinitespire:Execution"],"picked":"infinitespire:Punishment","floor":25}],"player_experience":49065,"relics_obtained":[{"floor":6,"key":"infinitespire:WardingShard"},{"floor":9,"key":"Anchor"},{"floor":14,"key":"StoneCalendar"},{"floor":26,"key":"Oddly Smooth Stone"}],"event_choices":[{"damage_healed":0,"gold_gain":100,"player_choice":"Pray","damage_taken":0,"max_hp_gain":0,"max_hp_loss":0,"event_name":"Golden Shrine","floor":3,"gold_loss":0},{"damage_healed":0,"gold_gain":0,"player_choice":"Donut","damage_taken":0,"max_hp_gain":5,"max_hp_loss":0,"event_name":"Big Fish","floor":11,"gold_loss":0},{"damage_healed":0,"gold_gain":0,"cards_transformed":["Defend_B","Strike_B"],"player_choice":"Became Test Subject","damage_taken":0,"max_hp_gain":0,"max_hp_loss":0,"event_name":"Drug Dealer","floor":19,"gold_loss":0,"cards_obtained":["Electrodynamics","Double Energy"]},{"damage_healed":0,"gold_gain":0,"player_choice":"Shed Blood","damage_taken":20,"max_hp_gain":5,"max_hp_loss":0,"event_name":"Forgotten Altar","floor":24,"gold_loss":0},{"damage_healed":0,"gold_gain":0,"player_choice":"Fight","damage_taken":0,"max_hp_gain":0,"max_hp_loss":0,"event_name":"Colosseum","floor":27,"gold_loss":0},{"damage_healed":0,"gold_gain":0,"player_choice":"Fought Nobs","damage_taken":0,"max_hp_gain":0,"max_hp_loss":0,"event_name":"Colosseum","floor":27,"gold_loss":0}],"is_beta":false,"boss_relics":[{"not_picked":["Sozu","Velvet Choker","Fusion Hammer"]}],"items_purged_floors":[],"is_endless":false,"potions_floor_spawned":[4,10,12,13,21],"killed_by":"Colosseum Nobs","ascension_level":0}}