{"host":"5s7sm4h73jkd9266","time":1610339814,"event":{"mods":["AchievementEnabler","Bartender","BaseMod","Better Match","Better Vampires","BetterRewards","Colored Map","Colored Powertips","Conspire","Downfall","Energized Spire","GifTheSpireLib","Hermit","Hubris","Magitek Elite","Marisa????????","Melee Mod","Minty Spire (QoL Compilation)","Potion Indicator Mod","Rare Cards Sparkle","Relic Stats","Replay The Spire","Robot Space Explorer","Shop Mod","StSLib","Stuff the Spire","The Bladedancer","The Blue Laboratory","The Cursed","The Disciple","The Dragon Tamer","The Forsaken","The Necromancer","The Wild Card","The Witch","Virulent Crown","everything is the same but u backflip on backflip","slay the spire mod where everything is the same but ironclad has a cowboy hat","vexMod"],"gold_per_floor":[115,134,134,144,104,104,4,4,28,105,105,143,143,153,153,236,236,257,207,6,30,42,42,42],"floor_reached":23,"playtime":1885,"items_purged":[],"score":335,"play_id":"e01b43f9-0d29-4d53-b9e6-12ed1f81f569","local_time":"20210110233654","is_ascension_mode":true,"campfire_choices":[{"floor":6.0,"key":"REST"},{"data":"Zap","floor":8.0,"key":"SMITH"},{"data":"Conserve Battery","floor":13.0,"key":"SMITH"},{"floor":15.0,"key":"REST"}],"circlet_count":0,"master_deck":["AscendersBane","Strike_B","Strike_B","Strike_B","Strike_B","Defend_B","Defend_B+1","Defend_B","Defend_B+1","Zap+1","Dualcast","Mirror Shield+1","Chill","StuffTheSpire:Coldhearted","Regret","Conserve Battery+1","Stack+1","conspire:SpireCoStock+1","conspire:SpireCoStock","Cold Snap","Conserve Battery","Pride","Pride","Echo Form","Gash","Self Repair","Doom and Gloom","BasicCrystalCard"],"relics":["Cracked Core","StuffTheSpire:RedRose","War Paint","Snack Pack","Black Star","PreservedInsect"],"acts_visited":["Exordium","TheCity"],"potions_floor_usage":[22,22],"damage_taken":[{"damage":3.0,"enemies":"Small Slimes","floor":1.0,"turns":4.0},{"damage":4.0,"enemies":"2 Louse","floor":2.0,"turns":3.0},{"damage":7.0,"enemies":"Jaw Worm","floor":4.0,"turns":5.0},{"damage":5.0,"enemies":"Looter","floor":5.0,"turns":4.0},{"damage":2.0,"enemies":"Exordium Thugs","floor":12.0,"turns":4.0},{"damage":4.0,"enemies":"Red Slaver","floor":14.0,"turns":3.0},{"damage":16.0,"enemies":"Hexaghost","floor":16.0,"turns":9.0},{"damage":4,"enemies":"Chosen","floor":18,"turns":6},{"damage":9,"enemies":"3 Byrds","floor":21,"turns":4},{"damage":20,"enemies":"Snake Plant","floor":22,"turns":5},{"damage":43,"enemies":"Gremlin Leader","floor":23,"turns":2}],"seed_played":"-6280881328093752014","potions_obtained":[{"floor":2.0,"key":"blueLaboratory:ExaltedPotion"},{"floor":4.0,"key":"SteroidPotion"},{"floor":16.0,"key":"blueLaboratory:SavagePotion"},{"floor":18,"key":"blueLaboratory:SystemWipe"}],"is_trial":false,"path_per_floor":["M","M","?","M","M","R","?","R","T","T","?","M","R","M","R","B",null,"M","?","$","M","M","E"],"character_chosen":"DEFECT","items_purchased":["PreservedInsect","Self Repair"],"campfire_rested":2,"item_purchase_floors":[20,20],"current_hp_per_floor":[61,57,57,50,45,66,66,66,66,66,66,66,66,62,71,55,67,63,63,63,61,41,0,0],"gold":42,"neow_bonus":"ONE_RANDOM_RARE_CARD","is_daily":false,"chose_seed":false,"campfire_upgraded":2,"win_rate":0.0,"timestamp":1610339814,"path_taken":["M","M","?","M","M","R","?","R","T","?","?","M","R","?","R","BOSS","M","?","$","?","?","E"],"items_purchased_type":["Relic","Card"],"build_version":"2020-12-22","purchased_purges":0,"victory":false,"max_hp_per_floor":[71,71,71,71,71,71,71,71,71,71,71,71,71,71,71,71,71,71,71,71,71,71,71,71],"relic_stats":{"counters":[25,110],"PreservedInsect":46,"Black Star":0,"War Paint":["Mirror Shield","Defend_B"],"obtain_stats":[{"Angel_Ring":26,"downfall:HeartsMalice":0,"PreservedInsect":20,"War Paint":9,"Replay:Arrowhead":6,"WarpedTongs":2,"Bronze Scales":10,"Prayer Wheel":16,"Fusion Hammer":19,"hubris:TenFootPole":28,"Snack Pack":10,"Black Star":17,"Replay:Wax Seal":11,"StuffTheSpire:RedRose":3,"Cracked Core":0,"hubris:Potato":13,"ReplayTheSpireMod:ShopPack":0},{"Angel_Ring":10,"downfall:HeartsMalice":0,"PreservedInsect":22,"War Paint":18,"Replay:Arrowhead":3,"WarpedTongs":1,"Bronze Scales":4,"Prayer Wheel":6,"Fusion Hammer":7,"hubris:TenFootPole":10,"Snack Pack":18,"Black Star":21,"Replay:Wax Seal":4,"StuffTheSpire:RedRose":16,"Cracked Core":0,"hubris:Potato":4,"ReplayTheSpireMod:ShopPack":0},{"Angel_Ring":39,"downfall:HeartsMalice":0,"PreservedInsect":99,"War Paint":77,"Replay:Arrowhead":13,"WarpedTongs":3,"Bronze Scales":18,"Prayer Wheel":23,"Fusion Hammer":32,"hubris:TenFootPole":39,"Snack Pack":77,"Black Star":93,"Replay:Wax Seal":18,"StuffTheSpire:RedRose":68,"Cracked Core":0,"hubris:Potato":18,"ReplayTheSpireMod:ShopPack":0}]},"card_choices":[{"not_picked":["Ball Lightning","Rebound"],"picked":"Chill","floor":1.0},{"not_picked":["Chaos","Force Field"],"picked":"StuffTheSpire:Coldhearted","floor":2.0},{"not_picked":["Hologram","Barrage"],"picked":"Conserve Battery","floor":4.0},{"not_picked":["StuffTheSpire:Coldhearted","Crystallizer"],"picked":"Stack","floor":5.0},{"not_picked":["Storm","Double Energy"],"picked":"Cold Snap","floor":12.0},{"not_picked":["Steam","StuffTheSpire:ShieldGenerator"],"picked":"Conserve Battery","floor":14.0},{"not_picked":["StuffTheSpire:EventHorizon","Thunder Strike"],"picked":"Echo Form","floor":16.0},{"not_picked":["StuffTheSpire:Coldhearted","Sweeping Beam"],"picked":"Gash","floor":18},{"not_picked":["Recycle","Streamline"],"picked":"Doom and Gloom","floor":21},{"not_picked":["StuffTheSpire:LoadUp+1","Sweeping Beam"],"picked":"BasicCrystalCard","floor":22}],"player_experience":5484713,"relics_obtained":[{"floor":9.0,"key":"War Paint"},{"floor":10.0,"key":"Snack Pack"}],"event_choices":[{"damage_healed":0.0,"max_hp_gain":0.0,"max_hp_loss":0.0,"gold_gain":0.0,"event_name":"conspire:Investor","player_choice":"Invest 2","floor":7.0,"gold_loss":0.0,"damage_taken":0.0},{"damage_healed":0.0,"max_hp_gain":0.0,"max_hp_loss":0.0,"gold_gain":0.0,"event_name":"Upgrade Shrine","player_choice":"Upgraded","floor":11.0,"gold_loss":0.0,"damage_taken":0.0,"cards_upgraded":["Stack"]},{"damage_healed":0,"gold_gain":0,"player_choice":"Upgraded Two","damage_taken":0,"max_hp_gain":0,"max_hp_loss":0,"event_name":"Designer","floor":19,"gold_loss":50,"cards_upgraded":["conspire:SpireCoStock","Defend_B"]}],"is_beta":false,"boss_relics":[{"not_picked":["Replay:Bronze Core","energizedSpire:StickyHand"],"picked":"Black Star"}],"items_purged_floors":[],"is_endless":false,"potions_floor_spawned":[2,4,16,18],"killed_by":"Gremlin Leader","ascension_level":17}}