{"host":"3y2rtlgteqp2nuo3","time":1610388598,"event":{"mods":["2.2 Compatiblity","AchievementEnabler","BaseMod","Colored Map","DeckTracker","Highlight Path","Keyboard Shortcuts","Minty Spire (QoL Compilation)","Permanent Neow","Quick Restart","StSLib","SuperFastMode","everything is the same but u backflip on backflip"],"gold_per_floor":[364,374,388,388,183,517,517,692,692,704,76,76,76,96,96,201,201,220,220,234,249,174,174,174,186,186,201,6,6,6,6,6,111,111,129,48,48,59,59,59,77,77,103,123,123,123,141,151,151,151],"floor_reached":51,"playtime":1746,"items_purged":["Strike_G","Doubt","Strike_G"],"score":948,"play_id":"d556f298-6c4c-4047-ab8e-5253d184f09a","local_time":"20210112030958","is_ascension_mode":true,"campfire_choices":[{"floor":7.0,"key":"REST"},{"data":"Blade Dance","floor":12.0,"key":"SMITH"},{"data":"Phantasmal Killer","floor":15.0,"key":"SMITH"},{"floor":23.0,"key":"REST"},{"data":"Accuracy","floor":24.0,"key":"SMITH"},{"data":"Accuracy","floor":30.0,"key":"SMITH"},{"floor":32.0,"key":"REST"},{"floor":40.0,"key":"REST"},{"floor":42.0,"key":"REST"},{"data":"Well Laid Plans","floor":46.0,"key":"SMITH"},{"floor":49,"key":"REST"}],"circlet_count":0,"master_deck":["Defend_G","Defend_G","Defend_G","Defend_G","Defend_G","Survivor","Neutralize+1","Dagger Spray","Blade Dance+1","Phantasmal Killer+1","Well Laid Plans+1","Trip","Calculated Gamble","Accuracy+1","Blade Dance","Dodge and Roll+1","A Thousand Cuts","Dash","Calculated Gamble+1","Doppelganger","Underhanded Strike","PiercingWail+1","Accuracy+1","Tools of the Trade","Noxious Fumes+1","Leg Sweep","Flash of Steel","Finesse","Dark Shackles","Accuracy+1"],"relics":["Ring of the Snake","Old Coin","WingedGreaves","Medical Kit","Kunai","Meat on the Bone","SlaversCollar","Thread and Needle","Empty Cage","Centennial Puzzle"],"acts_visited":["Exordium","TheCity","TheBeyond"],"potions_floor_usage":[50],"damage_taken":[{"damage":0.0,"enemies":"Small Slimes","floor":1.0,"turns":3.0},{"damage":2.0,"enemies":"2 Louse","floor":2.0,"turns":2.0},{"damage":4.0,"enemies":"Jaw Worm","floor":3.0,"turns":4.0},{"damage":26.0,"enemies":"Lagavulin","floor":6.0,"turns":6.0},{"damage":0.0,"enemies":"2 Fungi Beasts","floor":10.0,"turns":3.0},{"damage":0.0,"enemies":"Looter","floor":14.0,"turns":1.0},{"damage":0.0,"enemies":"Slime Boss","floor":16.0,"turns":6.0},{"damage":3.0,"enemies":"Chosen","floor":18.0,"turns":6.0},{"damage":25.0,"enemies":"2 Thieves","floor":20.0,"turns":4.0},{"damage":9.0,"enemies":"Shelled Parasite and Fungi","floor":21.0,"turns":4.0},{"damage":16.0,"enemies":"Centurion and Healer","floor":25.0,"turns":6.0},{"damage":6.0,"enemies":"Snecko","floor":27.0,"turns":5.0},{"damage":49.0,"enemies":"Champ","floor":33.0,"turns":9.0},{"damage":3.0,"enemies":"3 Shapes","floor":35.0,"turns":5.0},{"damage":6.0,"enemies":"Orb Walker","floor":38.0,"turns":4.0},{"damage":13.0,"enemies":"Jaw Worm Horde","floor":41.0,"turns":5.0},{"damage":8.0,"enemies":"Spire Growth","floor":44.0,"turns":5.0},{"damage":11.0,"enemies":"Writhing Mass","floor":47.0,"turns":7.0},{"damage":26,"enemies":"Jaw Worm Horde","floor":48,"turns":5},{"damage":21,"enemies":"Awakened One","floor":50,"turns":11}],"seed_played":"-2803811302068054446","potions_obtained":[{"floor":3.0,"key":"SkillPotion"},{"floor":10.0,"key":"Ancient Potion"},{"floor":14.0,"key":"EssenceOfSteel"},{"floor":20.0,"key":"SkillPotion"},{"floor":21.0,"key":"LiquidBronze"},{"floor":27.0,"key":"DistilledChaos"},{"floor":33.0,"key":"FearPotion"},{"floor":35.0,"key":"FairyPotion"}],"is_trial":false,"path_per_floor":["M","M","M","?","$","E","R","?","T","M","$","R","?","M","R","B",null,"M","?","M","M","?","R","R","M","T","M","$","?","R","?","R","B",null,"M","$","?","M","?","R","M","R","T","M","?","R","M","M","R","B",null],"character_chosen":"THE_SILENT","items_purchased":["Well Laid Plans","Trip","Medical Kit","Kunai","Accuracy","Blade Dance","Accuracy","Leg Sweep"],"campfire_rested":6,"item_purchase_floors":[5,5,11,11,11,11,28,36],"current_hp_per_floor":[63,61,57,57,57,31,49,49,49,49,49,49,31,43,43,43,58,55,55,42,33,33,51,51,35,35,41,41,41,41,41,59,22,53,50,50,50,44,34,52,39,57,57,49,49,49,38,24,42,33],"gold":151,"neow_bonus":"TWO_FIFTY_GOLD","is_daily":false,"chose_seed":false,"campfire_upgraded":5,"win_rate":0.0,"timestamp":1610388598,"path_taken":["M","M","M","?","$","E","R","?","T","M","$","R","?","M","R","BOSS","M","?","M","M","?","R","R","M","T","M","$","?","R","?","R","BOSS","M","$","?","M","?","R","M","R","T","M","?","R","M","?","R","BOSS"],"items_purchased_type":["Card","Card","Relic","Relic","Card","Card","Card","Card"],"build_version":"2020-12-22","purchased_purges":3,"victory":true,"max_hp_per_floor":[63,63,63,63,63,63,63,63,63,63,63,63,63,63,63,63,63,63,63,63,63,63,63,63,63,63,63,63,63,63,63,63,63,63,63,63,60,60,60,60,60,60,60,60,60,60,60,60,60,60],"card_choices":[{"not_picked":["PiercingWail","Sucker Punch"],"picked":"Dagger Spray","floor":1.0},{"not_picked":["Flying Knee","Choke"],"picked":"Blade Dance","floor":2.0},{"not_picked":["Footwork","Deflect"],"picked":"Phantasmal Killer","floor":3.0},{"not_picked":["Bane","Noxious Fumes"],"picked":"Calculated Gamble","floor":6.0},{"not_picked":["Masterful Stab","Dagger Spray","Bane"],"picked":"SKIP","floor":10.0},{"not_picked":["Flying Knee","Prepared","Eviscerate"],"picked":"SKIP","floor":14.0},{"not_picked":["Corpse Explosion","Grand Finale"],"picked":"Storm of Steel","floor":16.0},{"not_picked":["Cloak And Dagger","Bouncing Flask"],"picked":"Dodge and Roll+1","floor":18.0},{"not_picked":["Flying Knee","Deadly Poison"],"picked":"Calculated Gamble+1","floor":20.0},{"not_picked":["Dagger Spray+1","Slice+1"],"picked":"Doppelganger","floor":21.0},{"not_picked":["Cloak And Dagger","Concentrate+1"],"picked":"Underhanded Strike","floor":25.0},{"not_picked":["Quick Slash","Prepared+1"],"picked":"PiercingWail+1","floor":27.0},{"not_picked":["Glass Knife","Bullet Time"],"picked":"Tools of the Trade","floor":33.0},{"not_picked":["Quick Slash","Cloak And Dagger"],"picked":"Noxious Fumes+1","floor":35.0},{"not_picked":["Acrobatics+1","Bane+1","Burst"],"picked":"SKIP","floor":38.0},{"not_picked":["Thinking Ahead","Blind"],"picked":"Flash of Steel","floor":39.0},{"not_picked":["Trip","Forethought"],"picked":"Finesse","floor":39.0},{"not_picked":["The Bomb","Violence"],"picked":"Dark Shackles","floor":39.0},{"not_picked":["Poisoned Stab+1","Well Laid Plans"],"picked":"Accuracy+1","floor":41.0},{"not_picked":["Dagger Spray","PiercingWail","Reflex"],"picked":"SKIP","floor":44.0},{"not_picked":["Crippling Poison","Masterful Stab+1","Deadly Poison+1"],"picked":"SKIP","floor":47.0},{"not_picked":["Sucker Punch","Finisher","Crippling Poison+1"],"picked":"SKIP","floor":48}],"player_experience":673719,"relics_obtained":[{"floor":6.0,"key":"Old Coin"},{"floor":9.0,"key":"WingedGreaves"},{"floor":26.0,"key":"Thread and Needle"},{"floor":43.0,"key":"Centennial Puzzle"}],"event_choices":[{"damage_healed":0.0,"max_hp_gain":0.0,"max_hp_loss":0.0,"gold_gain":0.0,"event_name":"Living Wall","player_choice":"Grow","floor":4.0,"gold_loss":0.0,"damage_taken":0.0,"cards_upgraded":["Neutralize"]},{"damage_healed":0.0,"max_hp_gain":0.0,"max_hp_loss":0.0,"gold_gain":175.0,"event_name":"Liars Game","player_choice":"AGREE","floor":8.0,"gold_loss":0.0,"damage_taken":0.0,"cards_obtained":["Doubt"]},{"damage_healed":0.0,"max_hp_gain":0.0,"max_hp_loss":0.0,"gold_gain":0.0,"event_name":"Scrap Ooze","player_choice":"Success","floor":13.0,"gold_loss":0.0,"damage_taken":18.0,"relics_obtained":["Meat on the Bone"]},{"damage_healed":0.0,"max_hp_gain":0.0,"max_hp_loss":0.0,"gold_gain":0.0,"cards_transformed":["Strike_G","Strike_G"],"event_name":"Drug Dealer","player_choice":"Became Test Subject","floor":19.0,"gold_loss":0.0,"damage_taken":0.0,"cards_obtained":["A Thousand Cuts","Dash"]},{"cards_removed":["Strike_G"],"damage_healed":0.0,"max_hp_gain":0.0,"max_hp_loss":0.0,"gold_gain":0.0,"event_name":"Beggar","player_choice":"Gave Gold","floor":22.0,"gold_loss":75.0,"damage_taken":0.0},{"damage_healed":0.0,"max_hp_gain":0.0,"max_hp_loss":0.0,"gold_gain":0.0,"event_name":"Vampires","player_choice":"Ignored","floor":29.0,"gold_loss":0.0,"damage_taken":0.0},{"damage_healed":0.0,"max_hp_gain":0.0,"max_hp_loss":0.0,"gold_gain":0.0,"event_name":"Forgotten Altar","player_choice":"Smashed Altar","floor":31.0,"gold_loss":0.0,"damage_taken":0.0,"cards_obtained":["Decay"]},{"damage_healed":0.0,"max_hp_gain":0.0,"max_hp_loss":3.0,"gold_gain":0.0,"event_name":"Winding Halls","player_choice":"Max HP","floor":37.0,"gold_loss":0.0,"damage_taken":0.0},{"damage_healed":0.0,"max_hp_gain":0.0,"max_hp_loss":0.0,"gold_gain":0.0,"event_name":"SensoryStone","player_choice":"Memory 3","floor":39.0,"gold_loss":0.0,"damage_taken":10.0},{"damage_healed":0.0,"max_hp_gain":0.0,"max_hp_loss":0.0,"gold_gain":0.0,"event_name":"Mysterious Sphere","player_choice":"Ignored","floor":45.0,"gold_loss":0.0,"damage_taken":0.0}],"is_beta":false,"boss_relics":[{"not_picked":["Snecko Eye","HoveringKite"],"picked":"SlaversCollar"},{"not_picked":["Ring of the Serpent","Coffee Dripper"],"picked":"Empty Cage"}],"items_purged_floors":[5,11,28],"is_endless":false,"potions_floor_spawned":[3,10,14,20,21,27,33,35,47],"ascension_level":7}}