{"host":"31s8hzukbhz1k6i6","time":1610405147,"event":{"mods":["AchievementEnabler","BaseMod","Bestiary","Colored Map","Filter the Spire","Minty Spire (QoL Compilation)","Relic Stats","ojb\u0027s Info Mod"],"gold_per_floor":[115,134,134,209,225,225,259,275,298,298,298,312,79,79,79,155,155,171,184,196,196,196],"floor_reached":21,"playtime":900,"items_purged":["Strike_G"],"score":362,"play_id":"190d7c1d-4492-4f8c-b5cb-7dcefa571b87","local_time":"20210111144547","is_ascension_mode":true,"campfire_choices":[{"data":"Finisher","floor":6,"key":"SMITH"},{"floor":10,"key":"REST"},{"data":"Terror","floor":15,"key":"SMITH"}],"circlet_count":0,"master_deck":["AscendersBane","Strike_G","Strike_G","Strike_G","Strike_G","Defend_G","Defend_G","Defend_G","Defend_G","Defend_G","Survivor","Neutralize","Endless Agony","Finisher+1","Quick Slash","Slice","Dash","Terror+1","Phantasmal Killer","Malaise","CurseOfTheBell","Dodge and Roll+1","Cloak And Dagger","Blur"],"relics":["Ring of the Snake","PreservedInsect","Snake Skull","MealTicket","Calling Bell","Bag of Marbles","Letter Opener","StoneCalendar"],"acts_visited":["Exordium","TheCity"],"potions_floor_usage":[16],"damage_taken":[{"damage":4,"enemies":"2 Louse","floor":1,"turns":4},{"damage":0,"enemies":"Small Slimes","floor":2,"turns":4},{"damage":0,"enemies":"Jaw Worm","floor":5,"turns":3},{"damage":41,"enemies":"3 Sentries","floor":7,"turns":15},{"damage":1,"enemies":"3 Louse","floor":8,"turns":3},{"damage":0,"enemies":"Gremlin Gang","floor":12,"turns":6},{"damage":22,"enemies":"The Guardian","floor":16,"turns":8},{"damage":7,"enemies":"3 Byrds","floor":18,"turns":5},{"damage":24,"enemies":"Spheric Guardian","floor":19,"turns":5},{"damage":17,"enemies":"Centurion and Healer","floor":20,"turns":7},{"damage":12,"enemies":"Snecko","floor":21,"turns":2}],"seed_played":"4201770376427517131","potions_obtained":[{"floor":1,"key":"SpeedPotion"},{"floor":7,"key":"Strength Potion"},{"floor":12,"key":"SkillPotion"},{"floor":18,"key":"Dexterity Potion"}],"is_trial":false,"path_per_floor":["M","M","?","?","M","R","E","M","T","R","?","M","$","?","R","B",null,"M","M","M","M"],"character_chosen":"THE_SILENT","items_purchased":["Phantasmal Killer"],"campfire_rested":1,"item_purchase_floors":[13],"current_hp_per_floor":[55,55,55,44,44,44,3,2,2,21,26,26,41,41,41,19,58,51,27,10,0,0],"gold":196,"neow_bonus":"RANDOM_COMMON_RELIC","is_daily":false,"chose_seed":false,"campfire_upgraded":2,"win_rate":0.0,"timestamp":1610405147,"path_taken":["M","M","?","?","M","R","E","M","T","R","?","?","$","?","R","BOSS","M","M","?","?"],"items_purchased_type":["Card"],"build_version":"2020-12-22","purchased_purges":1,"victory":false,"max_hp_per_floor":[66,66,66,66,66,66,66,66,66,66,71,71,71,71,71,71,71,71,71,71,71,71],"relic_stats":{"counters":[11,62],"MealTicket":15,"StoneCalendar":[29],"PreservedInsect":31,"Snake Skull":[0],"Letter Opener":[30],"obtain_stats":[{"Calling Bell":17,"MealTicket":9,"StoneCalendar":17,"PreservedInsect":0,"Snake Skull":7,"Bag of Marbles":17,"Letter Opener":17,"Ring of the Snake":0},{"Calling Bell":7,"MealTicket":5,"StoneCalendar":7,"PreservedInsect":0,"Snake Skull":4,"Bag of Marbles":7,"Letter Opener":7,"Ring of the Snake":0},{"Calling Bell":43,"MealTicket":29,"StoneCalendar":43,"PreservedInsect":0,"Snake Skull":26,"Bag of Marbles":43,"Letter Opener":43,"Ring of the Snake":0}],"Ring of the Snake":[22]},"card_choices":[{"not_picked":["All Out Attack","Flying Knee"],"picked":"Endless Agony","floor":1},{"not_picked":["Choke","Backflip"],"picked":"Finisher","floor":2},{"not_picked":["Slice","Flying Knee"],"picked":"Quick Slash","floor":5},{"not_picked":["Tools of the Trade","Deflect"],"picked":"Slice","floor":7},{"not_picked":["Endless Agony","Acrobatics"],"picked":"Dash","floor":8},{"not_picked":["Dodge and Roll","Footwork"],"picked":"Terror","floor":12},{"not_picked":["Unload","Doppelganger"],"picked":"Malaise","floor":16},{"not_picked":["Catalyst","Accuracy+1"],"picked":"Dodge and Roll+1","floor":18},{"not_picked":["Bane","Catalyst"],"picked":"Cloak And Dagger","floor":19},{"not_picked":["Backstab","Quick Slash"],"picked":"Blur","floor":20}],"player_experience":172563,"relics_obtained":[{"floor":7,"key":"Snake Skull"},{"floor":9,"key":"MealTicket"},{"floor":17,"key":"Bag of Marbles"},{"floor":17,"key":"Letter Opener"},{"floor":17,"key":"StoneCalendar"}],"event_choices":[{"damage_healed":0,"gold_gain":0,"player_choice":"Ignored","damage_taken":0,"max_hp_gain":0,"max_hp_loss":0,"event_name":"Liars Game","floor":3,"gold_loss":0},{"damage_healed":0,"gold_gain":75,"player_choice":"Gather Gold","damage_taken":11,"max_hp_gain":0,"max_hp_loss":0,"event_name":"World of Goop","floor":4,"gold_loss":0},{"damage_healed":0,"gold_gain":0,"player_choice":"Donut","damage_taken":0,"max_hp_gain":5,"max_hp_loss":0,"event_name":"Big Fish","floor":11,"gold_loss":0},{"damage_healed":0,"gold_gain":0,"player_choice":"Got Potions","damage_taken":0,"max_hp_gain":0,"max_hp_loss":0,"event_name":"Lab","floor":14,"gold_loss":0}],"is_beta":false,"boss_relics":[{"not_picked":["Sozu","Philosopher\u0027s Stone"],"picked":"Calling Bell"}],"items_purged_floors":[13],"is_endless":false,"potions_floor_spawned":[1,7,12,18],"killed_by":"Snecko","ascension_level":20}}