{"host":"lyzyr6cv4ove76ms","time":1610394213,"event":{"mods":["BaseMod","Colored Map","Infinite Spire","Minty Spire (QoL Compilation)","Replay The Spire","StSLib"],"gold_per_floor":[115,115,115,115,144,184,184,219,271,271,303,343,343,366,366,474,474,458,488,587,616,616,651,651,694,694,694,729,729,654,345,345,459,509,534,534,556,581,617,617,657,657,657,657,688,733,833,857,857,971,971,988,1088,1110,1110,1134,1169,1169,1206,1230,1242,1276,1588,1600,1647,1659,1775,1787,1824,1936,1948,1988,2022,2034,2073,2100,2189,2201,2253,2265,2192,2204,2216,2316,2328,2344,2356,2375,2234,2238,2238,2254,1853,1935,1951,1951,1971,1982,2012,2012,2106,2106,2115,2115,2134,2150,2164,2164,2204,2129,2129,2129,2156,2156,2156,2156,2156,2270,2270,2291,2291,2304,1721,1770,1770,1822,1844,1920,1920,1930,1956,1871,1565,1565,1651,1651,1651,1651,1678,1699,1720,1723,1723,1755,1755,1780,1780,1780,1780,1821,1821,1899,1899,1899,875,925,1002],"floor_reached":158,"playtime":12925,"items_purged":["Strike_R+1"],"score":4772,"play_id":"10321878-60e4-4870-82b1-7fe1c7843540","local_time":"20210111204333","is_ascension_mode":true,"campfire_choices":[{"data":"infinitespire:OneForAll","floor":7.0,"key":"SMITH"},{"floor":10.0,"key":"REST"},{"data":"Demon Form","floor":13.0,"key":"SMITH"},{"floor":15.0,"key":"REST"},{"data":"Survivor","floor":24.0,"key":"SMITH"},{"floor":27.0,"key":"REST"},{"floor":32.0,"key":"REST"},{"data":"infinitespire:Fortify","floor":40.0,"key":"SMITH"},{"data":"Neutralize","floor":40.0,"key":"SMITH"},{"floor":42.0,"key":"REST"},{"data":"Defend_R","floor":44.0,"key":"SMITH"},{"data":"Defend_R","floor":44.0,"key":"SMITH"},{"floor":49.0,"key":"REST"},{"data":"Flame Barrier","floor":58.0,"key":"SMITH"},{"data":"Limit Break","floor":58.0,"key":"SMITH"},{"data":"Defend_R","floor":66.0,"key":"SMITH"},{"data":"Defend_R","floor":66.0,"key":"SMITH"},{"floor":74.0,"key":"RECALL"},{"data":"Demon Form","floor":80.0,"key":"SMITH"},{"data":"Strike_R","floor":80.0,"key":"SMITH"},{"data":"Strike_R","floor":83.0,"key":"SMITH"},{"data":"Strike_R","floor":83.0,"key":"SMITH"},{"floor":91.0,"key":"REST"},{"floor":100.0,"key":"REST"},{"floor":108.0,"key":"REST"},{"data":"Defend_R+1","floor":114.0,"key":"SMITH"},{"data":"Defend_R+1","floor":114.0,"key":"SMITH"},{"data":"Defend_R+1","floor":117.0,"key":"SMITH"},{"data":"Defend_R+2","floor":117.0,"key":"SMITH"},{"data":"Defend_R+2","floor":125.0,"key":"SMITH"},{"data":"Strike_R+1","floor":125.0,"key":"SMITH"},{"data":"Defend_R+3","floor":134.0,"key":"SMITH"},{"data":"Defend_R+3","floor":134.0,"key":"SMITH"},{"data":"Defend_R+3","floor":151.0,"key":"SMITH"},{"data":"Defend_R+3","floor":151.0,"key":"SMITH"},{"data":"Defend_R+4","floor":154.0,"key":"SMITH"},{"data":"Defend_R+4","floor":154.0,"key":"SMITH"}],"circlet_count":1,"master_deck":["Strike_R+1","Strike_R+1","Strike_R+1","Defend_R+1","Defend_R+1","Defend_R+1","Defend_R+1","Demon Form+1","infinitespire:OneForAll+1","Survivor+1","Neutralize+1","Twin Strike+1","infinitespire:Fortify+1","Limit Break+1","Cleave+1","Flame Barrier+1","Bash+1","Heavy Blade+1","Demon Form+1","Barricade+1","Whirlwind+1","Metallicize+1","Doubt","Metallicize+1","Metallicize+1","Heavy Blade+1","Writhe","infinitespire:TheBestDefense"],"relics":["Black Blood","Replay:Bandana","HornCleat","Strawberry","Omamori","Odd Mushroom","Nunchaku","Ring of Chaos","infinitespire:BottledMercury","infinitespire:ShieldingShard","Molten Egg 2","Tiny Chest","Replay:Arrowhead","Orichalcum","Lantern","Tiny House","Pocketwatch","Counterbalance","infinitespire:Satchel","King of Hearts","Art of War","Replay:Bronze Core","ReplayTheSpireMod:Lightbulb","ReplayTheSpireMod:TigerMarble","Circlet","MealTicket","MawBank","Juzu Bracelet","Old Coin","Replay:Bottled Flurry","Another Sword","Mercury Hourglass","Golden Egg","Centennial Puzzle","Replay:Baseball","Replay:Wax Seal","ReplayTheSpireMod:CursedCoin","Ginger","Dream Catcher","Replay:Rubber Ducky","Onion Ring","Matryoshka","Sozu","Mirror","Oddly Smooth Stone","Ornamental Fan","Simple Rune","War Paint","Kunai","Mummified Hand","Mirror","Blue Doll","Toy Ornithopter","Happy Flower","Self Forming Clay","Du-Vu Doll","infinitespire:Lucky Rock","Red Skull","Frozen Egg 2","Black Star","Anchor","ReplayFunnel","PreservedInsect","Snack Pack","infinitespire:PuzzleCube","The Courier","Replay:Bottled Steam","Pantograph","Replay:Mystery Machine","Mango","SlaversCollar","Durian","Gremlin Food","Regal Pillow","Boot","Vajra","Whetstone","infinitespire:CheckeredPen","Ancient Tea Set","Pen Nib"],"acts_visited":["Exordium","TheCity","TheBeyond","Exordium","TheCity","TheBeyond","Exordium","TheCity","TheBeyond","TheEnding"],"potions_floor_usage":[],"damage_taken":[{"damage":2.0,"enemies":"Small Slimes","floor":1.0,"turns":5.0},{"damage":3.0,"enemies":"2 Louse","floor":5.0,"turns":3.0},{"damage":45.0,"enemies":"3 Sentries","floor":6.0,"turns":10.0},{"damage":18.0,"enemies":"Lagavulin","floor":8.0,"turns":8.0},{"damage":9.0,"enemies":"The Mushroom Lair","floor":11.0,"turns":6.0},{"damage":14.0,"enemies":"Gremlin Nob","floor":12.0,"turns":4.0},{"damage":3.0,"enemies":"Jaw Worm","floor":14.0,"turns":2.0},{"damage":16.0,"enemies":"Hexaghost","floor":16.0,"turns":8.0},{"damage":11.0,"enemies":"2 Thieves","floor":18.0,"turns":5.0},{"damage":10.0,"enemies":"Chosen","floor":19.0,"turns":3.0},{"damage":21.0,"enemies":"3 Cultists","floor":21.0,"turns":5.0},{"damage":20.0,"enemies":"Replay:Snechameleon","floor":23.0,"turns":9.0},{"damage":20.0,"enemies":"Slavers","floor":25.0,"turns":6.0},{"damage":43.0,"enemies":"Book of Stabbing","floor":28.0,"turns":8.0},{"damage":8.0,"enemies":"Champ","floor":33.0,"turns":11.0},{"damage":0.0,"enemies":"3 Shapes","floor":35.0,"turns":4.0},{"damage":7.0,"enemies":"3 Darklings","floor":37.0,"turns":5.0},{"damage":8.0,"enemies":"Sphere and 2 Shapes","floor":38.0,"turns":4.0},{"damage":33.0,"enemies":"Nightmare","floor":41.0,"turns":9.0},{"damage":11.0,"enemies":"Spire Growth","floor":45.0,"turns":6.0},{"damage":45.0,"enemies":"Reptomancer","floor":46.0,"turns":9.0},{"damage":34.0,"enemies":"Replay:Hell Engine","floor":50.0,"turns":11.0},{"damage":0.0,"enemies":"2 Louse","floor":52.0,"turns":4.0},{"damage":0.0,"enemies":"Small Slimes","floor":54.0,"turns":3.0},{"damage":0.0,"enemies":"Replay:BlueRogue","floor":57.0,"turns":4.0},{"damage":0.0,"enemies":"Gremlin Nob","floor":59.0,"turns":3.0},{"damage":0.0,"enemies":"Cultist","floor":62.0,"turns":3.0},{"damage":3.0,"enemies":"3 Sentries","floor":65.0,"turns":5.0},{"damage":0.0,"enemies":"Slime Boss","floor":67.0,"turns":3.0},{"damage":0.0,"enemies":"Shell Parasite","floor":69.0,"turns":2.0},{"damage":0.0,"enemies":"Chosen","floor":72.0,"turns":2.0},{"damage":0.0,"enemies":"Centurion and Healer","floor":73.0,"turns":5.0},{"damage":9.0,"enemies":"Replay:Snechameleon","floor":75.0,"turns":4.0},{"damage":0.0,"enemies":"Snake Plant","floor":76.0,"turns":1.0},{"damage":0.0,"enemies":"Book of Stabbing","floor":79.0,"turns":3.0},{"damage":114.0,"enemies":"Collector","floor":84.0,"turns":6.0},{"damage":20.0,"enemies":"3 Darklings","floor":86.0,"turns":7.0},{"damage":5.0,"enemies":"Orb Walker","floor":88.0,"turns":4.0},{"damage":33.0,"enemies":"3 Darklings","floor":90.0,"turns":6.0},{"damage":97.0,"enemies":"Reptomancer","floor":92.0,"turns":7.0},{"damage":21.0,"enemies":"Writhing Mass","floor":95.0,"turns":4.0},{"damage":0.0,"enemies":"Spire Growth","floor":97.0,"turns":4.0},{"damage":0.0,"enemies":"Jaw Worm Horde","floor":98.0,"turns":4.0},{"damage":0.0,"enemies":"R_Hoarder","floor":99.0,"turns":5.0},{"damage":100.0,"enemies":"Donu and Deca","floor":101.0,"turns":8.0},{"damage":0.0,"enemies":"Cultist","floor":103.0,"turns":3.0},{"damage":0.0,"enemies":"Small Slimes","floor":105.0,"turns":2.0},{"damage":0.0,"enemies":"2 Louse","floor":106.0,"turns":2.0},{"damage":0.0,"enemies":"Exordium Thugs","floor":107.0,"turns":3.0},{"damage":0.0,"enemies":"Gremlin Nob","floor":109.0,"turns":2.0},{"damage":0.0,"enemies":"Lagavulin","floor":113.0,"turns":2.0},{"damage":0.0,"enemies":"Slime Boss","floor":118.0,"turns":3.0},{"damage":0.0,"enemies":"3 Byrds","floor":120.0,"turns":4.0},{"damage":0.0,"enemies":"Chosen","floor":122.0,"turns":2.0},{"damage":0.0,"enemies":"Slavers","floor":127.0,"turns":4.0},{"damage":0.0,"enemies":"Centurion and Healer","floor":130.0,"turns":2.0},{"damage":0.0,"enemies":"Book of Stabbing","floor":131.0,"turns":4.0},{"damage":0.0,"enemies":"Automaton","floor":135.0,"turns":7.0},{"damage":5.0,"enemies":"3 Darklings","floor":137.0,"turns":5.0},{"damage":0.0,"enemies":"3 Shapes","floor":140.0,"turns":2.0},{"damage":0.0,"enemies":"3 Darklings","floor":141.0,"turns":4.0},{"damage":0.0,"enemies":"R_Hoarder","floor":142.0,"turns":7.0},{"damage":0.0,"enemies":"Giant Head","floor":144.0,"turns":4.0},{"damage":0.0,"enemies":"Nemesis","floor":146.0,"turns":3.0},{"damage":0.0,"enemies":"R_Hoarder","floor":150.0,"turns":4.0},{"damage":0.0,"enemies":"infinitespire:MassOfShapes","floor":152.0,"turns":7.0},{"damage":0,"enemies":"Shield and Spear","floor":156,"turns":3},{"damage":0,"enemies":"The Heart","floor":157,"turns":7}],"seed_played":"5671690238571491900","potions_obtained":[{"floor":1.0,"key":"BloodPotion"},{"floor":8.0,"key":"GamblersBrew"},{"floor":11.0,"key":"LiquidMemories"},{"floor":14.0,"key":"AttackPotion"},{"floor":18.0,"key":"Swift Potion"},{"floor":19.0,"key":"Fire Potion"},{"floor":25.0,"key":"Block Potion"},{"floor":28.0,"key":"LiquidBronze"},{"floor":34.0,"key":"Death Potion"},{"floor":38.0,"key":"BloodPotion"},{"floor":41.0,"key":"FearPotion"},{"floor":50.0,"key":"Death Potion"},{"floor":52.0,"key":"PowerPotion"},{"floor":59.0,"key":"HeartOfIron"},{"floor":101.0,"key":"PowerPotion"}],"is_trial":false,"path_per_floor":["M","?","?","?","M","E","R","E","T","R","?","E","R","M","R","B",null,"M","M","?","M","?","E","R","E","T","R","E","AVR","?","$","R","B",null,"M","AVR","M","M","?","R","NM","R","T","R","M","E","?","T","R","B",null,"M","?","M","?","T","E","R","E","T","AVR","M","T","?","E","R","B",null,"M","?","T","M","M","R","E","M","T","$","E","R","?","?","R","B",null,"M","T","M","$","M","R","E","$","T","M","?","M","M","E","R","B",null,"M","AVR","M","M","M","R","E","$","T","?","E","R","?","T","R","B",null,"M","?","M","$","T","R","T","E","T","?","M","E","?","$","R","B",null,"M","?","T","M","M","E","?","E","T","E","?","?","T","E","R","B",null,"R","$","E","B",null],"character_chosen":"IRONCLAD","items_purchased":["Orichalcum","Lantern","ReplayTheSpireMod:CursedCoin","Ginger","Replay:Rubber Ducky","Onion Ring","Mummified Hand","Metallicize","Mirror","Frozen Egg 2","Metallicize+1","Durian","Gremlin Food","Regal Pillow","Boot","Vajra","Whetstone","infinitespire:CheckeredPen"],"campfire_rested":9,"item_purchase_floors":[31,31,89,89,93,93,123,123,123,133,133,155,155,155,155,155,155,155],"current_hp_per_floor":[60,60,60,60,63,24,24,19,19,45,42,34,34,37,63,53,87,82,78,78,63,46,32,32,36,36,63,26,26,26,26,53,51,97,110,110,109,111,66,66,39,73,73,73,81,67,67,67,105,77,127,127,127,131,131,131,131,131,131,131,131,131,131,131,135,135,135,135,135,135,135,135,135,135,135,139,139,139,139,139,139,139,139,37,139,129,129,130,143,120,147,66,81,81,66,66,72,78,84,129,50,151,155,155,155,159,159,159,159,159,159,159,159,159,159,159,159,159,159,163,173,173,173,173,173,173,173,173,173,173,173,173,173,173,173,173,173,173,173,173,173,173,173,173,173,173,173,173,173,187,187,187,187,187,192,192,192],"gold":1002,"neow_bonus":"THREE_RARE_CARDS","is_daily":false,"chose_seed":false,"campfire_upgraded":27,"win_rate":0.0,"timestamp":1610394213,"path_taken":["M","?","?","?","M","E","R","E","T","R","?","E","R","M","R","BOSS","M","M","?","M","?","E","R","E","T","R","E","AVR","?","$","R","BOSS","M","AVR","M","M","?","R","NM","R","T","R","M","E","?","?","R","BOSS","M","?","?","?","?","E","R","E","T","AVR","M","?","?","E","R","BOSS","M","?","?","M","M","R","E","M","T","?","E","R","?","?","R","BOSS","M","?","M","$","M","R","E","$","T","M","?","M","M","E","R","BOSS","M","AVR","M","M","M","R","E","$","T","?","E","R","?","?","R","BOSS","M","?","M","?","?","R","?","E","T","?","M","E","?","$","R","BOSS","M","?","?","M","M","E","?","E","T","E","?","?","?","E","R","BOSS","R","$","E","BOSS"],"items_purchased_type":["Relic","Relic","Relic","Relic","Relic","Relic","Relic","Card","Relic","Relic","Card","Relic","Relic","Relic","Relic","Relic","Relic","Relic"],"build_version":"2020-12-22","purchased_purges":1,"victory":true,"max_hp_per_floor":[80,80,80,80,80,80,80,87,87,87,87,87,87,87,87,87,87,87,87,87,87,92,92,92,92,92,92,92,92,92,92,92,92,97,110,110,110,114,114,114,114,114,114,114,127,127,127,127,127,127,127,127,127,131,131,131,131,131,131,131,131,131,131,131,135,135,135,135,135,135,135,135,135,135,135,139,139,139,139,139,139,139,139,139,139,143,143,143,143,147,147,151,151,151,151,151,151,151,151,151,151,151,155,155,155,159,159,159,159,159,159,159,159,159,159,159,159,159,159,163,173,173,173,173,173,173,173,173,173,173,173,173,173,173,173,173,173,173,173,173,173,173,173,173,173,173,173,173,173,187,187,187,187,187,192,192,192],"card_choices":[{"not_picked":["Hemogenesis","Replay:Many Hands"],"picked":"Demon Form","floor":0.0},{"not_picked":["Flex","Run Through"],"picked":"infinitespire:OneForAll","floor":1.0},{"not_picked":["Second Wind","Pommel Strike","Seeing Red"],"picked":"SKIP","floor":5.0},{"not_picked":["Intimidate","Run Through","Warcry"],"picked":"SKIP","floor":6.0},{"not_picked":["Massacre","ReplayTheSpireMod:Strike From Hell","Second Wind"],"picked":"SKIP","floor":8.0},{"not_picked":["Abandon","Intimidate","Armaments"],"picked":"SKIP","floor":12.0},{"not_picked":["True Grit","ReplayTheSpireMod:Muscle Training","Rupture"],"picked":"SKIP","floor":14.0},{"not_picked":["Power Through","Warcry","Wild Strike+1"],"picked":"SKIP","floor":18.0},{"not_picked":["Fire Breathing","True Grit","Iron Wave+1"],"picked":"SKIP","floor":19.0},{"not_picked":["ReplayTheSpireMod:Strike From Hell+1","Infernal Blade+1","Reckless Charge"],"picked":"SKIP","floor":21.0},{"not_picked":["Body Slam","Shrug It Off+1","Pommel Strike"],"picked":"SKIP","floor":23.0},{"not_picked":["Perfected Strike","Eclipse","Massacre"],"picked":"SKIP","floor":25.0},{"not_picked":["Infernal Blade","Perfected Strike+1"],"picked":"Twin Strike+1","floor":28.0},{"not_picked":["Brutality","Fiend Fire+1"],"picked":"Feed+1","floor":33.0},{"not_picked":["Shockwave","ReplayTheSpireMod:LeadingStrike+1","True Grit+1"],"picked":"SKIP","floor":35.0},{"not_picked":["Intimidate+1","Headbutt+1","True Grit"],"picked":"SKIP","floor":37.0},{"not_picked":["Shrug It Off","Twin Strike+1","Flex+1"],"picked":"SKIP","floor":38.0},{"not_picked":["Clothesline+1","Headbutt+1"],"picked":"Iron Wave+1","floor":39.0},{"not_picked":["Spot Weakness","Clothesline+1","Inflame+1"],"picked":"SKIP","floor":41.0},{"not_picked":["Dropkick+1","Clothesline+1","Perfected Strike+1"],"picked":"SKIP","floor":45.0},{"not_picked":["Berserk","Bloodletting","Anger+1"],"picked":"SKIP","floor":46.0},{"not_picked":["Eclipse","Brutality"],"picked":"Limit Break","floor":50.0},{"not_picked":["Pommel Strike+1","Run Through+1"],"picked":"Cleave+1","floor":52.0},{"not_picked":["Sword Boomerang+1","Armaments","Evolve"],"picked":"SKIP","floor":54.0},{"not_picked":["Sword Boomerang+1","Juggernaut"],"picked":"Flame Barrier","floor":57.0},{"not_picked":["ReplayReversal","ReplayTheSpireMod:Muscle Training","Havoc"],"picked":"SKIP","floor":59.0},{"not_picked":["Armaments","Hemokinesis+1","Headbutt+1"],"picked":"SKIP","floor":62.0},{"not_picked":["Blood for Blood+1","Carnage+1"],"picked":"Heavy Blade+1","floor":65.0},{"not_picked":["Brutality","Hemogenesis+1"],"picked":"Demon Form","floor":67.0},{"not_picked":["Pommel Strike+1","Armaments","ReplayTheSpireMod:Limb From Limb+1"],"picked":"SKIP","floor":69.0},{"not_picked":["Searing Blow+1","True Grit","Anger+1"],"picked":"SKIP","floor":72.0},{"not_picked":["Rupture","Sword Boomerang+1","Abandon+1"],"picked":"SKIP","floor":73.0},{"not_picked":["infinitespire:OneForAll+1","Pommel Strike+1","Abandon"],"picked":"SKIP","floor":75.0},{"not_picked":["Replay:Undeath\u0027s Touch+1","Perfected Strike+1","Shrug It Off"],"picked":"SKIP","floor":76.0},{"not_picked":["Second Wind+1","Havoc","Clothesline+1"],"picked":"SKIP","floor":79.0},{"not_picked":["Twin Strike+1","Run Through+1","Fire Breathing"],"picked":"SKIP","floor":86.0},{"not_picked":["Anger+1","ReplayTheSpireMod:Strike From Hell+1","Cleave+1"],"picked":"SKIP","floor":88.0},{"not_picked":["Warcry+1","Rupture","Life Link"],"picked":"SKIP","floor":90.0},{"not_picked":["Flex+1","Feel No Pain","Clothesline+1"],"picked":"SKIP","floor":92.0},{"not_picked":["Burning Pact","Dropkick+1","Run Through+1"],"picked":"SKIP","floor":95.0},{"not_picked":["Sever Soul+1","Headbutt+1","Cleave+1"],"picked":"SKIP","floor":97.0},{"not_picked":["Run Through+1","Twin Strike+1","Warcry+1"],"picked":"SKIP","floor":98.0},{"not_picked":["Rage","Twin Strike+1"],"picked":"Barricade","floor":99.0},{"not_picked":["Thunderclap+1","Pommel Strike+1","Perfected Strike+1"],"picked":"SKIP","floor":103.0},{"not_picked":["Sentinel","Bloodletting","Clash+1"],"picked":"SKIP","floor":105.0},{"not_picked":["Infernal Blade","Cleave+1","Abandon"],"picked":"SKIP","floor":106.0},{"not_picked":["Havoc","Replay:Undeath\u0027s Touch+1","Flex"],"picked":"SKIP","floor":107.0},{"not_picked":["Pommel Strike+1","Cleave+1","Feed+1"],"picked":"SKIP","floor":109.0},{"not_picked":["Flex","Replay:Undeath\u0027s Touch+1","Rage"],"picked":"SKIP","floor":113.0},{"not_picked":["Abandon","Warcry"],"picked":"Whirlwind+1","floor":120.0},{"not_picked":["Warcry","Clash+1","Hemokinesis+1"],"picked":"SKIP","floor":122.0},{"not_picked":["Rampage+1","Evolve","Rage"],"picked":"SKIP","floor":127.0},{"not_picked":["Thunderclap+1","Fire Breathing","Replay:Undeath\u0027s Touch+1"],"picked":"SKIP","floor":130.0},{"not_picked":["Pommel Strike+1","ReplayTheSpireMod:Strike From Hell+1","Clothesline+1"],"picked":"SKIP","floor":131.0},{"not_picked":["Twin Strike+1","Uppercut+1","Pommel Strike+1"],"picked":"SKIP","floor":137.0},{"not_picked":["ReplayTheSpireMod:Limb From Limb+1","Clothesline+1","Warcry"],"picked":"SKIP","floor":140.0},{"not_picked":["Fire Breathing+1","Warcry","ReplayTheSpireMod:Muscle Training"],"picked":"SKIP","floor":141.0},{"not_picked":["Rage+1","Feel No Pain+1"],"picked":"Heavy Blade+1","floor":142.0},{"not_picked":["Clash+1","Impervious","Warcry"],"picked":"SKIP","floor":144.0},{"not_picked":["Headbutt+1","Perfected Strike+1","Life Link+1"],"picked":"SKIP","floor":146.0},{"not_picked":["ReplayTheSpireMod:Limb From Limb+1","Armaments+1","Anger+1"],"picked":"SKIP","floor":150.0},{"not_picked":["infinitespire:Menacing","infinitespire:FinalStrike"],"picked":"infinitespire:TheBestDefense","floor":156},{"not_picked":["Abandon","Clothesline+1","Life Link+1"],"picked":"SKIP","floor":156}],"player_experience":587105,"relics_obtained":[{"floor":3.0,"key":"Replay:Bandana"},{"floor":6.0,"key":"HornCleat"},{"floor":8.0,"key":"Strawberry"},{"floor":9.0,"key":"Omamori"},{"floor":11.0,"key":"Odd Mushroom"},{"floor":12.0,"key":"Nunchaku"},{"floor":23.0,"key":"infinitespire:BottledMercury"},{"floor":25.0,"key":"infinitespire:ShieldingShard"},{"floor":26.0,"key":"Molten Egg 2"},{"floor":28.0,"key":"Tiny Chest"},{"floor":39.0,"key":"Counterbalance"},{"floor":41.0,"key":"infinitespire:Satchel"},{"floor":43.0,"key":"King of Hearts"},{"floor":46.0,"key":"Dead Branch"},{"floor":48.0,"key":"Art of War"},{"floor":56.0,"key":"ReplayTheSpireMod:Lightbulb"},{"floor":57.0,"key":"ReplayTheSpireMod:TigerMarble"},{"floor":59.0,"key":"MealTicket"},{"floor":60.0,"key":"MawBank"},{"floor":63.0,"key":"Old Coin"},{"floor":65.0,"key":"Replay:Bottled Flurry"},{"floor":71.0,"key":"Another Sword"},{"floor":75.0,"key":"Mercury Hourglass"},{"floor":77.0,"key":"Golden Egg"},{"floor":79.0,"key":"Centennial Puzzle"},{"floor":92.0,"key":"Dream Catcher"},{"floor":94.0,"key":"Matryoshka"},{"floor":111.0,"key":"Oddly Smooth Stone"},{"floor":111.0,"key":"Ornamental Fan"},{"floor":113.0,"key":"Simple Rune"},{"floor":116.0,"key":"War Paint"},{"floor":116.0,"key":"Kunai"},{"floor":124.0,"key":"Blue Doll"},{"floor":126.0,"key":"Toy Ornithopter"},{"floor":127.0,"key":"Happy Flower"},{"floor":128.0,"key":"Self Forming Clay"},{"floor":131.0,"key":"infinitespire:Lucky Rock"},{"floor":139.0,"key":"Anchor"},{"floor":142.0,"key":"ReplayFunnel"},{"floor":142.0,"key":"PreservedInsect"},{"floor":144.0,"key":"Snack Pack"},{"floor":144.0,"key":"infinitespire:PuzzleCube"},{"floor":145.0,"key":"The Courier"},{"floor":146.0,"key":"Replay:Bottled Steam"},{"floor":146.0,"key":"Pantograph"},{"floor":150.0,"key":"Replay:Mystery Machine"},{"floor":150.0,"key":"Mango"},{"floor":156,"key":"Ancient Tea Set"},{"floor":156,"key":"Pen Nib"}],"event_choices":[{"damage_healed":0.0,"max_hp_gain":0.0,"max_hp_loss":0.0,"gold_gain":0.0,"event_name":"Mushrooms","player_choice":"Fought Mushrooms","floor":11.0,"gold_loss":0.0,"damage_taken":0.0},{"damage_healed":0.0,"max_hp_gain":0.0,"max_hp_loss":0.0,"gold_gain":99.0,"event_name":"Nest","player_choice":"Stole From Cult","floor":20.0,"gold_loss":0.0,"damage_taken":0.0},{"damage_healed":0.0,"max_hp_gain":5.0,"max_hp_loss":0.0,"gold_gain":0.0,"event_name":"Forgotten Altar","player_choice":"Shed Blood","floor":22.0,"gold_loss":0.0,"damage_taken":22.0},{"cards_removed":["Strike_R"],"damage_healed":0.0,"max_hp_gain":0.0,"max_hp_loss":0.0,"gold_gain":0.0,"event_name":"Beggar","player_choice":"Gave Gold","floor":30.0,"gold_loss":75.0,"damage_taken":0.0},{"damage_healed":0.0,"max_hp_gain":0.0,"max_hp_loss":0.0,"gold_gain":100.0,"event_name":"Golden Shrine","player_choice":"Pray","floor":47.0,"gold_loss":0.0,"damage_taken":0.0},{"damage_healed":0.0,"max_hp_gain":0.0,"max_hp_loss":0.0,"gold_gain":100.0,"event_name":"Golden Shrine","player_choice":"Pray","floor":53.0,"gold_loss":0.0,"damage_taken":0.0},{"damage_healed":0.0,"max_hp_gain":0.0,"max_hp_loss":0.0,"gold_gain":0.0,"event_name":"The Woman in Blue","player_choice":"Bought 0 Potions","floor":55.0,"gold_loss":0.0,"damage_taken":0.0},{"damage_healed":0.0,"max_hp_gain":0.0,"max_hp_loss":0.0,"gold_gain":0.0,"event_name":"Match and Keep!","player_choice":"1 cards matched","floor":64.0,"gold_loss":0.0,"damage_taken":0.0,"cards_obtained":["Bash"]},{"damage_healed":0.0,"max_hp_gain":0.0,"max_hp_loss":0.0,"gold_gain":100.0,"event_name":"Golden Shrine","player_choice":"Pray","floor":70.0,"gold_loss":0.0,"damage_taken":0.0},{"damage_healed":0.0,"max_hp_gain":0.0,"max_hp_loss":0.0,"gold_gain":0.0,"event_name":"Addict","player_choice":"Obtained Relic","floor":81.0,"gold_loss":85.0,"damage_taken":0.0,"relics_obtained":["Replay:Baseball"]},{"damage_healed":0.0,"max_hp_gain":0.0,"max_hp_loss":0.0,"gold_gain":0.0,"event_name":"The Mausoleum","player_choice":"Opened","floor":82.0,"gold_loss":0.0,"damage_taken":0.0,"relics_obtained":["Replay:Wax Seal"],"cards_obtained":["Writhe"]},{"damage_healed":0.0,"max_hp_gain":0.0,"max_hp_loss":0.0,"gold_gain":0.0,"event_name":"Upgrade Shrine","player_choice":"Ignored","floor":96.0,"gold_loss":0.0,"damage_taken":0.0},{"damage_healed":0.0,"max_hp_gain":0.0,"max_hp_loss":0.0,"gold_gain":0.0,"event_name":"Match and Keep!","player_choice":"0 cards matched","floor":115.0,"gold_loss":0.0,"damage_taken":0.0,"cards_obtained":[]},{"cards_removed":["Feed"],"damage_healed":0.0,"max_hp_gain":10.0,"max_hp_loss":0.0,"gold_gain":0.0,"event_name":"Bonfire Elementals","player_choice":"Offered Rare","floor":121.0,"gold_loss":0.0,"damage_taken":0.0},{"damage_healed":0.0,"max_hp_gain":0.0,"max_hp_loss":0.0,"gold_gain":0.0,"event_name":"Addict","player_choice":"Obtained Relic","floor":132.0,"gold_loss":85.0,"damage_taken":0.0,"relics_obtained":["Red Skull"]},{"damage_healed":0.0,"max_hp_gain":0.0,"max_hp_loss":0.0,"gold_gain":0.0,"event_name":"Tomb of Lord Red Mask","player_choice":"Ignored","floor":138.0,"gold_loss":0.0,"damage_taken":0.0},{"damage_healed":43.0,"max_hp_gain":0.0,"max_hp_loss":0.0,"gold_gain":0.0,"event_name":"Winding Halls","player_choice":"Writhe","floor":143.0,"gold_loss":0.0,"damage_taken":0.0,"cards_obtained":["Writhe"]},{"cards_removed":["Iron Wave"],"damage_healed":0.0,"max_hp_gain":0.0,"max_hp_loss":0.0,"gold_gain":0.0,"event_name":"Falling","player_choice":"Removed Attack","floor":147.0,"gold_loss":0.0,"damage_taken":0.0},{"damage_healed":0.0,"max_hp_gain":0.0,"max_hp_loss":0.0,"gold_gain":0.0,"event_name":"SensoryStone","player_choice":"Memory 1","floor":148.0,"gold_loss":0.0,"damage_taken":0.0}],"is_beta":false,"boss_relics":[{"not_picked":["Snecko Eye","Painkiller Herb"],"picked":"Ring of Chaos"},{"not_picked":["Honey Jar","SacredBark"],"picked":"Tiny House"},{"not_picked":["Runic Cube","Abe\u0027s Treasure"],"picked":"Replay:Bronze Core"},{"not_picked":["infinitespire:Burning Sword","Runic Dome","ReplayTheSpireMod:SealedPack"]},{"not_picked":["Mark of Pain","Replay:Ancient Bell","Runic Pyramid"]},{"not_picked":["Replay:Drink Me","Coffee Dripper"],"picked":"Sozu"},{"not_picked":["Abe\u0027s Treasure","Replay:Drink Me"],"picked":"Black Blood"},{"not_picked":["SacredBark","Runic Dome"],"picked":"Black Star"},{"not_picked":["Honey Jar","Coffee Dripper"],"picked":"SlaversCollar"}],"items_purged_floors":[110],"is_endless":true,"potions_floor_spawned":[1,8,11,14,18,19,25,28,38,41,50,52,54,59,72,79,88,92,97,101,106,109,113,120,127,130,137,146,150,152,156],"ascension_level":1}}