{"host":"yq7vhdvcv08g2502","time":1610335388,"event":{"mods":["2.2 Compatiblity","AchievementEnabler","Act Like it!","BaseMod","CapriCore","Colored Powertips","Custom Start","Gensokyo","Marisa????????","Minty Spire (QoL Compilation)","Quick Restart","Reimu??????","StSLib","The Servant 0.9.4"],"gold_per_floor":[113,38,48,48,48,79,79,409,457,457,457,473,491,510,510,611,611,629,629,629,306,325,354,354,374,420,440,440,753,786,797,797,902,902,921,932,932,417,417,451,451,480,528,380,414,102,112,124,124,124],"floor_reached":51,"playtime":2925,"items_purged":["Strike_MRS"],"score":963,"play_id":"374b8e22-2ab8-43ec-aea0-cdcd27c5e304","local_time":"20210111032308","is_ascension_mode":true,"campfire_choices":[{"data":"EarthLightRay","floor":7.0,"key":"SMITH"},{"data":"MilkyWay","floor":10.0,"key":"SMITH"},{"floor":15.0,"key":"REST"},{"floor":24.0,"key":"REST"},{"floor":28.0,"key":"REST"},{"floor":32.0,"key":"REST"},{"floor":41.0,"key":"REST"},{"data":"MillisecondPulsars","floor":49,"key":"SMITH"}],"circlet_count":0,"master_deck":["Strike_MRS","Strike_MRS","Strike_MRS","Defend_MRS","Defend_MRS","MasterSpark","UpSweep","MilkyWay+1","DoubleSpark","EarthLightRay+1","UnstableBomb+1","JA+1","CasketOfStar","StarBarrage+1","StarBarrage+1","BlazeAway+1","PropBag","OrrerysSun","MillisecondPulsars+1","Gensokyo:LockedMedkit","GalacticHalo+1"],"relics":["MiniHakkero","Gensokyo:NagashiBinaDoll","Anchor","Molten Egg 2","Pen Nib","Orichalcum","Sozu","Akabeko","DollysMirror","Pantograph","Kunai","FossilizedHelix","AmplifyWand","Runic Pyramid","TentaclePot:ReiMu","Omamori","Happy Flower","SproutingBranch","Singing Bowl","Blood Vial","HornCleat","Letter Opener"],"acts_visited":["Gensokyo:Gensokyo","Gensokyo:Gensokyoer","Gensokyo:Gensokyoest"],"potions_floor_usage":[],"damage_taken":[{"damage":8.0,"enemies":"Gensokyo:Gryphon","floor":1.0,"turns":3.0},{"damage":12.0,"enemies":"Gensokyo:Python","floor":3.0,"turns":4.0},{"damage":14.0,"enemies":"Gensokyo:Cirno","floor":6.0,"turns":6.0},{"damage":20.0,"enemies":"Gensokyo:Mamizou","floor":8.0,"turns":7.0},{"damage":0.0,"enemies":"Gensokyo:2_Kodama","floor":12.0,"turns":1.0},{"damage":0.0,"enemies":"Gensokyo:Kitsune","floor":13.0,"turns":2.0},{"damage":0.0,"enemies":"Gensokyo:2_Rabbits","floor":14.0,"turns":2.0},{"damage":20.0,"enemies":"Gensokyo:Reimu","floor":16.0,"turns":7.0},{"damage":0.0,"enemies":"Gensokyo:CosmicMonolith","floor":18.0,"turns":1.0},{"damage":0.0,"enemies":"Gensokyo:Chomper","floor":22.0,"turns":3.0},{"damage":25.0,"enemies":"Gensokyo:Reisen","floor":23.0,"turns":5.0},{"damage":34.0,"enemies":"Gensokyo:Wraith","floor":25.0,"turns":5.0},{"damage":18.0,"enemies":"Gensokyo:Swordslinger","floor":27.0,"turns":3.0},{"damage":0.0,"enemies":"Gensokyo:Monolith_and_Dog","floor":29.0,"turns":4.0},{"damage":20.0,"enemies":"Gensokyo:Koishi","floor":30.0,"turns":3.0},{"damage":0.0,"enemies":"Gensokyo:3_Gloops","floor":31.0,"turns":3.0},{"damage":37.0,"enemies":"Gensokyo:Kaguya","floor":33.0,"turns":7.0},{"damage":0.0,"enemies":"Gensokyo:3_Bats","floor":35.0,"turns":3.0},{"damage":0.0,"enemies":"Gensokyo:3_Boulders","floor":36.0,"turns":4.0},{"damage":27.0,"enemies":"Gensokyo:Doremy","floor":40.0,"turns":5.0},{"damage":21.0,"enemies":"Gensokyo:Kasen","floor":42.0,"turns":5.0},{"damage":55,"enemies":"Gensokyo:Marisa","floor":45,"turns":5},{"damage":0,"enemies":"Gensokyo:AtlasGolem","floor":47,"turns":3},{"damage":0,"enemies":"Gensokyo:SeedOfUnknown","floor":48,"turns":3},{"damage":38,"enemies":"Gensokyo:Scarlet_Devils","floor":50,"turns":6}],"seed_played":"-709542638750559595","potions_obtained":[{"floor":1.0,"key":"AttackPotion"},{"floor":3.0,"key":"PowerPotion"},{"floor":14.0,"key":"Swift Potion"}],"is_trial":false,"path_per_floor":["M","COS","M","?","?","E","R","E","T","R","?","M","M","M","R","B",null,"M","?","?","COS","M","E","R","M","T","M","R","M","E","M","R","B",null,"M","M","?","$","?","E","R","E","T","$","E","COS","M","M","R","B",null],"character_chosen":"MARISA","items_purchased":["TentaclePot:ReiMu","Omamori","Happy Flower","MillisecondPulsars"],"campfire_rested":5,"item_purchase_floors":[38,38,38,44],"current_hp_per_floor":[67,67,55,55,75,61,61,47,47,47,47,47,47,53,75,55,70,75,69,69,69,69,44,64,36,36,24,44,50,36,36,56,32,60,60,66,66,66,66,42,62,59,59,59,23,23,42,59,59,37],"gold":124,"neow_bonus":"REMOVE_CARD","is_daily":false,"chose_seed":false,"campfire_upgraded":3,"win_rate":0.0,"timestamp":1610335388,"path_taken":["M","COS","M","?","?","E","R","E","T","R","?","M","?","M","R","BOSS","M","?","?","COS","M","E","R","M","T","?","R","M","E","M","R","BOSS","M","?","?","?","?","E","R","E","T","?","E","COS","?","M","R","BOSS"],"items_purchased_type":["Relic","Relic","Relic","Card"],"build_version":"2020-12-22","purchased_purges":1,"victory":true,"max_hp_per_floor":[75,75,75,75,75,75,75,75,75,75,75,75,75,75,75,75,75,75,69,69,69,69,69,69,69,69,69,69,69,69,69,69,69,69,69,69,69,69,69,69,69,71,71,71,73,73,75,75,75,75],"card_choices":[{"not_picked":["Orbital","ShootingEcho"],"picked":"MilkyWay","floor":1.0},{"not_picked":["GalacticHalo","AsteroidBelt"],"picked":"DoubleSpark","floor":3.0},{"not_picked":["MagicChant","GrandCross"],"picked":"EarthLightRay","floor":6.0},{"not_picked":["IllusionStar","EnergyRecoil"],"picked":"UnstableBomb+1","floor":8.0},{"not_picked":["GalacticHalo","Robbery+1","NonDirectionalLaser+1"],"picked":"SKIP","floor":12.0},{"not_picked":["DragonMeteor+1","ChargeUpSpray+1","DeepEcoloBomb+1"],"picked":"SKIP","floor":13.0},{"not_picked":["AbsoluteMagnitude+1","Acceleration","DC+1"],"picked":"SKIP","floor":14.0},{"not_picked":["BigCrunch","CollectingQuirk+1"],"picked":"CasketOfStar","floor":16.0},{"not_picked":["DC+1","ChargeUpSpray+1","MysteriousBeam+1"],"picked":"SKIP","floor":18.0},{"not_picked":["PowerUp+1","6A+1","OneTimeOff"],"picked":"SKIP","floor":22.0},{"not_picked":["6A+1","AsteroidBelt","ShootingEcho+1"],"picked":"SKIP","floor":23.0},{"not_picked":["GalacticHalo","MysteriousBeam+1","DarkSpark+1"],"picked":"SKIP","floor":25.0},{"not_picked":["WitchOfGreed","GalacticHalo","DarkMatter"],"picked":"SKIP","floor":27.0},{"not_picked":["MilkyWay","RefractionSpark+1","GravityBeat+1"],"picked":"SKIP","floor":29.0},{"not_picked":["MilkyWay","Orbital"],"picked":"BlazeAway+1","floor":30.0},{"not_picked":["OortCloud","Acceleration+1","GravityBeat+1"],"picked":"SKIP","floor":31.0},{"not_picked":["DeepEcoloBomb+1","IllusionStar"],"picked":"PropBag","floor":35.0},{"not_picked":["NonDirectionalLaser+1","SuperPerseids+1"],"picked":"OrrerysSun","floor":36.0},{"not_picked":["OrrerysSun+1","LuminesStrike+1","RefractionSpark+1"],"picked":"SKIP","floor":40.0},{"not_picked":["WitchOfGreed+1","GalacticHalo","GravityBeat+1"],"picked":"Singing Bowl","floor":42.0},{"not_picked":["WitchLeyline+1","6A+1","GravityBeat+1"],"picked":"Singing Bowl","floor":45},{"not_picked":["ChargeUpSpray+1","EnergyFlow","GrandCross+1"],"picked":"Singing Bowl","floor":47},{"not_picked":["BinaryStars","DC+1"],"picked":"GalacticHalo+1","floor":48}],"player_experience":278647,"relics_obtained":[{"floor":6.0,"key":"Anchor"},{"floor":8.0,"key":"Pen Nib"},{"floor":9.0,"key":"Orichalcum"},{"floor":23.0,"key":"Pantograph"},{"floor":30.0,"key":"AmplifyWand"},{"floor":40.0,"key":"SproutingBranch"},{"floor":42.0,"key":"Singing Bowl"},{"floor":43.0,"key":"Blood Vial"},{"floor":45,"key":"HornCleat"}],"event_choices":[],"is_beta":false,"boss_relics":[{"not_picked":["Ectoplasm","RedLine:ReiMu"],"picked":"Sozu"},{"not_picked":["Velvet Choker","Fusion Hammer"],"picked":"Runic Pyramid"}],"items_purged_floors":[38],"is_endless":false,"potions_floor_spawned":[1,3,14,18,23,29,31,35,42,45,47],"ascension_level":5}}