{"host":"33wh7cigx3w9wmym","time":1610325223,"event":{"mods":["AchievementEnabler","Act Like it!","BaseMod","Colored Map","Colored Powertips","Downfall","Friendly Minions","GifTheSpireLib","Minty Spire (QoL Compilation)","StSLib"],"gold_per_floor":[99,99,129,129,129,163,163,195,45,60,91,106,106,137,149,248,248,248,268,66,66,78,78,103,113,113,147,164,264,264,294,313,414,414,414,430,442,442,495,521,521,543,563,563,597,249,249,249,268,268],"floor_reached":51,"playtime":3183,"items_purged":[],"score":1011,"play_id":"f651ca42-2020-47f3-9d20-8f04e37c0251","local_time":"20210110223343","is_ascension_mode":true,"campfire_choices":[{"floor":1.0,"key":"RECALL"},{"data":"champ:TornadoPunch","floor":9.0,"key":"SMITH"},{"data":"champ:Backstep","floor":13.0,"key":"SMITH"},{"data":"champ:BringItOn","floor":18.0,"key":"SMITH"},{"data":"champ:MurderStrike","floor":23.0,"key":"SMITH"},{"data":"champ:EndlessRage","floor":26.0,"key":"SMITH"},{"data":"champ:AdrenalArmor","floor":30.0,"key":"SMITH"},{"data":"champ:Duel","floor":35.0,"key":"SMITH"},{"data":"champ:GutPunch","floor":44,"key":"SMITH"},{"data":"champ:DancingMaster","floor":47,"key":"SMITH"}],"circlet_count":0,"master_deck":["champ:Execute","champ:Taunt+1","champ:Circumvent","champ:RecklessLeap","champ:TornadoPunch+1","champ:GutPunch+1","champ:Backstep+1","champ:Balance","champ:BringItOn+1","champ:GutPunch","champ:DefensiveShout","champ:FlashCut","champ:MurderStrike+1","champ:DefensiveShout","champ:FocusedGladiator","champ:RecklessLeap","champ:AdrenalArmor+1","champ:SteelEdge","champ:EndlessRage+1","champ:ArenaPreparation+1","champ:Duel+1","champ:AdrenalArmor+1","champ:DancingMaster+1","expansioncontent:DashGenerateEvil+1"],"relics":["champ:ChampionCrown","downfall:HeartsMalice","Strawberry","InkBottle","Ornamental Fan","Torii","downfall:HeartBlessingRed","downfall:HeartBlessingGreen","Juzu Bracelet","Pandora\u0027s Box","Bag of Preparation","Pen Nib","Tiny Chest","Coffee Dripper","CeramicFish","Orichalcum","Oddly Smooth Stone"],"acts_visited":["Exordium","TheCity","TheBeyond"],"potions_floor_usage":[49,50,50],"damage_taken":[{"damage":0.0,"enemies":"Cultist","floor":5.0,"turns":1.0},{"damage":0.0,"enemies":"Gremlin Nob","floor":6.0,"turns":1.0},{"damage":0.0,"enemies":"3 Sentries","floor":8.0,"turns":1.0},{"damage":15.0,"enemies":"Small Slimes","floor":10.0,"turns":3.0},{"damage":35.0,"enemies":"Lagavulin","floor":11.0,"turns":8.0},{"damage":8.0,"enemies":"2 Louse","floor":12.0,"turns":3.0},{"damage":24.0,"enemies":"Gremlin Nob","floor":14.0,"turns":4.0},{"damage":30.0,"enemies":"Exordium Thugs","floor":15.0,"turns":3.0},{"damage":33.0,"enemies":"downfall:Silent","floor":16.0,"turns":11.0},{"damage":19.0,"enemies":"Shell Parasite","floor":19.0,"turns":5.0},{"damage":35.0,"enemies":"downfall:FleeingMerchant","floor":20.0,"turns":4.0},{"damage":47.0,"enemies":"3 Byrds","floor":22.0,"turns":6.0},{"damage":30.0,"enemies":"Snecko","floor":25.0,"turns":5.0},{"damage":32.0,"enemies":"Book of Stabbing","floor":27.0,"turns":5.0},{"damage":16.0,"enemies":"Shelled Parasite and Fungi","floor":28.0,"turns":4.0},{"damage":38.0,"enemies":"Gremlin Leader","floor":31.0,"turns":6.0},{"damage":47.0,"enemies":"Centurion and Healer","floor":32.0,"turns":5.0},{"damage":64.0,"enemies":"downfall:Defect","floor":33.0,"turns":8.0},{"damage":29.0,"enemies":"Orb Walker","floor":36.0,"turns":3.0},{"damage":20.0,"enemies":"3 Shapes","floor":37.0,"turns":3.0},{"damage":37.0,"enemies":"Giant Head","floor":40.0,"turns":7.0},{"damage":47,"enemies":"Sphere and 2 Shapes","floor":42,"turns":5},{"damage":30,"enemies":"Transient","floor":43,"turns":5},{"damage":50,"enemies":"Nemesis","floor":45,"turns":7},{"damage":35,"enemies":"downfall:FleeingMerchant","floor":46,"turns":4},{"damage":77,"enemies":"Maw","floor":49,"turns":7},{"damage":65,"enemies":"downfall:Watcher","floor":50,"turns":4}],"seed_played":"-5014129915465800987","potions_obtained":[{"floor":6.0,"key":"Regen Potion"},{"floor":10.0,"key":"Ancient Potion"},{"floor":12.0,"key":"Swift Potion"},{"floor":27.0,"key":"PowerPotion"}],"is_trial":false,"path_per_floor":["R","?","?","?","M","E","T","E","R","M","E","M","R","E","M","B",null,"R","M","$","?","M","R","T","M","R","E","M","?","R","E","M","B",null,"R","M","M","?","?","E","T","M","M","R","E","$","R","?","M","B",null],"character_chosen":"THE_CHAMP","items_purchased":["champ:SteelEdge","champ:EndlessRage","champ:DancingMaster","expansioncontent:DashGenerateEvil"],"campfire_rested":0,"item_purchase_floors":[20,20,46,46],"current_hp_per_floor":[90,90,97,97,97,97,97,97,97,97,90,90,90,89,87,79,97,97,96,94,94,93,93,93,92,92,85,76,76,76,64,63,53,97,97,97,97,97,97,97,97,84,84,84,84,84,84,84,54,66],"gold":268,"neow_bonus":"THREE_ENEMY_KILL","is_daily":false,"chose_seed":false,"campfire_upgraded":9,"win_rate":0.0,"timestamp":1610325223,"path_taken":["R","?","?","?","M","E","T","E","R","M","E","?","R","E","M","BOSS","R","M","$","?","M","R","T","M","R","E","M","?","R","E","M","BOSS","R","M","M","?","?","E","T","M","M","R","E","$","R","?","M","BOSS"],"items_purchased_type":["Card","Card","Card","Card"],"build_version":"2020-12-22","purchased_purges":0,"victory":true,"max_hp_per_floor":[90,90,97,97,97,97,97,97,97,97,97,97,97,97,97,97,97,97,97,97,97,97,97,97,97,97,97,97,97,97,97,97,97,97,97,97,97,97,97,97,97,97,97,97,97,97,97,97,97,97],"card_choices":[{"not_picked":["champ:BerserkerStyle","champ:PerfectedStrike"],"picked":"champ:Circumvent","floor":5.0},{"not_picked":["champ:FocusedBerserking","champ:Lariat"],"picked":"champ:RecklessLeap","floor":6.0},{"not_picked":["champ:DefensiveShout","champ:AdrenalArmor"],"picked":"champ:TornadoPunch","floor":8.0},{"not_picked":["champ:RecklessLeap","champ:BerserkerStyle"],"picked":"champ:GutPunch","floor":10.0},{"not_picked":["champ:DefensiveShout","champ:FocusedBerserking"],"picked":"champ:Backstep","floor":11.0},{"not_picked":["champ:DefensiveShout","champ:RageSigil","champ:FlashCut"],"picked":"SKIP","floor":12.0},{"not_picked":["champ:PreciseThrust","champ:BerserkersShout"],"picked":"champ:Balance","floor":14.0},{"not_picked":["champ:GladiatorStyle","champ:DefensiveShout"],"picked":"champ:BringItOn","floor":15.0},{"not_picked":["champ:RageSigil","champ:Balance","champ:RapidStrikes"],"picked":"SKIP","floor":19.0},{"not_picked":["champ:FightOn","champ:PreciseThrust+1"],"picked":"champ:AdrenalArmor","floor":20.0},{"not_picked":["champ:EnragedBash","champ:GutPunch+1","champ:GladiatorsShout"],"picked":"SKIP","floor":22.0},{"not_picked":["champ:RisingSlash","champ:Aggression"],"picked":"champ:ArenaPreparation+1","floor":25.0},{"not_picked":["champ:Shatter+1","champ:BladeFlurry+1","champ:DeathBlow"],"picked":"SKIP","floor":27.0},{"not_picked":["champ:PerfectedStrike","champ:RisingSlash","champ:DefensiveShout"],"picked":"SKIP","floor":28.0},{"not_picked":["champ:StanceDance","champ:Backstep+1"],"picked":"champ:Duel","floor":31.0},{"not_picked":["champ:ShieldWall","champ:StanceDance","champ:EnchantShield"],"picked":"SKIP","floor":32.0},{"not_picked":["champ:PerfectedStrike+1","champ:RageSigil+1","champ:EnGarde+1"],"picked":"SKIP","floor":36.0},{"not_picked":["champ:DefensiveShout+1","champ:StanceDance","champ:Circumvent"],"picked":"SKIP","floor":37.0},{"not_picked":["champ:TornadoPunch","champ:GutPunch","champ:Riposte+1"],"picked":"SKIP","floor":40.0},{"not_picked":["champ:FaceSlap","champ:CalledShot+1"],"picked":"champ:AdrenalArmor+1","floor":42},{"not_picked":["champ:GladiatorsShout+1","champ:PerfectedStrike","champ:BerserkersShout"],"picked":"SKIP","floor":43},{"not_picked":["champ:StrikeOfGenius","champ:FanOfKnives","champ:IronFortress"],"picked":"SKIP","floor":45},{"not_picked":["champ:Duel","champ:BerserkersShout","champ:HoldFirm"],"picked":"SKIP","floor":46},{"not_picked":["champ:FightOn","champ:BringItOn+1","champ:GutPunch+1"],"picked":"SKIP","floor":49}],"player_experience":412573,"relics_obtained":[{"floor":6.0,"key":"InkBottle"},{"floor":7.0,"key":"Ornamental Fan"},{"floor":8.0,"key":"Torii"},{"floor":14.0,"key":"Juzu Bracelet"},{"floor":24.0,"key":"Bag of Preparation"},{"floor":27.0,"key":"Pen Nib"},{"floor":31.0,"key":"Tiny Chest"},{"floor":39.0,"key":"CeramicFish"},{"floor":40.0,"key":"Orichalcum"},{"floor":45,"key":"Oddly Smooth Stone"}],"event_choices":[{"damage_healed":0.0,"max_hp_gain":0.0,"max_hp_loss":0.0,"gold_gain":0.0,"event_name":"Upgrade Shrine","player_choice":"Upgraded","floor":4.0,"gold_loss":0.0,"damage_taken":0.0,"cards_upgraded":["champ:Taunt"]},{"damage_healed":0,"gold_gain":0,"player_choice":"Forge","damage_taken":0,"max_hp_gain":0,"max_hp_loss":0,"event_name":"Accursed Blacksmith","floor":48,"gold_loss":0,"cards_upgraded":["expansioncontent:DashGenerateEvil"]}],"is_beta":false,"boss_relics":[{"not_picked":["Empty Cage","Philosopher\u0027s Stone"],"picked":"Pandora\u0027s Box"},{"not_picked":["SacredBark","Velvet Choker"],"picked":"Coffee Dripper"}],"items_purged_floors":[],"is_endless":false,"potions_floor_spawned":[6,10,12,14,16,19,25,27,28,40,45],"ascension_level":2}}