{"host":"on8rz1ayhhz269sg","time":1610369525,"event":{"mods":["BaseMod","Downfall","Minty Spire (QoL Compilation)","Remilia£®¿Ÿ√◊¿Ú—«£©","StSLib","The Cursed"],"gold_per_floor":[99,109,122,139,139,139,139,154,329,341,641,67,67,96,115,215,215,140,51,62,81,98,98,151,166,183,183,183,183,183,201,218,315,315,315,1,18,68,82,82,105,120,29,29,29,29,29,41,52,52],"floor_reached":51,"playtime":4193,"items_purged":[],"score":776,"play_id":"211c479b-744d-4c0b-abe8-796cc00918af","local_time":"20210111205205","is_ascension_mode":false,"campfire_choices":[{"data":"Guardian:TwinSlam","floor":1.0,"key":"SMITH"},{"data":"Guardian:CurlUp","floor":6.0,"key":"SMITH"},{"data":"Guardian:GemFire","floor":18.0,"key":"SMITH"},{"floor":23.0,"key":"REST"},{"data":"Guardian:ArmoredProtocol","floor":30,"key":"SMITH"},{"data":"Guardian:PiercingHide","floor":35,"key":"SMITH"},{"floor":45,"key":"REST"},{"floor":46,"key":"REST"}],"circlet_count":0,"master_deck":["Guardian:CurlUp+1","Guardian:TwinSlam+1","Guardian:BronzeOrb","Guardian:FloatingOrbs","Guardian:GuardianWhirl","Doubt","Guardian:PiercingHide+1","Slimebound:Icky","Slimebound:Icky","Guardian:BaubleBeam","Guardian:ArmoredProtocol+1","Parasite","Guardian:Orbwalk+1","Guardian:GemFire+1","CurseOfTheBell","Guardian:SentryBeam","Guardian:TemporalShield+1","Guardian:TimeSifter+1","Guardian:Reroute","Slimebound:Tackle+1","Slimebound:Tackle+1","Slimebound:Tackle+1","RitualDagger","Guardian:FloatingOrbs+1","Guardian:GemFinder+1","Guardian:Gem_Green","Guardian:Gem_White","Guardian:AncientConstruct+1","Guardian:WalkerClaw","Guardian:ShieldCharger+1","Guardian:DecasProtection","Guardian:TimeCapacitor+1","Guardian:TemporalStrike+1","Guardian:FloatingOrbs+1","expansioncontent:DarkVoid","expansioncontent:CaCaw+1","Guardian:Gem_Red","Guardian:PiercingHide+1","Guardian:ShieldSpikes+1","Guardian:ArmoredProtocol+1","Guardian:BronzeOrb","Guardian:ChargeCore+1","Guardian:ChargeCore","Guardian:Gem_Orange","Guardian:Gem_Cyan","Guardian:ChargeUp+1","Parasite","Guardian:Gem_Green","Guardian:Harden+1"],"relics":["Guardian:ModeShifter","Mercury Hourglass","PreservedInsect","Frozen Egg 2","Boot","Calling Bell","Dream Catcher","Pear","Turnip","downfall:HeartBlessingGreen","Art of War","Pandora\u0027s Box","Guardian:BottledStasis","WingedGreaves","Lantern","Vajra"],"acts_visited":["Exordium","TheCity","TheBeyond"],"potions_floor_usage":[31,31,33,38,43,48,48,50,50],"damage_taken":[{"damage":1.0,"enemies":"2 Louse","floor":2.0,"turns":3.0},{"damage":0.0,"enemies":"Small Slimes","floor":3.0,"turns":3.0},{"damage":2.0,"enemies":"Jaw Worm","floor":4.0,"turns":5.0},{"damage":8.0,"enemies":"Large Slime","floor":8.0,"turns":5.0},{"damage":7.0,"enemies":"3 Louse","floor":10.0,"turns":2.0},{"damage":5.0,"enemies":"downfall:FleeingMerchant","floor":12.0,"turns":4.0},{"damage":14.0,"enemies":"Gremlin Nob","floor":14.0,"turns":5.0},{"damage":0.0,"enemies":"Lots of Slimes","floor":15.0,"turns":3.0},{"damage":29.0,"enemies":"downfall:Silent","floor":16.0,"turns":10.0},{"damage":0.0,"enemies":"downfall:FleeingMerchant","floor":19.0,"turns":4.0},{"damage":8.0,"enemies":"Spheric Guardian","floor":20.0,"turns":4.0},{"damage":0.0,"enemies":"Chosen","floor":21.0,"turns":3.0},{"damage":13.0,"enemies":"Sentry and Sphere","floor":22.0,"turns":6.0},{"damage":0.0,"enemies":"Snake Plant","floor":25.0,"turns":3.0},{"damage":1.0,"enemies":"Centurion and Healer","floor":26.0,"turns":4.0},{"damage":12,"enemies":"Shelled Parasite and Fungi","floor":31,"turns":4},{"damage":6,"enemies":"Snake Plant","floor":32,"turns":3},{"damage":16,"enemies":"downfall:Watcher","floor":33,"turns":9},{"damage":1,"enemies":"downfall:FleeingMerchant","floor":36,"turns":4},{"damage":19,"enemies":"3 Shapes","floor":37,"turns":3},{"damage":2,"enemies":"Mind Bloom Boss Battle","floor":38,"turns":5},{"damage":4,"enemies":"Orb Walker","floor":39,"turns":2},{"damage":37,"enemies":"Jaw Worm Horde","floor":42,"turns":4},{"damage":25,"enemies":"downfall:FleeingMerchant","floor":43,"turns":4},{"damage":15,"enemies":"3 Darklings","floor":48,"turns":3},{"damage":6,"enemies":"Writhing Mass","floor":49,"turns":5},{"damage":17,"enemies":"downfall:Defect","floor":50,"turns":7}],"seed_played":"2574655455854543553","potions_obtained":[{"floor":3.0,"key":"Ancient Potion"},{"floor":8.0,"key":"LiquidMemories"},{"floor":14.0,"key":"Explosive Potion"},{"floor":16.0,"key":"CultistPotion"},{"floor":21.0,"key":"SkillPotion"},{"floor":26.0,"key":"Block Potion"},{"floor":32,"key":"Fire Potion"},{"floor":37,"key":"AttackPotion"},{"floor":48,"key":"Fire Potion"},{"floor":49,"key":"Explosive Potion"}],"is_trial":false,"path_per_floor":["R","M","M","M","?","R","T","M","?","M","?","$","?","E","M","B",null,"R","$","M","M","M","R","T","M","M","?","?","?","R","M","M","B",null,"R","$","M","?","M","?","T","M","$","?","R","R","?","M","M","B",null],"character_chosen":"GUARDIAN","items_purchased":["Guardian:ArmoredProtocol","PreservedInsect","Frozen Egg 2","Block Potion","Guardian:Gem_Crimson","Guardian:SentryBeam","Guardian:BottledStasis","Explosive Potion","Guardian:DecasProtection","Guardian:TimeCapacitor+1","Guardian:ArmoredProtocol+1","Guardian:BronzeOrb","Vajra","Fruit Juice","Regen Potion"],"campfire_rested":3,"item_purchase_floors":[12,12,12,12,12,19,36,36,36,36,43,43,43,43,43],"current_hp_per_floor":[88,87,87,85,90,90,90,82,82,75,75,70,93,79,79,50,103,103,103,95,95,82,103,103,103,102,102,96,96,96,84,78,62,103,103,102,83,81,77,72,72,35,10,10,40,70,70,69,63,46],"gold":52,"neow_bonus":"TEN_PERCENT_HP_BONUS","is_daily":false,"chose_seed":false,"campfire_upgraded":5,"win_rate":0.0,"timestamp":1610369525,"path_taken":["R","M","M","M","?","R","T","M","?","M","?","$","?","E","M","BOSS","R","$","M","M","M","R","T","M","M","?","?","?","R","M","M","BOSS","R","?","M","?","?","?","T","M","$","?","R","R","?","M","M","BOSS"],"items_purchased_type":["Card","Relic","Relic","Potion","Card","Card","Relic","Potion","Card","Card","Card","Card","Relic","Potion","Potion"],"build_version":"2020-12-22","purchased_purges":0,"victory":true,"max_hp_per_floor":[88,88,88,88,93,93,93,93,93,93,93,93,93,93,93,93,103,103,103,103,103,103,103,103,103,103,103,103,103,103,103,103,103,103,103,103,103,103,103,103,103,103,103,103,103,103,103,108,108,108],"card_choices":[{"not_picked":["Guardian:ChargeCore","Guardian:PrimingBeam"],"picked":"Guardian:Gem_Cyan","floor":2.0},{"not_picked":["Guardian:Reroute","Guardian:TemporalStrike"],"picked":"Guardian:BronzeOrb","floor":3.0},{"not_picked":["Guardian:BronzeArmor","Guardian:Clone"],"picked":"Guardian:FloatingOrbs","floor":4.0},{"not_picked":["Guardian:TemporalShield","Guardian:Planning"],"picked":"Guardian:GuardianWhirl","floor":8.0},{"not_picked":["Guardian:MultiBeam","Guardian:Recover"],"picked":"Guardian:PiercingHide","floor":10.0},{"not_picked":["Guardian:Recover","Guardian:MultiBeam"],"picked":"Guardian:BaubleBeam","floor":12.0},{"not_picked":["Guardian:FloatingOrbs+1","Guardian:ShieldSpikes"],"picked":"Guardian:Orbwalk+1","floor":14.0},{"not_picked":["Guardian:RollAttack","Guardian:Suspension"],"picked":"Guardian:Gem_Green","floor":15.0},{"not_picked":["Guardian:HyperBeam_Guardian","Guardian:StasisField"],"picked":"Guardian:GemFire","floor":16.0},{"not_picked":["Guardian:RollAttack","Guardian:Clone"],"picked":"Guardian:Gem_Cyan","floor":19.0},{"not_picked":["Guardian:VentSteam","Guardian:TemporalStrike"],"picked":"Guardian:TemporalShield+1","floor":20.0},{"not_picked":["Guardian:Suspension","Guardian:Gem_Red"],"picked":"Guardian:TimeSifter+1","floor":21.0},{"not_picked":["Guardian:TemporalStrike+1","Guardian:PiercingHide"],"picked":"Guardian:Gem_Red","floor":22.0},{"not_picked":["Guardian:Gem_Green","Guardian:BronzeOrb"],"picked":"Guardian:Gem_Yellow","floor":23.0},{"not_picked":["Guardian:VentSteam+1","Guardian:Recover"],"picked":"Guardian:Reroute","floor":25.0},{"not_picked":["Guardian:Preprogram","Guardian:ChargeCore"],"picked":"Guardian:Gem_Purple","floor":26.0},{"not_picked":["Guardian:Incinerate","Guardian:Reroute"],"picked":"Guardian:FloatingOrbs+1","floor":31},{"not_picked":["Guardian:PrimingBeam+1","Guardian:Gem_Yellow"],"picked":"Guardian:GemFinder+1","floor":32},{"not_picked":["Guardian:Gem_Cyan","Guardian:Gem_Lightblue"],"picked":"Guardian:Gem_Green","floor":33},{"not_picked":["Guardian:HyperBeam_Guardian","Guardian:GemFinder+1"],"picked":"Guardian:Gem_Orange","floor":33},{"not_picked":["Guardian:RollAttack+1","Guardian:Gem_Green"],"picked":"Guardian:ShieldCharger+1","floor":36},{"not_picked":["Guardian:DecasProtection","Guardian:WalkerClaw"],"picked":"Guardian:TemporalStrike+1","floor":37},{"not_picked":["Guardian:TimeCapacitor+1","Guardian:PrimingBeam+1"],"picked":"Guardian:Gem_Yellow","floor":38},{"not_picked":["Guardian:Gem_Green","Guardian:ShieldCharger+1"],"picked":"Guardian:FloatingOrbs+1","floor":39},{"not_picked":["expansioncontent:SlimeTackle","expansioncontent:GoopSpray"],"picked":"expansioncontent:DarkVoid","floor":40},{"not_picked":["expansioncontent:PrepareCrush","expansioncontent:GoopSpray"],"picked":"expansioncontent:CaCaw+1","floor":40},{"not_picked":["Guardian:Gem_Lightblue","Guardian:Gem_Cyan"],"picked":"Guardian:Gem_Red","floor":42},{"not_picked":["Guardian:RollAttack","Guardian:ChargeUp"],"picked":"Guardian:PiercingHide+1","floor":42},{"not_picked":["Guardian:Gem_Cyan","Guardian:WalkerClaw+1"],"picked":"Guardian:ShieldSpikes+1","floor":43},{"not_picked":["Guardian:Gem_Red","Guardian:DecasProtection"],"picked":"Guardian:ChargeCore+1","floor":45},{"not_picked":["Guardian:TemporalStrike","Guardian:FierceBash"],"picked":"Guardian:ChargeCore","floor":46},{"not_picked":["Guardian:PolyBeam","Guardian:Gem_Fragmented"],"picked":"Guardian:ChargeUp+1","floor":48},{"not_picked":["Guardian:Gem_Cyan","Guardian:Gem_Red"],"picked":"Guardian:Gem_Green","floor":49},{"not_picked":["Guardian:WalkerClaw+1","Guardian:PiercingHide"],"picked":"Guardian:Harden+1","floor":49}],"player_experience":168920,"relics_obtained":[{"floor":7.0,"key":"Mercury Hourglass"},{"floor":14.0,"key":"Boot"},{"floor":17.0,"key":"Dream Catcher"},{"floor":17.0,"key":"Pear"},{"floor":17.0,"key":"Turnip"},{"floor":24.0,"key":"Art of War"},{"floor":38,"key":"WingedGreaves"},{"floor":41,"key":"Lantern"}],"event_choices":[{"damage_healed":0.0,"max_hp_gain":5.0,"max_hp_loss":0.0,"gold_gain":0.0,"event_name":"Big Fish","player_choice":"Donut","floor":5.0,"gold_loss":0.0,"damage_taken":0.0},{"damage_healed":23.0,"max_hp_gain":0.0,"max_hp_loss":0.0,"gold_gain":0.0,"event_name":"Mushrooms","player_choice":"Healed and dodged fight","floor":13.0,"gold_loss":0.0,"damage_taken":0.0,"cards_obtained":["Parasite"]},{"damage_healed":0,"gold_gain":0,"player_choice":"Ignored","damage_taken":0,"max_hp_gain":0,"max_hp_loss":0,"event_name":"NoteForYourself","floor":29,"gold_loss":0}],"is_beta":false,"boss_relics":[{"not_picked":["Runic Dome","Guardian:StasisSlotReductionRelic"],"picked":"Calling Bell"},{"not_picked":["Snecko Eye","Sozu"],"picked":"Pandora\u0027s Box"}],"items_purged_floors":[],"is_endless":false,"potions_floor_spawned":[3,8,14,16,21,26,32,37,48,49],"ascension_level":0}}