{"host":"1bmpebsu0h6jmm2g","time":1610363336,"event":{"mods":["BaseMod","Colored Map","DeckTracker","Highlight Path","Keyboard Shortcuts","Minty Spire (QoL Compilation)","Permanent Neow","Quick Restart","Relic Stats","Slay the Relics Exporter","StSLib","SuperFastMode"],"gold_per_floor":[119,131,141,152,164,164,180,180,252,262,281,246,261,278,278,352,352,372,372,190,209,209,209],"floor_reached":22,"playtime":651,"items_purged":["Shame"],"score":386,"play_id":"467e04ef-228b-4b5c-a382-f8cd5d08c312","local_time":"20210111200856","is_ascension_mode":true,"campfire_choices":[{"floor":6.0,"key":"REST"},{"data":"Go for the Eyes","floor":8.0,"key":"SMITH"},{"data":"Hello World","floor":15.0,"key":"SMITH"}],"circlet_count":0,"master_deck":["AscendersBane","Strike_B","Strike_B","Strike_B","Strike_B","Defend_B","Defend_B","Defend_B","Defend_B","Zap","Dualcast","Conserve Battery","Sweeping Beam","Go for the Eyes+1","Ball Lightning","Electrodynamics","Stack","Beam Cell+1","White Noise","Hello World+1","BootSequence","All For One+1","Defragment","Stack","Compile Driver+1","Storm+1"],"relics":["Inserter","Molten Egg 2","Cursed Key","Art of War"],"acts_visited":["Exordium","TheCity"],"potions_floor_usage":[16,21,22],"damage_taken":[{"damage":10.0,"enemies":"Cultist","floor":1.0,"turns":5.0},{"damage":14.0,"enemies":"Small Slimes","floor":2.0,"turns":5.0},{"damage":3.0,"enemies":"Jaw Worm","floor":3.0,"turns":5.0},{"damage":0.0,"enemies":"2 Fungi Beasts","floor":4.0,"turns":3.0},{"damage":22.0,"enemies":"Exordium Wildlife","floor":5.0,"turns":6.0},{"damage":9.0,"enemies":"Red Slaver","floor":7.0,"turns":3.0},{"damage":0.0,"enemies":"3 Louse","floor":10.0,"turns":2.0},{"damage":19.0,"enemies":"Large Slime","floor":11.0,"turns":4.0},{"damage":6.0,"enemies":"Blue Slaver","floor":13.0,"turns":3.0},{"damage":15.0,"enemies":"3 Louse","floor":14.0,"turns":2.0},{"damage":0,"enemies":"Hexaghost","floor":16,"turns":11},{"damage":16,"enemies":"2 Thieves","floor":18,"turns":3},{"damage":7,"enemies":"Shell Parasite","floor":21,"turns":5},{"damage":45,"enemies":"Masked Bandits","floor":22,"turns":3}],"seed_played":"-5237671482661246019","potions_obtained":[{"floor":4.0,"key":"Explosive Potion"},{"floor":7.0,"key":"FocusPotion"},{"floor":10.0,"key":"BlessingOfTheForge"},{"floor":13.0,"key":"Regen Potion"},{"floor":16,"key":"DistilledChaos"},{"floor":21,"key":"SteroidPotion"}],"is_trial":false,"path_per_floor":["M","M","M","M","M","R","M","R","T","M","M","?","M","M","R","B",null,"M","?","$","M","?"],"character_chosen":"DEFECT","items_purchased":["Stack","Compile Driver+1"],"campfire_rested":1,"item_purchase_floors":[20,20],"current_hp_per_floor":[58,44,41,41,19,41,32,32,32,32,13,31,25,10,10,25,63,47,47,47,40,0,0],"gold":209,"neow_bonus":"BOSS_RELIC","is_daily":false,"chose_seed":false,"campfire_upgraded":2,"win_rate":0.0,"timestamp":1610363336,"path_taken":["M","M","?","M","M","R","M","R","T","M","M","?","M","M","R","BOSS","M","?","$","M","?"],"items_purchased_type":["Card","Card"],"build_version":"2020-12-22","purchased_purges":1,"victory":false,"max_hp_per_floor":[75,75,75,75,75,75,75,75,75,75,75,75,75,75,75,75,75,75,75,75,75,75,75],"relic_stats":{"Inserter":[30],"counters":[14,60],"Art of War":[1],"Cursed Key":0,"obtain_stats":[{"Inserter":0,"Molten Egg 2":9,"Art of War":19,"Cracked Core":0,"Cursed Key":17},{"Inserter":0,"Molten Egg 2":6,"Art of War":12,"Cracked Core":0,"Cursed Key":11},{"Inserter":0,"Molten Egg 2":27,"Art of War":52,"Cracked Core":0,"Cursed Key":49}]},"card_choices":[{"not_picked":["Gash","Blizzard"],"picked":"Conserve Battery","floor":1.0},{"not_picked":["Blizzard","Beam Cell"],"picked":"Sweeping Beam","floor":2.0},{"not_picked":["Stack","Turbo"],"picked":"Go for the Eyes","floor":3.0},{"not_picked":["Stack","Go for the Eyes"],"picked":"Ball Lightning","floor":4.0},{"not_picked":["Beam Cell","Leap"],"picked":"Electrodynamics","floor":5.0},{"not_picked":["Steam","Leap"],"picked":"Stack","floor":7.0},{"not_picked":["Auto Shields","Genetic Algorithm"],"picked":"Beam Cell+1","floor":10.0},{"not_picked":["Steam","Stack"],"picked":"White Noise","floor":11.0},{"not_picked":["Hologram","Turbo"],"picked":"Hello World","floor":13.0},{"not_picked":["Double Energy","Steam"],"picked":"BootSequence","floor":14.0},{"not_picked":["Multi-Cast","Reboot"],"picked":"All For One+1","floor":16},{"not_picked":["Rebound+1","Ball Lightning+1"],"picked":"Defragment","floor":18},{"not_picked":["Leap+1","Blizzard+1"],"picked":"Storm+1","floor":21}],"player_experience":486881,"relics_obtained":[{"floor":9.0,"key":"Molten Egg 2"}],"event_choices":[{"damage_healed":18.0,"max_hp_gain":0.0,"max_hp_loss":0.0,"gold_gain":0.0,"event_name":"The Cleric","player_choice":"Healed","floor":12.0,"gold_loss":35.0,"damage_taken":0.0},{"damage_healed":0,"gold_gain":0,"player_choice":"Stole Relic","damage_taken":0,"relics_obtained":["Art of War"],"max_hp_gain":0,"max_hp_loss":0,"event_name":"Addict","floor":19,"gold_loss":0,"cards_obtained":["Shame"]},{"damage_healed":0,"gold_gain":0,"player_choice":"Fought Bandits","damage_taken":0,"max_hp_gain":0,"max_hp_loss":0,"event_name":"Masked Bandits","floor":22,"gold_loss":0}],"is_beta":false,"boss_relics":[{"not_picked":["Snecko Eye","Tiny House"],"picked":"Cursed Key"}],"items_purged_floors":[20],"is_endless":false,"potions_floor_spawned":[4,7,10,13,16,18,21],"killed_by":"Masked Bandits","ascension_level":13}}