{"host":"z4nt7tdd4gjrinn7","time":1610406887,"event":{"mods":["100% Spire Juice","BaseMod","Minty Spire (QoL Compilation)","StSLib"],"gold_per_floor":[116,65,77,77,90,122,122,140,164,183,211,23,23,35,35,35,35],"floor_reached":16,"playtime":1023,"items_purged":[],"score":112,"play_id":"c6446b44-164b-4656-b59e-562d77e6a375","local_time":"20210111181447","is_ascension_mode":false,"campfire_choices":[{"floor":7,"key":"REST"},{"floor":15,"key":"REST"}],"circlet_count":0,"master_deck":["Moonworks:Strike","Moonworks:Strike","Moonworks:Strike","Moonworks:Strike","Moonworks:Defend","Moonworks:Defend","Moonworks:Defend","Moonworks:Defend","Moonworks:Ambush","Moonworks:LongDistanceShot","Moonworks:MiracleWalker","Moonworks:IndiscriminateFireSupport","Moonworks:RagingMadness","Moonworks:TacticalRetreat","Moonworks:IndiscriminateFireSupport","Moonworks:EvilSpyWorkPreparation","Moonworks:ImOnFire","Moonworks:IndiscriminateFireSupport","Moonworks:CompletionReward","Moonworks:TacticalRetreat"],"relics":["Moonworks:BrokenBomb","Moonworks:Homemark","Juzu Bracelet","Anchor","MealTicket","Blood Vial"],"acts_visited":["Exordium"],"potions_floor_usage":[16,16,16],"damage_taken":[{"damage":5,"enemies":"Cultist","floor":1,"turns":4},{"damage":0,"enemies":"2 Louse","floor":3,"turns":1},{"damage":7,"enemies":"Small Slimes","floor":5,"turns":2},{"damage":29,"enemies":"Lagavulin","floor":6,"turns":8},{"damage":4,"enemies":"3 Louse","floor":8,"turns":2},{"damage":0,"enemies":"2 Fungi Beasts","floor":10,"turns":2},{"damage":38,"enemies":"Gremlin Nob","floor":11,"turns":4},{"damage":13,"enemies":"Blue Slaver","floor":14,"turns":4},{"damage":38,"enemies":"Slime Boss","floor":16,"turns":4}],"seed_played":"-5926690436351656025","potions_obtained":[{"floor":1,"key":"PowerPotion"},{"floor":3,"key":"Dexterity Potion"},{"floor":10,"key":"LiquidMemories"},{"floor":13,"key":"Strength Potion"}],"is_trial":false,"path_per_floor":["M","$","M","?","M","E","R","M","T","M","E","$","?","M","R","B"],"character_chosen":"THE_STARBREAKER","items_purchased":["Moonworks:IndiscriminateFireSupport","Blood Vial","Moonworks:CompletionReward"],"campfire_rested":2,"item_purchase_floors":[2,12,12],"current_hp_per_floor":[61,61,61,61,54,25,44,40,40,40,2,17,17,6,25,0,0],"gold":35,"neow_bonus":"TEN_PERCENT_HP_BONUS","is_daily":false,"chose_seed":false,"campfire_upgraded":0,"win_rate":0.0,"timestamp":1610406887,"path_taken":["M","$","?","?","M","E","R","M","T","M","E","$","?","M","R","BOSS"],"items_purchased_type":["Card","Relic","Card"],"build_version":"2020-12-22","purchased_purges":0,"victory":false,"max_hp_per_floor":[66,66,66,66,66,66,66,66,66,66,66,66,66,66,66,66,66],"card_choices":[{"not_picked":["Moonworks:DevilHand","Moonworks:BigMagnum"],"picked":"Moonworks:MiracleWalker","floor":1},{"not_picked":["Moonworks:MixPhenomenon","Moonworks:JonathanRush"],"picked":"Moonworks:RagingMadness","floor":3},{"not_picked":["Moonworks:ForcedRevival","Moonworks:NicePresent"],"picked":"Moonworks:TacticalRetreat","floor":5},{"not_picked":["Moonworks:EvilSpyWorkPreparation","Moonworks:SelfDestruct"],"picked":"Moonworks:IndiscriminateFireSupport","floor":6},{"not_picked":["Moonworks:BigMagnum","Moonworks:JonathanRush"],"picked":"Moonworks:EvilSpyWorkPreparation","floor":8},{"not_picked":["Moonworks:AwakeningOfTalent","Moonworks:x16BigRocket"],"picked":"Moonworks:ImOnFire","floor":10},{"not_picked":["Moonworks:JonathanRush","Moonworks:DeployBits"],"picked":"Moonworks:IndiscriminateFireSupport","floor":11},{"not_picked":["Moonworks:Wanted","Moonworks:ImOnFire"],"picked":"Moonworks:TacticalRetreat","floor":14}],"player_experience":53858,"relics_obtained":[{"floor":6,"key":"Juzu Bracelet"},{"floor":9,"key":"Anchor"},{"floor":11,"key":"MealTicket"}],"event_choices":[{"damage_healed":0,"gold_gain":0,"player_choice":"Leave","damage_taken":0,"max_hp_gain":0,"max_hp_loss":0,"event_name":"FaceTrader","floor":4,"gold_loss":0},{"damage_healed":0,"gold_gain":0,"player_choice":"Got Potions","damage_taken":0,"max_hp_gain":0,"max_hp_loss":0,"event_name":"Lab","floor":13,"gold_loss":0}],"is_beta":false,"boss_relics":[],"items_purged_floors":[],"is_endless":false,"potions_floor_spawned":[1,3,10,14],"killed_by":"Slime Boss","ascension_level":0}}