{"host":"Vert","time":1610385909,"event":{"mods":["BaseMod","Better Note","Colored Powertips","Hermit","Marisa????????","Minty Spire (QoL Compilation)","Replay The Spire","StSLib","Td1madao Mod","The Gatherer","The Marked","The Servant 0.9.4"],"gold_per_floor":[114,128,128,143,163,188,201,201,201,126,154,154,171,189,189,285,385,402,421,421,471,485,501,501,518,545,561,575,575,575,575],"floor_reached":30,"playtime":1603,"items_purged":["Strike_B"],"score":248,"play_id":"888661f3-0264-4d22-8a2d-d0da0cf7b9fd","local_time":"20210111202509","is_ascension_mode":false,"campfire_choices":[{"floor":8,"key":"REST"},{"floor":12,"key":"REST"},{"data":"Gash","floor":15,"key":"SMITH"},{"floor":24,"key":"REST"}],"circlet_count":0,"master_deck":["Strike_B","Strike_B","Strike_B","Defend_B","Defend_B","Defend_B","Defend_B","Zap","Dualcast","Go for the Eyes","FTL","Scrape","Panic Button","Auto Shields","Gash+1","Reinforced Body","Hyperbeam","ReplayGash","ReplayGash","Go for the Eyes"],"relics":["Cracked Core","Blood Vial","Eternal Feather","Tiny Chest","Replay:Wanted Poster","Toy Ornithopter"],"acts_visited":["Exordium","TheCity"],"potions_floor_usage":[6,11,16,16,16,25,25,27,30],"damage_taken":[{"damage":0,"enemies":"Cultist","floor":1,"turns":3},{"damage":6,"enemies":"Jaw Worm","floor":2,"turns":3},{"damage":2,"enemies":"2 Louse","floor":4,"turns":2},{"damage":15,"enemies":"Exordium Thugs","floor":5,"turns":5},{"damage":26,"enemies":"3 Sentries","floor":6,"turns":7},{"damage":9,"enemies":"Blue Slaver","floor":7,"turns":2},{"damage":11,"enemies":"Lagavulin","floor":11,"turns":7},{"damage":1,"enemies":"Red Slaver","floor":13,"turns":3},{"damage":0,"enemies":"2 Fungi Beasts","floor":14,"turns":3},{"damage":81,"enemies":"Fading Forest","floor":16,"turns":11},{"damage":6,"enemies":"2 Thieves","floor":18,"turns":4},{"damage":17,"enemies":"Shell Parasite","floor":19,"turns":6},{"damage":21,"enemies":"Snake Plant","floor":22,"turns":5},{"damage":20,"enemies":"Shelled Parasite and Fungi","floor":23,"turns":6},{"damage":28,"enemies":"Cultist and Chosen","floor":25,"turns":12},{"damage":0,"enemies":"3 Cultists","floor":27,"turns":3},{"damage":10,"enemies":"Chosen and Byrds","floor":28,"turns":4},{"damage":25,"enemies":"Snake Plant","floor":30,"turns":5}],"seed_played":"2599504461109617553","potions_obtained":[{"floor":1,"key":"Fire Potion"},{"floor":3,"key":"SpeedPotion"},{"floor":3,"key":"Weak Potion"},{"floor":7,"key":"LifebloodPotion"},{"floor":11,"key":"SpeedPotion"},{"floor":16,"key":"Explosive Potion"},{"floor":18,"key":"SkillPotion"},{"floor":25,"key":"SkillPotion"},{"floor":28,"key":"Dexterity Potion"}],"is_trial":false,"path_per_floor":["M","M","?","M","M","E","M","R","T","$","E","R","M","M","R","B",null,"M","M","?","?","M","M","R","M","T","M","M","?","M"],"character_chosen":"DEFECT","items_purchased":[],"campfire_rested":3,"item_purchase_floors":[],"current_hp_per_floor":[75,69,69,67,52,26,19,41,41,41,32,63,64,66,75,2,75,69,54,48,48,29,11,42,16,16,23,15,15,0,0],"gold":575,"neow_bonus":"THREE_CARDS","is_daily":false,"chose_seed":false,"campfire_upgraded":1,"win_rate":0.0,"timestamp":1610385909,"path_taken":["M","?","?","M","M","E","?","R","T","$","E","R","M","M","R","BOSS","M","M","?","?","M","M","R","M","T","M","M","?","M"],"items_purchased_type":[],"build_version":"2020-12-18","purchased_purges":1,"victory":false,"max_hp_per_floor":[75,75,75,75,75,75,75,75,75,75,75,75,75,75,75,75,75,75,75,75,75,75,75,75,75,75,75,75,75,75,75],"card_choices":[{"not_picked":["Redo","Leap"],"picked":"Go for the Eyes","floor":0},{"not_picked":["Undo","Stack"],"picked":"FTL","floor":1},{"not_picked":["Hologram","Lockon"],"picked":"Scrape","floor":2},{"not_picked":["Double Energy","Stack"],"picked":"Panic Button","floor":4},{"not_picked":["Hologram","Coolheaded","Ball Lightning"],"picked":"SKIP","floor":5},{"not_picked":["Compile Driver","Redo","Sunder"],"picked":"SKIP","floor":6},{"not_picked":["Conserve Battery","Rebound"],"picked":"Auto Shields","floor":7},{"not_picked":["BasicCrystalCard","Rebound"],"picked":"Gash","floor":11},{"not_picked":["White Noise","Coolheaded","Time Bomb"],"picked":"SKIP","floor":13},{"not_picked":["Hologram","Crystallizer"],"picked":"Reinforced Body","floor":14},{"not_picked":["ReplayTheSpireMod:Fabricate Wheel","ReplayTheSpireMod:Omega Cannon"],"picked":"Hyperbeam","floor":16},{"not_picked":["Panic Button+1","Darkness+1","Turbo"],"picked":"SKIP","floor":18},{"not_picked":["ReplaySort","ReplayTheSpireMod:Calculation Training+1","Lockon+1"],"picked":"SKIP","floor":19},{"not_picked":["Sweeping Beam","Chill+1"],"picked":"ReplayGash","floor":22},{"not_picked":["Panic Button","Lockon+1"],"picked":"ReplayGash","floor":23},{"not_picked":["Crystallizer","Cold Snap","White Noise+1"],"picked":"SKIP","floor":25},{"not_picked":["Double Energy","Coolheaded+1"],"picked":"Go for the Eyes","floor":27},{"not_picked":["Steam","Cold Snap+1","Conserve Battery"],"picked":"SKIP","floor":28}],"player_experience":533147,"relics_obtained":[{"floor":6,"key":"Blood Vial"},{"floor":9,"key":"Eternal Feather"},{"floor":11,"key":"Tiny Chest"},{"floor":26,"key":"Toy Ornithopter"}],"event_choices":[{"damage_healed":0,"gold_gain":0,"player_choice":"Got Potions","damage_taken":0,"max_hp_gain":0,"max_hp_loss":0,"event_name":"Lab","floor":3,"gold_loss":0},{"damage_healed":0,"gold_gain":0,"player_choice":"","damage_taken":6,"max_hp_gain":0,"max_hp_loss":0,"event_name":"Knowing Skull","floor":20,"potions_obtained":[],"gold_loss":0,"cards_obtained":[]},{"damage_healed":0,"gold_gain":100,"player_choice":"Bet on Murderer","damage_taken":0,"max_hp_gain":0,"max_hp_loss":0,"event_name":"The Joust","floor":21,"gold_loss":50},{"damage_healed":0,"gold_gain":0,"player_choice":"Ignored","damage_taken":0,"max_hp_gain":0,"max_hp_loss":0,"event_name":"betterNote:BetterNote","floor":29,"gold_loss":0,"cards_obtained":["Run Through"]}],"is_beta":true,"boss_relics":[{"not_picked":["Astrolabe","Kintsugi"],"picked":"Replay:Wanted Poster"}],"items_purged_floors":[10],"is_endless":false,"potions_floor_spawned":[1,4,7,11,16,18,25,28],"killed_by":"Snake Plant","ascension_level":0}}