{"host":"5ty8fyb0ngp9gspj","time":1610363152,"event":{"mods":["2.2 Compatiblity","AchievementEnabler","Act Like it!","BaseMod","Colored Map","Downfall","Minty Spire (QoL Compilation)","Rare Cards Sparkle","StSLib"],"gold_per_floor":[111,111,128,148,160,191,191,222,222,240,270,285,285,296,296,391,391,407,407,425,230,249,277,277,288,313,342,354,376,400,425,437,549,561,588,655,684,696,724,736,776,788,800,828,855,867,899,911,923,935],"floor_reached":51,"playtime":2911,"items_purged":[],"score":957,"play_id":"4b148965-8c74-4ebf-825f-d40700851d4c","local_time":"20210111220552","is_ascension_mode":true,"campfire_choices":[{"data":"Searing Blow","floor":7,"key":"SMITH"},{"data":"Searing Blow+1","floor":15,"key":"SMITH"},{"data":"Feel No Pain","floor":24,"key":"SMITH"},{"data":"1","floor":28,"key":"LIFT"},{"data":"2","floor":32,"key":"LIFT"},{"data":"3","floor":40,"key":"LIFT"},{"floor":42,"key":"RECALL"},{"data":"Fiend Fire","floor":49,"key":"SMITH"}],"circlet_count":0,"master_deck":["Bash+1","Feed","Searing Blow+3","Disarm","Iron Wave","Evolve","Exhume+1","Havoc+1","Immolate","Disarm+1","Power Through+1","Fiend Fire+1","Havoc+1","Feel No Pain+1","Reaper","Second Wind+1","Impervious+1","Perfected Strike","Headbutt","Searing Blow","Burning Pact+1","Inflame","True Grit+1","Dramatic Entrance","Body Slam","Twin Strike+1","Entrench+1","Anger","Burning Pact+1","Heavy Blade+1","Intimidate+1","Ghostly Armor+1","Impervious+1","Dual Wield+1","Rage+1","Infernal Blade+1","Rage+1","Flex+1","Feel No Pain+1","Pommel Strike+1","Madness+1","Madness+1","Berserk"],"relics":["Black Blood","Toxic Egg 2","champ:DeflectingBracers","Dead Branch","Girya","Pandora\u0027s Box","MealTicket","MawBank","Bird Faced Urn","StrikeDummy","White Beast Statue"],"acts_visited":["Exordium","TheCity","TheBeyond"],"potions_floor_usage":[6,12,14,18,23,45],"damage_taken":[{"damage":2,"enemies":"Jaw Worm","floor":1,"turns":3},{"damage":0,"enemies":"2 Louse","floor":3,"turns":4},{"damage":0,"enemies":"Cultist","floor":4,"turns":3},{"damage":8,"enemies":"Large Slime","floor":5,"turns":6},{"damage":22,"enemies":"Gremlin Nob","floor":6,"turns":4},{"damage":37,"enemies":"3 Sentries","floor":8,"turns":12},{"damage":8,"enemies":"Blue Slaver","floor":10,"turns":4},{"damage":21,"enemies":"Lagavulin","floor":11,"turns":7},{"damage":0,"enemies":"3 Louse","floor":12,"turns":1},{"damage":10,"enemies":"Gremlin Gang","floor":14,"turns":4},{"damage":2,"enemies":"Hexaghost","floor":16,"turns":10},{"damage":0,"enemies":"Spheric Guardian","floor":18,"turns":1},{"damage":5,"enemies":"Chosen","floor":20,"turns":5},{"damage":0,"enemies":"Snecko","floor":22,"turns":3},{"damage":38,"enemies":"Slavers","floor":23,"turns":4},{"damage":6,"enemies":"3 Cultists","floor":25,"turns":4},{"damage":6,"enemies":"Gremlin Leader","floor":27,"turns":5},{"damage":17,"enemies":"Snake Plant","floor":29,"turns":2},{"damage":6,"enemies":"Snecko","floor":30,"turns":1},{"damage":6,"enemies":"Centurion and Healer","floor":31,"turns":3},{"damage":27,"enemies":"Collector","floor":33,"turns":11},{"damage":15,"enemies":"3 Shapes","floor":35,"turns":6},{"damage":62,"enemies":"2 Orb Walkers","floor":36,"turns":6},{"damage":17,"enemies":"Orb Walker","floor":37,"turns":4},{"damage":43,"enemies":"Jaw Worm Horde","floor":39,"turns":4},{"damage":16,"enemies":"Reptomancer","floor":41,"turns":5},{"damage":6,"enemies":"Spire Growth","floor":44,"turns":4},{"damage":0,"enemies":"Writhing Mass","floor":45,"turns":5},{"damage":16,"enemies":"Maw","floor":47,"turns":4},{"damage":57,"enemies":"Time Eater","floor":50,"turns":8}],"seed_played":"6038776294869399924","potions_obtained":[{"floor":4,"key":"Energy Potion"},{"floor":10,"key":"Dexterity Potion"},{"floor":11,"key":"Energy Potion"},{"floor":12,"key":"BloodPotion"},{"floor":14,"key":"ElixirPotion"},{"floor":18,"key":"Fruit Juice"},{"floor":29,"key":"Weak Potion"},{"floor":33,"key":"LiquidBronze"},{"floor":45,"key":"hexamod:EctoCoolerPotion"},{"floor":47,"key":"HeartOfIron"}],"is_trial":false,"path_per_floor":["M","?","M","M","M","E","R","E","T","M","E","M","?","M","R","B",null,"M","?","M","$","M","E","R","M","T","E","R","M","M","M","R","B",null,"M","?","M","?","M","R","E","R","T","M","M","?","M","?","R","B",null],"character_chosen":"IRONCLAD","items_purchased":["True Grit+1","Dramatic Entrance","Body Slam"],"campfire_rested":0,"item_purchase_floors":[21,21,21],"current_hp_per_floor":[75,60,69,75,76,60,60,32,32,33,18,41,41,40,40,44,90,95,95,95,95,95,73,73,85,85,85,85,74,74,74,74,80,95,98,48,43,43,48,48,46,46,46,58,76,64,75,75,75,55],"gold":947,"neow_bonus":"THREE_RARE_CARDS","is_daily":false,"chose_seed":false,"campfire_upgraded":4,"win_rate":0.0,"timestamp":1610363152,"path_taken":["M","?","M","M","M","E","R","E","T","M","E","M","?","?","R","BOSS","M","?","M","$","M","E","R","M","T","E","R","M","M","M","R","BOSS","M","?","M","?","M","R","E","R","T","?","M","?","M","?","R","BOSS"],"items_purchased_type":["Card","Card","Card"],"build_version":"2020-12-22","purchased_purges":0,"victory":true,"max_hp_per_floor":[75,75,78,78,81,81,81,84,84,87,87,87,87,90,90,90,90,95,95,95,95,95,95,95,95,95,95,95,95,95,95,95,95,95,98,98,98,98,98,98,98,98,98,98,98,98,98,95,95,95],"card_choices":[{"not_picked":["Brutality","Exhume"],"picked":"Feed","floor":0},{"not_picked":["Twin Strike","Heavy Blade"],"picked":"Searing Blow","floor":1},{"not_picked":["Rupture","Intimidate"],"picked":"Disarm","floor":3},{"not_picked":["Pommel Strike","Shrug It Off"],"picked":"Iron Wave","floor":4},{"not_picked":["Pommel Strike","Reckless Charge"],"picked":"Evolve","floor":5},{"not_picked":["Sword Boomerang","Iron Wave","Twin Strike"],"picked":"SKIP","floor":6},{"not_picked":["Body Slam","Shrug It Off+1"],"picked":"Exhume+1","floor":8},{"not_picked":["Spot Weakness+1","Headbutt"],"picked":"Havoc+1","floor":10},{"not_picked":["Clothesline","Cleave"],"picked":"Immolate","floor":11},{"not_picked":["Clash","Clothesline"],"picked":"Disarm+1","floor":12},{"not_picked":["Spot Weakness+1","Pummel"],"picked":"Power Through+1","floor":14},{"not_picked":["Juggernaut","Demon Form"],"picked":"Fiend Fire","floor":16},{"not_picked":["Battle Trance+1","Power Through+1"],"picked":"Burning Pact+1","floor":18},{"not_picked":["Twin Strike","Rampage"],"picked":"Inflame","floor":20},{"not_picked":["Blood for Blood","Thunderclap"],"picked":"Twin Strike+1","floor":22},{"not_picked":["Armaments+1","Cleave"],"picked":"Entrench+1","floor":23},{"not_picked":["Cleave","Reckless Charge"],"picked":"Anger","floor":25},{"not_picked":["Double Tap+1","True Grit+1"],"picked":"Burning Pact+1","floor":27},{"not_picked":["Combust+1","Hemokinesis+1"],"picked":"Heavy Blade+1","floor":29},{"not_picked":["Shrug It Off+1","Battle Trance+1"],"picked":"Intimidate+1","floor":30},{"not_picked":["Armaments+1","Wild Strike"],"picked":"Ghostly Armor+1","floor":31},{"not_picked":["Double Tap+1","Berserk"],"picked":"Impervious+1","floor":33},{"not_picked":["Armaments+1","Thunderclap"],"picked":"Dual Wield+1","floor":35},{"not_picked":["Perfected Strike","Heavy Blade+1"],"picked":"Rage+1","floor":36},{"not_picked":["Hemokinesis+1","Entrench+1"],"picked":"Infernal Blade+1","floor":37},{"not_picked":["Perfected Strike","Blood for Blood+1"],"picked":"Rage+1","floor":39},{"not_picked":["Warcry+1","Battle Trance+1"],"picked":"Flex+1","floor":41},{"not_picked":["Infernal Blade+1","Perfected Strike"],"picked":"Feel No Pain+1","floor":44},{"not_picked":["Clash","Carnage"],"picked":"Pommel Strike+1","floor":45},{"not_picked":["Sword Boomerang+1","Thunderclap"],"picked":"Berserk","floor":47}],"player_experience":349265,"relics_obtained":[{"floor":6,"key":"Toxic Egg 2"},{"floor":8,"key":"champ:DeflectingBracers"},{"floor":9,"key":"Dead Branch"},{"floor":11,"key":"Girya"},{"floor":23,"key":"MealTicket"},{"floor":27,"key":"MawBank"},{"floor":36,"key":"Bird Faced Urn"},{"floor":41,"key":"StrikeDummy"},{"floor":43,"key":"White Beast Statue"}],"event_choices":[{"damage_healed":0,"gold_gain":0,"player_choice":"Entered Light","damage_taken":15,"max_hp_gain":0,"max_hp_loss":0,"event_name":"Shining Light","floor":2,"gold_loss":0,"cards_upgraded":["Defend_R","Bash"]},{"cards_removed":["Strike_R"],"damage_healed":0,"gold_gain":0,"player_choice":"Purged","damage_taken":0,"max_hp_gain":0,"max_hp_loss":0,"event_name":"Purifier","floor":13,"gold_loss":0},{"damage_healed":0,"gold_gain":0,"player_choice":"Ignored","damage_taken":0,"max_hp_gain":0,"max_hp_loss":0,"event_name":"Vampires","floor":19,"gold_loss":0},{"damage_healed":0,"gold_gain":0,"player_choice":"Fight","damage_taken":0,"max_hp_gain":0,"max_hp_loss":0,"event_name":"Mysterious Sphere","floor":36,"gold_loss":0},{"damage_healed":0,"gold_gain":0,"player_choice":"Upgraded","damage_taken":0,"max_hp_gain":0,"max_hp_loss":0,"event_name":"Upgrade Shrine","floor":38,"gold_loss":0,"cards_upgraded":["Searing Blow"]},{"damage_healed":0,"gold_gain":0,"player_choice":"Embrace Madness","damage_taken":12,"max_hp_gain":0,"max_hp_loss":0,"event_name":"Winding Halls","floor":46,"gold_loss":0,"cards_obtained":["Madness","Madness"]},{"cards_removed":["Parasite"],"damage_healed":0,"gold_gain":0,"player_choice":"Removed Curses","damage_taken":0,"max_hp_gain":0,"max_hp_loss":0,"event_name":"Fountain of Cleansing","floor":48,"gold_loss":0}],"is_beta":false,"boss_relics":[{"not_picked":["Philosopher\u0027s Stone","Runic Cube"],"picked":"Pandora\u0027s Box"},{"not_picked":["Snecko Eye","SlaversCollar"],"picked":"Black Blood"}],"items_purged_floors":[],"is_endless":false,"potions_floor_spawned":[4,10,11,12,14,18,29,33,35,44,45,47],"ascension_level":3}}