{"host":"9slw7l0ws16384qq","time":1610406374,"event":{"mods":["BaseMod","Colored Map","Hubris","Minty Spire (QoL Compilation)","Replay The Spire","StSLib","The Dragon Tamer","The Marked"],"gold_per_floor":[119,119,136,236,249,249,249,105,129,129,163,176,193,93,93,191,291,301,321,114,131,144,144,169,169,169,169,183,183,183,60,60,165,215,230,110,128,146,163,163,174,190,215,215,215,232,232,252,252,252],"floor_reached":51,"playtime":2307,"items_purged":["DTMod:Strike","DTMod:Strike","DTMod:TargetDefense"],"score":796,"play_id":"a403f66c-e150-476a-9ccd-9cc3ac978ba9","local_time":"20210112000614","is_ascension_mode":false,"metric_token":537,"campfire_choices":[{"data":"DTMod:DragonDance","floor":6.0,"key":"SMITH"},{"data":"DTMod:InvisibleFlame","floor":10.0,"key":"SMITH"},{"data":"DTMod:GearUp","floor":15.0,"key":"SMITH"},{"data":"DTMod:CleansingStrike","floor":23,"key":"SMITH"},{"data":"DTMod:DragonDance","floor":25,"key":"SMITH"},{"data":"DTMod:Threaten","floor":29,"key":"SMITH"},{"floor":32,"key":"REST"},{"data":"DTMod:Outburst","floor":40,"key":"SMITH"},{"data":"DTMod:ShadowImage","floor":44,"key":"SMITH"},{"data":"DTMod:TargetDefense","floor":49,"key":"SMITH"}],"dtmod_dragon_data":[37,56,0,3,0,2],"circlet_count":0,"master_deck":["DTMod:Strike","DTMod:Strike","DTMod:DoubleHit+1","DTMod:TargetDefense+3","DTMod:TargetDefense","DTMod:SwitchingTactic+1","DTMod:HeadStart+1","DTMod:DragonDance+1","DTMod:DragonDance+1","DTMod:GearUp+1","DTMod:InvisibleFlame+1","DTMod:Inferno+1","DTMod:Adaptation+1","DTMod:CleansingStrike+1","DTMod:DragonDance+1","DTMod:Threaten+1","DTMod:Outburst+1","DTMod:ShadowImage+1"],"relics":["DTMod:PactStone","Boot","Pen Nib","Replay:Grab Bag","Sozu","Replay:Wanted Poster","hubris:ScarierMask","The Courier","Ginger","hubris:Towel","Gremlin Food","Tiny House","Blood Vial","Simple Rune","Mark of the Bloom"],"acts_visited":["Exordium","TheCity","TheBeyond"],"potions_floor_usage":[50,50],"damage_taken":[{"damage":0.0,"enemies":"Jaw Worm","floor":1.0,"turns":5.0},{"damage":0.0,"enemies":"Cultist","floor":3.0,"turns":3.0},{"damage":0.0,"enemies":"2 Louse","floor":5.0,"turns":3.0},{"damage":0.0,"enemies":"Lagavulin","floor":11.0,"turns":7.0},{"damage":8.0,"enemies":"Red Slaver","floor":12.0,"turns":4.0},{"damage":2.0,"enemies":"Exordium Thugs","floor":13.0,"turns":5.0},{"damage":38.0,"enemies":"Hexaghost","floor":16.0,"turns":13.0},{"damage":0.0,"enemies":"Spheric Guardian","floor":18.0,"turns":4.0},{"damage":0,"enemies":"Chosen","floor":19,"turns":3},{"damage":0,"enemies":"Snake Plant","floor":21,"turns":2},{"damage":0,"enemies":"Cultist and Chosen","floor":22,"turns":4},{"damage":0,"enemies":"Book of Stabbing","floor":24,"turns":6},{"damage":0,"enemies":"3 Cultists","floor":28,"turns":5},{"damage":22,"enemies":"hubris:MusketHawk","floor":33,"turns":9},{"damage":0,"enemies":"3 Darklings","floor":35,"turns":3},{"damage":0,"enemies":"Orb Walker","floor":37,"turns":4},{"damage":0,"enemies":"Transient","floor":38,"turns":5},{"damage":6,"enemies":"Maw","floor":39,"turns":7},{"damage":0,"enemies":"Jaw Worm Horde","floor":41,"turns":6},{"damage":21,"enemies":"Transient","floor":42,"turns":5},{"damage":0,"enemies":"Spire Growth","floor":46,"turns":6},{"damage":0,"enemies":"Sphere and 2 Shapes","floor":48,"turns":3},{"damage":0,"enemies":"Time Eater","floor":50,"turns":7}],"seed_played":"3064846422608119536","potions_obtained":[{"floor":1.0,"key":"SpeedPotion"},{"floor":3.0,"key":"FairyPotion"},{"floor":5.0,"key":"Dexterity Potion"},{"floor":12.0,"key":"PowerPotion"}],"is_trial":false,"path_per_floor":["M","?","M","?","M","R","?","$","T","R","E","M","M","$","R","B",null,"M","M","$","M","M","R","E","R","T","?","M","R","?","$","R","B",null,"M","$","M","M","M","R","M","M","T","R","?","M","?","M","R","B",null],"character_chosen":"THE_DT","items_purchased":["DTMod:InvisibleFlame","DTMod:Adaptation","Gremlin Food","Blood Vial"],"campfire_rested":1,"item_purchase_floors":[8,20,31,36],"current_hp_per_floor":[45,45,45,45,45,45,45,45,45,45,45,37,35,35,35,13,45,45,45,45,45,45,45,45,45,45,45,45,45,45,45,45,23,50,50,50,50,50,44,44,46,27,27,27,27,27,27,27,27,27],"gold":252,"neow_bonus":"ONE_RANDOM_RARE_CARD","is_daily":false,"chose_seed":false,"campfire_upgraded":9,"win_rate":0.0,"timestamp":1610406374,"path_taken":["M","?","M","?","?","R","?","$","T","R","E","?","M","$","R","BOSS","M","M","$","M","M","R","E","R","T","?","M","R","?","$","R","BOSS","M","?","M","M","M","R","M","M","T","R","?","?","?","M","R","BOSS"],"items_purchased_type":["Card","Card","Relic","Relic"],"build_version":"2020-12-22","purchased_purges":3,"victory":true,"max_hp_per_floor":[45,45,45,45,45,45,45,45,45,45,45,45,45,45,45,45,45,45,45,45,45,45,45,45,45,45,45,45,45,45,45,45,45,50,50,50,50,50,50,50,50,50,50,50,50,50,50,50,50,50],"card_choices":[{"not_picked":["DTMod:RunningTactic","DTMod:GhostSkin"],"picked":"DTMod:DragonDance","floor":1.0},{"not_picked":["DTMod:Feint","DTMod:Shift"],"picked":"DTMod:DragonDance","floor":3.0},{"not_picked":["DTMod:StarRain","DTMod:MasterPlan","DTMod:BizarreTactic"],"picked":"SKIP","floor":5.0},{"not_picked":["DTMod:ResonanceForm","DTMod:LowKick","DTMod:BlazingStrike"],"picked":"SKIP","floor":11.0},{"not_picked":["DTMod:Feint","DTMod:DeepFocus","DTMod:Dissolve"],"picked":"SKIP","floor":12.0},{"not_picked":["DTMod:Hide","DTMod:BreakAttack","DTMod:Coolant"],"picked":"SKIP","floor":13.0},{"not_picked":["DTMod:LightShield","DTMod:ExcessFootwork"],"picked":"DTMod:Inferno","floor":16.0},{"not_picked":["DTMod:RecklessFlurry","DTMod:DeepFocus","DTMod:Dissolve+1"],"picked":"SKIP","floor":18.0},{"not_picked":["DTMod:BizarreTactic","DTMod:QuickFly+1","DTMod:Observe+1"],"picked":"SKIP","floor":19},{"not_picked":["DTMod:Cover","DTMod:CleansingStrike","DTMod:BuildUp"],"picked":"SKIP","floor":21},{"not_picked":["DTMod:Cover","DTMod:BuildUp"],"picked":"DTMod:CleansingStrike","floor":21},{"not_picked":["DTMod:MagicField","DTMod:WarmUp+1","DTMod:BreakAttack"],"picked":"SKIP","floor":22},{"not_picked":["DTMod:CalculatedDefense","DTMod:CleansingStrike"],"picked":"DTMod:DragonDance","floor":24},{"not_picked":["DTMod:Coolant","DTMod:Threaten","DTMod:LowKick"],"picked":"SKIP","floor":28},{"not_picked":["DTMod:Coolant","DTMod:LowKick"],"picked":"DTMod:Threaten","floor":28},{"not_picked":["DTMod:LightShield","DTMod:TriAttack"],"picked":"DTMod:Outburst","floor":33},{"not_picked":["DTMod:Punisher+1","DTMod:Feint","DTMod:TauntingStrike"],"picked":"SKIP","floor":35},{"not_picked":["DTMod:Punisher+1","DTMod:MasterPlan+1","DTMod:Cover"],"picked":"SKIP","floor":37},{"not_picked":["DTMod:MagiciansMark","DTMod:MaximumCharge","DTMod:Dissolve"],"picked":"SKIP","floor":38},{"not_picked":["DTMod:Hide","DTMod:HeatWave","DTMod:QuickFly+1"],"picked":"SKIP","floor":39},{"not_picked":["DTMod:PurifyingFlame","DTMod:QuickFly+1","DTMod:FlameSlash+1"],"picked":"SKIP","floor":41},{"not_picked":["DTMod:DarkBreath+1","DTMod:FlameSlash+1"],"picked":"DTMod:ShadowImage","floor":42},{"not_picked":["DTMod:ShieldDrain+1","DTMod:Overwhelm","DTMod:BurningEnergy+1"],"picked":"SKIP","floor":46},{"not_picked":["DTMod:CrossStep","DTMod:CleansingStrike","DTMod:BuildUp"],"picked":"SKIP","floor":48}],"player_experience":1512399,"relics_obtained":[{"floor":9.0,"key":"Boot"},{"floor":11.0,"key":"Pen Nib"},{"floor":24,"key":"The Courier"},{"floor":26,"key":"Ginger"},{"floor":43,"key":"Simple Rune"}],"event_choices":[{"damage_healed":0.0,"max_hp_gain":0.0,"max_hp_loss":0.0,"gold_gain":100.0,"event_name":"Golden Shrine","player_choice":"Pray","floor":4.0,"gold_loss":0.0,"damage_taken":0.0},{"damage_healed":0.0,"max_hp_gain":0.0,"max_hp_loss":0.0,"gold_gain":0.0,"cards_transformed":["DTMod:TargetDefense"],"event_name":"Transmorgrifier","player_choice":"Transformed","floor":7.0,"gold_loss":0.0,"damage_taken":0.0,"cards_obtained":["DTMod:GearUp"]},{"damage_healed":0,"gold_gain":0,"player_choice":"0 cards matched","damage_taken":0,"max_hp_gain":0,"max_hp_loss":0,"event_name":"Match and Keep!","floor":30,"gold_loss":0,"cards_obtained":[]},{"damage_healed":0,"gold_gain":0,"player_choice":"Upgrade","damage_taken":0,"relics_obtained":["Mark of the Bloom"],"max_hp_gain":0,"max_hp_loss":0,"event_name":"MindBloom","floor":45,"gold_loss":0,"cards_upgraded":["DTMod:Strike","DTMod:Strike","DTMod:TargetDefense","DTMod:TargetDefense","DTMod:SwitchingTactic","DTMod:HeadStart","DTMod:Inferno"]}],"is_beta":false,"boss_relics":[{"not_picked":["Kintsugi","Replay:Ancient Bell"],"picked":"Replay:Grab Bag"},{"not_picked":["Cursed Key","hubris:RunicObelisk"],"picked":"Sozu"},{"not_picked":["Runic Dome","ReplayTheSpireMod:DimensionalGlitch"],"picked":"Replay:Wanted Poster"},{"not_picked":["Calling Bell","hubris:Stopwatch"],"picked":"hubris:ScarierMask"},{"not_picked":["Empty Cage","Honey Jar"],"picked":"Tiny House"}],"items_purged_floors":[8,14,20],"is_endless":false,"potions_floor_spawned":[1,3,5,12,18,33,37,38,41,46,48],"ascension_level":0}}