{"host":"ockkdcgl3b18tfz9","time":1610341335,"event":{"mods":["2.2 Compatiblity","BaseMod","Better Skull","Better Third Choice","BetterRewards","Hermit","Minty Spire (QoL Compilation)","Quick Restart","Replay The Spire","Spicy Shops","StSLib","SuperFastMode","The Jungle"],"gold_per_floor":[115,115,115,115,156,156,186,186,186,220,220,233,257,281,281,281,281],"floor_reached":16,"playtime":406,"items_purged":[],"score":138,"play_id":"c3dab3b3-a775-4480-ad7a-80ad04172450","local_time":"20210111120215","is_ascension_mode":true,"campfire_choices":[{"data":"ReplayTheSpireMod:Splinters","floor":6.0,"key":"PURGE"},{"floor":8.0,"key":"REST"},{"floor":11.0,"key":"REST"},{"floor":15,"key":"REST"}],"circlet_count":0,"master_deck":["Strike_G","Strike_G","Strike_G","Strike_G","Defend_G+1","Defend_G","Defend_G","Defend_G","Defend_G","Survivor","Neutralize","Hidden Blade","Escape Plan","Adrenaline","ReplayTheSpireMod:The Works","Masterful Stab","Dash","Terror"],"relics":["Ring of the Snake","Lee\u0027s Waffle","Turnip","OrangePellets","Basket Of Snakes","Boot","Ring of Hypnosis","Ring of Panic","Peace Pipe","MealTicket","Garlic","Bag of Preparation","CeramicFish"],"acts_visited":["Exordium"],"potions_floor_usage":[16,16,16],"damage_taken":[{"damage":4.0,"enemies":"2 Louse","floor":1.0,"turns":3.0},{"damage":39.0,"enemies":"Replay:BlueRogue","floor":7.0,"turns":12.0},{"damage":46.0,"enemies":"3 Sentries","floor":10.0,"turns":14.0},{"damage":0.0,"enemies":"Jaw Worm","floor":12.0,"turns":2.0},{"damage":0.0,"enemies":"Cultist","floor":14.0,"turns":3.0},{"damage":42,"enemies":"Slime Boss","floor":16,"turns":9}],"seed_played":"-3205307518475281912","potions_obtained":[{"floor":1.0,"key":"SpeedPotion"},{"floor":7.0,"key":"FearPotion"},{"floor":10.0,"key":"Doom Potion"},{"floor":12.0,"key":"SpeedPotion"}],"is_trial":false,"path_per_floor":["M","?","?","?","?","R","E","R","T","E","R","M","T","M","R","B"],"character_chosen":"THE_SILENT","items_purchased":["Lee\u0027s Waffle","OrangePellets","Boot","Hidden Blade"],"campfire_rested":3,"item_purchase_floors":[0,0,0,0],"current_hp_per_floor":[73,73,73,73,73,73,34,57,57,11,34,34,34,34,57,15,15],"gold":281,"neow_bonus":"","is_daily":false,"chose_seed":false,"campfire_upgraded":0,"win_rate":0.0,"timestamp":1610341335,"path_taken":["M","?","?","?","?","R","E","R","T","E","R","M","?","M","R","BOSS"],"items_purchased_type":["Relic","Relic","Relic","Card"],"build_version":"2020-12-22","purchased_purges":0,"victory":false,"max_hp_per_floor":[77,77,77,77,77,77,77,77,77,77,77,77,77,77,77,77,77],"card_choices":[{"not_picked":["Skewer","Deadly Poison"],"picked":"Escape Plan","floor":1.0},{"not_picked":["Hidden Blade","Noxious Fumes"],"picked":"ReplayTheSpireMod:The Works","floor":5.0},{"not_picked":["Glass Knife","Choke","Calculated Gamble"],"picked":"SKIP","floor":7.0},{"not_picked":["Sneak Up","Deadly Poison"],"picked":"Masterful Stab","floor":10.0},{"not_picked":["Poisoned Stab","Heel Hook"],"picked":"Dash","floor":12.0},{"not_picked":["Flying Knee","Calculated Gamble"],"picked":"Terror","floor":14}],"player_experience":264278,"relics_obtained":[{"floor":3.0,"key":"Ring of Hypnosis"},{"floor":3.0,"key":"Ring of Panic"},{"floor":5.0,"key":"Peace Pipe"},{"floor":7.0,"key":"MealTicket"},{"floor":9.0,"key":"Garlic"},{"floor":10.0,"key":"Bag of Preparation"},{"floor":13.0,"key":"CeramicFish"}],"event_choices":[{"damage_healed":0.0,"max_hp_gain":0.0,"max_hp_loss":0.0,"gold_gain":0.0,"cards_transformed":["Strike_G"],"event_name":"Living Wall","player_choice":"Change","floor":2.0,"gold_loss":0.0,"damage_taken":0.0,"cards_obtained":["Adrenaline"]}],"is_beta":false,"boss_relics":[],"items_purged_floors":[],"is_endless":false,"potions_floor_spawned":[1,7,10,12],"killed_by":"Slime Boss","ascension_level":6}}