{"host":"1a3cjta80tad0aqj","time":1610333940,"event":{"mods":["2.2 Compatiblity","AchievementEnabler","BaseMod","Colored Map","DeckTracker","KOR Keyword Fix","Keyboard Shortcuts","Minty Spire (QoL Compilation)","Permanent Neow","Quick Restart","Random Character Button","StSLib","SuperFastMode","everything is the same but u backflip on backflip"],"gold_per_floor":[116,41,54,68,88,116,116,150,174,187,87,107,123,134,134,233,233,244,258,43,55,55,87,101,126,126,225,235,235,235],"floor_reached":29,"playtime":1145,"items_purged":["Strike_P","Defend_P","Defend_P"],"score":331,"play_id":"9e9cad2b-1a20-4b71-8300-7c06fd130739","local_time":"20210111115900","is_ascension_mode":false,"campfire_choices":[{"data":"Eruption","floor":15,"key":"SMITH"}],"circlet_count":0,"master_deck":["Strike_P+1","Eruption+1","Vigilance","CarveReality+1","Adaptation+1","FollowUp+1","FearNoEvil+1","Halt","Wallop","MentalFortress","Scrawl"],"relics":["Astrolabe","PreservedInsect","Akabeko","MealTicket","Membership Card","Whetstone","CeramicFish","Molten Egg 2"],"acts_visited":["Exordium","TheCity"],"potions_floor_usage":[21,23,25,25,25],"damage_taken":[{"damage":0.0,"enemies":"Cultist","floor":1.0,"turns":2.0},{"damage":3.0,"enemies":"Jaw Worm","floor":3.0,"turns":2.0},{"damage":2.0,"enemies":"Small Slimes","floor":4.0,"turns":2.0},{"damage":4.0,"enemies":"2 Fungi Beasts","floor":5.0,"turns":3.0},{"damage":0.0,"enemies":"Lagavulin","floor":6.0,"turns":4.0},{"damage":0.0,"enemies":"Gremlin Nob","floor":8.0,"turns":2.0},{"damage":2.0,"enemies":"Exordium Wildlife","floor":10.0,"turns":4.0},{"damage":0.0,"enemies":"Exordium Thugs","floor":12.0,"turns":2.0},{"damage":0,"enemies":"Large Slime","floor":13,"turns":4},{"damage":3,"enemies":"Lots of Slimes","floor":14,"turns":3},{"damage":26,"enemies":"The Guardian","floor":16,"turns":6},{"damage":10,"enemies":"2 Thieves","floor":18,"turns":2},{"damage":0,"enemies":"Chosen","floor":19,"turns":2},{"damage":14,"enemies":"Snake Plant","floor":21,"turns":3},{"damage":24,"enemies":"Book of Stabbing","floor":23,"turns":5},{"damage":14,"enemies":"3 Cultists","floor":24,"turns":5},{"damage":9,"enemies":"Slavers","floor":25,"turns":2},{"damage":8,"enemies":"Centurion and Healer","floor":28,"turns":3},{"damage":0,"enemies":"Snake Plant","floor":29,"turns":1}],"seed_played":"-4202386693110414750","potions_obtained":[{"floor":3.0,"key":"Block Potion"},{"floor":8.0,"key":"SkillPotion"},{"floor":12.0,"key":"Block Potion"},{"floor":19,"key":"Energy Potion"},{"floor":23,"key":"SkillPotion"},{"floor":24,"key":"Fire Potion"}],"is_trial":false,"path_per_floor":["M","$","M","M","M","E","?","E","T","M","$","M","M","M","R","B",null,"M","M","$","M","?","E","M","E","T","?","M","M"],"character_chosen":"WATCHER","items_purchased":["Membership Card"],"campfire_rested":0,"item_purchase_floors":[20],"current_hp_per_floor":[72,72,69,67,63,63,63,63,63,61,72,72,72,69,69,43,72,62,62,72,58,58,34,20,11,11,11,3,3,3],"gold":235,"neow_bonus":"BOSS_RELIC","is_daily":false,"chose_seed":true,"campfire_upgraded":1,"win_rate":0.0,"timestamp":1610333940,"path_taken":["M","$","M","?","M","E","?","E","T","M","$","?","M","M","R","BOSS","M","M","$","M","?","E","M","E","T","?","M","M"],"items_purchased_type":["Relic"],"build_version":"2020-12-22","purchased_purges":3,"victory":false,"max_hp_per_floor":[72,72,72,72,72,72,72,72,72,72,72,72,72,72,72,72,72,72,72,72,72,72,72,72,72,72,72,72,72,72],"card_choices":[{"not_picked":["CutThroughFate","ClearTheMind"],"picked":"FearNoEvil","floor":1.0},{"not_picked":["EmptyFist","DeusExMachina"],"picked":"Halt","floor":3.0},{"not_picked":["Consecrate","ThirdEye"],"picked":"Wallop","floor":4.0},{"not_picked":["SandsOfTime","ThirdEye","Consecrate"],"picked":"SKIP","floor":5.0},{"not_picked":["DevaForm","Brilliance","CutThroughFate"],"picked":"SKIP","floor":6.0},{"not_picked":["Tantrum","Halt"],"picked":"MentalFortress","floor":8.0},{"not_picked":["FlurryOfBlows","Perseverance","ThirdEye"],"picked":"SKIP","floor":10.0},{"not_picked":["EmptyMind","Protect","CutThroughFate"],"picked":"SKIP","floor":12.0},{"not_picked":["Evaluate","Indignation","Wallop"],"picked":"SKIP","floor":13},{"not_picked":["FlurryOfBlows","BowlingBash","FlyingSleeves"],"picked":"SKIP","floor":14},{"not_picked":["Devotion","LessonLearned"],"picked":"Scrawl","floor":16},{"not_picked":["JustLucky","Halt","Wallop"],"picked":"SKIP","floor":18},{"not_picked":["Prostrate","CrushJoints","JustLucky"],"picked":"SKIP","floor":19},{"not_picked":["FlyingSleeves+1","SashWhip","Collect+1"],"picked":"SKIP","floor":21},{"not_picked":["FollowUp+1","Wireheading","SandsOfTime+1"],"picked":"SKIP","floor":23},{"not_picked":["EmptyBody","CrushJoints+1","Prostrate"],"picked":"SKIP","floor":24},{"not_picked":["Consecrate+1","CrushJoints","CutThroughFate"],"picked":"SKIP","floor":25},{"not_picked":["Evaluate","Wireheading","MentalFortress+1"],"picked":"SKIP","floor":28}],"player_experience":285785,"relics_obtained":[{"floor":6.0,"key":"PreservedInsect"},{"floor":8.0,"key":"Akabeko"},{"floor":9.0,"key":"MealTicket"},{"floor":23,"key":"Whetstone"},{"floor":25,"key":"CeramicFish"},{"floor":26,"key":"Molten Egg 2"}],"event_choices":[{"cards_removed":["Strike_P"],"damage_healed":0.0,"max_hp_gain":0.0,"max_hp_loss":0.0,"gold_gain":0.0,"event_name":"Bonfire Elementals","player_choice":"Offered Basic","floor":7.0,"gold_loss":0.0,"damage_taken":0.0},{"damage_healed":0,"gold_gain":0,"player_choice":"Ignored","damage_taken":0,"max_hp_gain":0,"max_hp_loss":0,"event_name":"The Mausoleum","floor":22,"gold_loss":0},{"damage_healed":0,"gold_gain":99,"player_choice":"Stole From Cult","damage_taken":0,"max_hp_gain":0,"max_hp_loss":0,"event_name":"Nest","floor":27,"gold_loss":0}],"is_beta":false,"boss_relics":[{"not_picked":["Fusion Hammer","Snecko Eye","Runic Dome"]}],"items_purged_floors":[2,11,20],"is_endless":false,"potions_floor_spawned":[3,8,12,13,19,23,24],"killed_by":"Snake Plant","ascension_level":0}}