{"host":"8lgo2trwv2o0qyml","time":1610382459,"event":{"mods":["BaseMod","Colored Map","Colored Powertips","DeckTracker","Highlight Path","Hubris","Infinite Spire","Minty Spire (QoL Compilation)","Quick Restart","Random Character Button","Relic Sorter","Replay The Spire","StSLib","SuperFastMode","Synergy Search"],"gold_per_floor":[113,123,11,11,11,52,52,52,102,123,123,157,226,242,242,423,423,443,95,115,135,135,174,292,292,292,310,310,322,355,405,417,608,620,655,79,79,92,58,58,58,78,104,0,0,0,0,13,13,13,13],"floor_reached":50,"playtime":2856,"items_purged":[],"score":613,"play_id":"da2e22d8-e2cd-4f65-abde-ff12cbfd1fab","local_time":"20210111112739","is_ascension_mode":false,"campfire_choices":[{"floor":8,"key":"REST"},{"floor":15,"key":"REST"},{"floor":25,"key":"REST"},{"floor":32,"key":"REST"},{"data":"Mayhem","floor":40,"key":"SMITH"},{"data":"infinitespire:Punishment","floor":49,"key":"SMITH"}],"circlet_count":0,"master_deck":["Strike_B","Strike_B","Strike_B","Strike_B","Defend_B","Defend_B","Defend_B","Defend_B","Zap","Dualcast","Sweeping Beam","Turbo+1","FTL","BootSequence","BasicCrystalCard","infinitespire:Punishment+1","Compile Driver","Go for the Eyes","Double Energy","Sunder","Streamline","Buffer","Capacitor+1","Mayhem+1","Gash","Barrage+1","Conserve Battery","Seek","Glacier","Chaos","Glacier","ReplayRNGCard","Redo+1","Chrysalis","Purity","Apotheosis","Beam Cell","Loop","infinitespire:Fortify","BasicCrystalCard+1","Doubt","Sickly","Hallucinations","ReplayTheSpireMod:Chaos Vortex","Parasite","Scrape+1"],"relics":["Cracked Core","Replay:Accelerometer","hubris:Icosahedron","NeowsBlessing","Golden Idol","HornCleat","hubris:EvacipatedBox","hubris:KleinBottle","hubris:MobiusCoin","Juzu Bracelet","Runic Pyramid","infinitespire:Beetle Shell","Bottled Flame","Ornamental Fan","MawBank","Nuclear Battery","Kunai","ClockworkSouvenir","Mirror","Pet Ghost","Red Mask"],"acts_visited":["Exordium","TheCity","TheBeyond"],"potions_floor_usage":[16,16,23,23,24,31,31,38,38,50],"damage_taken":[{"damage":0,"enemies":"Cultist","floor":1,"turns":1},{"damage":0,"enemies":"2 Louse","floor":2,"turns":1},{"damage":0,"enemies":"Lagavulin","floor":6,"turns":1},{"damage":0,"enemies":"Jaw Worm","floor":10,"turns":2},{"damage":0,"enemies":"3 Sentries","floor":12,"turns":4},{"damage":3,"enemies":"Lots of Slimes","floor":14,"turns":3},{"damage":22,"enemies":"Hexaghost","floor":16,"turns":7},{"damage":0,"enemies":"3 Byrds","floor":18,"turns":4},{"damage":0,"enemies":"Spheric Guardian","floor":20,"turns":3},{"damage":24,"enemies":"Centurion and Healer","floor":21,"turns":6},{"damage":29,"enemies":"Gremlin Leader","floor":23,"turns":6},{"damage":0,"enemies":"Snecko","floor":24,"turns":4},{"damage":0,"enemies":"Snake Plant","floor":27,"turns":3},{"damage":0,"enemies":"Chosen and Byrds","floor":30,"turns":4},{"damage":14,"enemies":"Slavers","floor":31,"turns":4},{"damage":29,"enemies":"Collector","floor":33,"turns":10},{"damage":0,"enemies":"Orb Walker","floor":35,"turns":2},{"damage":30,"enemies":"3 Darklings","floor":38,"turns":7},{"damage":34,"enemies":"Transient","floor":42,"turns":5},{"damage":0,"enemies":"Writhing Mass","floor":48,"turns":6},{"damage":186,"enemies":"hubris:GrandSnecko","floor":50,"turns":16}],"seed_played":"1208644854872462758","potions_obtained":[{"floor":10,"key":"LiquidBronze"},{"floor":12,"key":"Ancient Potion"},{"floor":14,"key":"Milkshake"},{"floor":16,"key":"FearPotion"},{"floor":20,"key":"AttackPotion"},{"floor":21,"key":"GamblersBrew"},{"floor":23,"key":"Fire Potion"},{"floor":24,"key":"SteroidPotion"},{"floor":33,"key":"BlessingOfTheForge"},{"floor":35,"key":"Block Potion"},{"floor":38,"key":"Fire Potion"}],"is_trial":false,"path_per_floor":["M","M","$","?","?","E","$","R","T","M","?","E","?","M","R","B",null,"M","$","M","M","?","E","M","R","T","M","?","?","M","E","R","B",null,"M","$","?","M","$","R","AVR","M","T","?","?","?","?","M","R","B"],"character_chosen":"DEFECT","items_purchased":["Turbo+1","FTL","hubris:EvacipatedBox","hubris:KleinBottle","Mayhem","infinitespire:Beetle Shell","Kunai","ClockworkSouvenir","Chrysalis","Loop"],"campfire_rested":4,"item_purchase_floors":[3,3,7,7,19,19,36,36,36,39],"current_hp_per_floor":[75,75,75,57,57,57,19,41,41,41,41,41,41,38,60,38,75,75,75,75,51,51,22,22,44,44,44,44,44,44,30,52,23,75,75,75,70,40,40,40,40,6,6,6,6,75,75,75,75,0,0],"gold":13,"neow_bonus":"THREE_ENEMY_KILL","is_daily":false,"chose_seed":false,"campfire_upgraded":2,"win_rate":0.0,"timestamp":1610382459,"path_taken":["M","?","$","?","?","E","?","R","T","M","?","E","?","M","R","BOSS","M","$","M","M","?","E","M","R","T","M","?","?","M","E","R","BOSS","M","$","?","M","$","R","AVR","M","T","?","?","?","?","M","R","BOSS"],"items_purchased_type":["Card","Card","Relic","Relic","Card","Relic","Relic","Relic","Card","Card"],"build_version":"2020-12-22","purchased_purges":0,"victory":false,"max_hp_per_floor":[75,75,75,75,75,75,75,75,75,75,75,75,75,75,75,75,75,75,75,75,75,75,75,75,75,75,75,75,75,75,75,75,75,75,75,75,75,75,75,75,75,75,75,75,75,75,75,75,75,75,75],"card_choices":[{"not_picked":["Melter","Barrage"],"picked":"Sweeping Beam","floor":1},{"not_picked":["Blizzard","Streamline","ReplaySolidLightProjector"],"picked":"SKIP","floor":2},{"not_picked":["Rebound","Barrage"],"picked":"BasicCrystalCard","floor":6},{"not_picked":["infinitespire:Gouge","infinitespire:SevenWalls"],"picked":"infinitespire:Punishment","floor":7},{"not_picked":["Steam","Coolheaded"],"picked":"Compile Driver","floor":10},{"not_picked":["Stack","Rebound"],"picked":"Sunder","floor":12},{"not_picked":["Sweeping Beam","Stack"],"picked":"Streamline","floor":14},{"not_picked":["Meteor Strike","hubris:DoWhile"],"picked":"Buffer","floor":16},{"not_picked":["Storm","Rip and Tear"],"picked":"Capacitor+1","floor":18},{"not_picked":["Streamline","Time Bomb"],"picked":"Gash","floor":20},{"not_picked":["Blizzard+1","Sweeping Beam"],"picked":"Barrage+1","floor":21},{"not_picked":["Steam+1","Defragment"],"picked":"Conserve Battery","floor":23},{"not_picked":["Defragment+1","hubris:Ukulele+1"],"picked":"Seek","floor":24},{"not_picked":["White Noise","Conserve Battery+1"],"picked":"Glacier","floor":27},{"not_picked":["Cold Snap","hubris:SpecializedCircuitry"],"picked":"Chaos","floor":30},{"not_picked":["Turbo","Go for the Eyes"],"picked":"Glacier","floor":31},{"not_picked":["Thunder Strike","All For One"],"picked":"ReplayRNGCard","floor":33},{"not_picked":["Undo+1","Rebound+1"],"picked":"Redo+1","floor":35},{"not_picked":["Replay:Parry","Thinking Ahead"],"picked":"Purity","floor":37},{"not_picked":["Jack Of All Trades","Blind"],"picked":"Apotheosis","floor":37},{"not_picked":["Rip and Tear","hubris:PowerSurge"],"picked":"Beam Cell","floor":38},{"not_picked":["Barrage+1","Sunder"],"picked":"BasicCrystalCard+1","floor":42},{"not_picked":["infinitespire:FutureSight","infinitespire:Execution"],"picked":"ReplayTheSpireMod:Chaos Vortex","floor":47},{"not_picked":["Blizzard","Barrage"],"picked":"Scrape+1","floor":48}],"player_experience":49065,"relics_obtained":[{"floor":6,"key":"HornCleat"},{"floor":9,"key":"hubris:MobiusCoin"},{"floor":12,"key":"Juzu Bracelet"},{"floor":23,"key":"Bottled Flame"},{"floor":26,"key":"Ornamental Fan"},{"floor":31,"key":"Replay:Accelerometer"},{"floor":43,"key":"Pet Ghost"}],"event_choices":[{"damage_healed":0,"gold_gain":0,"player_choice":"Take Damage","damage_taken":18,"relics_obtained":["Golden Idol"],"max_hp_gain":0,"max_hp_loss":0,"event_name":"Golden Idol","floor":4,"gold_loss":0},{"damage_healed":0,"gold_gain":0,"player_choice":"2 cards matched","damage_taken":0,"max_hp_gain":0,"max_hp_loss":0,"event_name":"Match and Keep!","floor":11,"gold_loss":0,"cards_obtained":["Go for the Eyes","Double Energy"]},{"damage_healed":0,"gold_gain":69,"player_choice":"Gained Gold","damage_taken":0,"max_hp_gain":0,"max_hp_loss":0,"event_name":"Golden Wing","floor":13,"gold_loss":0},{"damage_healed":0,"gold_gain":0,"player_choice":"Memory 2","damage_taken":5,"max_hp_gain":0,"max_hp_loss":0,"event_name":"SensoryStone","floor":37,"gold_loss":0},{"damage_healed":0,"gold_gain":0,"player_choice":"Paid","damage_taken":0,"relics_obtained":["Red Mask"],"max_hp_gain":0,"max_hp_loss":0,"event_name":"Tomb of Lord Red Mask","floor":44,"gold_loss":104},{"damage_healed":69,"gold_gain":0,"player_choice":"Heal","damage_taken":0,"max_hp_gain":0,"max_hp_loss":0,"event_name":"MindBloom","floor":46,"gold_loss":0,"cards_obtained":["Doubt"]}],"is_beta":false,"boss_relics":[{"not_picked":["Inserter","hubris:VirtuousBlindfold","hubris:Stopwatch"],"picked":"Runic Pyramid"},{"not_picked":["Coffee Dripper","hubris:CrackedHourglass","Tiny House"],"picked":"Nuclear Battery"}],"items_purged_floors":[],"is_endless":false,"potions_floor_spawned":[10,12,14,16,20,21,23,24,33,35,38],"killed_by":"hubris:GrandSnecko","ascension_level":0}}