{"host":"dn025qx6yu0j7rqc","time":1610342660,"event":{"mods":["BaseMod","Colored Map","Minty Spire (QoL Compilation)","Relic Stats","StSLib"],"gold_per_floor":[116,131,131,56,30,30,58,58,58,58,74,85,85,120,120,120,120],"floor_reached":16,"playtime":688,"items_purged":[],"score":216,"play_id":"4f34834f-4263-47ff-8a45-004c6acd8829","local_time":"20210110212420","is_ascension_mode":true,"campfire_choices":[{"data":"Flame Barrier","floor":6.0,"key":"SMITH"},{"data":"Bash","floor":8.0,"key":"SMITH"},{"data":"Shrug It Off","floor":10.0,"key":"SMITH"},{"data":"True Grit","floor":13.0,"key":"SMITH"},{"data":"Reckless Charge","floor":15.0,"key":"SMITH"}],"circlet_count":0,"master_deck":["AscendersBane","Strike_R","Strike_R","Strike_R","Strike_R","Defend_R","Defend_R","Defend_R","Bash+1","Flame Barrier+1","Shrug It Off+1","True Grit+1","Seeing Red","Reckless Charge+1"],"relics":["Runic Pyramid","Singing Bowl","Strawberry","Bag of Marbles"],"acts_visited":["Exordium"],"potions_floor_usage":[16],"damage_taken":[{"damage":0.0,"enemies":"2 Louse","floor":1.0,"turns":4.0},{"damage":2.0,"enemies":"Small Slimes","floor":2.0,"turns":5.0},{"damage":48.0,"enemies":"Gremlin Nob","floor":7.0,"turns":6.0},{"damage":1.0,"enemies":"Jaw Worm","floor":11.0,"turns":5.0},{"damage":4.0,"enemies":"Exordium Wildlife","floor":12.0,"turns":5.0},{"damage":10.0,"enemies":"Lagavulin","floor":14.0,"turns":11.0},{"damage":2,"enemies":"Hexaghost","floor":16,"turns":9}],"seed_played":"4730481776722704184","potions_obtained":[{"floor":1.0,"key":"Fruit Juice"},{"floor":7.0,"key":"FearPotion"}],"is_trial":false,"path_per_floor":["M","M","?","?","$","R","E","R","T","R","M","M","R","E","R","B"],"character_chosen":"IRONCLAD","items_purchased":["Shrug It Off"],"campfire_rested":0,"item_purchase_floors":[5],"current_hp_per_floor":[68,66,59,59,59,59,13,13,20,20,19,15,15,10,10,8,8],"gold":120,"neow_bonus":"BOSS_RELIC","is_daily":false,"chose_seed":false,"campfire_upgraded":5,"win_rate":0.0,"timestamp":1610342660,"path_taken":["M","M","?","?","?","R","E","R","T","R","M","M","R","E","R","BOSS"],"items_purchased_type":["Card"],"build_version":"2020-12-22","purchased_purges":0,"victory":false,"max_hp_per_floor":[75,75,75,75,75,75,77,77,84,84,84,84,84,89,89,89,89],"relic_stats":{"Singing Bowl":2,"counters":[7,45],"obtain_stats":[{"Singing Bowl":7,"Strawberry":9,"Bag of Marbles":14,"Burning Blood":0,"Runic Pyramid":0},{"Singing Bowl":3,"Strawberry":3,"Bag of Marbles":6,"Burning Blood":0,"Runic Pyramid":0},{"Singing Bowl":15,"Strawberry":15,"Bag of Marbles":36,"Burning Blood":0,"Runic Pyramid":0}]},"card_choices":[{"not_picked":["Seeing Red","Cleave"],"picked":"Flame Barrier","floor":1.0},{"not_picked":["Cleave","Wild Strike","Flex"],"picked":"SKIP","floor":2.0},{"not_picked":["Feel No Pain","Sword Boomerang","Cleave"],"picked":"Singing Bowl","floor":7.0},{"not_picked":["Twin Strike","Seeing Red"],"picked":"True Grit","floor":11.0},{"not_picked":["Hemokinesis","Thunderclap"],"picked":"Seeing Red","floor":12.0},{"not_picked":["Cleave","Corruption"],"picked":"Reckless Charge","floor":14.0}],"player_experience":1058775,"relics_obtained":[{"floor":7.0,"key":"Singing Bowl"},{"floor":9.0,"key":"Strawberry"},{"floor":14.0,"key":"Bag of Marbles"}],"event_choices":[{"cards_removed":["Defend_R"],"damage_healed":0.0,"max_hp_gain":0.0,"max_hp_loss":0.0,"gold_gain":0.0,"event_name":"Golden Wing","player_choice":"Card Removal","floor":3.0,"gold_loss":0.0,"damage_taken":7.0},{"cards_removed":["Strike_R"],"damage_healed":0.0,"max_hp_gain":0.0,"max_hp_loss":0.0,"gold_gain":0.0,"event_name":"The Cleric","player_choice":"Card Removal","floor":4.0,"gold_loss":75.0,"damage_taken":0.0}],"is_beta":false,"boss_relics":[],"items_purged_floors":[],"is_endless":false,"potions_floor_spawned":[1,7],"killed_by":"Hexaghost","ascension_level":20}}