{"host":"r6wilvrr1tovskr2","time":1610364182,"event":{"mods":["2.2 Compatiblity","AchievementEnabler","Aspiration","BaseMod","Beaked The Cultist","Bestiary","Better Altar","Better Match","Better Note","Better Sensory Stone","Better Skull","Better Third Choice","Colored Powertips","Conspire","Curses Come First","Downfall","Energized Spire","GifTheSpireLib","Halation","Hermit","Highlight Path","Hubris","Infinite Spire","Marked Mod","Minty Spire (QoL Compilation)","Quick Restart","Replay The Spire","Shop Mod","Spicy Shops","Spikes Relics","StSLib","Stuff the Spire","The Blue Laboratory","The Cursed","The Disciple","The Gatherer","The Hierophant","The Necromancer","The Runesmith","vexMod"],"gold_per_floor":[99,99,99,99,99,184,255,268,282,282,302,317,317,333,344,344,344,344],"floor_reached":16,"playtime":1240,"items_purged":[],"score":102,"play_id":"0ef95aee-808d-45ce-bb28-0f7e8df3a9d5","local_time":"20210111052302","is_ascension_mode":false,"campfire_choices":[{"floor":1,"key":"RECALL"}],"circlet_count":0,"master_deck":["Guardian:Strike_Guardian","Guardian:Strike_Guardian","Guardian:Strike_Guardian","Guardian:Strike_Guardian","Guardian:Defend_Guardian","Guardian:Defend_Guardian","Guardian:Defend_Guardian","Guardian:Defend_Guardian","Guardian:CurlUp","Guardian:TwinSlam","Guardian:ChargeCore","Guardian:RollAttack","Guardian:BronzeOrb","Guardian:Reroute","Guardian:ArmoredProtocol","Guardian:TimeCapacitor","Replay:UnknownCurse","Regret","ReplayTheSpireMod:Chaos Vortex","Guardian:Gem_Lightblue"],"relics":["Guardian:ModeShifter","downfall:HeartsMalice","hubris:Towel","ReplayTheSpireMod:Shallot"],"acts_visited":["Exordium"],"potions_floor_usage":[11,12,14,15,16,16],"damage_taken":[{"damage":0,"enemies":"Cultist","floor":2,"turns":1},{"damage":0,"enemies":"Small Slimes","floor":3,"turns":1},{"damage":0,"enemies":"conspire:RoseBush","floor":4,"turns":1},{"damage":9,"enemies":"Replay:BlueRogue","floor":6,"turns":10},{"damage":3,"enemies":"Exordium Thugs","floor":8,"turns":3},{"damage":2,"enemies":"conspire:2 RoseBushes","floor":9,"turns":5},{"damage":0,"enemies":"Exordium Thugs","floor":11,"turns":5},{"damage":0,"enemies":"conspire:2 RoseBushes","floor":12,"turns":3},{"damage":0,"enemies":"Large Slime","floor":14,"turns":5},{"damage":0,"enemies":"2 Fungi Beasts","floor":15,"turns":3},{"damage":69,"enemies":"downfall:Defect","floor":16,"turns":11}],"seed_played":"-363250142606418824","potions_obtained":[{"floor":6,"key":"AttackPotion"},{"floor":9,"key":"Guardian:StasisDiscoveryPotion"},{"floor":10,"key":"Death Potion"},{"floor":10,"key":"blueLaboratory:ImpenetrablePotion"},{"floor":10,"key":"Guardian:BlockOnCardUsePotion"},{"floor":11,"key":"Swift Potion"},{"floor":12,"key":"PowerPotion"},{"floor":14,"key":"AttackPotion"}],"is_trial":false,"path_per_floor":["R","M","M","M","?","E","T","M","M","?","M","M","?","M","M","B"],"character_chosen":"GUARDIAN","items_purchased":[],"campfire_rested":0,"item_purchase_floors":[],"current_hp_per_floor":[80,80,80,80,80,71,71,68,66,66,66,66,66,66,66,0,0,0],"gold":344,"neow_bonus":"THREE_ENEMY_KILL","is_daily":false,"chose_seed":false,"campfire_upgraded":0,"win_rate":0.0,"timestamp":1610364182,"path_taken":["R","M","M","?","?","E","T","M","M","?","M","?","?","M","M","BOSS"],"items_purchased_type":[],"build_version":"2020-12-22","purchased_purges":0,"victory":false,"max_hp_per_floor":[80,80,80,80,80,80,80,80,80,80,80,80,80,80,80,80,80,80],"card_choices":[{"not_picked":["Guardian:CrystalBeam","Guardian:Incinerate"],"picked":"Guardian:ChargeCore","floor":2},{"not_picked":["Guardian:Clone","Guardian:CrystalBeam"],"picked":"Guardian:RollAttack","floor":3},{"not_picked":["Guardian:Reroute","Guardian:Preprogram"],"picked":"Guardian:BronzeOrb","floor":4},{"not_picked":["Guardian:PrismaticBarrier","Guardian:Suspension"],"picked":"Guardian:Reroute","floor":6},{"not_picked":["Guardian:BronzeArmor","Guardian:PrimingBeam","Guardian:RollAttack"],"picked":"SKIP","floor":8},{"not_picked":["Guardian:TemporalStrike","Guardian:ExploitGems"],"picked":"Guardian:ArmoredProtocol","floor":9},{"not_picked":["Guardian:TemporalStrike","Guardian:PiercingHide","Guardian:Planning"],"picked":"SKIP","floor":11},{"not_picked":["Guardian:Incinerate","Guardian:DecasProtection"],"picked":"Guardian:TimeCapacitor","floor":12},{"not_picked":["Replay:Fractal Strike","hubris:InfiniteBlow"],"picked":"ReplayTheSpireMod:Chaos Vortex","floor":13},{"not_picked":["Guardian:Gem_Fragmented","Guardian:ChargeCore","Guardian:VentSteam"],"picked":"SKIP","floor":14},{"not_picked":["Guardian:Reroute","Guardian:Emergency"],"picked":"Guardian:Gem_Lightblue","floor":15}],"player_experience":1263992,"relics_obtained":[{"floor":6,"key":"hubris:MobiusCoin"},{"floor":7,"key":"ReplayTheSpireMod:Shallot"}],"event_choices":[],"is_beta":false,"boss_relics":[],"items_purged_floors":[],"is_endless":false,"potions_floor_spawned":[6,9,11,12,14],"killed_by":"downfall:Defect","ascension_level":0}}