{"host":"3twtdwjpiqhvvn5s","time":1610364746,"event":{"mods":["AchievementEnabler","Act Like it!","BaseMod","BetterRewards","Colored Map","Colored Powertips","Downfall","Duelist Mod","Friendly Minions","GifTheSpireLib","Hallownest","Hermit","Hubris","Infinite Spire","Jorbs\u0027s Wanderer Trilogy","Koishi","KomeijiMod","Marisa????????","Minty Spire (QoL Compilation)","Random Character Mod","Rare Cards Sparkle","Replay The Spire","Shop Mod","StSLib","Td1madao Mod","The Administrix","The Animator","The Bug Knight","The Caster","The Cursed","The Disciple","The Hierophant","The Necromancer","The Poker Player","The Runesmith","The Servant 0.9.4","TheFirefly"],"gold_per_floor":[119,136,136,203,273,323,131,147,147,197,197,219,22,39,39,141,141,165,241,291,396,417,417,417,417],"floor_reached":24,"playtime":35446,"items_purged":[],"score":188,"play_id":"d7f2d1c2-c698-48fc-8a7c-29e373f714d5","local_time":"20210111053225","daily_mods":["Diverse","downfall:Enraging"],"is_ascension_mode":false,"campfire_choices":[{"floor":11,"key":"REST"},{"data":"expansioncontent:StudyTheSpire","floor":15,"key":"SMITH"},{"data":"Black Spear","floor":23,"key":"SMITH"}],"circlet_count":0,"master_deck":["Strike_S","Strike_S","Defend_S","Defend_S","Defend_S","Defend_S","KidneyShot","Exchange","Black Spear+1","Death_March_Dance","Dash","hierophant:OrnateJavelin","TheCursedMod:ManaCirculation","hexamod:Incineration","expansioncontent:StudyTheSpire+1","thefirefly:CreateClone","Guardian:Harden+1","TheCursedMod:LuckyCharm"],"relics":["Uniform","Ring of Chaos","SsserpentHead","infinitespire:Bottled Soul","Snack Pack","Coffee Dripper","Centennial Puzzle","Bottled Tornado"],"acts_visited":["Exordium","TheCity"],"potions_floor_usage":[5,12,14,14,16,18,22,24],"damage_taken":[{"damage":2,"enemies":"Cultist","floor":1,"turns":6},{"damage":0,"enemies":"2 Louse","floor":2,"turns":3},{"damage":12,"enemies":"Jaw Worm","floor":4,"turns":6},{"damage":9,"enemies":"Exordium Wildlife","floor":5,"turns":5},{"damage":0,"enemies":"Large Slime","floor":8,"turns":4},{"damage":3,"enemies":"Red Slaver","floor":12,"turns":3},{"damage":0,"enemies":"3 Louse","floor":14,"turns":1},{"damage":53,"enemies":"Fading Forest","floor":16,"turns":11},{"damage":24,"enemies":"2 Thieves","floor":18,"turns":4},{"damage":14,"enemies":"Chosen","floor":22,"turns":4},{"damage":86,"enemies":"theDuelist:KaibaA2","floor":24,"turns":8}],"seed_played":"-5608144408795843296","potions_obtained":[{"floor":2,"key":"RedTea"},{"floor":10,"key":"Explosive Potion"},{"floor":10,"key":"LifebloodPotion"},{"floor":10,"key":"Toxic Potion"},{"floor":14,"key":"LifebloodPotion"},{"floor":16,"key":"sneckomod:MuddlingPotion"},{"floor":21,"key":"Explosive Potion"},{"floor":22,"key":"champ:CounterPotion"}],"is_trial":true,"path_per_floor":["M","M","?","M","M","?","$","M","T","?","R","M","$","M","R","B",null,"M","T","?","?","M","R","E"],"character_chosen":"THE_SERVANT","items_purchased":["infinitespire:Bottled Soul","expansioncontent:StudyTheSpire"],"campfire_rested":1,"item_purchase_floors":[7,13],"current_hp_per_floor":[63,63,63,51,42,42,42,42,42,42,61,60,60,60,60,13,65,45,45,45,45,33,33,0,0],"gold":417,"neow_bonus":"","is_daily":false,"chose_seed":false,"campfire_upgraded":2,"win_rate":0.0,"timestamp":1610364745,"path_taken":["M","?","?","?","?","?","?","M","T","?","R","M","$","M","R","BOSS","M","?","?","?","M","R","E"],"items_purchased_type":["Relic","Card"],"build_version":"2020-12-22","purchased_purges":0,"victory":false,"max_hp_per_floor":[65,65,65,65,65,65,65,65,65,65,65,65,65,65,65,65,65,67,67,67,67,69,69,35,35],"card_choices":[{"not_picked":["Slimebound:ViciousTackle","animator:DolaSchwi"],"picked":"Black Spear","floor":1},{"not_picked":["Runesmith:WhiteBalance","HollowMod:SoulSplash"],"picked":"Death_March_Dance","floor":2},{"not_picked":["Koishi:BloodcurdlingScream","caster:Charge"],"picked":"Dash","floor":4},{"not_picked":["Guardian:Gem_Green","Slimebound:GrowthPunch"],"picked":"hierophant:OrnateJavelin","floor":5},{"not_picked":["theDuelist:DoubleTool","Occultation"],"picked":"TheCursedMod:ManaCirculation","floor":8},{"not_picked":["Slimebound:FlameTackle","Twin Teeth"],"picked":"hexamod:Incineration","floor":12},{"not_picked":["hierophant:Empathy","animator:LizardPriest","Slimebound:SlimeSpikes"],"picked":"SKIP","floor":14},{"not_picked":["Slimebound:LeechLife","Fission"],"picked":"thefirefly:CreateClone","floor":16},{"not_picked":["HollowMod:CornifersMapStart","sneckomod:RainOfDice"],"picked":"Guardian:Harden+1","floor":18},{"not_picked":["HollowMod:MantisMark","Dagger Throw"],"picked":"TheCursedMod:LuckyCharm","floor":21},{"not_picked":["Koishi:Vanish+1","Echoward","ChargeUpSpray+1"],"picked":"SKIP","floor":22}],"player_experience":1496359,"relics_obtained":[{"floor":9,"key":"Snack Pack"},{"floor":19,"key":"Centennial Puzzle"},{"floor":21,"key":"Bottled Tornado"}],"event_choices":[{"damage_healed":0,"gold_gain":0,"player_choice":"Trade","damage_taken":0,"relics_obtained":["SsserpentHead"],"max_hp_gain":0,"max_hp_loss":0,"event_name":"FaceTrader","floor":3,"gold_loss":0},{"damage_healed":0,"gold_gain":0,"player_choice":"Got Potions","damage_taken":0,"max_hp_gain":0,"max_hp_loss":0,"event_name":"Lab","floor":10,"gold_loss":0},{"cards_removed":["Strike_S"],"damage_healed":0,"gold_gain":0,"player_choice":"Elegance","damage_taken":0,"max_hp_gain":0,"max_hp_loss":0,"event_name":"Back to Basics","floor":20,"gold_loss":0}],"is_beta":false,"boss_relics":[{"not_picked":["Replay:Bronze Core","ReplayTheSpireMod:DimensionalGlitch"],"picked":"Coffee Dripper"}],"items_purged_floors":[],"is_endless":false,"potions_floor_spawned":[2,14,16,22],"killed_by":"theDuelist:KaibaA2","ascension_level":0}}