{"host":"nomlpa5ttaaqphus","time":1610407423,"event":{"mods":["100% Spire Juice","BaseMod","Colored Powertips","Minty Spire (QoL Compilation)","StSLib"],"gold_per_floor":[116,128,25,45,63,63,74,86,160,160,172,86,86,118,118,215,95,83,83,100,100,100],"floor_reached":21,"playtime":2427,"items_purged":[],"score":245,"play_id":"cd5ec479-00c9-4a26-89a5-9b89698a8230","local_time":"20210111192343","is_ascension_mode":false,"campfire_choices":[{"floor":6.0,"key":"REST"},{"data":"Moonworks:AwakeningOfTalent","floor":10.0,"key":"SMITH"},{"floor":15.0,"key":"REST"}],"circlet_count":0,"master_deck":["Moonworks:Strike","Moonworks:Strike","Moonworks:Strike","Moonworks:Strike","Moonworks:Defend","Moonworks:Defend","Moonworks:Defend","Moonworks:Defend","Moonworks:Ambush+1","Moonworks:LongDistanceShot","Moonworks:MiracleRedBeanIceCream","Moonworks:EvilSpyWorkPreparation","Moonworks:MixPhenomenon","Moonworks:RedAndBlue","Moonworks:StiffCrystal","Moonworks:AwakeningOfTalent+1","Moonworks:CrystalBarrier","Moonworks:ImmovableObject","Moonworks:EvilSpyWorkPreparation","Moonworks:Dinner","Moonworks:MixPhenomenon","Moonworks:HolyNight","Moonworks:DeployBits","Moonworks:SakisCookie"],"relics":["Moonworks:BrokenBomb","Moonworks:Homemark","HornCleat","Molten Egg 2","Bottled Tornado","SlaversCollar"],"acts_visited":["Exordium","TheCity"],"potions_floor_usage":[],"damage_taken":[{"damage":7.0,"enemies":"2 Louse","floor":1.0,"turns":3.0},{"damage":2.0,"enemies":"Small Slimes","floor":2.0,"turns":3.0},{"damage":1.0,"enemies":"Cultist","floor":3.0,"turns":3.0},{"damage":21.0,"enemies":"Exordium Thugs","floor":4.0,"turns":4.0},{"damage":15.0,"enemies":"Lots of Slimes","floor":5.0,"turns":3.0},{"damage":0.0,"enemies":"2 Fungi Beasts","floor":7.0,"turns":4.0},{"damage":0.0,"enemies":"Exordium Thugs","floor":8.0,"turns":4.0},{"damage":0.0,"enemies":"Gremlin Gang","floor":11.0,"turns":6.0},{"damage":21.0,"enemies":"3 Sentries","floor":12.0,"turns":6.0},{"damage":11.0,"enemies":"Lagavulin","floor":14.0,"turns":6.0},{"damage":0.0,"enemies":"Slime Boss","floor":16.0,"turns":9.0},{"damage":1.0,"enemies":"2 Thieves","floor":18.0,"turns":4.0},{"damage":8.0,"enemies":"Shell Parasite","floor":20.0,"turns":6.0},{"damage":14,"enemies":"Shelled Parasite and Fungi","floor":21,"turns":3}],"seed_played":"8966523334530990880","potions_obtained":[{"floor":2.0,"key":"Strength Potion"},{"floor":7.0,"key":"Block Potion"},{"floor":11.0,"key":"Strength Potion"}],"is_trial":false,"path_per_floor":["M","M","M","M","M","R","M","M","T","R","M","E","?","E","R","B",null,"M","?","M","M"],"character_chosen":"THE_STARBREAKER","items_purchased":[],"campfire_rested":2,"item_purchase_floors":[],"current_hp_per_floor":[53,51,50,34,24,42,47,52,52,52,60,42,42,42,60,60,60,60,57,54,40,40],"gold":100,"neow_bonus":"THREE_CARDS","is_daily":false,"chose_seed":false,"campfire_upgraded":1,"win_rate":0.0,"timestamp":1610407423,"path_taken":["M","M","M","M","M","R","M","M","T","R","M","E","?","E","R","BOSS","M","?","M","M"],"items_purchased_type":[],"build_version":"2020-12-22","purchased_purges":0,"victory":false,"max_hp_per_floor":[60,60,60,60,60,60,60,60,60,60,60,60,60,60,60,60,60,60,60,60,60,60],"card_choices":[{"not_picked":["Moonworks:EvilSpyWorkPreparation","Moonworks:SakisCookie"],"picked":"Moonworks:MiracleRedBeanIceCream","floor":0.0},{"not_picked":["Moonworks:SealedMemories","Moonworks:ImOnFire"],"picked":"Moonworks:EvilSpyWorkPreparation","floor":1.0},{"not_picked":["Moonworks:NicePresent","Moonworks:SakisCookie"],"picked":"Moonworks:MixPhenomenon","floor":2.0},{"not_picked":["Moonworks:UnpaidWork","Moonworks:JonathanRush"],"picked":"Moonworks:RedAndBlue","floor":3.0},{"not_picked":["Moonworks:SealedMemories","Moonworks:CloudOfSeagulls"],"picked":"Moonworks:StiffCrystal","floor":4.0},{"not_picked":["Moonworks:TacticalRetreat","Moonworks:CloudOfSeagulls"],"picked":"Moonworks:AwakeningOfTalent","floor":5.0},{"not_picked":["Moonworks:SelfDestruct","Moonworks:SealedMemories"],"picked":"Moonworks:CrystalBarrier","floor":7.0},{"not_picked":["Moonworks:CloudOfSeagulls","Moonworks:EvilSpyWorkPreparation"],"picked":"Moonworks:ImmovableObject","floor":8.0},{"not_picked":["Moonworks:CompletionReward","Moonworks:NicePresent"],"picked":"Moonworks:EvilSpyWorkPreparation","floor":11.0},{"not_picked":["Moonworks:Assault+1","Moonworks:EvilSpyWorkPreparation"],"picked":"Moonworks:Dinner","floor":12.0},{"not_picked":["Moonworks:NicePresent","Moonworks:Dinner"],"picked":"Moonworks:MixPhenomenon","floor":14.0},{"not_picked":["Moonworks:LeapThroughSpace","Moonworks:Gamble+1"],"picked":"Moonworks:HolyNight","floor":16.0},{"not_picked":["Moonworks:Assault+1","Moonworks:BigMagnum"],"picked":"Moonworks:DeployBits","floor":18.0},{"not_picked":["Moonworks:CloudOfSeagulls+1","Moonworks:BigMagnum"],"picked":"Moonworks:SakisCookie","floor":20.0}],"player_experience":70659,"relics_obtained":[{"floor":9.0,"key":"HornCleat"},{"floor":12.0,"key":"Molten Egg 2"},{"floor":14.0,"key":"Bottled Tornado"}],"event_choices":[{"damage_healed":0.0,"max_hp_gain":0.0,"max_hp_loss":0.0,"gold_gain":0.0,"event_name":"Living Wall","player_choice":"Grow","floor":13.0,"gold_loss":0.0,"damage_taken":0.0,"cards_upgraded":["Moonworks:Ambush"]},{"damage_healed":0.0,"max_hp_gain":0.0,"max_hp_loss":0.0,"gold_gain":0.0,"event_name":"Designer","player_choice":"Punched","floor":19.0,"gold_loss":0.0,"damage_taken":3.0}],"is_beta":false,"boss_relics":[{"not_picked":["Philosopher\u0027s Stone","Empty Cage"],"picked":"SlaversCollar"}],"items_purged_floors":[],"is_endless":false,"potions_floor_spawned":[2,7,11,12,14,16,20],"killed_by":"Shelled Parasite and Fungi","ascension_level":0}}