{"host":"q9szs7qndgdlcq24","time":1610374462,"event":{"mods":["2.2 Compatiblity","AchievementEnabler","BaseMod","Bestiary","Colored Map","Colored Powertips","Dark Map","DeckTracker","Displayed Cursed Tome","Highlight Path","Minty Spire (QoL Compilation)","Random Character Button","StSLib","Unknown Chances"],"gold_per_floor":[116,41,57,57,77,77,112,124,148,11,11,11,11,45,45,150,200,200,200],"floor_reached":18,"playtime":1497,"items_purged":["Strike_G","Pain"],"score":168,"play_id":"59aceb2e-1288-450e-9b59-f7cb88a0d9c4","local_time":"20210111171422","is_ascension_mode":false,"campfire_choices":[{"data":"Deadly Poison","floor":6,"key":"SMITH"},{"floor":11,"key":"REST"},{"floor":15,"key":"REST"}],"circlet_count":0,"master_deck":["Strike_G","Strike_G","Strike_G","Strike_G","Defend_G","Defend_G","Defend_G","Defend_G","Defend_G","Survivor","Neutralize","Slice","Deadly Poison+1","Backflip","PiercingWail","Sucker Punch","All Out Attack","Distraction+1","Envenom","Slice"],"relics":["Ring of the Snake","NeowsBlessing","WarpedTongs","Vajra","MealTicket","FaceOfCleric","PreservedInsect","Tiny House"],"acts_visited":["Exordium","TheCity"],"potions_floor_usage":[7,7,16],"damage_taken":[{"damage":0,"enemies":"Cultist","floor":1,"turns":1},{"damage":0,"enemies":"Jaw Worm","floor":3,"turns":1},{"damage":0,"enemies":"Small Slimes","floor":5,"turns":1},{"damage":18,"enemies":"Lagavulin","floor":7,"turns":6},{"damage":36,"enemies":"Exordium Thugs","floor":8,"turns":6},{"damage":21,"enemies":"Gremlin Nob","floor":14,"turns":4},{"damage":67,"enemies":"Slime Boss","floor":16,"turns":14},{"damage":0,"enemies":"2 Thieves","floor":18,"turns":1}],"seed_played":"6025301422672284544","potions_obtained":[{"floor":3,"key":"CunningPotion"},{"floor":5,"key":"CunningPotion"},{"floor":7,"key":"Dexterity Potion"},{"floor":17,"key":"GhostInAJar"}],"is_trial":false,"path_per_floor":["M","$","M","?","M","R","E","M","T","$","R","?","$","E","R","B",null,"M"],"character_chosen":"THE_SILENT","items_purchased":["All Out Attack"],"campfire_rested":2,"item_purchase_floors":[10],"current_hp_per_floor":[70,70,70,70,70,70,52,16,16,31,52,52,67,47,68,2,77,77,77],"gold":200,"neow_bonus":"THREE_ENEMY_KILL","is_daily":false,"chose_seed":false,"campfire_upgraded":1,"win_rate":0.0,"timestamp":1610374462,"path_taken":["M","$","?","?","M","R","E","?","T","?","R","?","$","E","R","BOSS","M"],"items_purchased_type":["Card"],"build_version":"2020-12-22","purchased_purges":2,"victory":false,"max_hp_per_floor":[70,70,70,70,70,70,70,70,70,70,70,70,70,71,71,72,77,77,77],"card_choices":[{"not_picked":["Deflect","Bane"],"picked":"Slice","floor":1},{"not_picked":["Dodge and Roll","Outmaneuver"],"picked":"Deadly Poison","floor":3},{"not_picked":["Terror","Acrobatics"],"picked":"Backflip","floor":5},{"not_picked":["Masterful Stab","Backflip"],"picked":"PiercingWail","floor":7},{"not_picked":["Dodge and Roll","Calculated Gamble"],"picked":"Sucker Punch","floor":8},{"not_picked":["Calculated Gamble","PiercingWail"],"picked":"Distraction","floor":14},{"not_picked":["Bullet Time","Doppelganger"],"picked":"Envenom","floor":16},{"not_picked":["Choke","Dagger Throw"],"picked":"Slice","floor":17}],"player_experience":46048,"relics_obtained":[{"floor":7,"key":"Vajra"},{"floor":9,"key":"MealTicket"},{"floor":14,"key":"PreservedInsect"}],"event_choices":[{"damage_healed":0,"gold_gain":0,"player_choice":"Rummage","damage_taken":0,"relics_obtained":["WarpedTongs"],"max_hp_gain":0,"max_hp_loss":0,"event_name":"Accursed Blacksmith","floor":4,"gold_loss":0,"cards_obtained":["Pain"]},{"damage_healed":0,"gold_gain":0,"player_choice":"Trade","damage_taken":0,"relics_obtained":["FaceOfCleric"],"max_hp_gain":0,"max_hp_loss":0,"event_name":"FaceTrader","floor":12,"gold_loss":0}],"is_beta":false,"boss_relics":[{"not_picked":["Coffee Dripper","Calling Bell"],"picked":"Tiny House"}],"items_purged_floors":[2,10],"is_endless":false,"potions_floor_spawned":[3,5,7],"killed_by":"2 Thieves","ascension_level":0}}