{"host":"y193d0agu1dp5x1y","time":1610344765,"event":{"mods":["BaseMod","Googly Eyes","Minty Spire (QoL Compilation)"],"gold_per_floor":[119,44,44,0,0,0,0,0,0,0,19,19,49,61,61,173,185,208,220,252,264,302,314,326,326],"floor_reached":24,"playtime":1366,"items_purged":["Strike_G"],"score":215,"play_id":"64b4393d-ef59-4f15-829b-792ea825416a","local_time":"20210110235925","is_ascension_mode":false,"campfire_choices":[{"data":"Neutralize","floor":6,"key":"SMITH"},{"data":"Survivor","floor":8,"key":"SMITH"},{"data":"Defend_G","floor":10,"key":"SMITH"},{"floor":15,"key":"DIG"},{"floor":23,"key":"REST"}],"circlet_count":0,"master_deck":["Strike_G+1","Strike_G+1","Strike_G+1","Strike_G+1","Defend_G+1","Defend_G+1","Defend_G+1","Defend_G+1","Defend_G+1","Survivor+1","Neutralize+1","Cloak And Dagger+1","Cloak And Dagger","Quick Slash","Night Terror","Slice","Heel Hook"],"relics":["Ring of the Snake","NeowsBlessing","CultistMask","CaptainsWheel","Shovel","MawBank","SacredBark","Oddly Smooth Stone"],"acts_visited":["Exordium","TheCity"],"potions_floor_usage":[],"damage_taken":[{"damage":0,"enemies":"Small Slimes","floor":1,"turns":1},{"damage":0,"enemies":"2 Louse","floor":11,"turns":1},{"damage":0,"enemies":"Lagavulin","floor":13,"turns":1},{"damage":0,"enemies":"Cultist","floor":14,"turns":4},{"damage":34,"enemies":"The Guardian","floor":16,"turns":22},{"damage":11,"enemies":"Spheric Guardian","floor":18,"turns":6},{"damage":18,"enemies":"Chosen","floor":20,"turns":7},{"damage":73,"enemies":"Slavers","floor":24,"turns":7}],"seed_played":"3338163304770904637","potions_obtained":[{"floor":13,"key":"Regen Potion"},{"floor":14,"key":"Block Potion"},{"floor":18,"key":"SteroidPotion"}],"is_trial":false,"path_per_floor":["M","$","?","?","?","R","?","R","T","R","M","$","E","M","R","B",null,"M","?","M","?","T","R","E"],"character_chosen":"THE_SILENT","items_purchased":[],"campfire_rested":1,"item_purchase_floors":[],"current_hp_per_floor":[70,70,70,70,75,75,75,75,75,75,75,75,75,75,75,41,75,64,64,46,46,46,68,0,0],"gold":326,"neow_bonus":"THREE_ENEMY_KILL","is_daily":false,"chose_seed":false,"campfire_upgraded":3,"win_rate":0.0,"timestamp":1610344765,"path_taken":["M","$","?","?","?","R","?","R","T","R","?","$","E","M","R","BOSS","M","?","M","?","?","R","E"],"items_purchased_type":[],"build_version":"2020-12-22","purchased_purges":1,"victory":false,"max_hp_per_floor":[70,70,70,70,75,75,75,75,75,75,75,75,75,75,75,75,75,75,75,75,75,75,75,75,75],"card_choices":[{"not_picked":["Acrobatics","Dodge and Roll"],"picked":"Cloak And Dagger","floor":1},{"not_picked":["Outmaneuver","Poisoned Stab"],"picked":"Cloak And Dagger","floor":11},{"not_picked":["Prepared","Outmaneuver"],"picked":"Quick Slash","floor":13},{"not_picked":["Footwork","Underhanded Strike","Tools of the Trade"],"picked":"SKIP","floor":14},{"not_picked":["Die Die Die","Bullet Time"],"picked":"Night Terror","floor":16},{"not_picked":["Poisoned Stab","Dagger Throw"],"picked":"Slice","floor":18},{"not_picked":["Outmaneuver+1","Dodge and Roll"],"picked":"Heel Hook","floor":20}],"player_experience":59677,"relics_obtained":[{"floor":9,"key":"CaptainsWheel"},{"floor":13,"key":"Shovel"},{"floor":15,"key":"MawBank"},{"floor":22,"key":"Oddly Smooth Stone"}],"event_choices":[{"damage_healed":0,"gold_gain":0,"player_choice":"Grow","damage_taken":0,"max_hp_gain":0,"max_hp_loss":0,"event_name":"Living Wall","floor":3,"gold_loss":0,"cards_upgraded":["Cloak And Dagger"]},{"damage_healed":0,"gold_gain":0,"player_choice":"Left Gold","damage_taken":0,"max_hp_gain":0,"max_hp_loss":0,"event_name":"World of Goop","floor":4,"gold_loss":44},{"damage_healed":0,"gold_gain":0,"player_choice":"Donut","damage_taken":0,"max_hp_gain":5,"max_hp_loss":0,"event_name":"Big Fish","floor":5,"gold_loss":0},{"damage_healed":0,"gold_gain":0,"player_choice":"Trade","damage_taken":0,"relics_obtained":["CultistMask"],"max_hp_gain":0,"max_hp_loss":0,"event_name":"FaceTrader","floor":7,"gold_loss":0},{"damage_healed":0,"gold_gain":0,"player_choice":"Simplicity","damage_taken":0,"max_hp_gain":0,"max_hp_loss":0,"event_name":"Back to Basics","floor":19,"gold_loss":0,"cards_upgraded":["Strike_G","Strike_G","Strike_G","Strike_G","Defend_G","Defend_G","Defend_G","Defend_G"]},{"damage_healed":0,"gold_gain":0,"player_choice":"Ignored","damage_taken":0,"max_hp_gain":0,"max_hp_loss":0,"event_name":"Ghosts","floor":21,"gold_loss":0}],"is_beta":false,"boss_relics":[{"not_picked":["Tiny House","Philosopher\u0027s Stone"],"picked":"SacredBark"}],"items_purged_floors":[2],"is_endless":false,"potions_floor_spawned":[13,14,18],"killed_by":"Slavers","ascension_level":0}}