{"host":"dqv8oo4v229c1o2l","time":1610387903,"event":{"mods":["AchievementEnabler","BaseMod","Colored Map","Colored Powertips","Minty Spire (QoL Compilation)","Quick Restart","Rare Cards Sparkle","StSLib","Synergy Search"],"gold_per_floor":[114,127,146,163,173,204,204,218,218,232,35,50,80,91,91,195,195,210,225,237,337,191,191,191,191],"floor_reached":24,"playtime":1353,"items_purged":[],"score":318,"play_id":"b93e753b-9bdc-437e-a0ea-32736a877a19","local_time":"20210111095823","is_ascension_mode":true,"campfire_choices":[{"data":"Ragnarok","floor":7.0,"key":"SMITH"},{"data":"Collect","floor":15,"key":"SMITH"},{"floor":23,"key":"REST"}],"circlet_count":0,"master_deck":["Strike_P","Strike_P","Strike_P","Strike_P","Defend_P","Defend_P","Defend_P","Defend_P","Eruption","Vigilance","CutThroughFate","FlurryOfBlows","Perseverance","Ragnarok+1","SandsOfTime","FlurryOfBlows","Collect+1","DeusExMachina"],"relics":["PureWater","Turnip","Darkstone Periapt","Chemical X","Smiling Mask","Black Star","Lantern"],"acts_visited":["Exordium","TheCity"],"potions_floor_usage":[10,13,19],"damage_taken":[{"damage":0.0,"enemies":"Cultist","floor":1.0,"turns":2.0},{"damage":2.0,"enemies":"Jaw Worm","floor":2.0,"turns":4.0},{"damage":0.0,"enemies":"Small Slimes","floor":3.0,"turns":2.0},{"damage":8.0,"enemies":"Exordium Thugs","floor":4.0,"turns":4.0},{"damage":9.0,"enemies":"Red Slaver","floor":5.0,"turns":5.0},{"damage":0.0,"enemies":"Gremlin Nob","floor":6.0,"turns":2.0},{"damage":0.0,"enemies":"3 Louse","floor":8.0,"turns":2.0},{"damage":0,"enemies":"2 Fungi Beasts","floor":10,"turns":1},{"damage":1,"enemies":"Looter","floor":12,"turns":2},{"damage":7,"enemies":"3 Sentries","floor":13,"turns":3},{"damage":0,"enemies":"Large Slime","floor":14,"turns":3},{"damage":0,"enemies":"Slime Boss","floor":16,"turns":3},{"damage":20,"enemies":"Shell Parasite","floor":18,"turns":3},{"damage":22,"enemies":"2 Thieves","floor":19,"turns":2},{"damage":13,"enemies":"Centurion and Healer","floor":20,"turns":4},{"damage":44,"enemies":"Slavers","floor":24,"turns":2}],"seed_played":"4561124240066569966","potions_obtained":[{"floor":5.0,"key":"LiquidMemories"},{"floor":6.0,"key":"Energy Potion"},{"floor":8.0,"key":"BlessingOfTheForge"},{"floor":12,"key":"LiquidMemories"},{"floor":13,"key":"Fire Potion"},{"floor":16,"key":"DistilledChaos"},{"floor":20,"key":"Energy Potion"}],"is_trial":false,"path_per_floor":["M","M","M","M","M","E","R","M","T","M","$","M","E","M","R","B",null,"M","M","M","?","$","R","E"],"character_chosen":"WATCHER","items_purchased":["FlurryOfBlows","Chemical X","Lantern"],"campfire_rested":1,"item_purchase_floors":[11,11,22],"current_hp_per_floor":[51,49,49,41,32,32,32,32,32,32,32,31,24,24,24,24,72,52,30,17,17,17,38,0,0],"gold":191,"neow_bonus":"ONE_RARE_RELIC","is_daily":false,"chose_seed":false,"campfire_upgraded":2,"win_rate":0.0,"timestamp":1610387903,"path_taken":["M","M","M","?","M","E","R","M","T","M","?","?","E","M","R","BOSS","M","M","M","?","?","R","E"],"items_purchased_type":["Card","Relic","Relic"],"build_version":"2020-12-22","purchased_purges":0,"victory":false,"max_hp_per_floor":[72,72,72,72,72,72,72,72,72,72,72,72,72,72,72,72,72,72,72,72,72,72,72,72,72],"card_choices":[{"not_picked":["CrushJoints","Prostrate","Perseverance"],"picked":"SKIP","floor":1.0},{"not_picked":["CrushJoints","Study"],"picked":"CutThroughFate","floor":2.0},{"not_picked":["BowlingBash","FlyingSleeves"],"picked":"FlurryOfBlows","floor":3.0},{"not_picked":["ThirdEye","CrushJoints","PathToVictory"],"picked":"SKIP","floor":4.0},{"not_picked":["InnerPeace","ThirdEye"],"picked":"Perseverance","floor":5.0},{"not_picked":["BowlingBash","EmptyFist"],"picked":"Ragnarok","floor":6.0},{"not_picked":["WheelKick","FlyingSleeves"],"picked":"SandsOfTime","floor":8.0},{"not_picked":["JustLucky","Crescendo","ClearTheMind"],"picked":"SKIP","floor":10},{"not_picked":["Sanctity","ThirdEye","Halt"],"picked":"SKIP","floor":12},{"not_picked":["DeceiveReality","JustLucky"],"picked":"Collect","floor":13},{"not_picked":["Protect","SandsOfTime","CrushJoints"],"picked":"SKIP","floor":14},{"not_picked":["Omniscience","Wish"],"picked":"DeusExMachina","floor":16},{"not_picked":["BattleHymn","JustLucky","Evaluate"],"picked":"SKIP","floor":18},{"not_picked":["JustLucky","Crescendo","Prostrate"],"picked":"SKIP","floor":19},{"not_picked":["CrushJoints","SashWhip","Tantrum"],"picked":"SKIP","floor":20}],"player_experience":262976,"relics_obtained":[{"floor":6.0,"key":"Darkstone Periapt"},{"floor":13,"key":"Smiling Mask"}],"event_choices":[{"damage_healed":0,"gold_gain":100,"player_choice":"Pray","damage_taken":0,"max_hp_gain":0,"max_hp_loss":0,"event_name":"Golden Shrine","floor":21,"gold_loss":0}],"is_beta":false,"boss_relics":[{"not_picked":["Runic Dome","SacredBark"],"picked":"Black Star"}],"items_purged_floors":[],"is_endless":false,"potions_floor_spawned":[5,6,8,12,13,16,18,20],"killed_by":"Slavers","ascension_level":2}}