{"host":"0ndhasp09f4rkdar","time":1610349923,"event":{"mods":["BaseMod","Dio Mod","Hermit","Hero for Fun","Minty Spire (QoL Compilation)","Replay The Spire","StSLib","SuperFastMode","The Bladedancer"],"gold_per_floor":[118,118,135,135,135,135,164,182,182,207,207,53,78,91,91,91,91],"floor_reached":16,"playtime":605,"items_purged":["Dualcast"],"score":143,"play_id":"813c3f13-ff2e-4e9f-a1c7-7a6ef1549d6e","local_time":"20210111152523","is_ascension_mode":false,"campfire_choices":[{"data":"Double Energy","floor":6,"key":"SMITH"},{"data":"Turbo","floor":11,"key":"SMITH"},{"data":"Scrape","floor":15,"key":"SMITH"}],"circlet_count":0,"master_deck":["Strike_B","Strike_B","Strike_B","Defend_B","Defend_B","Defend_B","Defend_B","Zap","Scrape+1","Reprogram+1","Double Energy+1","Steam","Panic Button","Turbo+1","Crystallizer","Rebound"],"relics":["Cracked Core","NeowsBlessing","Cables","Ancient Tea Set","Pear","Quantum Egg","Replay:Rubber Ducky"],"acts_visited":["Exordium"],"potions_floor_usage":[16,16],"damage_taken":[{"damage":0,"enemies":"2 Louse","floor":1,"turns":1},{"damage":0,"enemies":"Jaw Worm","floor":3,"turns":1},{"damage":0,"enemies":"3 Sentries","floor":7,"turns":1},{"damage":0,"enemies":"Small Slimes","floor":8,"turns":4},{"damage":14,"enemies":"Lagavulin","floor":10,"turns":7},{"damage":5,"enemies":"3 Sentries","floor":13,"turns":6},{"damage":1,"enemies":"Exordium Wildlife","floor":14,"turns":4},{"damage":48,"enemies":"Hexaghost","floor":16,"turns":10}],"seed_played":"-4400531145433461738","potions_obtained":[{"floor":1,"key":"Dexterity Potion"},{"floor":3,"key":"DuplicationPotion"},{"floor":8,"key":"FocusPotion"},{"floor":14,"key":"Swift Potion"}],"is_trial":false,"path_per_floor":["M","?","M","?","?","R","E","M","T","E","R","$","E","M","R","B"],"character_chosen":"DEFECT","items_purchased":["Crystallizer"],"campfire_rested":0,"item_purchase_floors":[12],"current_hp_per_floor":[75,57,57,57,57,57,57,57,67,53,53,53,48,47,47,0,0],"gold":91,"neow_bonus":"THREE_ENEMY_KILL","is_daily":false,"chose_seed":false,"campfire_upgraded":3,"win_rate":0.0,"timestamp":1610349923,"path_taken":["M","?","M","?","?","R","E","M","T","E","R","$","E","M","R","BOSS"],"items_purchased_type":["Card"],"build_version":"2020-12-22","purchased_purges":1,"victory":false,"max_hp_per_floor":[75,75,75,75,75,75,75,75,85,85,85,85,85,85,85,85,85],"card_choices":[{"not_picked":["Compile Driver","Capacitor"],"picked":"Scrape","floor":1},{"not_picked":["Double Energy","Undo"],"picked":"Reprogram","floor":3},{"not_picked":["Hologram","Barrage"],"picked":"Steam","floor":7},{"not_picked":["Coolheaded","Streamline"],"picked":"Panic Button","floor":8},{"not_picked":["Reboot","Double Energy"],"picked":"Turbo","floor":10},{"not_picked":["Compile Driver","Loop","Glacier"],"picked":"SKIP","floor":13},{"not_picked":["Cold Snap","Barrage"],"picked":"Rebound","floor":14}],"player_experience":214314,"relics_obtained":[{"floor":7,"key":"Ancient Tea Set"},{"floor":9,"key":"Pear"},{"floor":10,"key":"Quantum Egg"},{"floor":13,"key":"Replay:Rubber Ducky"}],"event_choices":[{"damage_healed":0,"gold_gain":0,"player_choice":"Success","damage_taken":18,"relics_obtained":["Cables"],"max_hp_gain":0,"max_hp_loss":0,"event_name":"Scrap Ooze","floor":2,"gold_loss":0},{"damage_healed":0,"gold_gain":0,"cards_transformed":["Strike_B"],"player_choice":"Change","damage_taken":0,"max_hp_gain":0,"max_hp_loss":0,"event_name":"Living Wall","floor":5,"gold_loss":0,"cards_obtained":["Double Energy"]}],"is_beta":false,"boss_relics":[],"items_purged_floors":[12],"is_endless":false,"potions_floor_spawned":[1,3,8,14],"killed_by":"Hexaghost","ascension_level":0}}