{"host":"p9t7qd83igtcp2bh","time":1610399975,"event":{"mods":["2.2 Compatiblity","AchievementEnabler","BaseMod","Colored Map","Colored Powertips","Custom Start","DeckTracker","Keyboard Shortcuts","Minty Spire (QoL Compilation)","Permanent Neow","StSLib","SuperFastMode","everything is the same but u backflip on backflip"],"gold_per_floor":[110,130,130,130,130,130,146,121,168,168,168,185,196,228,228,305,305,319,319,70,81,99,129,129,129],"floor_reached":24,"playtime":511,"items_purged":["Ball Lightning"],"score":479,"play_id":"91510a70-44c6-4566-829f-b57667ba0549","local_time":"20210112061935","is_ascension_mode":true,"campfire_choices":[{"data":"Defragment","floor":6.0,"key":"SMITH"},{"data":"Ball Lightning","floor":10.0,"key":"SMITH"},{"data":"Rainbow","floor":15,"key":"SMITH"}],"circlet_count":0,"master_deck":["AscendersBane","Zap","Dualcast","Defragment+1","Ball Lightning+1","Coolheaded","Compile Driver","Rainbow+1","All For One","Cold Snap","Steam","Glacier","Hyperbeam","Leap","FTL","Heatsinks","Storm","Flash of Steel","Blizzard+1"],"relics":["Cracked Core","Bronze Scales","Tiny Chest","Pandora\u0027s Box","Letter Opener"],"acts_visited":["Exordium","TheCity"],"potions_floor_usage":[21,23],"damage_taken":[{"damage":1.0,"enemies":"Cultist","floor":1.0,"turns":3.0},{"damage":5.0,"enemies":"Small Slimes","floor":2.0,"turns":4.0},{"damage":13.0,"enemies":"2 Louse","floor":7.0,"turns":2.0},{"damage":4.0,"enemies":"Red Slaver","floor":12.0,"turns":3.0},{"damage":3.0,"enemies":"Looter","floor":13.0,"turns":2.0},{"damage":9,"enemies":"Lagavulin","floor":14,"turns":6},{"damage":0,"enemies":"Hexaghost","floor":16,"turns":7},{"damage":10,"enemies":"3 Byrds","floor":18,"turns":2},{"damage":14,"enemies":"2 Thieves","floor":21,"turns":3},{"damage":3,"enemies":"Cultist and Chosen","floor":22,"turns":5},{"damage":45,"enemies":"Slavers","floor":23,"turns":3},{"damage":22,"enemies":"Snake Plant","floor":24,"turns":2}],"seed_played":"-4859215605146725493","potions_obtained":[{"floor":1.0,"key":"SpeedPotion"},{"floor":7.0,"key":"Fire Potion"},{"floor":16,"key":"PowerPotion"},{"floor":19,"key":"LiquidMemories"},{"floor":22,"key":"FairyPotion"}],"is_trial":false,"path_per_floor":["M","M","?","?","?","R","M","$","T","R","?","M","M","E","R","B",null,"M","?","$","M","M","E","M"],"character_chosen":"DEFECT","items_purchased":["Compile Driver","Storm","Flash of Steel"],"campfire_rested":0,"item_purchase_floors":[8,20,20],"current_hp_per_floor":[70,65,65,65,58,58,45,45,45,45,22,18,15,6,6,6,60,50,50,50,36,33,18,0,0],"gold":129,"neow_bonus":"TEN_PERCENT_HP_BONUS","is_daily":false,"chose_seed":false,"campfire_upgraded":3,"win_rate":0.0,"timestamp":1610399975,"path_taken":["M","M","?","?","?","R","M","$","T","R","?","M","M","E","R","BOSS","M","?","$","M","?","E","M"],"items_purchased_type":["Card","Card","Card"],"build_version":"2020-12-22","purchased_purges":1,"victory":false,"max_hp_per_floor":[78,78,78,78,78,78,78,78,78,78,78,78,78,78,78,78,78,78,78,78,78,78,78,78,78],"card_choices":[{"not_picked":["Rebound","Undo"],"picked":"Defragment","floor":1.0},{"not_picked":["Cold Snap","Conserve Battery"],"picked":"Ball Lightning","floor":2.0},{"not_picked":["Steam Power","Loop"],"picked":"Coolheaded","floor":7.0},{"not_picked":["Beam Cell","Streamline"],"picked":"Ball Lightning","floor":12.0},{"not_picked":["Compile Driver","Redo","Sweeping Beam"],"picked":"SKIP","floor":13.0},{"not_picked":["Hello World","Leap"],"picked":"Rainbow","floor":14},{"not_picked":["Biased Cognition","Hyperbeam"],"picked":"All For One","floor":16},{"not_picked":["Cold Snap","Heatsinks","Leap"],"picked":"SKIP","floor":18},{"not_picked":["Melter","Recycle","Sunder"],"picked":"SKIP","floor":21},{"not_picked":["Recycle","Genetic Algorithm"],"picked":"Blizzard+1","floor":22},{"not_picked":["Steam Power","Compile Driver","Undo+1"],"picked":"SKIP","floor":23}],"player_experience":613334,"relics_obtained":[{"floor":9.0,"key":"Bronze Scales"},{"floor":14,"key":"Tiny Chest"},{"floor":23,"key":"Letter Opener"}],"event_choices":[{"damage_healed":0.0,"max_hp_gain":0.0,"max_hp_loss":0.0,"gold_gain":0.0,"event_name":"Liars Game","player_choice":"Ignored","floor":3.0,"gold_loss":0.0,"damage_taken":0.0},{"damage_healed":0.0,"max_hp_gain":0.0,"max_hp_loss":0.0,"gold_gain":0.0,"event_name":"The Cleric","player_choice":"Leave","floor":4.0,"gold_loss":0.0,"damage_taken":0.0},{"cards_removed":["Defend_B"],"damage_healed":0.0,"max_hp_gain":0.0,"max_hp_loss":0.0,"gold_gain":0.0,"event_name":"Golden Wing","player_choice":"Card Removal","floor":5.0,"gold_loss":0.0,"damage_taken":7.0},{"damage_healed":0.0,"max_hp_gain":0.0,"max_hp_loss":0.0,"gold_gain":0.0,"event_name":"Shining Light","player_choice":"Entered Light","floor":11.0,"gold_loss":0.0,"damage_taken":23.0,"cards_upgraded":["Strike_B","Defend_B"]},{"damage_healed":0,"gold_gain":0,"player_choice":"Got Potions","damage_taken":0,"max_hp_gain":0,"max_hp_loss":0,"event_name":"Lab","floor":19,"gold_loss":0}],"is_beta":false,"boss_relics":[{"not_picked":["Runic Dome","FrozenCore"],"picked":"Pandora\u0027s Box"}],"items_purged_floors":[20],"is_endless":false,"potions_floor_spawned":[1,7,13,16,22],"killed_by":"Snake Plant","ascension_level":16}}