{"host":"cjhtzh7tp54jdfyv","time":1610337674,"event":{"mods":["AchievementEnabler","BaseMod","Colored Map","Colored Powertips","Curses Come First","DeckTracker","Filter the Spire","Minty Spire (QoL Compilation)","RNG Fix","Relic Sorter","Relic Stats","StSLib","UnlockEverythingMod","ojb\u0027s Better Paths Mod","ojb\u0027s Info Mod"],"gold_per_floor":[114,114,134,59,59,59,77,106,176,218,228,249,269,613,613,613,613],"floor_reached":16,"playtime":630,"items_purged":[],"score":294,"play_id":"a497e207-6d53-456a-be1d-12971a657790","local_time":"20210110230114","is_ascension_mode":true,"campfire_choices":[{"data":"Eruption","floor":6,"key":"SMITH"},{"data":"Meditate","floor":15,"key":"SMITH"}],"circlet_count":0,"master_deck":["AscendersBane","Strike_P","Strike_P","Strike_P","Strike_P","Defend_P","Defend_P","Eruption+1","Vigilance","EmptyFist","CrushJoints","Meditate+1","DeusExMachina","Blasphemy","SashWhip","Sanctity","LessonLearned"],"relics":["Sozu","TungstenRod","Mercury Hourglass","CeramicFish","Old Coin"],"acts_visited":["Exordium"],"potions_floor_usage":[],"damage_taken":[{"damage":4,"enemies":"2 Louse","floor":1,"turns":4},{"damage":0,"enemies":"Cultist","floor":3,"turns":3},{"damage":7,"enemies":"Jaw Worm","floor":7,"turns":3},{"damage":15,"enemies":"Lagavulin","floor":8,"turns":3},{"damage":19,"enemies":"3 Sentries","floor":10,"turns":5},{"damage":0,"enemies":"Blue Slaver","floor":11,"turns":1},{"damage":8,"enemies":"Large Slime","floor":12,"turns":5},{"damage":3,"enemies":"Exordium Wildlife","floor":13,"turns":2},{"damage":0,"enemies":"Gremlin Nob","floor":14,"turns":1},{"damage":6,"enemies":"The Guardian","floor":16,"turns":2}],"seed_played":"899204084444652767","potions_obtained":[],"is_trial":false,"path_per_floor":["M","?","M","?","?","R","M","E","T","E","M","M","M","E","R","B"],"character_chosen":"WATCHER","items_purchased":[],"campfire_rested":0,"item_purchase_floors":[],"current_hp_per_floor":[57,57,57,57,57,57,50,35,35,16,16,8,5,5,5,0,0],"gold":613,"neow_bonus":"BOSS_RELIC","is_daily":false,"chose_seed":false,"campfire_upgraded":2,"win_rate":0.0,"timestamp":1610337674,"path_taken":["M","?","M","?","?","R","M","E","T","E","M","?","?","E","R","BOSS"],"items_purchased_type":[],"build_version":"2020-12-22","purchased_purges":0,"victory":false,"max_hp_per_floor":[68,68,68,68,68,68,68,68,68,68,68,68,68,68,68,68,68],"relic_stats":{"Sozu":4,"counters":[10,29],"CeramicFish":36,"obtain_stats":[{"Sozu":0,"CeramicFish":10,"PureWater":0,"TungstenRod":8,"Mercury Hourglass":9,"Old Coin":14},{"Sozu":0,"CeramicFish":5,"PureWater":0,"TungstenRod":4,"Mercury Hourglass":4,"Old Coin":9},{"Sozu":0,"CeramicFish":18,"PureWater":0,"TungstenRod":13,"Mercury Hourglass":13,"Old Coin":27}],"TungstenRod":8,"Mercury Hourglass":[75]},"card_choices":[{"not_picked":["Pray","Meditate"],"picked":"EmptyFist","floor":1},{"not_picked":["FollowUp","Evaluate"],"picked":"CrushJoints","floor":3},{"not_picked":["BattleHymn","Protect"],"picked":"Meditate","floor":7},{"not_picked":["FlurryOfBlows","JustLucky"],"picked":"DeusExMachina","floor":8},{"not_picked":["BowlingBash","EmptyBody"],"picked":"Blasphemy","floor":10},{"not_picked":["ThirdEye","Study","Evaluate"],"picked":"SKIP","floor":11},{"not_picked":["FollowUp","WindmillStrike"],"picked":"SashWhip","floor":12},{"not_picked":["Halt","Protect"],"picked":"Sanctity","floor":13},{"not_picked":["FlyingSleeves","Vengeance"],"picked":"LessonLearned","floor":14}],"player_experience":4431438,"relics_obtained":[{"floor":8,"key":"TungstenRod"},{"floor":9,"key":"Mercury Hourglass"},{"floor":10,"key":"CeramicFish"},{"floor":14,"key":"Old Coin"}],"event_choices":[{"damage_healed":0,"gold_gain":0,"player_choice":"Ignored","damage_taken":0,"max_hp_gain":0,"max_hp_loss":0,"event_name":"Liars Game","floor":2,"gold_loss":0},{"cards_removed":["Defend_P"],"damage_healed":0,"gold_gain":0,"player_choice":"Card Removal","damage_taken":0,"max_hp_gain":0,"max_hp_loss":0,"event_name":"The Cleric","floor":4,"gold_loss":75},{"cards_removed":["Defend_P"],"damage_healed":0,"gold_gain":0,"player_choice":"Purged","damage_taken":0,"max_hp_gain":0,"max_hp_loss":0,"event_name":"Purifier","floor":5,"gold_loss":0}],"is_beta":false,"boss_relics":[],"items_purged_floors":[],"is_endless":false,"potions_floor_spawned":[1,8,13,14],"killed_by":"The Guardian","ascension_level":20}}