{"host":"k7udt7atmcuzf6l0","time":1610391224,"event":{"mods":["AchievementEnabler","BaseMod","Colored Map","Colored Powertips","Highlight Path","Minty Spire (QoL Compilation)","Quick Restart","Rare Cards Sparkle","StSLib","UnlockEverythingMod"],"gold_per_floor":[109,284,111,111,123,151,151,226,275,275,290,316,316,341,341,437,437,451,463,463,18,28,28,38,38,64,64,95,112,112,17,17,114,114,134,134,144,163,163,193,207,219,219,236,255,255,268,303,303,303],"floor_reached":51,"playtime":1694,"items_purged":["Doubt"],"score":822,"play_id":"535304e4-f41a-411a-8e68-42c01dec946c","local_time":"20210112025344","is_ascension_mode":false,"campfire_choices":[{"data":"Armaments","floor":7.0,"key":"SMITH"},{"data":"Rage","floor":10.0,"key":"SMITH"},{"data":"Pommel Strike","floor":13.0,"key":"SMITH"},{"data":"Brutality","floor":15.0,"key":"SMITH"},{"data":"Dual Wield","floor":23.0,"key":"SMITH"},{"data":"Clash","floor":25.0,"key":"SMITH"},{"data":"Clash","floor":27.0,"key":"SMITH"},{"data":"Dual Wield","floor":32.0,"key":"SMITH"},{"data":"Apotheosis","floor":46,"key":"SMITH"},{"data":"Offering","floor":49,"key":"SMITH"}],"circlet_count":0,"master_deck":["Strike_R+1","Strike_R+1","Strike_R","Strike_R","Strike_R","Defend_R","Defend_R","Defend_R","Bash","Battle Trance","Clash+1","Armaments+1","Rage+1","Pommel Strike+1","Clash+1","Cleave","Brutality+1","Reaper","Clash+1","Headbutt","Dual Wield+1","Battle Trance","Pommel Strike+1","Dual Wield+1","J.A.X.","Offering+1","Madness","Madness","Battle Trance","Sever Soul+1","Apotheosis+1","Body Slam","Shockwave","Rage+1","Rampage+1","Bloodletting","Flex+1"],"relics":["Burning Blood","NeowsBlessing","Oddly Smooth Stone","Omamori","Lizard Tail","Letter Opener","Coffee Dripper","Medical Kit","Ancient Tea Set","Art of War","Toy Ornithopter","White Beast Statue","Black Star","Blue Candle","Bottled Flame","Frozen Egg 2","CeramicFish","Vajra"],"acts_visited":["Exordium","TheCity","TheBeyond"],"potions_floor_usage":[41,41,44,45,47,48,50,50,50],"damage_taken":[{"damage":0.0,"enemies":"2 Louse","floor":1.0,"turns":1.0},{"damage":0.0,"enemies":"Jaw Worm","floor":5.0,"turns":1.0},{"damage":0.0,"enemies":"Gremlin Nob","floor":6.0,"turns":1.0},{"damage":0.0,"enemies":"Small Slimes","floor":11.0,"turns":3.0},{"damage":0.0,"enemies":"3 Sentries","floor":12.0,"turns":5.0},{"damage":16.0,"enemies":"Gremlin Nob","floor":14.0,"turns":4.0},{"damage":32.0,"enemies":"Slime Boss","floor":16.0,"turns":8.0},{"damage":12.0,"enemies":"2 Thieves","floor":18.0,"turns":4.0},{"damage":7.0,"enemies":"Chosen","floor":19.0,"turns":4.0},{"damage":16.0,"enemies":"Snake Plant","floor":22.0,"turns":2.0},{"damage":3.0,"enemies":"Sentry and Sphere","floor":24.0,"turns":3.0},{"damage":7.0,"enemies":"Book of Stabbing","floor":28.0,"turns":2.0},{"damage":29.0,"enemies":"Shelled Parasite and Fungi","floor":29.0,"turns":3.0},{"damage":42.0,"enemies":"Collector","floor":33.0,"turns":5.0},{"damage":6.0,"enemies":"3 Shapes","floor":35.0,"turns":2.0},{"damage":15.0,"enemies":"Orb Walker","floor":37.0,"turns":3.0},{"damage":10.0,"enemies":"Spire Growth","floor":38.0,"turns":2.0},{"damage":19.0,"enemies":"Giant Head","floor":40.0,"turns":4.0},{"damage":28,"enemies":"4 Shapes","floor":41,"turns":3},{"damage":13,"enemies":"Jaw Worm Horde","floor":42,"turns":3},{"damage":10,"enemies":"Transient","floor":44,"turns":5},{"damage":26,"enemies":"Sphere and 2 Shapes","floor":45,"turns":4},{"damage":19,"enemies":"Writhing Mass","floor":47,"turns":4},{"damage":30,"enemies":"Nemesis","floor":48,"turns":5},{"damage":87,"enemies":"Donu and Deca","floor":50,"turns":8}],"seed_played":"7905300692064939183","potions_obtained":[{"floor":1.0,"key":"PowerPotion"},{"floor":5.0,"key":"Block Potion"},{"floor":16.0,"key":"SkillPotion"},{"floor":19.0,"key":"ElixirPotion"},{"floor":24.0,"key":"AttackPotion"},{"floor":29.0,"key":"Fire Potion"},{"floor":33.0,"key":"Explosive Potion"},{"floor":35.0,"key":"Swift Potion"},{"floor":37.0,"key":"DistilledChaos"},{"floor":38.0,"key":"HeartOfIron"},{"floor":40,"key":"FearPotion"},{"floor":41,"key":"ColorlessPotion"},{"floor":42,"key":"SpeedPotion"},{"floor":44,"key":"LiquidMemories"},{"floor":45,"key":"BlessingOfTheForge"},{"floor":47,"key":"Weak Potion"},{"floor":48,"key":"EssenceOfSteel"}],"is_trial":false,"path_per_floor":["M","?","$","?","M","E","R","?","T","R","M","E","R","E","R","B",null,"M","M","?","$","M","R","M","R","T","R","E","M","?","$","R","B",null,"M","?","M","M","?","E","M","M","T","M","M","R","M","E","R","B",null],"character_chosen":"IRONCLAD","items_purchased":["Clash","Armaments","Medical Kit","Ancient Tea Set","Art of War","CultistPotion"],"campfire_rested":0,"item_purchase_floors":[3,3,21,21,21,31],"current_hp_per_floor":[80,80,80,64,70,76,76,65,65,65,71,77,77,67,67,41,80,74,79,79,79,69,69,79,79,79,79,80,57,57,57,57,61,80,80,70,66,67,67,71,64,57,57,65,64,64,56,44,44,44],"gold":303,"neow_bonus":"THREE_ENEMY_KILL","is_daily":false,"chose_seed":false,"campfire_upgraded":10,"win_rate":0.0,"timestamp":1610391224,"path_taken":["M","?","$","?","M","E","R","?","T","R","M","E","R","E","R","BOSS","M","M","?","$","M","R","M","R","T","R","E","M","?","$","R","BOSS","M","?","M","M","?","E","M","M","T","M","M","R","M","E","R","BOSS"],"items_purchased_type":["Card","Card","Relic","Relic","Relic","Potion"],"build_version":"2020-12-22","purchased_purges":1,"victory":true,"max_hp_per_floor":[80,80,80,80,80,80,80,80,80,80,80,80,80,80,80,80,80,80,80,80,80,80,80,80,80,80,80,80,80,80,80,80,80,80,80,80,80,80,80,80,80,80,80,80,80,80,80,80,80,80],"card_choices":[{"not_picked":["Perfected Strike","Sever Soul"],"picked":"Battle Trance","floor":1.0},{"not_picked":["Entrench","Body Slam"],"picked":"Rage","floor":5.0},{"not_picked":["Clash","Sword Boomerang"],"picked":"Pommel Strike","floor":6.0},{"not_picked":["Uppercut","Cleave"],"picked":"Clash","floor":11.0},{"not_picked":["Iron Wave","Anger"],"picked":"Cleave","floor":12.0},{"not_picked":["Flame Barrier","Second Wind"],"picked":"Brutality","floor":14.0},{"not_picked":["Demon Form","Brutality"],"picked":"Reaper","floor":16.0},{"not_picked":["True Grit+1","Cleave"],"picked":"Clash+1","floor":18.0},{"not_picked":["Power Through","True Grit"],"picked":"Headbutt","floor":19.0},{"not_picked":["Dark Embrace","Sentinel+1"],"picked":"Dual Wield","floor":22.0},{"not_picked":["Entrench","Headbutt"],"picked":"Battle Trance","floor":24.0},{"not_picked":["Barricade","Wild Strike"],"picked":"Pommel Strike+1","floor":28.0},{"not_picked":["Sword Boomerang","Anger"],"picked":"Dual Wield","floor":29.0},{"not_picked":["Immolate","Feed"],"picked":"Offering","floor":33.0},{"not_picked":["Wild Strike","Headbutt","Sword Boomerang"],"picked":"SKIP","floor":35.0},{"not_picked":["Headbutt+1","Clothesline+1"],"picked":"Battle Trance","floor":37.0},{"not_picked":["Disarm+1","Twin Strike+1"],"picked":"Sever Soul+1","floor":38.0},{"not_picked":["Master of Strategy","Dramatic Entrance"],"picked":"Apotheosis","floor":39.0},{"not_picked":["Sword Boomerang","Thunderclap"],"picked":"Body Slam","floor":40},{"not_picked":["Cleave","Sword Boomerang"],"picked":"Shockwave","floor":41},{"not_picked":["Thunderclap","Combust+1"],"picked":"Rage+1","floor":42},{"not_picked":["Clothesline+1","Carnage+1","Dark Embrace+1"],"picked":"SKIP","floor":44},{"not_picked":["Rage","Combust+1"],"picked":"Rampage+1","floor":45},{"not_picked":["Shockwave","Shrug It Off"],"picked":"Bloodletting","floor":47},{"not_picked":["Shockwave+1","Searing Blow"],"picked":"Flex+1","floor":48}],"player_experience":58045,"relics_obtained":[{"floor":6.0,"key":"Oddly Smooth Stone"},{"floor":9.0,"key":"Omamori"},{"floor":12.0,"key":"Lizard Tail"},{"floor":14.0,"key":"Letter Opener"},{"floor":26.0,"key":"Toy Ornithopter"},{"floor":28.0,"key":"White Beast Statue"},{"floor":40,"key":"Blue Candle"},{"floor":40,"key":"Bottled Flame"},{"floor":43,"key":"Frozen Egg 2"},{"floor":48,"key":"CeramicFish"},{"floor":48,"key":"Vajra"}],"event_choices":[{"damage_healed":0.0,"max_hp_gain":0.0,"max_hp_loss":0.0,"gold_gain":175.0,"event_name":"Liars Game","player_choice":"AGREE","floor":2.0,"gold_loss":0.0,"damage_taken":0.0,"cards_obtained":["Doubt"]},{"damage_healed":0.0,"max_hp_gain":0.0,"max_hp_loss":0.0,"gold_gain":0.0,"event_name":"Shining Light","player_choice":"Entered Light","floor":4.0,"gold_loss":0.0,"damage_taken":16.0,"cards_upgraded":["Strike_R","Strike_R"]},{"damage_healed":0.0,"max_hp_gain":0.0,"max_hp_loss":0.0,"gold_gain":75.0,"event_name":"World of Goop","player_choice":"Gather Gold","floor":8.0,"gold_loss":0.0,"damage_taken":11.0},{"cards_removed":["Defend_R"],"damage_healed":0.0,"max_hp_gain":0.0,"max_hp_loss":0.0,"gold_gain":0.0,"event_name":"Back to Basics","player_choice":"Elegance","floor":20.0,"gold_loss":0.0,"damage_taken":0.0},{"damage_healed":0.0,"max_hp_gain":0.0,"max_hp_loss":0.0,"gold_gain":0.0,"event_name":"Drug Dealer","player_choice":"Obtain J.A.X.","floor":30.0,"gold_loss":0.0,"damage_taken":0.0,"cards_obtained":["J.A.X."]},{"damage_healed":0.0,"max_hp_gain":0.0,"max_hp_loss":0.0,"gold_gain":0.0,"event_name":"Winding Halls","player_choice":"Embrace Madness","floor":36.0,"gold_loss":0.0,"damage_taken":10.0,"cards_obtained":["Madness","Madness"]},{"damage_healed":0.0,"max_hp_gain":0.0,"max_hp_loss":0.0,"gold_gain":0.0,"event_name":"SensoryStone","player_choice":"Memory 1","floor":39.0,"gold_loss":0.0,"damage_taken":0.0}],"is_beta":false,"boss_relics":[{"not_picked":["Black Blood","Snecko Eye"],"picked":"Coffee Dripper"},{"not_picked":["Astrolabe","Mark of Pain"],"picked":"Black Star"}],"items_purged_floors":[3],"is_endless":false,"potions_floor_spawned":[1,5,16,19,24,29,33,35,37,38,40,41,42,44,45,47,48],"ascension_level":0}}