{"host":"61r95uy0hn86b9iu","time":1610407856,"event":{"mods":["AchievementEnabler","BaseMod","Better Vampires","BetterRewards","Colored Powertips","Hubris","Minty Spire (QoL Compilation)","Shop Mod","StSLib"],"gold_per_floor":[124,49,66,82,82,115,115,85,85,95,95,105,135,151,151,256,256,284,284,308,327,41,41,41],"floor_reached":23,"playtime":617,"items_purged":["hubris:Greed","Strike_B"],"score":228,"play_id":"ea76e558-718a-48a1-b24b-c9b2aa28877e","local_time":"20210111173056","is_ascension_mode":false,"campfire_choices":[{"data":"Streamline","floor":7.0,"key":"SMITH"},{"data":"Dualcast","floor":11.0,"key":"SMITH"},{"floor":15.0,"key":"REST"}],"circlet_count":0,"master_deck":["Strike_B","Strike_B","Strike_B","Defend_B","Defend_B","Defend_B","Defend_B","Zap","Dualcast+1","Streamline+1","Tempest+1","Conserve Battery","Barrage","FTL","Undo","Tempest","Defragment","The Bomb"],"relics":["Cracked Core","Blue Candle","Question Card","CeramicFish","Inserter"],"acts_visited":["TheCity"],"potions_floor_usage":[23],"damage_taken":[{"damage":11.0,"enemies":"Jaw Worm","floor":1.0,"turns":2.0},{"damage":0.0,"enemies":"2 Louse","floor":3.0,"turns":2.0},{"damage":0.0,"enemies":"Cultist","floor":4.0,"turns":2.0},{"damage":8.0,"enemies":"Gremlin Nob","floor":6.0,"turns":3.0},{"damage":3.0,"enemies":"Looter","floor":10.0,"turns":2.0},{"damage":10.0,"enemies":"Large Slime","floor":12.0,"turns":4.0},{"damage":17.0,"enemies":"Lagavulin","floor":13.0,"turns":5.0},{"damage":12.0,"enemies":"Lots of Slimes","floor":14.0,"turns":4.0},{"damage":26.0,"enemies":"The Guardian","floor":16.0,"turns":6.0},{"damage":25.0,"enemies":"Spheric Guardian","floor":18.0,"turns":4.0},{"damage":6.0,"enemies":"3 Byrds","floor":20.0,"turns":3.0},{"damage":22.0,"enemies":"Shelled Parasite and Fungi","floor":21.0,"turns":6.0},{"damage":100,"enemies":"Book of Stabbing","floor":23,"turns":5}],"seed_played":"-4505988514430541629","potions_obtained":[{"floor":4.0,"key":"Fruit Juice"},{"floor":6.0,"key":"PotionOfCapacity"},{"floor":8.0,"key":"FocusPotion"},{"floor":8.0,"key":"FairyPotion"},{"floor":14.0,"key":"ColorlessPotion"},{"floor":16.0,"key":"EssenceOfSteel"},{"floor":18.0,"key":"AttackPotion"},{"floor":21.0,"key":"SpeedPotion"}],"is_trial":false,"path_per_floor":["M","$","M","M","?","E","R","?","T","M","R","M","E","M","R","B",null,"M","?","M","M","$","E"],"character_chosen":"DEFECT","items_purchased":["Defragment","The Bomb"],"campfire_rested":1,"item_purchase_floors":[22,22],"current_hp_per_floor":[78,78,78,83,83,75,75,75,75,72,72,62,45,33,61,35,94,69,94,88,66,66,0,0],"gold":41,"neow_bonus":"TWENTY_PERCENT_HP_BONUS","is_daily":false,"chose_seed":false,"campfire_upgraded":2,"win_rate":0.0,"timestamp":1610407856,"path_taken":["M","$","M","M","?","E","R","?","T","?","R","M","E","M","R","BOSS","M","?","M","?","?","E"],"items_purchased_type":["Card","Card"],"build_version":"2020-12-22","purchased_purges":2,"victory":false,"max_hp_per_floor":[89,89,89,94,94,94,94,94,94,94,94,94,94,94,94,94,94,94,94,94,94,94,94,94],"card_choices":[{"not_picked":["Barrage","Cold Snap","Redo"],"picked":"SKIP","floor":1.0},{"not_picked":["Ball Lightning","Redo"],"picked":"Streamline","floor":3.0},{"not_picked":["Rebound","Ball Lightning"],"picked":"Tempest","floor":4.0},{"not_picked":["Doom and Gloom","hubris:SpecializedCircuitry"],"picked":"Conserve Battery","floor":6.0},{"not_picked":["Tempest","Barrage","Redo","Compile Driver"],"picked":"SKIP","floor":10.0},{"not_picked":["Ball Lightning","Compile Driver","Steam"],"picked":"Barrage","floor":12.0},{"not_picked":["Reprogram","Streamline","Gash","Force Field"],"picked":"SKIP","floor":13.0},{"not_picked":["Go for the Eyes","Redo","Ball Lightning","Sweeping Beam"],"picked":"SKIP","floor":14.0},{"not_picked":["Rebound+1","Gash","Hologram"],"picked":"FTL","floor":18.0},{"not_picked":["Redo","Steam Power","Steam+1"],"picked":"Undo","floor":20.0},{"not_picked":["Cold Snap","Conserve Battery","Compile Driver"],"picked":"Tempest","floor":21.0}],"player_experience":3270390,"relics_obtained":[{"floor":6.0,"key":"Blue Candle"},{"floor":9.0,"key":"Question Card"},{"floor":13.0,"key":"CeramicFish"}],"event_choices":[{"damage_healed":0.0,"max_hp_gain":0.0,"max_hp_loss":0.0,"gold_gain":0.0,"event_name":"Living Wall","player_choice":"Grow","floor":5.0,"gold_loss":0.0,"damage_taken":0.0,"cards_upgraded":["Tempest"]},{"damage_healed":0.0,"max_hp_gain":0.0,"max_hp_loss":0.0,"gold_gain":0.0,"event_name":"The Woman in Blue","player_choice":"Bought 2 Potions","floor":8.0,"gold_loss":0.0,"damage_taken":0.0},{"damage_healed":31.0,"max_hp_gain":0.0,"max_hp_loss":0.0,"gold_gain":0.0,"event_name":"The Library","player_choice":"Heal","floor":19.0,"gold_loss":0.0,"damage_taken":0.0}],"is_beta":false,"boss_relics":[{"not_picked":["Velvet Choker","Fusion Hammer"],"picked":"Inserter"}],"items_purged_floors":[2,22],"is_endless":false,"potions_floor_spawned":[4,6,10,14,16,18,21],"killed_by":"Book of Stabbing","ascension_level":0}}