{"host":"0vlubjftylzdr3ny","time":1610409314,"event":{"mods":["Always Whale","BaseMod","GifTheSpireLib","Minty Spire (QoL Compilation)","Relic Filter","StSLib","Stuff the Spire"],"gold_per_floor":[119,294,274,287,302,329,329,361,361,14,42,53,153,168,168,168,168],"floor_reached":16,"playtime":695,"items_purged":["Strike_R"],"score":132,"play_id":"2cb4dd85-5c08-4898-85c2-927497d659e2","local_time":"20210112005514","is_ascension_mode":true,"campfire_choices":[{"data":"Inflame","floor":7,"key":"SMITH"},{"data":"Uppercut","floor":15,"key":"SMITH"}],"circlet_count":0,"master_deck":["Strike_R","Strike_R","Defend_R","Defend_R","Defend_R","Defend_R","Bash","Headbutt","Fire Breathing","Doubt","Dropkick","Inflame+1","Sword Boomerang","Uppercut+1","Evolve"],"relics":["Burning Blood","StuffTheSpire:Barrel","Potion Belt","StuffTheSpire:BottledHeartBeat","Membership Card","StuffTheSpire:RubySignet","Oddly Smooth Stone"],"acts_visited":["Exordium"],"potions_floor_usage":[6,6,11,11,14],"damage_taken":[{"damage":0,"enemies":"Small Slimes","floor":1,"turns":3},{"damage":8,"enemies":"Jaw Worm","floor":4,"turns":4},{"damage":11,"enemies":"Cultist","floor":5,"turns":4},{"damage":13,"enemies":"3 Sentries","floor":6,"turns":4},{"damage":26,"enemies":"Lagavulin","floor":8,"turns":7},{"damage":6,"enemies":"Gremlin Nob","floor":11,"turns":3},{"damage":9,"enemies":"Large Slime","floor":12,"turns":4},{"damage":8,"enemies":"Lots of Slimes","floor":14,"turns":4},{"damage":51,"enemies":"The Guardian","floor":16,"turns":13}],"seed_played":"650200070762399149","potions_obtained":[{"floor":3,"key":"PowerPotion"},{"floor":4,"key":"Block Potion"},{"floor":6,"key":"SteroidPotion"},{"floor":8,"key":"Swift Potion"},{"floor":11,"key":"AttackPotion"}],"is_trial":false,"path_per_floor":["M","?","?","M","M","E","R","E","T","$","E","M","?","M","R","B"],"character_chosen":"IRONCLAD","items_purchased":["Membership Card","Uppercut","StuffTheSpire:RubySignet"],"campfire_rested":0,"item_purchase_floors":[10,10,10],"current_hp_per_floor":[72,72,72,70,65,58,58,38,38,38,48,53,53,51,51,0,0],"gold":168,"neow_bonus":"TRANSFORM_TWO_CARDS","is_daily":false,"chose_seed":false,"campfire_upgraded":2,"win_rate":0.0,"timestamp":1610409314,"path_taken":["M","?","?","M","?","E","R","E","T","$","E","M","?","?","R","BOSS"],"items_purchased_type":["Relic","Card","Relic"],"build_version":"2020-12-22","purchased_purges":1,"victory":false,"max_hp_per_floor":[72,72,72,72,72,72,72,72,72,72,72,72,72,72,72,72,72],"card_choices":[{"not_picked":["Warcry","Dual Wield","Seeing Red"],"picked":"SKIP","floor":1},{"not_picked":["Shockwave","Infernal Blade"],"picked":"Dropkick","floor":4},{"not_picked":["Searing Blow","Anger","Hemokinesis"],"picked":"SKIP","floor":5},{"not_picked":["Twin Strike","Fire Breathing"],"picked":"Inflame","floor":6},{"not_picked":["Immolate","Cleave"],"picked":"Sword Boomerang","floor":8},{"not_picked":["Flex","Searing Blow","Wild Strike"],"picked":"SKIP","floor":11},{"not_picked":["StuffTheSpire:BloodClot","Entrench","Warcry"],"picked":"SKIP","floor":12},{"not_picked":["Perfected Strike","StuffTheSpire:RockThrow"],"picked":"Evolve","floor":14}],"player_experience":821800,"relics_obtained":[{"floor":6,"key":"StuffTheSpire:Barrel"},{"floor":8,"key":"Potion Belt"},{"floor":9,"key":"StuffTheSpire:BottledHeartBeat"},{"floor":11,"key":"Oddly Smooth Stone"}],"event_choices":[{"damage_healed":0,"gold_gain":175,"player_choice":"AGREE","damage_taken":0,"max_hp_gain":0,"max_hp_loss":0,"event_name":"Liars Game","floor":2,"gold_loss":0,"cards_obtained":["Doubt"]},{"damage_healed":0,"gold_gain":0,"player_choice":"Bought 1 Potion","damage_taken":0,"max_hp_gain":0,"max_hp_loss":0,"event_name":"The Woman in Blue","floor":3,"gold_loss":0},{"damage_healed":0,"gold_gain":100,"player_choice":"Pray","damage_taken":0,"max_hp_gain":0,"max_hp_loss":0,"event_name":"Golden Shrine","floor":13,"gold_loss":0}],"is_beta":false,"boss_relics":[],"items_purged_floors":[10],"is_endless":false,"potions_floor_spawned":[4,6,8,11],"killed_by":"The Guardian","ascension_level":2}}