{"host":"sav7uxregyirlf69","time":1610381539,"event":{"mods":["AchievementEnabler","BaseMod","Colored Map","DeckTracker","Keyboard Shortcuts","Minty Spire (QoL Compilation)","READ ME - Guardian Mod","StSLib","SuperFastMode"],"gold_per_floor":[114,114,128,140,140,140,150,32,32,32,43,43,59,79,79,156,156,169,169,169,148,148,148],"floor_reached":22,"playtime":416,"items_purged":["Strike_G"],"score":356,"play_id":"25933ea3-7a1b-44c9-b7f5-3bd4e95b63b1","local_time":"20210112011219","is_ascension_mode":true,"campfire_choices":[{"data":"Finesse","floor":6.0,"key":"SMITH"},{"data":"Noxious Fumes","floor":10.0,"key":"SMITH"},{"data":"Tactician","floor":15.0,"key":"SMITH"}],"circlet_count":0,"master_deck":["AscendersBane","Strike_G","Strike_G","Strike_G","Defend_G","Defend_G","Defend_G","Defend_G","Survivor","Neutralize","Finesse+1","Predator","Blur","Noxious Fumes+1","Dagger Spray","Tactician+1","Acrobatics","Backflip","Prepared"],"relics":["Ring of the Snake","Cursed Key","MealTicket"],"acts_visited":["Exordium","TheCity"],"potions_floor_usage":[16,16],"damage_taken":[{"damage":2.0,"enemies":"Jaw Worm","floor":1.0,"turns":5.0},{"damage":2.0,"enemies":"Cultist","floor":3.0,"turns":3.0},{"damage":0.0,"enemies":"Small Slimes","floor":4.0,"turns":4.0},{"damage":11.0,"enemies":"Exordium Wildlife","floor":7.0,"turns":5.0},{"damage":4.0,"enemies":"Looter","floor":11.0,"turns":4.0},{"damage":13.0,"enemies":"Gremlin Gang","floor":13.0,"turns":3.0},{"damage":0.0,"enemies":"2 Fungi Beasts","floor":14.0,"turns":3.0},{"damage":18,"enemies":"Slime Boss","floor":16,"turns":8},{"damage":20,"enemies":"Chosen","floor":18,"turns":7},{"damage":9,"enemies":"2 Thieves","floor":21,"turns":5},{"damage":32,"enemies":"Snecko","floor":22,"turns":4}],"seed_played":"2357121638711767889","potions_obtained":[{"floor":2.0,"key":"Dexterity Potion"},{"floor":2.0,"key":"DuplicationPotion"},{"floor":14.0,"key":"Strength Potion"}],"is_trial":false,"path_per_floor":["M","?","M","M","?","R","M","$","T","R","M","?","M","M","R","B",null,"M","?","?","M","M"],"character_chosen":"THE_SILENT","items_purchased":["Tactician"],"campfire_rested":0,"item_purchase_floors":[8],"current_hp_per_floor":[57,57,55,55,48,48,37,37,37,37,33,33,20,20,20,2,50,30,30,30,21,0,0],"gold":148,"neow_bonus":"RANDOM_COLORLESS","is_daily":false,"chose_seed":false,"campfire_upgraded":3,"win_rate":0.0,"timestamp":1610381539,"path_taken":["M","?","M","?","?","R","M","$","T","R","M","?","M","M","R","BOSS","M","?","?","M","M"],"items_purchased_type":["Card"],"build_version":"2020-12-22","purchased_purges":1,"victory":false,"max_hp_per_floor":[66,66,66,66,66,66,66,66,66,66,66,66,66,66,66,66,66,66,66,66,66,66,66],"card_choices":[{"not_picked":["Dramatic Entrance","Blind"],"picked":"Finesse","floor":0.0},{"not_picked":["Eviscerate","Dodge and Roll"],"picked":"Predator","floor":1.0},{"not_picked":["PiercingWail","Noxious Fumes"],"picked":"Blur","floor":3.0},{"not_picked":["All Out Attack","Catalyst"],"picked":"Noxious Fumes","floor":4.0},{"not_picked":["Poisoned Stab","Sucker Punch"],"picked":"Dagger Spray","floor":7.0},{"not_picked":["Quick Slash","Malaise"],"picked":"Acrobatics","floor":11.0},{"not_picked":["Acrobatics","Underhanded Strike"],"picked":"Backflip","floor":13.0},{"not_picked":["Underhanded Strike","Sucker Punch"],"picked":"Prepared","floor":14.0},{"not_picked":["Finisher","PiercingWail","Slice+1"],"picked":"SKIP","floor":18},{"not_picked":["Deadly Poison","Terror","Cloak And Dagger"],"picked":"SKIP","floor":21}],"player_experience":1255806,"relics_obtained":[{"floor":20,"key":"MealTicket"}],"event_choices":[{"damage_healed":0.0,"max_hp_gain":0.0,"max_hp_loss":0.0,"gold_gain":0.0,"event_name":"Lab","player_choice":"Got Potions","floor":2.0,"gold_loss":0.0,"damage_taken":0.0},{"cards_removed":["Defend_G"],"damage_healed":0.0,"max_hp_gain":0.0,"max_hp_loss":0.0,"gold_gain":0.0,"event_name":"Golden Wing","player_choice":"Card Removal","floor":5.0,"gold_loss":0.0,"damage_taken":7.0},{"damage_healed":0.0,"max_hp_gain":0.0,"max_hp_loss":0.0,"gold_gain":0.0,"event_name":"Dead Adventurer","player_choice":"Searched \u00271\u0027 times","floor":12.0,"gold_loss":0.0,"damage_taken":0.0},{"cards_removed":["Strike_G"],"damage_healed":0,"gold_gain":0,"player_choice":"Elegance","damage_taken":0,"max_hp_gain":0,"max_hp_loss":0,"event_name":"Back to Basics","floor":19,"gold_loss":0},{"damage_healed":0,"gold_gain":0,"player_choice":"Relic","damage_taken":0,"max_hp_gain":0,"max_hp_loss":0,"event_name":"Wheel of Change","floor":20,"gold_loss":0}],"is_beta":false,"boss_relics":[{"not_picked":["Fusion Hammer","Calling Bell"],"picked":"Cursed Key"}],"items_purged_floors":[8],"is_endless":false,"potions_floor_spawned":[3,7,11,14],"killed_by":"Snecko","ascension_level":20}}