{"host":"kig4ty9d1aubg29s","time":1610363782,"event":{"mods":["BaseMod","Minty Spire (QoL Compilation)","READ ME - Guardian Mod","READ ME - Snecko Mod","StSLib","The Cursed","The Gatherer","The Hierophant","The Runesmith"],"gold_per_floor":[111,111,124,135,153,153,186,186,238,238,238,238,251,274,274,274,274],"floor_reached":16,"playtime":439,"items_purged":[],"score":204,"play_id":"d775497c-387c-4ed5-aa6b-234b8c52f8ec","local_time":"20210111201622","is_ascension_mode":true,"campfire_choices":[{"floor":6,"key":"REST"},{"floor":8,"key":"REST"},{"floor":15,"key":"REST"}],"circlet_count":0,"master_deck":["AscendersBane","Strike_B","Strike_B","Strike_B","Strike_B","Defend_B+1","Defend_B","Defend_B+1","Defend_B","Zap","Dualcast","Aggregate","Go for the Eyes","Self Repair","Creative AI","Coolheaded","Injury","Regret","Capacitor","Ball Lightning"],"relics":["Cracked Core","NeowsBlessing","Blue Candle","Bag of Marbles","Golden Idol","War Paint","Unceasing Top"],"acts_visited":["Exordium"],"potions_floor_usage":[7,16,16],"damage_taken":[{"damage":0,"enemies":"Jaw Worm","floor":1,"turns":1},{"damage":0,"enemies":"2 Louse","floor":3,"turns":1},{"damage":0,"enemies":"Cultist","floor":4,"turns":1},{"damage":39,"enemies":"Large Slime","floor":5,"turns":7},{"damage":45,"enemies":"Lagavulin","floor":7,"turns":8},{"damage":8,"enemies":"3 Louse","floor":13,"turns":5},{"damage":13,"enemies":"Blue Slaver","floor":14,"turns":5},{"damage":55,"enemies":"Hexaghost","floor":16,"turns":9}],"seed_played":"45532281194119426","potions_obtained":[{"floor":1,"key":"AttackPotion"},{"floor":7,"key":"FearPotion"},{"floor":13,"key":"LiquidMemories"}],"is_trial":false,"path_per_floor":["M","?","M","M","M","R","E","R","T","?","?","T","M","M","R","B"],"character_chosen":"DEFECT","items_purchased":[],"campfire_rested":3,"item_purchase_floors":[],"current_hp_per_floor":[64,64,64,64,32,53,15,36,36,36,36,36,35,29,50,0,0],"gold":274,"neow_bonus":"THREE_ENEMY_KILL","is_daily":false,"chose_seed":false,"campfire_upgraded":0,"win_rate":0.0,"timestamp":1610363782,"path_taken":["M","?","M","M","M","R","E","R","T","?","?","?","?","M","R","BOSS"],"items_purchased_type":[],"build_version":"2020-12-22","purchased_purges":0,"victory":false,"max_hp_per_floor":[71,71,71,71,71,71,71,71,71,71,71,71,71,71,71,71,71],"card_choices":[{"not_picked":["Auto Shields","Turbo"],"picked":"Aggregate","floor":1},{"not_picked":["Undo","Hologram"],"picked":"Go for the Eyes","floor":3},{"not_picked":["FTL","Capacitor"],"picked":"Self Repair","floor":4},{"not_picked":["Leap","Gash"],"picked":"Creative AI","floor":5},{"not_picked":["Blizzard","Compile Driver"],"picked":"Coolheaded","floor":7},{"not_picked":["Go for the Eyes","Chaos"],"picked":"Capacitor","floor":13},{"not_picked":["Reprogram","Blizzard"],"picked":"Ball Lightning","floor":14}],"player_experience":1931752,"relics_obtained":[{"floor":7,"key":"Blue Candle"},{"floor":9,"key":"Bag of Marbles"},{"floor":12,"key":"Unceasing Top"}],"event_choices":[{"damage_healed":0,"gold_gain":0,"player_choice":"Ignored","damage_taken":0,"max_hp_gain":0,"max_hp_loss":0,"event_name":"Golden Wing","floor":2,"gold_loss":0},{"damage_healed":0,"gold_gain":0,"player_choice":"Take Wound","damage_taken":0,"relics_obtained":["Golden Idol"],"max_hp_gain":0,"max_hp_loss":0,"event_name":"Golden Idol","floor":10,"gold_loss":0,"cards_obtained":["Injury"]},{"damage_healed":0,"gold_gain":0,"player_choice":"Box","damage_taken":0,"relics_obtained":["War Paint"],"max_hp_gain":0,"max_hp_loss":0,"event_name":"Big Fish","floor":11,"gold_loss":0,"cards_obtained":["Regret"]}],"is_beta":false,"boss_relics":[],"items_purged_floors":[],"is_endless":false,"potions_floor_spawned":[1,7,13],"killed_by":"Hexaghost","ascension_level":20}}