{"host":"me6mz5vfpl3z3a3z","time":1610357544,"event":{"mods":["Act Like it!","Aspiration","BaseMod","CapriCore","Downfall","Friendly Minions","Gensokyo","Hallownest","Koishi","Luminous","Marisa£¨ìFÓê¡¡Ä§ÀíÉ³£©","Minty Spire (QoL Compilation)","Reimu£¨²©ÀöÁéÃÎ£©","RumiaBox-Â¶Ã×æ«µÄÉñÃØºÐ×Ó","Spicy Shops","StSLib","The Alterego","The Bug Knight","The Gatherer","The Runesmith","The Showman","Yakumo Yukari mod","Yuyuko","[IsaacMod]ÒÔÈö¼âËþ","¡¾¹¦ÄÜMod¡¿»ìãçÖ®»·ÐÞ¸´²¹¶¡"],"gold_per_floor":[99,99,99,99,113,38,38,367,377,302,302,321,333,24,34,34,34,34],"floor_reached":16,"playtime":536,"items_purged":["Slimebound:TongueLash"],"score":100,"play_id":"72176dbd-26f5-4a8a-a6b9-4d86dd8921ed","local_time":"20210111173224","is_ascension_mode":false,"campfire_choices":[{"floor":1,"key":"RECALL"},{"data":"Slimebound:SelfFormingGoo","floor":6,"key":"SMITH"},{"data":"Slimebound:SlimeBarrage","floor":10,"key":"SMITH"}],"circlet_count":0,"master_deck":["Slimebound:Strike_Slimebound","Slimebound:Strike_Slimebound","Slimebound:Strike_Slimebound","Slimebound:Tackle","Slimebound:Defend_Slimebound","Slimebound:Defend_Slimebound","Slimebound:Defend_Slimebound","Slimebound:Defend_Slimebound","Slimebound:Split","Slimebound:CorrosiveSpit","Slimebound:SplitAcid","Slimebound:SelfFormingGoo+1","Slimebound:SplitLeeching","Slimebound:SlimeBarrage+1","Slimebound:PressTheAttack","Slimebound:SplitLeeching","Slimebound:SplitMire","Slimebound:LevelUp","Slimebound:SlimeSpikes","Slimebound:LeadByExample","Slimebound:Grow","Slimebound:SplitMire"],"relics":["Slimebound:AbsorbEndCombat","HushsDoor","downfall:HeartsMalice","PillsDrop","downfall:HeartBlessingRed","Old Coin","downfall:HeartBlessingBlue"],"acts_visited":["Exordium"],"potions_floor_usage":[9],"damage_taken":[{"damage":0,"enemies":"Small Slimes","floor":2,"turns":1},{"damage":0,"enemies":"downfall:FleeingMerchant","floor":3,"turns":1},{"damage":0,"enemies":"Jaw Worm","floor":4,"turns":1},{"damage":12,"enemies":"2 Louse","floor":5,"turns":2},{"damage":37,"enemies":"3 Sentries","floor":8,"turns":6},{"damage":8,"enemies":"Lots of Slimes","floor":9,"turns":2},{"damage":15,"enemies":"2 Fungi Beasts","floor":12,"turns":3},{"damage":0,"enemies":"3 Louse","floor":13,"turns":1},{"damage":16,"enemies":"downfall:FleeingMerchant","floor":14,"turns":4},{"damage":22,"enemies":"Blue Slaver","floor":15,"turns":3},{"damage":49,"enemies":"downfall:Defect","floor":16,"turns":4}],"seed_played":"512246537833717374","potions_obtained":[{"floor":8,"key":"DistilledChaos"},{"floor":12,"key":"SmokeBomb"}],"is_trial":false,"path_per_floor":["R","M","$","M","M","R","T","E","M","R","?","M","M","$","M","B"],"character_chosen":"SLIMEBOUND","items_purchased":["Slimebound:Grow"],"campfire_rested":0,"item_purchase_floors":[14],"current_hp_per_floor":[60,60,60,60,60,60,60,37,33,43,43,40,40,44,36,0,0,0],"gold":34,"neow_bonus":"THREE_ENEMY_KILL","is_daily":false,"chose_seed":false,"campfire_upgraded":2,"win_rate":0.0,"timestamp":1610357544,"path_taken":["R","M","$","M","M","R","T","E","M","R","?","M","M","$","M","BOSS"],"items_purchased_type":["Card"],"build_version":"2020-12-22","purchased_purges":1,"victory":false,"max_hp_per_floor":[60,60,60,60,60,60,60,60,60,70,70,70,70,70,70,70,70,70],"card_choices":[{"not_picked":["Slimebound:RainOfGoop","Slimebound:FirmFortitude"],"picked":"Slimebound:SplitAcid","floor":2},{"not_picked":["Slimebound:GrowthPunch","Slimebound:SamplingLick"],"picked":"Slimebound:SelfFormingGoo","floor":3},{"not_picked":["Slimebound:MegaLick","Slimebound:RollThrough"],"picked":"Slimebound:SplitLeeching","floor":4},{"not_picked":["Slimebound:HauntingLick","Slimebound:Repurpose"],"picked":"Slimebound:SlimeBarrage","floor":5},{"not_picked":["Slimebound:FirmFortitude","Slimebound:ViciousTackle"],"picked":"Slimebound:PressTheAttack","floor":8},{"not_picked":["Slimebound:RollThrough","Bomb"],"picked":"Slimebound:SplitLeeching","floor":9},{"not_picked":["Slimebound:SlimeSpikes","Slimebound:SlimeBarrage"],"picked":"Slimebound:LeadByExample","floor":12},{"not_picked":["Slimebound:FinishingTackle","Slimebound:DouseInSlime","Slimebound:SpikyOuterGoop"],"picked":"SKIP","floor":13},{"not_picked":["Slimebound:ViciousTackle","Slimebound:LeechEnergy","Slimebound:FormOfPuddle"],"picked":"SKIP","floor":14},{"not_picked":["Bomb","Slimebound:GrowthPunch"],"picked":"Slimebound:SplitMire","floor":15}],"player_experience":424266,"relics_obtained":[{"floor":8,"key":"Old Coin"}],"event_choices":[],"is_beta":false,"boss_relics":[],"items_purged_floors":[14],"is_endless":false,"potions_floor_spawned":[8,12],"killed_by":"downfall:Defect","ascension_level":0}}