{"host":"l84l8xigz5v5foa2","time":1610377816,"event":{"mods":["2.2 Compatiblity","AchievementEnabler","BaseMod","Better Note","Better Vampires","Card Filter","Colored Map","DeckTracker","Downfall","Gremlin Skip","Highlight Path","Keyboard Shortcuts","Minty Spire (QoL Compilation)","Permanent Neow","Quick Restart","Relic Filter","Relic Stats","StSLib","SuperFastMode","Transform Curses","Unknown Chances"],"gold_per_floor":[99,112,22,22,36,36,63,63,98,98,108,33,18,30,46,122,122,122,135,135,92,106,125,174,187,112,132,51,51,51,81,96,172,172,97,114,131,131,147,172,224,249,274,274,104,104,19,19,30,30,30,63,24,24,24],"floor_reached":56,"playtime":3887,"items_purged":["Guardian:Strike_Guardian","Guardian:Defend_Guardian"],"score":2725,"play_id":"0c7b7ec5-33e0-41ac-8f53-68d82ebfb6a9","local_time":"20210112001016","is_ascension_mode":true,"campfire_choices":[{"data":"Guardian:TwinSlam","floor":1.0,"key":"SMITH"},{"data":"Guardian:CurlUp","floor":8.0,"key":"SMITH"},{"floor":10.0,"key":"RECALL"},{"data":"Guardian:PolyBeam","floor":12.0,"key":"SMITH"},{"data":"Guardian:Orbwalk","floor":18.0,"key":"SMITH"},{"floor":26.0,"key":"REST"},{"data":"Guardian:Clone","floor":29.0,"key":"SMITH"},{"data":"Guardian:Defend_Guardian","floor":35.0,"key":"SMITH"},{"floor":44.0,"key":"REST"},{"data":"Guardian:Defend_Guardian","floor":46.0,"key":"SMITH"},{"floor":54.0,"key":"REST"}],"circlet_count":0,"master_deck":["AscendersBane","Guardian:Strike_Guardian","Guardian:Strike_Guardian","Guardian:Defend_Guardian+1","Guardian:Defend_Guardian+1","Guardian:Defend_Guardian","Guardian:CurlUp+1","Guardian:TwinSlam+1","Guardian:BronzeOrb","Guardian:PrimingBeam","Guardian:Orbwalk+1","Guardian:ShieldCharger","Guardian:Clone+1","Guardian:Suspension+1","Guardian:PolyBeam+1","Guardian:ExploitGems+1","Guardian:Recover+1","Guardian:ExploitGems+1","Guardian:TemporalShield+1","Guardian:Reroute+1","Guardian:FastForward+1","Guardian:PiercingHide+1","Guardian:Harden+1","Guardian:Recover+1","Guardian:Preprogram+1","Guardian:GemFinder+1","Guardian:FloatingOrbs+1","Guardian:TimeCapacitor+1","Guardian:Suspension+1","Guardian:Orbwalk+1"],"relics":["Guardian:ModeShifter","downfall:ShatteredFragment","Vajra","Toxic Egg 2","downfall:HeartBlessingRed","Sozu","downfall:HeartBlessingBlue","champ:DeflectingBracers","Orichalcum","sneckomod:SneckoTalon","downfall:HeartBlessingGreen","Frozen Egg 2","Bronze Scales","Strawberry","Du-Vu Doll","Happy Flower"],"acts_visited":["Exordium","TheCity","TheBeyond","TheEnding"],"potions_floor_usage":[],"damage_taken":[{"damage":0.0,"enemies":"Cultist","floor":2.0,"turns":4.0},{"damage":0.0,"enemies":"downfall:FleeingMerchant","floor":3.0,"turns":4.0},{"damage":3.0,"enemies":"Small Slimes","floor":5.0,"turns":3.0},{"damage":7.0,"enemies":"3 Sentries","floor":9.0,"turns":7.0},{"damage":2.0,"enemies":"Jaw Worm","floor":11.0,"turns":3.0},{"damage":0.0,"enemies":"downfall:FleeingMerchant","floor":13.0,"turns":4.0},{"damage":0.0,"enemies":"3 Louse","floor":14.0,"turns":2.0},{"damage":0.0,"enemies":"Gremlin Gang","floor":15.0,"turns":2.0},{"damage":9.0,"enemies":"downfall:Ironclad","floor":16.0,"turns":5.0},{"damage":7.0,"enemies":"Chosen","floor":19.0,"turns":3.0},{"damage":5.0,"enemies":"downfall:FleeingMerchant","floor":21.0,"turns":4.0},{"damage":10.0,"enemies":"Shelled Parasite and Fungi","floor":22.0,"turns":3.0},{"damage":1.0,"enemies":"Snecko","floor":23.0,"turns":5.0},{"damage":10.0,"enemies":"Snake Plant","floor":25.0,"turns":3.0},{"damage":5.0,"enemies":"Cultist and Chosen","floor":27.0,"turns":5.0},{"damage":0.0,"enemies":"downfall:FleeingMerchant","floor":28.0,"turns":2.0},{"damage":0.0,"enemies":"Book of Stabbing","floor":31.0,"turns":4.0},{"damage":9.0,"enemies":"Shelled Parasite and Fungi","floor":32.0,"turns":3.0},{"damage":9.0,"enemies":"downfall:Silent","floor":33.0,"turns":6.0},{"damage":0.0,"enemies":"Orb Walker","floor":36.0,"turns":2.0},{"damage":0.0,"enemies":"3 Darklings","floor":37.0,"turns":4.0},{"damage":8.0,"enemies":"Jaw Worm Horde","floor":39.0,"turns":4.0},{"damage":46.0,"enemies":"Nemesis","floor":40.0,"turns":7.0},{"damage":0.0,"enemies":"Giant Head","floor":42.0,"turns":6.0},{"damage":0.0,"enemies":"Mind Bloom Boss Battle","floor":43.0,"turns":6.0},{"damage":0.0,"enemies":"Spire Growth","floor":49.0,"turns":5.0},{"damage":17.0,"enemies":"downfall:Defect","floor":50.0,"turns":10.0},{"damage":33.0,"enemies":"downfall:CharBossMerchant","floor":52.0,"turns":9.0},{"damage":23,"enemies":"downfall:NeowBoss","floor":55,"turns":19}],"seed_played":"-7231866943599906851","potions_obtained":[{"floor":9.0,"key":"Energy Potion"},{"floor":11.0,"key":"Swift Potion"}],"is_trial":false,"path_per_floor":["R","M","$","?","M","?","T","R","E","R","M","R","$","M","M","B",null,"R","M","?","$","M","M","T","M","R","M","$","R","$","E","M","B",null,"R","M","M","?","M","E","T","E","?","R","$","R","$","?","M","B",null,"E","$","R","B",null],"character_chosen":"GUARDIAN","items_purchased":["Guardian:TemporalShield+1","champ:DeflectingBracers","Guardian:Gem_Fragmented","Guardian:FloatingOrbs+1","Guardian:TimeCapacitor+1","Guardian:Orbwalk+1"],"campfire_rested":3,"item_purchase_floors":[21,28,45,45,47,53],"current_hp_per_floor":[65,65,65,41,38,38,38,38,31,31,29,29,29,29,29,20,59,59,52,52,47,37,36,36,26,60,55,55,55,55,55,46,37,71,71,71,71,71,63,17,17,24,24,50,50,50,50,50,50,33,75,42,42,68,45],"gold":24,"neow_bonus":"TRANSFORM_CARD","is_daily":false,"chose_seed":false,"campfire_upgraded":7,"win_rate":0.0,"timestamp":1610377816,"path_taken":["R","?","$","?","M","?","T","R","E","R","M","R","$","?","M","BOSS","R","M","?","$","?","M","T","M","R","M","$","R","?","E","M","BOSS","R","M","?","?","M","E","T","E","?","R","?","R","$","?","M","BOSS","E","$","R","BOSS"],"items_purchased_type":["Card","Relic","Card","Card","Card","Card"],"build_version":"2020-12-22","purchased_purges":2,"victory":true,"max_hp_per_floor":[72,72,72,72,72,72,72,72,72,72,72,72,72,72,72,72,72,72,72,72,72,72,72,72,72,82,82,82,82,82,82,82,82,82,82,82,82,82,82,82,82,89,89,89,89,89,89,89,89,89,89,89,89,89,89],"relic_stats":{"Sozu":8,"Happy Flower":[6],"counters":[29,144],"Bronze Scales":[111],"Orichalcum":[6],"obtain_stats":[{"downfall:ShatteredFragment":4,"downfall:HeartBlessingRed":12,"Happy Flower":52,"Guardian:ModeShifter":0,"Vajra":7,"downfall:HeartBlessingGreen":35,"champ:DeflectingBracers":28,"Orichalcum":31,"Frozen Egg 2":40,"sneckomod:SneckoTalon":34,"Sozu":17,"Du-Vu Doll":43,"downfall:HeartBlessingBlue":26,"Bronze Scales":41,"Strawberry":42,"Toxic Egg 2":9},{"downfall:ShatteredFragment":2,"downfall:HeartBlessingRed":5,"Happy Flower":28,"Guardian:ModeShifter":0,"Vajra":3,"downfall:HeartBlessingGreen":19,"champ:DeflectingBracers":16,"Orichalcum":17,"Frozen Egg 2":23,"sneckomod:SneckoTalon":19,"Sozu":9,"Du-Vu Doll":25,"downfall:HeartBlessingBlue":14,"Bronze Scales":23,"Strawberry":24,"Toxic Egg 2":4},{"downfall:ShatteredFragment":8,"downfall:HeartBlessingRed":21,"Happy Flower":125,"Guardian:ModeShifter":0,"Vajra":11,"downfall:HeartBlessingGreen":72,"champ:DeflectingBracers":59,"Orichalcum":63,"Frozen Egg 2":89,"sneckomod:SneckoTalon":72,"Sozu":34,"Du-Vu Doll":101,"downfall:HeartBlessingBlue":52,"Bronze Scales":89,"Strawberry":95,"Toxic Egg 2":18}]},"card_choices":[{"not_picked":["Guardian:Gem_Red","Guardian:DecasProtection"],"picked":"Guardian:PrimingBeam","floor":2.0},{"not_picked":["Guardian:Gem_Green","Guardian:TimeSifter"],"picked":"Guardian:Orbwalk","floor":3.0},{"not_picked":["Guardian:RollAttack","Guardian:Gem_Red"],"picked":"Guardian:ShieldCharger","floor":5.0},{"not_picked":["Guardian:PrismaticBarrier+1","Guardian:Gem_Crimson"],"picked":"Guardian:Suspension+1","floor":9.0},{"not_picked":["Guardian:DonusPower+1","Guardian:Orbwalk"],"picked":"Guardian:PolyBeam","floor":11.0},{"not_picked":["Guardian:ChargeCore","Guardian:CrystalBeam"],"picked":"Guardian:Gem_Yellow","floor":13.0},{"not_picked":["Guardian:WalkerClaw","Guardian:Planning+1","Guardian:ArmoredProtocol"],"picked":"SKIP","floor":14.0},{"not_picked":["Guardian:PrismaticBarrier+1","Guardian:Clone+1"],"picked":"Guardian:Gem_Cyan","floor":15.0},{"not_picked":["Guardian:HyperBeam_Guardian","Guardian:GatlingBeam"],"picked":"Guardian:ExploitGems+1","floor":16.0},{"not_picked":["Guardian:Planning+1","Guardian:Gem_Green"],"picked":"Guardian:Recover+1","floor":19.0},{"not_picked":["Guardian:PrimingBeam","Guardian:TemporalStrike"],"picked":"Guardian:ExploitGems+1","floor":21.0},{"not_picked":["Guardian:Clone+1","Guardian:PrismaticBarrier+1"],"picked":"Guardian:Reroute+1","floor":22.0},{"not_picked":["Guardian:TimeCapacitor+1","Guardian:BronzeOrb"],"picked":"Guardian:Gem_Blue","floor":23.0},{"not_picked":["Guardian:CrystalBeam","Guardian:Gem_Yellow"],"picked":"Guardian:Gem_Purple","floor":25.0},{"not_picked":["Guardian:Orbwalk","Guardian:Reroute","Guardian:ChargeCore"],"picked":"SKIP","floor":27.0},{"not_picked":["Guardian:Reroute","Guardian:Gem_Green"],"picked":"Guardian:FastForward+1","floor":28.0},{"not_picked":["Guardian:Gem_Green","Guardian:Clone+1","Guardian:CrystalBeam"],"picked":"SKIP","floor":31.0},{"not_picked":["Guardian:ShieldCharger+1","Guardian:ChargeCore"],"picked":"Guardian:PiercingHide+1","floor":32.0},{"not_picked":["Guardian:BaubleBeam","Guardian:StasisStrike"],"picked":"Guardian:Gem_Synthetic","floor":33.0},{"not_picked":["Guardian:Planning+1","Guardian:ShieldCharger+1","Guardian:Recover+1"],"picked":"SKIP","floor":36.0},{"not_picked":["Guardian:Gem_Red","Guardian:VentSteam+1"],"picked":"Guardian:Harden+1","floor":37.0},{"not_picked":["Guardian:Harden+1","Guardian:TemporalShield+1"],"picked":"Guardian:Recover+1","floor":39.0},{"not_picked":["Guardian:BronzeArmor+1","Guardian:TimeCapacitor+1"],"picked":"Guardian:Preprogram+1","floor":40.0},{"not_picked":["Guardian:DecasProtection+1","Guardian:Suspension+1"],"picked":"Guardian:Gem_Green","floor":42.0},{"not_picked":["Guardian:CrystalBeam","Guardian:Planning+1"],"picked":"Guardian:GemFinder+1","floor":43.0},{"not_picked":["Guardian:Gem_Green","Guardian:Gem_Lightblue"],"picked":"Guardian:Gem_Cyan","floor":49.0},{"not_picked":["Guardian:Preprogram+1","Guardian:PiercingHide+1","Guardian:VentSteam+1"],"picked":"SKIP","floor":49.0},{"not_picked":["Guardian:Gem_Green","Guardian:Gem_Lightblue"],"picked":"Guardian:Gem_Red","floor":52.0},{"not_picked":["Guardian:DecasProtection+1","Guardian:DonusPower+1"],"picked":"Guardian:Suspension+1","floor":52.0}],"player_experience":3096091,"relics_obtained":[{"floor":7.0,"key":"Vajra"},{"floor":9.0,"key":"Toxic Egg 2"},{"floor":31.0,"key":"Orichalcum"},{"floor":40.0,"key":"Frozen Egg 2"},{"floor":41.0,"key":"Bronze Scales"},{"floor":42.0,"key":"Strawberry"},{"floor":43.0,"key":"Du-Vu Doll"},{"floor":52.0,"key":"Happy Flower"}],"event_choices":[],"is_beta":false,"boss_relics":[{"not_picked":["Cursed Key","SacredBark"],"picked":"Sozu"},{"not_picked":["Coffee Dripper","Runic Pyramid"],"picked":"sneckomod:SneckoTalon"}],"items_purged_floors":[3,28],"is_endless":false,"potions_floor_spawned":[9,11,14,15,19,25,31,32,36,39,42,43],"ascension_level":20}}