{"host":"s5i48q09v0un9rqc","time":1610349459,"event":{"mods":["BaseMod","BetterRewards","Highlight Path","Minty Spire (QoL Compilation)","Rare Cards Sparkle","Shop Mod"],"gold_per_floor":[115,131,141,141,118,153,53,53,102,102,134,153,153,165,165,265,265,278,289,303,314,333,360,360,377,377,477,477,512,102,137,137,233,233,243,260,110,110,110,139,168,180,192,216,228,268,296,337,349,361],"floor_reached":51,"playtime":4074,"items_purged":["Strike_G","Strike_G","Strike_G","Strike_G"],"score":1082,"play_id":"d5eacb90-466f-4c08-96bf-c42fa6bb6136","local_time":"20210111151739","is_ascension_mode":true,"campfire_choices":[{"data":"Blade Dance","floor":8.0,"key":"SMITH"},{"data":"Phantasmal Killer","floor":10.0,"key":"SMITH"},{"data":"Concentrate","floor":13.0,"key":"SMITH"},{"data":"Neutralize","floor":15.0,"key":"SMITH"},{"floor":24.0,"key":"RECALL"},{"data":"Terror","floor":28.0,"key":"SMITH"},{"data":"Expertise","floor":32.0,"key":"SMITH"},{"data":"Well Laid Plans","floor":42,"key":"SMITH"},{"data":"Tactician","floor":45,"key":"SMITH"},{"data":"Survivor","floor":49,"key":"SMITH"}],"circlet_count":0,"master_deck":["Strike_G","Defend_G","Defend_G","Defend_G","Defend_G","Survivor+1","Neutralize+1","Blade Dance+1","Phantasmal Killer+1","Concentrate+1","Terror+1","PiercingWail+1","Acrobatics+1","Tactician+1","Expertise+1","Blade Dance+1","Well Laid Plans+1","Accuracy+1","Escape Plan+1"],"relics":["Ring of the Snake","Kunai","Eternal Feather","Mummified Hand","Bag of Marbles","Happy Flower","Gremlin Horn","WristBlade","Sundial","Singing Bowl","Meat on the Bone","Shuriken","Ice Cream","Sozu","MawBank","Bottled Tornado","Ginger","Omamori"],"acts_visited":["Exordium","TheCity","TheBeyond"],"potions_floor_usage":[40],"damage_taken":[{"damage":4.0,"enemies":"Jaw Worm","floor":1.0,"turns":9.0},{"damage":0.0,"enemies":"Cultist","floor":2.0,"turns":4.0},{"damage":0.0,"enemies":"2 Louse","floor":3.0,"turns":4.0},{"damage":6.0,"enemies":"Gremlin Nob","floor":6.0,"turns":4.0},{"damage":10.0,"enemies":"Lagavulin","floor":11.0,"turns":9.0},{"damage":0.0,"enemies":"Blue Slaver","floor":12.0,"turns":2.0},{"damage":0.0,"enemies":"Exordium Thugs","floor":14.0,"turns":3.0},{"damage":15.0,"enemies":"Hexaghost","floor":16.0,"turns":10.0},{"damage":0.0,"enemies":"Shell Parasite","floor":18.0,"turns":2.0},{"damage":1.0,"enemies":"Chosen","floor":19.0,"turns":2.0},{"damage":3.0,"enemies":"3 Cultists","floor":20.0,"turns":5.0},{"damage":8.0,"enemies":"Sentry and Sphere","floor":21.0,"turns":5.0},{"damage":3.0,"enemies":"Shelled Parasite and Fungi","floor":22.0,"turns":3.0},{"damage":0.0,"enemies":"Gremlin Leader","floor":23.0,"turns":4.0},{"damage":0.0,"enemies":"3 Cultists","floor":25.0,"turns":3.0},{"damage":0.0,"enemies":"Slavers","floor":29.0,"turns":4.0},{"damage":0.0,"enemies":"Gremlin Leader","floor":31.0,"turns":4.0},{"damage":0.0,"enemies":"Collector","floor":33.0,"turns":5.0},{"damage":0.0,"enemies":"Orb Walker","floor":35.0,"turns":2.0},{"damage":0.0,"enemies":"3 Shapes","floor":36.0,"turns":3.0},{"damage":0,"enemies":"Nemesis","floor":40,"turns":3},{"damage":0,"enemies":"Sphere and 2 Shapes","floor":41,"turns":1},{"damage":0,"enemies":"Transient","floor":44,"turns":4},{"damage":0,"enemies":"Reptomancer","floor":46,"turns":2},{"damage":3,"enemies":"4 Shapes","floor":47,"turns":2},{"damage":10,"enemies":"Nemesis","floor":48,"turns":3},{"damage":0,"enemies":"Donu and Deca","floor":50,"turns":4}],"seed_played":"-6091691615838525352","potions_obtained":[{"floor":3.0,"key":"Explosive Potion"},{"floor":6.0,"key":"Swift Potion"},{"floor":12.0,"key":"Fire Potion"},{"floor":14.0,"key":"Fruit Juice"},{"floor":18.0,"key":"CunningPotion"},{"floor":33.0,"key":"DuplicationPotion"}],"is_trial":false,"path_per_floor":["M","M","M","?","$","E","$","R","T","R","E","M","R","M","R","B",null,"M","M","M","M","M","E","R","M","T","?","R","E","$","E","R","B",null,"M","M","$","?","?","E","M","R","T","M","R","E","M","E","R","B",null],"character_chosen":"THE_SILENT","items_purchased":["Kunai","Eternal Feather","Mummified Hand","Fire Potion","Blade Dance","Shuriken","Tactician"],"campfire_rested":0,"item_purchase_floors":[0,0,0,0,5,30,30],"current_hp_per_floor":[34,34,34,34,34,28,28,34,34,40,30,30,36,36,42,27,70,75,74,71,63,60,60,69,69,69,69,75,77,77,77,77,79,79,81,81,81,77,77,77,79,88,88,88,89,89,88,80,89,89],"gold":373,"neow_bonus":"","is_daily":false,"chose_seed":true,"campfire_upgraded":9,"win_rate":0.0,"timestamp":1610349459,"path_taken":["M","M","M","?","?","E","?","R","T","R","E","M","R","M","R","BOSS","M","M","M","M","M","E","R","M","T","?","R","E","?","E","R","BOSS","M","M","$","?","?","E","M","R","T","M","R","E","M","E","R","BOSS"],"items_purchased_type":["Relic","Relic","Relic","Potion","Card","Relic","Card"],"build_version":"2020-12-22","purchased_purges":4,"victory":true,"max_hp_per_floor":[70,70,70,70,70,70,70,70,70,70,70,70,70,70,70,70,70,75,75,75,75,75,75,75,75,75,75,75,77,77,77,77,79,79,81,81,81,87,87,87,89,89,89,89,89,89,91,93,93,93],"card_choices":[{"not_picked":["Escape Plan","PiercingWail","Prepared"],"picked":"SKIP","floor":1.0},{"not_picked":["Heel Hook","Bane","Poisoned Stab"],"picked":"SKIP","floor":2.0},{"not_picked":["Calculated Gamble","Dodge and Roll","Bane"],"picked":"SKIP","floor":3.0},{"not_picked":["Choke","Eviscerate"],"picked":"Phantasmal Killer","floor":6.0},{"not_picked":["Dodge and Roll","Prepared","Quick Slash"],"picked":"SKIP","floor":11.0},{"not_picked":["Bouncing Flask","Endless Agony"],"picked":"Concentrate","floor":12.0},{"not_picked":["Caltrops","Quick Slash"],"picked":"Terror","floor":14.0},{"not_picked":["Dagger Spray+1","Backflip","Blade Dance"],"picked":"SKIP","floor":18.0},{"not_picked":["Finisher","Expertise","Blade Dance"],"picked":"SKIP","floor":19.0},{"not_picked":["Wraith Form v2","Slice","Escape Plan"],"picked":"SKIP","floor":20.0},{"not_picked":["All Out Attack","Poisoned Stab"],"picked":"PiercingWail+1","floor":21.0},{"not_picked":["Riddle With Holes","Caltrops"],"picked":"Acrobatics+1","floor":22.0},{"not_picked":["Dagger Spray+1","Leg Sweep","Grand Finale"],"picked":"SKIP","floor":23.0},{"not_picked":["Blade Dance","Terror+1","Dagger Spray"],"picked":"SKIP","floor":25.0},{"not_picked":["Dash","Night Terror","Bouncing Flask+1"],"picked":"Singing Bowl","floor":29.0},{"not_picked":["Skewer+1","Backflip+1"],"picked":"Expertise","floor":31.0},{"not_picked":["Grand Finale","Bullet Time","Malaise"],"picked":"Singing Bowl","floor":33.0},{"not_picked":["PiercingWail+1","Blade Dance","Catalyst+1"],"picked":"Singing Bowl","floor":35.0},{"not_picked":["Dagger Throw","PiercingWail"],"picked":"Blade Dance+1","floor":36},{"not_picked":["Panacea","Bandage Up","Deep Breath"],"picked":"Singing Bowl","floor":38},{"not_picked":["Dramatic Entrance","Flash of Steel","Discovery"],"picked":"Singing Bowl","floor":38},{"not_picked":["Enlightenment","Transmutation","Bandage Up"],"picked":"Singing Bowl","floor":38},{"not_picked":["Slice","Blade Dance"],"picked":"Well Laid Plans","floor":40},{"not_picked":["Masterful Stab+1","Setup","Backflip"],"picked":"Singing Bowl","floor":41},{"not_picked":["All Out Attack+1","Poisoned Stab"],"picked":"Accuracy+1","floor":44},{"not_picked":["Poisoned Stab","Choke"],"picked":"Escape Plan+1","floor":46},{"not_picked":["Endless Agony","Accuracy+1","Acrobatics"],"picked":"Singing Bowl","floor":47},{"not_picked":["Quick Slash+1","Dagger Spray","Deadly Poison+1"],"picked":"Singing Bowl","floor":48}],"player_experience":727949,"relics_obtained":[{"floor":6.0,"key":"Bag of Marbles"},{"floor":9.0,"key":"Happy Flower"},{"floor":11.0,"key":"Gremlin Horn"},{"floor":23.0,"key":"Sundial"},{"floor":26.0,"key":"Singing Bowl"},{"floor":29.0,"key":"Meat on the Bone"},{"floor":31.0,"key":"Ice Cream"},{"floor":40,"key":"MawBank"},{"floor":43,"key":"Bottled Tornado"},{"floor":46,"key":"Ginger"},{"floor":48,"key":"Omamori"}],"event_choices":[{"damage_healed":0.0,"max_hp_gain":0.0,"max_hp_loss":0.0,"gold_gain":0.0,"event_name":"Match and Keep!","player_choice":"0 cards matched","floor":4.0,"gold_loss":0.0,"damage_taken":0.0,"cards_obtained":[]},{"damage_healed":0.0,"max_hp_gain":0.0,"max_hp_loss":0.0,"gold_gain":100.0,"event_name":"Golden Shrine","player_choice":"Pray","floor":27.0,"gold_loss":0.0,"damage_taken":0.0},{"damage_healed":0,"gold_gain":0,"player_choice":"Memory 3","damage_taken":10,"max_hp_gain":0,"max_hp_loss":0,"event_name":"SensoryStone","floor":38,"gold_loss":0},{"cards_removed":["Defend_G"],"damage_healed":0,"gold_gain":0,"player_choice":"Removed Skill","damage_taken":0,"max_hp_gain":0,"max_hp_loss":0,"event_name":"Falling","floor":39,"gold_loss":0}],"is_beta":false,"boss_relics":[{"not_picked":["Snecko Eye","Cursed Key"],"picked":"WristBlade"},{"not_picked":["SlaversCollar","Calling Bell"],"picked":"Sozu"}],"items_purged_floors":[0,7,30,37],"is_endless":false,"potions_floor_spawned":[3,6,12,14,18,21,23,29,33,35,36,41,47],"ascension_level":1}}