{"host":"2no1vwhhkhf0ohz3","time":1610354868,"event":{"mods":["AchievementEnabler","BaseMod","Colored Map","DeckTracker","Keyboard Shortcuts","Minty Spire (QoL Compilation)","Relic Stats","SuperFastMode"],"gold_per_floor":[114,128,128,128,147,147,166,166,166,190,216,216,216,240,240,366,366,384,309,332,111,126,126,169,169,237,278,316,340,240,258,258,381,381,406,426,450,513,537,537,112,112,138,150,202,230,49,69,69,69],"floor_reached":51,"playtime":2357,"items_purged":["Strike_B","Strike_B","Defend_B"],"score":889,"play_id":"ab63afc5-17cf-46f2-9ff1-e3b0b8900ec3","local_time":"20210111174748","is_ascension_mode":true,"campfire_choices":[{"data":"Capacitor","floor":6,"key":"SMITH"},{"data":"Defragment","floor":12,"key":"SMITH"},{"data":"Trip","floor":13,"key":"SMITH"},{"data":"Hologram","floor":15,"key":"SMITH"},{"data":"Defragment","floor":23,"key":"SMITH"},{"data":"Coolheaded","floor":25,"key":"SMITH"},{"data":"Static Discharge","floor":32,"key":"SMITH"},{"data":"Wraith Form v2","floor":40,"key":"SMITH"},{"data":"Hologram","floor":42,"key":"SMITH"},{"data":"Capacitor","floor":44,"key":"SMITH"},{"data":"Thinking Ahead","floor":49,"key":"SMITH"}],"circlet_count":0,"master_deck":["Strike_B","Defend_B","Defend_B","Defend_B","Zap+1","Dualcast","Trip+1","Hologram+1","Compile Driver","Capacitor+1","Coolheaded+1","Defragment+1","Meteor Strike","Defragment+1","Heatsinks+1","Conserve Battery","Shrug It Off","Static Discharge+1","Wraith Form v2+1","PiercingWail+1","Coolheaded+1","Flash of Steel+1","Capacitor+1","Hologram+1","All For One","Thinking Ahead+1","Storm","Study"],"relics":["Cracked Core","Bird Faced Urn","Golden Idol","WingedGreaves","Happy Flower","Centennial Puzzle","Snecko Eye","Ancient Tea Set","PrismaticShard","Tiny Chest","Meat on the Bone","Nunchaku","Red Mask","Nuclear Battery","Ice Cream","Potion Belt","Bag of Marbles","MawBank","Art of War"],"acts_visited":["Exordium","TheCity","TheBeyond"],"potions_floor_usage":[37,50,50],"damage_taken":[{"damage":0,"enemies":"Cultist","floor":1,"turns":2},{"damage":0,"enemies":"2 Louse","floor":2,"turns":2},{"damage":3,"enemies":"Small Slimes","floor":5,"turns":3},{"damage":9,"enemies":"Looter","floor":7,"turns":3},{"damage":18,"enemies":"Large Slime","floor":10,"turns":4},{"damage":29,"enemies":"The Guardian","floor":16,"turns":11},{"damage":2,"enemies":"Chosen","floor":18,"turns":4},{"damage":4,"enemies":"Spheric Guardian","floor":22,"turns":3},{"damage":14,"enemies":"Gremlin Leader","floor":24,"turns":3},{"damage":29,"enemies":"Book of Stabbing","floor":27,"turns":4},{"damage":15,"enemies":"Masked Bandits","floor":28,"turns":4},{"damage":18,"enemies":"3 Cultists","floor":29,"turns":4},{"damage":0,"enemies":"Snecko","floor":31,"turns":3},{"damage":28,"enemies":"Automaton","floor":33,"turns":11},{"damage":9,"enemies":"Orb Walker","floor":35,"turns":3},{"damage":26,"enemies":"3 Darklings","floor":36,"turns":4},{"damage":6,"enemies":"Maw","floor":37,"turns":6},{"damage":1,"enemies":"Mind Bloom Boss Battle","floor":38,"turns":7},{"damage":6,"enemies":"Nemesis","floor":45,"turns":9},{"damage":3,"enemies":"Jaw Worm Horde","floor":46,"turns":4},{"damage":9,"enemies":"Transient","floor":48,"turns":5},{"damage":41,"enemies":"Donu and Deca","floor":50,"turns":8}],"seed_played":"785399557117999733","potions_obtained":[{"floor":5,"key":"Fire Potion"},{"floor":7,"key":"SkillPotion"},{"floor":10,"key":"Strength Potion"},{"floor":24,"key":"Block Potion"},{"floor":35,"key":"FocusPotion"},{"floor":37,"key":"Ancient Potion"},{"floor":48,"key":"Fire Potion"}],"is_trial":false,"path_per_floor":["M","M","?","?","M","R","M","?","T","M","T","R","R","T","R","B",null,"M","?","T","$","M","R","E","R","T","E","?","M","$","M","R","B",null,"M","M","M","?","T","R","$","R","T","R","E","M","$","M","R","B",null],"character_chosen":"DEFECT","items_purchased":["PrismaticShard","Capacitor","Hologram","Bag of Marbles","All For One","Storm"],"campfire_rested":0,"item_purchase_floors":[21,41,41,41,41,47],"current_hp_per_floor":[75,75,75,72,69,69,62,62,62,46,46,46,46,46,46,21,69,69,69,69,69,67,67,55,55,55,46,39,41,41,51,51,45,69,62,46,50,59,59,59,59,59,59,59,65,69,69,60,60,37],"gold":69,"neow_bonus":"RANDOM_COLORLESS","is_daily":false,"chose_seed":false,"campfire_upgraded":11,"win_rate":0.0,"timestamp":1610354868,"path_taken":["M","M","?","?","M","R","M","?","T","M","?","R","R","?","R","BOSS","M","?","?","$","M","R","E","R","T","E","?","?","$","M","R","BOSS","M","M","M","?","?","R","$","R","T","R","E","M","$","?","R","BOSS"],"items_purchased_type":["Relic","Card","Card","Relic","Card","Card"],"build_version":"2020-12-22","purchased_purges":3,"victory":true,"max_hp_per_floor":[75,75,75,75,75,75,75,69,69,69,69,69,69,69,69,69,69,69,69,69,69,69,69,69,69,69,69,69,69,69,69,69,69,69,69,69,69,69,69,69,69,69,69,69,69,69,69,69,69,69],"relic_stats":{"Centennial Puzzle":[48],"Nunchaku":[11],"Happy Flower":[31],"counters":[22,107],"Golden Idol":162,"Bird Faced Urn":[127],"Snecko Eye":[221,242,226,203],"Tiny Chest":1,"Art of War":[4],"MawBank":48,"obtain_stats":[{"Ice Cream":38,"Potion Belt":39,"Happy Flower":11,"Golden Idol":8,"Ancient Tea Set":20,"PrismaticShard":21,"MawBank":43,"Nuclear Battery":34,"Centennial Puzzle":14,"Nunchaku":27,"Bird Faced Urn":4,"Snecko Eye":17,"Tiny Chest":24,"WingedGreaves":9,"Red Mask":28,"Bag of Marbles":41,"Art of War":45,"Cracked Core":0,"Meat on the Bone":26},{"Ice Cream":18,"Potion Belt":18,"Happy Flower":5,"Golden Idol":4,"Ancient Tea Set":7,"PrismaticShard":7,"MawBank":18,"Nuclear Battery":14,"Centennial Puzzle":5,"Nunchaku":10,"Bird Faced Urn":2,"Snecko Eye":6,"Tiny Chest":9,"WingedGreaves":4,"Red Mask":11,"Bag of Marbles":18,"Art of War":19,"Cracked Core":0,"Meat on the Bone":9},{"Ice Cream":81,"Potion Belt":81,"Happy Flower":14,"Golden Idol":10,"Ancient Tea Set":29,"PrismaticShard":29,"MawBank":81,"Nuclear Battery":61,"Centennial Puzzle":14,"Nunchaku":39,"Bird Faced Urn":4,"Snecko Eye":25,"Tiny Chest":35,"WingedGreaves":10,"Red Mask":43,"Bag of Marbles":81,"Art of War":90,"Cracked Core":0,"Meat on the Bone":35}],"Meat on the Bone":36},"card_choices":[{"not_picked":["Mind Blast","Purity"],"picked":"Trip","floor":0},{"not_picked":["Self Repair","Barrage"],"picked":"Hologram","floor":1},{"not_picked":["Fusion","Stack"],"picked":"Compile Driver","floor":2},{"not_picked":["Turbo","Sunder"],"picked":"Capacitor","floor":5},{"not_picked":["Skim","Lockon"],"picked":"Coolheaded","floor":7},{"not_picked":["Cold Snap","Stack"],"picked":"Defragment","floor":10},{"not_picked":["Rainbow","Multi-Cast"],"picked":"Meteor Strike","floor":16},{"not_picked":["Darkness","Streamline+1","Gash"],"picked":"SKIP","floor":18},{"not_picked":["Perfected Strike+1","Compile Driver"],"picked":"Defragment","floor":22},{"not_picked":["Dramatic Entrance+1","Flying Knee+1"],"picked":"Heatsinks+1","floor":24},{"not_picked":["Setup","Adaptation+1"],"picked":"Conserve Battery","floor":27},{"not_picked":["Blind","Concentrate"],"picked":"Shrug It Off","floor":28},{"not_picked":["Poisoned Stab","Darkness"],"picked":"Static Discharge","floor":29},{"not_picked":["Streamline","Deadly Poison","Dagger Throw"],"picked":"SKIP","floor":31},{"not_picked":["Reaper","A Thousand Cuts"],"picked":"Wraith Form v2","floor":33},{"not_picked":["Pray+1","Conserve Battery+1"],"picked":"PiercingWail+1","floor":35},{"not_picked":["PathToVictory","Finisher+1"],"picked":"Coolheaded+1","floor":36},{"not_picked":["Bane+1","Flex","Burning Pact"],"picked":"SKIP","floor":37},{"not_picked":["Warcry","Flex"],"picked":"Flash of Steel+1","floor":38},{"not_picked":["Static Discharge","Blizzard"],"picked":"Thinking Ahead","floor":45},{"not_picked":["Cold Snap","Slice","Clash"],"picked":"SKIP","floor":46},{"not_picked":["ThirdEye+1","Coolheaded"],"picked":"Study","floor":48}],"player_experience":288196,"relics_obtained":[{"floor":9,"key":"WingedGreaves"},{"floor":11,"key":"Happy Flower"},{"floor":14,"key":"Centennial Puzzle"},{"floor":20,"key":"Ancient Tea Set"},{"floor":24,"key":"Tiny Chest"},{"floor":26,"key":"Meat on the Bone"},{"floor":27,"key":"Nunchaku"},{"floor":28,"key":"Red Mask"},{"floor":38,"key":"Ice Cream"},{"floor":39,"key":"Potion Belt"},{"floor":43,"key":"MawBank"},{"floor":45,"key":"Art of War"}],"event_choices":[{"damage_healed":0,"gold_gain":0,"player_choice":"Grow","damage_taken":0,"max_hp_gain":0,"max_hp_loss":0,"event_name":"Living Wall","floor":3,"gold_loss":0,"cards_upgraded":["Zap"]},{"damage_healed":0,"gold_gain":0,"player_choice":"Success","damage_taken":3,"relics_obtained":["Bird Faced Urn"],"max_hp_gain":0,"max_hp_loss":0,"event_name":"Scrap Ooze","floor":4,"gold_loss":0},{"damage_healed":0,"gold_gain":0,"player_choice":"Lose Max HP","damage_taken":0,"relics_obtained":["Golden Idol"],"max_hp_gain":0,"max_hp_loss":6,"event_name":"Golden Idol","floor":8,"gold_loss":0},{"cards_removed":["Strike_B"],"damage_healed":0,"gold_gain":0,"player_choice":"Gave Gold","damage_taken":0,"max_hp_gain":0,"max_hp_loss":0,"event_name":"Beggar","floor":19,"gold_loss":75},{"damage_healed":0,"gold_gain":0,"player_choice":"Fought Bandits","damage_taken":0,"max_hp_gain":0,"max_hp_loss":0,"event_name":"Masked Bandits","floor":28,"gold_loss":0},{"damage_healed":0,"gold_gain":0,"player_choice":"Fight","damage_taken":0,"max_hp_gain":0,"max_hp_loss":0,"event_name":"MindBloom","floor":38,"gold_loss":0}],"is_beta":false,"boss_relics":[{"not_picked":["Black Star","Ectoplasm"],"picked":"Snecko Eye"},{"not_picked":["Runic Dome","Busted Crown"],"picked":"Nuclear Battery"}],"items_purged_floors":[21,30,47],"is_endless":false,"potions_floor_spawned":[5,7,10,18,22,24,27,29,35,37,48],"ascension_level":4}}