{"host":"hgppx942rrnelsya","time":1610404677,"event":{"mods":["Act Like it!","BaseMod","Friendly Minions","Gensokyo","GifTheSpireLib","Hallownest","KinomotoSakuraMod(????)","Koishi","Marisa????????","Minty Spire (QoL Compilation)","Prisma Mod","Remilia??????","StSLib","The Alterego","The Animator","The Forsaken","The Hierophant","The Mystic","The Runesmith","The Servant 0.9.4"],"gold_per_floor":[119,134,147,147,158,158,158],"floor_reached":6,"playtime":235,"items_purged":[],"score":38,"play_id":"6ef92561-d4ed-4558-a968-f8a2fe483e0f","local_time":"20210111223757","is_ascension_mode":false,"campfire_choices":[],"circlet_count":0,"master_deck":["Strike_S","Strike_S","Strike_S","Defend_S","Defend_S","Defend_S","Defend_S","KidneyShot","Exchange","Rearm","Ricochet","FanOfKnives","Gouge"],"relics":["Uniform","NeowsBlessing"],"acts_visited":["Exordium"],"potions_floor_usage":[],"damage_taken":[{"damage":0,"enemies":"Small Slimes","floor":1,"turns":1},{"damage":0,"enemies":"Jaw Worm","floor":2,"turns":1},{"damage":0,"enemies":"2 Louse","floor":3,"turns":1},{"damage":12,"enemies":"Looter","floor":5,"turns":4},{"damage":46,"enemies":"3 Sentries","floor":6,"turns":6}],"seed_played":"7936784165188317225","potions_obtained":[{"floor":2,"key":"LiquidBronze"},{"floor":3,"key":"FearPotion"}],"is_trial":false,"path_per_floor":["M","M","M","?","M","E"],"character_chosen":"THE_SERVANT","items_purchased":[],"campfire_rested":0,"item_purchase_floors":[],"current_hp_per_floor":[65,65,65,58,46,0,0],"gold":158,"neow_bonus":"THREE_ENEMY_KILL","is_daily":false,"chose_seed":false,"campfire_upgraded":0,"win_rate":0.0,"timestamp":1610404677,"path_taken":["M","M","M","?","M","E"],"items_purchased_type":[],"build_version":"2020-12-22","purchased_purges":0,"victory":false,"max_hp_per_floor":[65,65,65,65,65,65,65],"card_choices":[{"not_picked":["Revamp","FastForward"],"picked":"Rearm","floor":1},{"not_picked":["Desolation","ShiftingGears"],"picked":"Ricochet","floor":2},{"not_picked":["SurpressingFire","Revamp"],"picked":"FanOfKnives","floor":3},{"not_picked":["KillingDoll","Unruled"],"picked":"Gouge","floor":5}],"player_experience":38241,"relics_obtained":[],"event_choices":[{"cards_removed":["Strike_S"],"damage_healed":0,"gold_gain":0,"player_choice":"Card Removal","damage_taken":7,"max_hp_gain":0,"max_hp_loss":0,"event_name":"Golden Wing","floor":4,"gold_loss":0}],"is_beta":false,"boss_relics":[],"items_purged_floors":[],"is_endless":false,"potions_floor_spawned":[2,3],"killed_by":"3 Sentries","ascension_level":0}}