{"host":"kosfzzvw61a59szc","time":1610367558,"event":{"mods":["ATMod(∞¢Ë™Mod)","Act Like it!","Arknights The Spire","BaseMod","CapriCore","Downfall","Gensokyo","Marisa£®ÏF”Í°°ƒß¿Ì…≥£©","Minty Spire (QoL Compilation)","Reimu£®≤©¿ˆ¡È√Œ£©","Remilia£®¿Ÿ√◊¿Ú—«£©","Replay The Spire","Shop Mod","StSLib","The Administrix","WarShipGirlsR/’ΩΩ¢…Ÿ≈ÆR mod","Yakumo Yukari mod","Youmu£®ªÍ∆«—˝√Œ£©","°æπ¶ƒ‹Mod°øªÏ„Á÷Æª∑–ﬁ∏¥≤π∂°","°æ“≈ŒÔø®≈∆°øREMEMod","ÛÙª÷∏ƒœ"],"gold_per_floor":[118,130,60,60,79,106,117,117,185,185,21,40,40,52,52,52,52],"floor_reached":16,"playtime":1291,"items_purged":[],"score":102,"play_id":"fc0a3ca0-30db-422a-b485-58a300f91954","local_time":"20210111201918","is_ascension_mode":false,"campfire_choices":[{"data":"AT_FamilyPortrait","floor":8,"key":"SMITH"},{"data":"ats:Steam Pump","floor":10,"key":"SMITH"},{"data":"Machine Learning","floor":13,"key":"SMITH"},{"floor":15,"key":"DIG"}],"circlet_count":0,"master_deck":["ats:Strike C","ats:Strike G","ats:Strike S","ats:Strike V","ats:Armor Crushing Shot+1","ats:Defend","ats:Defend+1","ats:Defend","ats:Defend","ats:Emotion Absorption","Machine Learning+1","AT_FamilyPortrait+1","ats:Curse Doll","ats:Revitalization","ats:Neurotoxin","ats:Flexible Camouflage","ats:Flexible Camouflage","ats:Steam Pump+1","Gensokyo:TarnishedGold","ats:Defend Order","ats:Directed Diagnosis","ats:Echo Reverb","ats:Burning Ground","ats:Assault Order"],"relics":["REME_ComplimentaryCards","AT_ATBox","REME_DuelDisc","ats:Originium","Prayer Wheel","HornCleat","Omamori","Pen Nib","AT_ForceNature"],"acts_visited":["Gensokyo:Gensokyo"],"potions_floor_usage":[7,16],"damage_taken":[{"damage":0,"enemies":"Gensokyo:2_Kodama","floor":1,"turns":4},{"damage":8,"enemies":"Gensokyo:Gryphon","floor":2,"turns":3},{"damage":1,"enemies":"Gensokyo:3_Fairies","floor":5,"turns":4},{"damage":4,"enemies":"Gensokyo:Mamizou","floor":6,"turns":7},{"damage":2,"enemies":"Gensokyo:2_Rabbits","floor":7,"turns":3},{"damage":18,"enemies":"Gensokyo:CorruptedTreant","floor":12,"turns":6},{"damage":9,"enemies":"Gensokyo:VengefulSpirit","floor":14,"turns":6},{"damage":40,"enemies":"Gensokyo:Reimu","floor":16,"turns":11}],"seed_played":"3477441812508617557","potions_obtained":[{"floor":1,"key":"Explosive Potion"},{"floor":2,"key":"GamblersBrew"},{"floor":5,"key":"Fire Potion"},{"floor":12,"key":"REME_GoldPotion"}],"is_trial":false,"path_per_floor":["M","M","?","?","M","E","M","R","T","R","COS","M","R","M","R","B"],"character_chosen":"DOCTOR_CLASS","items_purchased":[],"campfire_rested":0,"item_purchase_floors":[],"current_hp_per_floor":[72,64,64,64,63,64,62,62,62,62,62,46,46,37,37,0,0],"gold":52,"neow_bonus":"BOSS_RELIC","is_daily":false,"chose_seed":false,"campfire_upgraded":3,"win_rate":0.0,"timestamp":1610367558,"path_taken":["M","M","?","?","M","E","M","R","T","R","COS","M","R","M","R","BOSS"],"items_purchased_type":[],"build_version":"2020-12-22","purchased_purges":0,"victory":false,"max_hp_per_floor":[72,72,72,72,72,72,72,72,72,72,72,72,72,72,72,72,72],"card_choices":[{"not_picked":["ats:Powerful Strike","ats:Revitalization"],"picked":"ats:Curse Doll","floor":1},{"not_picked":["ats:Childhood Dance","ats:Leaping Hammer"],"picked":"ats:Revitalization","floor":2},{"not_picked":["ats:Hammer On","ats:Consecutive Shot Auto"],"picked":"ats:Neurotoxin","floor":5},{"not_picked":["ats:Guardian Obelisk","ats:Very Hot Blade"],"picked":"ats:Flexible Camouflage","floor":6},{"not_picked":["ats:Poison Spread","ats:Powerful Strike"],"picked":"ats:Flexible Camouflage","floor":7},{"not_picked":["ats:Sunburst","ats:Shadow Raid"],"picked":"ats:Steam Pump","floor":7},{"not_picked":["ats:Ignite","ats:Apocalypse"],"picked":"ats:Defend Order","floor":12},{"not_picked":["ats:Rapid Magazine","ats:Leaping Hammer"],"picked":"ats:Directed Diagnosis","floor":12},{"not_picked":["ats:Volcano","ats:Durian"],"picked":"ats:Echo Reverb","floor":14},{"not_picked":["ats:LN2 Cannon","ats:Childhood Dance"],"picked":"ats:Burning Ground","floor":14},{"not_picked":["ats:Powerful Strike","ats:Childhood Dance"],"picked":"ats:Assault Order","floor":14}],"player_experience":1234954,"relics_obtained":[{"floor":6,"key":"ats:Originium"},{"floor":6,"key":"Prayer Wheel"},{"floor":9,"key":"HornCleat"},{"floor":15,"key":"Pen Nib"}],"event_choices":[],"is_beta":false,"boss_relics":[],"items_purged_floors":[],"is_endless":false,"potions_floor_spawned":[1,2,5,12],"killed_by":"Gensokyo:Reimu","ascension_level":0}}