{"host":"fnk117zi8wf5078t","time":1610353167,"event":{"mods":["AchievementEnabler","BaseMod","Colored Map","Minty Spire (QoL Compilation)","Rare Cards Sparkle","SuperFastMode","everything is the same but u backflip on backflip"],"gold_per_floor":[116,116,116,4,29,29,44,44,68,68,82,82,97,111,111,204,204,219,243,243,243,267,267,267,267],"floor_reached":24,"playtime":820,"items_purged":["Strike_R"],"score":415,"play_id":"a0f36811-b7d0-4cb6-bacb-7eba46c375d2","local_time":"20210111171927","is_ascension_mode":true,"campfire_choices":[{"data":"Carnage","floor":6.0,"key":"SMITH"},{"data":"Rupture","floor":8.0,"key":"SMITH"},{"data":"Heavy Blade","floor":10.0,"key":"SMITH"},{"data":"Shockwave","floor":12.0,"key":"SMITH"},{"data":"Feed","floor":15.0,"key":"SMITH"},{"floor":23,"key":"REST"}],"circlet_count":0,"master_deck":["AscendersBane","Strike_R","Defend_R","Defend_R","Defend_R","Bash","Carnage+1","Heavy Blade+1","Combust","Anger","Rupture+1","Shockwave+1","Dual Wield","Feed+1","Limit Break","Ghostly Armor+1","Flame Barrier+1","Burning Pact+1","Heavy Blade+1"],"relics":["Burning Blood","Bag of Marbles","Golden Idol","Lantern","Astrolabe","Molten Egg 2"],"acts_visited":["Exordium","TheCity"],"potions_floor_usage":[16,19,22],"damage_taken":[{"damage":9.0,"enemies":"Small Slimes","floor":1.0,"turns":4.0},{"damage":9.0,"enemies":"Jaw Worm","floor":5.0,"turns":3.0},{"damage":2.0,"enemies":"Cultist","floor":7.0,"turns":3.0},{"damage":9.0,"enemies":"Red Slaver","floor":11.0,"turns":2.0},{"damage":1.0,"enemies":"Exordium Wildlife","floor":13.0,"turns":2.0},{"damage":0.0,"enemies":"Large Slime","floor":14.0,"turns":2.0},{"damage":32,"enemies":"Hexaghost","floor":16,"turns":6},{"damage":32,"enemies":"3 Byrds","floor":18,"turns":4},{"damage":9,"enemies":"2 Thieves","floor":19,"turns":3},{"damage":39,"enemies":"Shelled Parasite and Fungi","floor":22,"turns":5},{"damage":33,"enemies":"Book of Stabbing","floor":24,"turns":4}],"seed_played":"2700834135925959908","potions_obtained":[{"floor":1.0,"key":"BlessingOfTheForge"},{"floor":5.0,"key":"ColorlessPotion"},{"floor":18,"key":"DistilledChaos"},{"floor":19,"key":"Swift Potion"}],"is_trial":false,"path_per_floor":["M","?","?","$","M","R","M","R","T","R","M","R","M","M","R","B",null,"M","M","?","T","M","R","E"],"character_chosen":"IRONCLAD","items_purchased":["Combust"],"campfire_rested":1,"item_purchase_floors":[4],"current_hp_per_floor":[65,39,39,39,36,36,40,40,40,40,37,37,42,48,48,22,62,36,37,37,37,8,32,0,0],"gold":267,"neow_bonus":"RANDOM_COMMON_RELIC","is_daily":false,"chose_seed":false,"campfire_upgraded":5,"win_rate":0.0,"timestamp":1610353167,"path_taken":["M","?","?","?","M","R","M","R","T","R","M","R","?","M","R","BOSS","M","M","?","?","M","R","E"],"items_purchased_type":["Card"],"build_version":"2020-12-22","purchased_purges":1,"victory":false,"max_hp_per_floor":[75,75,75,75,75,75,75,75,75,75,75,75,75,75,75,75,75,75,79,79,79,83,83,83,83],"card_choices":[{"not_picked":["Dual Wield","Bloodletting"],"picked":"Carnage","floor":1.0},{"not_picked":["Burning Pact","Clash"],"picked":"Anger","floor":5.0},{"not_picked":["Thunderclap","Havoc"],"picked":"Rupture","floor":7.0},{"not_picked":["Dropkick","Havoc"],"picked":"Shockwave","floor":11.0},{"not_picked":["Pommel Strike","Cleave"],"picked":"Dual Wield","floor":13.0},{"not_picked":["Sentinel","True Grit"],"picked":"Feed","floor":14.0},{"not_picked":["Offering","Fiend Fire"],"picked":"Limit Break","floor":16},{"not_picked":["Twin Strike","Havoc","True Grit"],"picked":"SKIP","floor":18},{"not_picked":["Twin Strike","Ghostly Armor","Iron Wave"],"picked":"SKIP","floor":19},{"not_picked":["Body Slam+1","Anger+1"],"picked":"Heavy Blade+1","floor":22}],"player_experience":371931,"relics_obtained":[{"floor":9.0,"key":"Lantern"},{"floor":21,"key":"Molten Egg 2"}],"event_choices":[{"damage_healed":0.0,"max_hp_gain":0.0,"max_hp_loss":0.0,"gold_gain":0.0,"event_name":"Golden Idol","player_choice":"Take Damage","floor":2.0,"gold_loss":0.0,"damage_taken":26.0,"relics_obtained":["Golden Idol"]},{"damage_healed":0.0,"max_hp_gain":0.0,"max_hp_loss":0.0,"gold_gain":0.0,"cards_transformed":["Strike_R"],"event_name":"Living Wall","player_choice":"Change","floor":3.0,"gold_loss":0.0,"damage_taken":0.0,"cards_obtained":["Heavy Blade"]},{"damage_healed":0,"gold_gain":0,"player_choice":"Ignored","damage_taken":0,"max_hp_gain":0,"max_hp_loss":0,"event_name":"Ghosts","floor":20,"gold_loss":0}],"is_beta":false,"boss_relics":[{"not_picked":["Snecko Eye","Velvet Choker"],"picked":"Astrolabe"}],"items_purged_floors":[4],"is_endless":false,"potions_floor_spawned":[1,5,14,18,19],"killed_by":"Book of Stabbing","ascension_level":19}}