{"host":"ad1lywlk73qplbjq","time":1610373802,"event":{"mods":["AchievementEnabler","BaseMod","Curses Come First","Downfall","Minty Spire (QoL Compilation)","StSLib"],"gold_per_floor":[99,115,127,144,244,258,258,258,258,272,307,157,257,283,300,397,397,397,408,424,442,460,478,530,548,548,579,598,598,625,644,655,655,655,655],"floor_reached":33,"playtime":3844,"items_purged":[],"score":305,"play_id":"da95a744-de1f-48e9-a6bf-253aa4fb5396","local_time":"20210111150322","is_ascension_mode":false,"campfire_choices":[{"data":"champ:Taunt","floor":1.0,"key":"SMITH"},{"data":"champ:FaceSlap","floor":9.0,"key":"SMITH"},{"data":"champ:VampiricStrike","floor":12.0,"key":"SMITH"},{"data":"champ:SwordThrow","floor":18.0,"key":"SMITH"},{"data":"champ:SwordThrow","floor":29.0,"key":"SMITH"}],"circlet_count":0,"master_deck":["champ:Strike+1","champ:Strike","champ:Strike","champ:Strike","champ:Defend","champ:Defend+1","champ:Defend+1","champ:Defend","champ:Execute","champ:Taunt+1","champ:FaceSlap+1","champ:Lariat","champ:VampiricStrike+1","champ:Balance","champ:SwordThrow+1","champ:SwordThrow+1","champ:AdrenalArmor+1","champ:RapidStrikes+1","champ:EnragedBash+1","champ:FaceSlap","champ:RapidStrikes+1","champ:BerserkerStyle+1","champ:Haymaker+1","champ:EndlessRage","champ:Encircle+1"],"relics":["SlaversCollar","Darkstone Periapt","White Beast Statue","downfall:HeartBlessingGreen","downfall:HeartBlessingBlue","Champion Belt","Shuriken","Black Star","War Paint","Molten Egg 2","Potion Belt","Eternal Feather","Whetstone"],"acts_visited":["Exordium","TheCity"],"potions_floor_usage":[33,33,33],"damage_taken":[{"damage":6.0,"enemies":"2 Louse","floor":2.0,"turns":3.0},{"damage":5.0,"enemies":"Small Slimes","floor":3.0,"turns":3.0},{"damage":6.0,"enemies":"Cultist","floor":4.0,"turns":4.0},{"damage":33.0,"enemies":"Exordium Thugs","floor":6.0,"turns":5.0},{"damage":2.0,"enemies":"Exordium Wildlife","floor":10.0,"turns":3.0},{"damage":54.0,"enemies":"Lagavulin","floor":11.0,"turns":6.0},{"damage":13.0,"enemies":"Lagavulin","floor":13.0,"turns":4.0},{"damage":21.0,"enemies":"3 Sentries","floor":14.0,"turns":8.0},{"damage":5.0,"enemies":"3 Louse","floor":15.0,"turns":5.0},{"damage":52.0,"enemies":"downfall:Defect","floor":16.0,"turns":7.0},{"damage":15.0,"enemies":"Spheric Guardian","floor":19.0,"turns":3.0},{"damage":10.0,"enemies":"Shell Parasite","floor":20.0,"turns":7.0},{"damage":18.0,"enemies":"3 Cultists","floor":21.0,"turns":4.0},{"damage":75.0,"enemies":"Cultist and Chosen","floor":22.0,"turns":7.0},{"damage":35.0,"enemies":"Centurion and Healer","floor":23.0,"turns":9.0},{"damage":2.0,"enemies":"3 Cultists","floor":25.0,"turns":4.0},{"damage":29.0,"enemies":"Slavers","floor":27.0,"turns":6.0},{"damage":17.0,"enemies":"Chosen and Byrds","floor":28.0,"turns":5.0},{"damage":9.0,"enemies":"Book of Stabbing","floor":30.0,"turns":3.0},{"damage":13.0,"enemies":"Snake Plant","floor":31.0,"turns":4.0},{"damage":38.0,"enemies":"Centurion and Healer","floor":32.0,"turns":6.0},{"damage":44,"enemies":"downfall:Silent","floor":33,"turns":6}],"seed_played":"-5000824424383697584","potions_obtained":[{"floor":2.0,"key":"champ:TechniquePotion"},{"floor":3.0,"key":"Regen Potion"},{"floor":11.0,"key":"Slimebound:ThreeZeroPotion"},{"floor":13.0,"key":"SkillPotion"},{"floor":14.0,"key":"ColorlessPotion"},{"floor":15.0,"key":"Ancient Potion"},{"floor":16.0,"key":"SteroidPotion"},{"floor":19.0,"key":"LiquidBronze"},{"floor":21.0,"key":"SneckoOil"},{"floor":22.0,"key":"Fire Potion"},{"floor":23.0,"key":"hexamod:EctoCoolerPotion"},{"floor":25.0,"key":"champ:CounterPotion"},{"floor":27.0,"key":"Dexterity Potion"},{"floor":28.0,"key":"ColorlessPotion"},{"floor":30.0,"key":"Dexterity Potion"},{"floor":31.0,"key":"ColorlessPotion"},{"floor":32.0,"key":"AttackPotion"}],"is_trial":false,"path_per_floor":["R","M","M","M","?","M","T","?","R","M","E","R","?","E","M","B",null,"R","M","M","M","M","M","T","M","?","E","M","R","E","M","M","B"],"character_chosen":"THE_CHAMP","items_purchased":[],"campfire_rested":0,"item_purchase_floors":[],"current_hp_per_floor":[90,89,89,88,88,79,79,67,67,65,61,71,75,74,69,28,100,100,90,80,62,30,26,26,26,26,16,33,33,38,29,29,0,0,0],"gold":655,"neow_bonus":"BOSS_RELIC","is_daily":false,"chose_seed":false,"campfire_upgraded":5,"win_rate":0.0,"timestamp":1610373802,"path_taken":["R","M","M","M","?","M","T","?","R","M","E","R","?","E","M","BOSS","R","M","M","M","M","M","T","M","?","E","M","R","E","M","M","BOSS"],"items_purchased_type":[],"build_version":"2020-12-22","purchased_purges":0,"victory":false,"max_hp_per_floor":[90,90,90,90,90,90,90,90,90,90,90,100,100,100,100,100,100,100,100,100,100,100,100,100,100,100,100,100,100,100,100,100,100,100,100],"card_choices":[{"not_picked":["champ:FocusedGladiator","champ:CalledShot"],"picked":"champ:FaceSlap","floor":2.0},{"not_picked":["champ:Control","champ:CalledShot"],"picked":"champ:Lariat","floor":3.0},{"not_picked":["champ:FanOfKnives","champ:SkillfulDodge","champ:CalledShot"],"picked":"SKIP","floor":4.0},{"not_picked":["champ:FanOfKnives","champ:BringItOn","champ:Backstep"],"picked":"SKIP","floor":6.0},{"not_picked":["champ:DefensiveShout","champ:EnGarde","champ:CalledShot"],"picked":"SKIP","floor":10.0},{"not_picked":["champ:FocusedDefense","champ:StanceDance"],"picked":"champ:VampiricStrike","floor":11.0},{"not_picked":["champ:Circumvent","champ:FocusedBerserking"],"picked":"champ:Balance","floor":13.0},{"not_picked":["champ:FanOfKnives","champ:FlashCut","champ:DefensiveShout"],"picked":"SKIP","floor":14.0},{"not_picked":["champ:PerfectedStrike","champ:RecklessLeap"],"picked":"champ:SwordThrow","floor":15.0},{"not_picked":["champ:IgnorePain","champ:DancingMaster"],"picked":"champ:SwordThrow","floor":16.0},{"not_picked":["champ:GladiatorsShout","champ:FanOfKnives"],"picked":"champ:AdrenalArmor+1","floor":19.0},{"not_picked":["champ:FightOn","champ:BringItOn+1"],"picked":"champ:RapidStrikes+1","floor":20.0},{"not_picked":["champ:CrookedStrike","champ:EnGarde+1"],"picked":"champ:EnragedBash","floor":21.0},{"not_picked":["champ:GutPunch","champ:DefensiveStyle","champ:RapidStrikes"],"picked":"SKIP","floor":22.0},{"not_picked":["champ:AdrenalArmor","champ:EnGarde+1","champ:BladeFlurry"],"picked":"SKIP","floor":23.0},{"not_picked":["champ:FocusedBerserking","champ:PerfectedStrike+1"],"picked":"champ:FaceSlap","floor":25.0},{"not_picked":["champ:PerfectedStrike+1","champ:FalseCounter"],"picked":"champ:RapidStrikes+1","floor":27.0},{"not_picked":["champ:FaceSlap+1","champ:PerfectedStrike+1"],"picked":"champ:BerserkerStyle+1","floor":28.0},{"not_picked":["champ:Riposte","champ:DefensiveShout"],"picked":"champ:Haymaker+1","floor":30.0},{"not_picked":["champ:Riposte","champ:CrookedStrike+1"],"picked":"champ:EndlessRage","floor":31.0},{"not_picked":["champ:Circumvent+1","champ:FanOfKnives+1"],"picked":"champ:Encircle+1","floor":32.0}],"player_experience":186039,"relics_obtained":[{"floor":11.0,"key":"White Beast Statue"},{"floor":13.0,"key":"Champion Belt"},{"floor":14.0,"key":"Shuriken"},{"floor":24.0,"key":"War Paint"},{"floor":27.0,"key":"Molten Egg 2"},{"floor":27.0,"key":"Potion Belt"},{"floor":30.0,"key":"Eternal Feather"},{"floor":30.0,"key":"Whetstone"}],"event_choices":[{"damage_healed":0.0,"max_hp_gain":0.0,"max_hp_loss":0.0,"gold_gain":0.0,"event_name":"Scrap Ooze","player_choice":"Success","floor":8.0,"gold_loss":0.0,"damage_taken":12.0,"relics_obtained":["Darkstone Periapt"]}],"is_beta":false,"boss_relics":[{"not_picked":["SacredBark","Snecko Eye"],"picked":"Black Star"}],"items_purged_floors":[],"is_endless":false,"potions_floor_spawned":[2,3,11,13,14,15,16,19,20,21,22,23,25,27,28,30,31,32],"killed_by":"downfall:Silent","ascension_level":0}}