{"host":"y36bp6mnm73x3iob","time":1610400559,"event":{"mods":["2.2 Compatiblity","Aspiration","BaseMod","Downfall","GifTheSpireLib","Hermit","Hubris","Marisa????????","Minty Spire (QoL Compilation)","Replay The Spire","Retaliation","StSLib","Stuff the Spire","The Cursed","The Disciple","The Servant 0.9.4"],"gold_per_floor":[111,28,28,28,28,39,9,34,116,116,149,149,149,5,5,107,107,124,142,67,67,117,117,131,131,131,131,175,175,175,211,211,339,339,369,388,388,388,388],"floor_reached":38,"playtime":1760,"items_purged":["Slimebound:Icky"],"score":467,"play_id":"09120dac-0333-4912-9a56-854c9689ad5c","local_time":"20210111232919","is_ascension_mode":true,"campfire_choices":[{"floor":12,"key":"REST"},{"floor":15,"key":"REST"},{"data":"Anger","floor":23,"key":"SMITH"},{"data":"Searing Blow","floor":27,"key":"SMITH"},{"floor":32,"key":"REST"}],"circlet_count":0,"master_deck":["Defend_R","Defend_R","Defend_R+1","Bash","Anger+1","Shrug It Off","Body Slam","Eclipse+1","Perfected Strike","Searing Blow+1","sneckomod:SoulExchange","TheCursedMod:LuckyCharm","Fasting2+1","champ:DefensiveStyle","StarChef","hubris:DuctTapeCard","PrimeTime","SwitchConfidence","Guardian:Gem_Orange","TheCursedMod:Dregs","Intimidate+1","LockedTornado","Shockwave"],"relics":["Burning Blood","Mark of Pain","Kintsugi","DDmod:BarbedSlagRelic","Unceasing Top","WarpedTongs","Odd Mushroom","ReplayTheSpireMod:Ninjato","Replay:WaspNest","PrismaticShard","Honey Jar","Ring of Panic","Ring of Greed","Golden Idol","Smiling Mask","Thread and Needle","Happy Flower","hubris:DuctTape","aspiration:HatOfInfinitePower","aspiration:SecretTechniqueScroll"],"acts_visited":["Exordium","TheCity","TheBeyond"],"potions_floor_usage":[2,7,34,36],"damage_taken":[{"damage":9,"enemies":"2 Louse","floor":1,"turns":4},{"damage":3,"enemies":"Jaw Worm","floor":2,"turns":4},{"damage":6,"enemies":"Cultist","floor":6,"turns":5},{"damage":5,"enemies":"Looter","floor":7,"turns":4},{"damage":35,"enemies":"The Mushroom Lair","floor":8,"turns":6},{"damage":16,"enemies":"Lagavulin","floor":11,"turns":5},{"damage":55,"enemies":"Slime Boss","floor":16,"turns":10},{"damage":13,"enemies":"Shell Parasite","floor":18,"turns":2},{"damage":2,"enemies":"Chosen","floor":19,"turns":3},{"damage":20,"enemies":"Snake Plant","floor":24,"turns":1},{"damage":9,"enemies":"Replay:Snechameleon","floor":28,"turns":3},{"damage":38,"enemies":"Gremlin Leader","floor":31,"turns":4},{"damage":30,"enemies":"Automaton","floor":33,"turns":4},{"damage":2,"enemies":"3 Shapes","floor":35,"turns":3},{"damage":34,"enemies":"3 Darklings","floor":36,"turns":7},{"damage":86,"enemies":"Transient","floor":38,"turns":5}],"seed_played":"-5621963187829400835","potions_obtained":[{"floor":1,"key":"Fire Potion"},{"floor":2,"key":"AttackPotion"},{"floor":28,"key":"Reflective Coating"},{"floor":33,"key":"Fruit Juice"},{"floor":35,"key":"DistilledChaos"}],"is_trial":false,"path_per_floor":["M","M","?","?","?","M","M","?","T","?","E","R","?","$","R","B",null,"M","M","$","?","?","R","M","$","T","R","E","?","T","E","R","B",null,"M","M","?","M"],"character_chosen":"IRONCLAD","items_purchased":["PrismaticShard"],"campfire_rested":3,"item_purchase_floors":[14],"current_hp_per_floor":[77,80,80,62,62,62,63,37,37,20,10,34,34,34,58,9,83,76,80,80,80,80,80,66,66,66,66,63,43,43,11,35,31,88,88,60,60,0,0],"gold":388,"neow_bonus":"DOUBLE_BOSS_RELIC","is_daily":false,"chose_seed":false,"campfire_upgraded":2,"win_rate":0.0,"timestamp":1610400559,"path_taken":["M","M","?","?","?","M","?","?","T","?","E","R","?","$","R","BOSS","M","M","?","?","?","R","M","$","T","R","E","?","?","E","R","BOSS","M","?","?","M"],"items_purchased_type":["Relic"],"build_version":"2020-12-22","purchased_purges":1,"victory":false,"max_hp_per_floor":[80,80,80,80,80,80,80,83,83,83,83,83,83,83,83,83,83,83,83,83,83,83,83,83,83,83,83,83,83,83,83,83,83,88,88,88,88,88,88],"card_choices":[{"not_picked":["Massacre","DDmod:CallousedSkill"],"picked":"Anger","floor":1},{"not_picked":["StuffTheSpire:RockThrow","Replay:Undeath\u0027s Touch"],"picked":"Shrug It Off","floor":2},{"not_picked":["DDmod:EasePowerCard","StuffTheSpire:Pyroclast"],"picked":"Body Slam","floor":6},{"not_picked":["DDmod:PokeAttack","Flex"],"picked":"Eclipse","floor":7},{"not_picked":["Iron Wave","hubris:SharpeningStone"],"picked":"Perfected Strike","floor":8},{"not_picked":["Wild Strike","StuffTheSpire:Pyroclast"],"picked":"Searing Blow","floor":11},{"not_picked":["Guardian:ExploitGems","Guardian:Gem_Orange"],"picked":"sneckomod:SoulExchange","floor":16},{"not_picked":["Rebound","Heavy Blade","Slimebound:GoopSpray+1"],"picked":"TheCursedMod:LuckyCharm","floor":18},{"not_picked":["expansioncontent:BronzeBeam","Armaments","Slimebound:SplitLeeching"],"picked":"Fasting2+1","floor":19},{"not_picked":["StuffTheSpire:Slingshot+1","Compile Driver","Leap"],"picked":"champ:DefensiveStyle","floor":24},{"not_picked":["expansioncontent:DarkVoid","Go for the Eyes","Spin"],"picked":"StarChef","floor":28},{"not_picked":["Immolate","hermit:LowProfile+1","Sucker Punch+1"],"picked":"PrimeTime","floor":31},{"not_picked":["Wish","champ:DancingMaster","ReplayTheSpireMod:Necrosis"],"picked":"Guardian:Gem_Orange","floor":33},{"not_picked":["hermit:TrackingShot+1","hexamod:GhostLash+1","DarkSpark+1"],"picked":"Intimidate+1","floor":35},{"not_picked":["hermit:Maintenance","Slimebound:ComboTackle+1","LockedScales"],"picked":"LockedTornado","floor":36}],"player_experience":467437,"relics_obtained":[{"floor":8,"key":"Odd Mushroom"},{"floor":9,"key":"ReplayTheSpireMod:Ninjato"},{"floor":11,"key":"Replay:WaspNest"},{"floor":22,"key":"Ring of Panic"},{"floor":22,"key":"Ring of Greed"},{"floor":22,"key":"Golden Idol"},{"floor":22,"key":"Smiling Mask"},{"floor":26,"key":"Thread and Needle"},{"floor":28,"key":"Happy Flower"},{"floor":30,"key":"hubris:DuctTape"},{"floor":31,"key":"aspiration:HatOfInfinitePower"}],"event_choices":[{"damage_healed":0,"gold_gain":0,"player_choice":"Success","damage_taken":18,"relics_obtained":["Unceasing Top"],"max_hp_gain":0,"max_hp_loss":0,"event_name":"Scrap Ooze","floor":4,"gold_loss":0},{"damage_healed":0,"gold_gain":0,"player_choice":"Rummage","damage_taken":0,"relics_obtained":["WarpedTongs"],"max_hp_gain":0,"max_hp_loss":0,"event_name":"Accursed Blacksmith","floor":5,"gold_loss":0,"cards_obtained":["Pain"]},{"damage_healed":0,"gold_gain":0,"player_choice":"Fought Mushrooms","damage_taken":0,"max_hp_gain":0,"max_hp_loss":0,"event_name":"Mushrooms","floor":8,"gold_loss":0},{"damage_healed":0,"gold_gain":0,"player_choice":"Entered Light","damage_taken":17,"max_hp_gain":0,"max_hp_loss":0,"event_name":"Shining Light","floor":10,"gold_loss":0,"cards_upgraded":["Eclipse","Defend_R"]},{"cards_removed":["Strike_R"],"damage_healed":0,"gold_gain":0,"player_choice":"Offered Basic","damage_taken":0,"max_hp_gain":0,"max_hp_loss":0,"event_name":"Bonfire Elementals","floor":13,"gold_loss":0},{"damage_healed":0,"gold_gain":0,"player_choice":"Ignored","damage_taken":0,"max_hp_gain":0,"max_hp_loss":0,"event_name":"Vampires","floor":21,"gold_loss":0}],"is_beta":false,"boss_relics":[{"not_picked":["hubris:BlackHole","Black Blood"],"picked":"Honey Jar"},{"not_picked":["Ooze Armor","Tiny House"],"picked":"aspiration:SecretTechniqueScroll"}],"items_purged_floors":[20],"is_endless":false,"potions_floor_spawned":[1,2,28,33,35],"killed_by":"Transient","ascension_level":3}}