{"host":"m77rrhbqzv44va4v","time":1610397431,"event":{"mods":["AchievementEnabler","BaseMod","Colored Map","DeckTracker","Keyboard Shortcuts","Minty Spire (QoL Compilation)","StSLib","SuperFastMode","everything is the same but u backflip on backflip"],"gold_per_floor":[362,374,4,62,19,19,48,48,48,58,83,94,94,113,113,113,113],"floor_reached":16,"playtime":276,"items_purged":["Clumsy"],"score":200,"play_id":"fd886e14-c669-4af4-9798-632c3e186cb3","local_time":"20210112053711","is_ascension_mode":true,"campfire_choices":[{"data":"Body Slam","floor":6,"key":"SMITH"},{"floor":13,"key":"REST"},{"floor":15,"key":"REST"}],"circlet_count":0,"master_deck":["AscendersBane","Strike_R","Strike_R","Strike_R+1","Strike_R","Strike_R","Defend_R","Defend_R","Defend_R","Defend_R","Bash","Blood for Blood","Intimidate","Shrug It Off","Body Slam+1","Bloodletting","Inflame","Second Wind+1","Metallicize","Inflame","Feel No Pain"],"relics":["Burning Blood","Membership Card","PreservedInsect","Smiling Mask","Kunai","Happy Flower"],"acts_visited":["Exordium"],"potions_floor_usage":[12],"damage_taken":[{"damage":7.0,"enemies":"2 Louse","floor":1.0,"turns":3.0},{"damage":9.0,"enemies":"Jaw Worm","floor":2.0,"turns":5.0},{"damage":40,"enemies":"3 Sentries","floor":7,"turns":8},{"damage":4,"enemies":"Small Slimes","floor":10,"turns":3},{"damage":2,"enemies":"Blue Slaver","floor":12,"turns":4},{"damage":4,"enemies":"Looter","floor":14,"turns":5},{"damage":63,"enemies":"Slime Boss","floor":16,"turns":12}],"seed_played":"-6567026995964187662","potions_obtained":[{"floor":7,"key":"HeartOfIron"}],"is_trial":false,"path_per_floor":["M","M","$","?","$","R","E","?","T","M","T","M","R","M","R","B"],"character_chosen":"IRONCLAD","items_purchased":["Membership Card","PreservedInsect","Shrug It Off","Body Slam","Bloodletting","Inflame"],"campfire_rested":2,"item_purchase_floors":[3,3,3,3,3,5],"current_hp_per_floor":[67,64,64,64,64,64,30,7,7,9,9,13,35,37,59,0,0],"gold":113,"neow_bonus":"TWO_FIFTY_GOLD","is_daily":false,"chose_seed":false,"campfire_upgraded":1,"win_rate":0.0,"timestamp":1610397431,"path_taken":["M","M","$","?","$","R","E","?","T","M","?","M","R","M","R","BOSS"],"items_purchased_type":["Relic","Relic","Card","Card","Card","Card"],"build_version":"2020-12-22","purchased_purges":1,"victory":false,"max_hp_per_floor":[75,75,75,75,75,75,75,75,75,75,75,75,75,75,75,75,75],"card_choices":[{"not_picked":["Perfected Strike","Havoc"],"picked":"Blood for Blood","floor":1.0},{"not_picked":["Flex","Reckless Charge"],"picked":"Intimidate","floor":2.0},{"not_picked":["Twin Strike","Perfected Strike"],"picked":"Second Wind","floor":7},{"not_picked":["Rupture","Perfected Strike"],"picked":"Metallicize","floor":10},{"not_picked":["Clash","Dark Embrace"],"picked":"Inflame","floor":12},{"not_picked":["Iron Wave","Clothesline"],"picked":"Feel No Pain","floor":14}],"player_experience":928491,"relics_obtained":[{"floor":7,"key":"Smiling Mask"},{"floor":9,"key":"Kunai"},{"floor":11,"key":"Happy Flower"}],"event_choices":[{"damage_healed":0,"gold_gain":58,"player_choice":"Gained Gold","damage_taken":0,"max_hp_gain":0,"max_hp_loss":0,"event_name":"Golden Wing","floor":4,"gold_loss":0},{"damage_healed":0,"gold_gain":0,"player_choice":"Entered Light","damage_taken":23,"max_hp_gain":0,"max_hp_loss":0,"event_name":"Shining Light","floor":8,"gold_loss":0,"cards_upgraded":["Second Wind","Strike_R"]}],"is_beta":false,"boss_relics":[],"items_purged_floors":[3],"is_endless":false,"potions_floor_spawned":[7],"killed_by":"Slime Boss","ascension_level":20}}