{"host":"vh84ep2bvzg72dp7","time":1610369398,"event":{"mods":["AchievementEnabler","Act Like it!","Aspiration","Astrologer","Bard","BaseMod","Beaked The Cultist","Better Altar","Better Match","Better Note","Better Sensory Stone","Better Skull","Better Third Choice","BetterRewards","Conspire","Downfall","Gensokyo","Halation","Hermit","Infinite Spire","Jorbs\u0027s Wanderer Trilogy","Marisa（霧雨　魔理沙）","Minty Spire (QoL Compilation)","MostiFishMod","Replay The Spire","Shop Mod","Spicy Shops","StSLib","The Alterego","The Animator","The Construct","The Cursed","The Hierophant","The Jungle","The Poker Player","The Runesmith","The Servant 0.9.4","The Wild Card","TheArtist","WarShipGirlsR/战舰少女R mod"],"gold_per_floor":[111,129,229,264,278,305,305,333,333,364,62,88,18,18,18,119,119,129,129,129,129,129,164,95,170,170,195,195,195,236,287,287,410,410,450,450,450,450,514,514,573,573,627,627,700,108,175,232,232,411,411,483,483,501,518,318,414,448,483,483,502,558,580,608,608,713,713,713],"floor_reached":68,"playtime":2217,"items_purged":["ReplayTheSpireMod:Compounding Headache"],"score":2059,"play_id":"a777e0da-653a-41a8-b5c3-1deb8f192440","local_time":"20210111194958","is_ascension_mode":true,"campfire_choices":[{"data":"Replay:Battleflow","floor":15,"key":"SMITH"},{"floor":28,"key":"REST"},{"data":"Replay:Vibes","floor":32,"key":"SMITH"},{"data":"infinitespire:Collect","floor":40,"key":"SMITH"},{"floor":42,"key":"REST"},{"floor":44,"key":"REST"},{"floor":49,"key":"DIG"},{"floor":66,"key":"DIG"}],"circlet_count":0,"master_deck":["Strike_P","Strike_P+1","Strike_P+1","Strike_P","Defend_P","Defend_P+1","Defend_P","Defend_P","Eruption","Vigilance+1","Replay:Vibes+1","Pray+1","CarveReality","Consecrate","Devotion","ReachHeaven","Replay:Battleflow+1","Replay:Battleflow+1","LessonLearned+1","Gensokyo:ImpossibleRequest","infinitespire:Collect+1","Devotion","hexamod:Haunted","CarveReality+1","DeusExMachina+1","Wish+1","FearNoEvil+1","Gensokyo:GreaterSplit","Doubt","ForeignInfluence","Replay:Battleflow+1","Prostrate","Swivel+1","Crescendo+1","Wish+1","JustLucky","infinitespire:SealOfDarkness+","MostiFishMod:FrostNova","MostiFishMod:WinterMarkForm+1","JustLucky","BowlingBash","conspire:SpireCoStock","conspire:SpireCoStock","conspire:SpireCoStock","conspire:SpireCoStock","MostiFishMod:DustFall+1","EmptyMind","JustLucky","EmptyBody","Consecrate","SpiritShield+1","infinitespire:SevenWalls"],"relics":["PureWater","DaveBox","ExusiaiGun","Dodecahedron","Turnip","Thread and Needle","DianPoetry","SynthV:TestCard","aspiration:HatOfInfinitePower","Boot","Replay:Rubber Ducky","Divine Protection","halation:VictoryRuler","infinitespire:ShieldingShard","Lee\u0027s Waffle","Strawberry","Lizard Tail","Gensokyo:PortableGap","Black Star","Gensokyo:MosesMiracle","ReplayTheSpireMod:Ring of Challenge","ReplayTheSpireMod:Ring of Exchange","Gensokyo:SongOfSouls","Regal Pillow","Replay:Bottled Steam","halation:PromiseList","ReplayTheSpireMod:CursedCoin","Replay:Bandana","infinitespire:WardingShard","Replay:Accelerometer","BrkXgEgg","ReplayFunnel","Replay:Bottled Snecko","Centennial Puzzle","conspire:RoyalGoblet","Gensokyo:DualWield","Potion Belt","aspiration:StickyExplosives_weak","Bronze Scales","Nunchaku","conspire:Dentures","ReplayTheSpireMod:Ninjato","aspiration:Nostalgia","sneckomod:SneckoSoul","Frozen Eye","Replay:Wax Seal","Runesmith:AutoHammer","Replay:WaspNest","infinitespire:CursedDice","infinitespire:Broken Mirror","Chemical X","Ying","FrostBlade","Onion Ring","Replay:Mystery Machine","Dead Branch","Ice Cream","Dream Catcher","aspiration:EmptySkull","infinitespire:Beetle Shell","Smiling Mask","Pocketwatch","xbg"],"acts_visited":["Gensokyo:Gensokyo","Gensokyo:Gensokyoer","Gensokyo:Gensokyoest","Exordium"],"potions_floor_usage":[2,25],"damage_taken":[{"damage":0,"enemies":"Gensokyo:3_Fairies","floor":1,"turns":3},{"damage":0,"enemies":"Gensokyo:Gryphon","floor":2,"turns":1},{"damage":5,"enemies":"Gensokyo:Aya","floor":4,"turns":4},{"damage":0,"enemies":"Gensokyo:Python","floor":5,"turns":1},{"damage":0,"enemies":"Gensokyo:Aya","floor":6,"turns":2},{"damage":0,"enemies":"Gensokyo:Mamizou","floor":8,"turns":3},{"damage":0,"enemies":"Gensokyo:Aya","floor":10,"turns":2},{"damage":0,"enemies":"Gensokyo:Mamizou","floor":12,"turns":1},{"damage":0,"enemies":"Gensokyo:Reimu","floor":16,"turns":2},{"damage":0,"enemies":"Gensokyo:CosmicMonolith","floor":18,"turns":2},{"damage":0,"enemies":"Nightmare","floor":23,"turns":1},{"damage":30,"enemies":"Gensokyo:Tenshi","floor":25,"turns":1},{"damage":0,"enemies":"Gensokyo:2_Gloops","floor":27,"turns":1},{"damage":0,"enemies":"Gensokyo:Slime_Group","floor":30,"turns":1},{"damage":0,"enemies":"Gensokyo:Koishi","floor":31,"turns":2},{"damage":0,"enemies":"Gensokyo:Eiki","floor":33,"turns":2},{"damage":0,"enemies":"Gensokyo:AncientGuardian","floor":35,"turns":2},{"damage":0,"enemies":"conspire:MimicChest","floor":39,"turns":2},{"damage":63,"enemies":"Nightmare","floor":41,"turns":4},{"damage":0,"enemies":"Gensokyo:Kasen","floor":45,"turns":2},{"damage":0,"enemies":"Gensokyo:Doremy","floor":47,"turns":1},{"damage":0,"enemies":"Gensokyo:Marisa","floor":48,"turns":1},{"damage":0,"enemies":"Gensokyo:Yuyuko","floor":50,"turns":1},{"damage":0,"enemies":"Cultist","floor":52,"turns":2},{"damage":0,"enemies":"Jaw Worm","floor":54,"turns":1},{"damage":0,"enemies":"Small Slimes","floor":55,"turns":1},{"damage":0,"enemies":"Lagavulin","floor":57,"turns":3},{"damage":0,"enemies":"2 Fungi Beasts","floor":58,"turns":2},{"damage":0,"enemies":"Gremlin Nob","floor":59,"turns":1},{"damage":0,"enemies":"3 Louse","floor":61,"turns":2},{"damage":0,"enemies":"3 Sentries","floor":62,"turns":2},{"damage":0,"enemies":"Exordium Thugs","floor":63,"turns":1},{"damage":0,"enemies":"Lagavulin","floor":65,"turns":2},{"damage":0,"enemies":"Hexaghost","floor":67,"turns":2}],"seed_played":"4049535911242266306","potions_obtained":[{"floor":2,"key":"Fruit Juice"},{"floor":6,"key":"SteroidPotion"},{"floor":8,"key":"DuplicationPotion"},{"floor":12,"key":"Adrenaline Potion"},{"floor":25,"key":"Flashbang"},{"floor":30,"key":"BottledMiracle"},{"floor":39,"key":"SkillPotion"},{"floor":41,"key":"Weak Potion"},{"floor":47,"key":"SkillPotion"}],"is_trial":false,"path_per_floor":["M","M","?","?","M","E","T","E","T","E","$","E","?","?","R","B",null,"M","?","?","?","?","NM","$","E","T","M","R","AVR","M","E","R","B",null,"M","?","?","?","?","R","NM","R","T","R","E","$","E","E","R","B",null,"M","AVR","M","M","?","E","M","E","T","M","E","M","E","R","B",null],"character_chosen":"WATCHER","items_purchased":["Dodecahedron","Thread and Needle","Lee\u0027s Waffle","Strawberry","halation:PromiseList","ReplayTheSpireMod:CursedCoin","aspiration:Nostalgia","MostiFishMod:Kaleido+1","Frozen Eye"],"campfire_rested":3,"item_purchase_floors":[0,0,11,11,24,24,46,46,46],"current_hp_per_floor":[40,45,45,40,40,40,40,40,40,40,91,91,91,82,82,82,82,82,82,79,79,79,79,79,49,49,49,79,79,79,79,79,79,79,79,79,79,79,79,79,16,54,54,76,76,76,73,70,70,70,70,70,70,70,70,70,70,70,70,70,70,70,67,67,67,67,67,67],"gold":713,"neow_bonus":"","is_daily":false,"chose_seed":false,"campfire_upgraded":3,"win_rate":0.0,"timestamp":1610369398,"path_taken":["M","M","?","?","?","E","?","E","T","E","?","E","?","?","R","BOSS","M","?","?","?","?","NM","?","E","T","M","R","AVR","M","E","R","BOSS","M","?","?","?","?","R","NM","R","T","R","E","$","E","E","R","BOSS","M","AVR","M","M","?","E","M","E","T","M","E","M","E","R","BOSS"],"items_purchased_type":["Relic","Relic","Relic","Relic","Relic","Relic","Relic","Card","Relic"],"build_version":"2020-12-22","purchased_purges":1,"victory":false,"max_hp_per_floor":[72,77,77,77,77,77,77,77,77,77,91,91,91,82,82,82,82,82,82,79,79,79,79,79,79,79,79,79,79,79,79,79,79,79,79,79,79,79,79,79,79,79,76,76,76,76,73,70,70,70,70,70,70,70,70,70,70,70,70,70,70,70,67,67,67,67,67,67],"card_choices":[{"not_picked":["Replay:BluntJabs","SignatureMove"],"picked":"Replay:Vibes","floor":1},{"not_picked":["SashWhip","EmptyMind","FollowUp","Protect"],"picked":"Pray","floor":2},{"not_picked":["FlyingSleeves","SashWhip","CrushJoints","Protect"],"picked":"CarveReality","floor":4},{"not_picked":["Protect","FlurryOfBlows","InnerPeace","Crescendo"],"picked":"Consecrate","floor":5},{"not_picked":["Fasting2","Replay:Hum","Protect","EmptyBody"],"picked":"Devotion","floor":6},{"not_picked":["EmptyBody","Protect","TalkToTheHand","MentalFortress","ReachHeaven"],"picked":"SKIP","floor":8},{"not_picked":["EmptyBody","Protect","TalkToTheHand","MentalFortress"],"picked":"ReachHeaven","floor":8},{"not_picked":["Prostrate","Swivel","ForeignInfluence","PathToVictory"],"picked":"Replay:Battleflow","floor":10},{"not_picked":["Nirvana","CutThroughFate","Consecrate","Crescendo"],"picked":"Replay:Battleflow","floor":12},{"not_picked":["Establishment","Replay:AllIn","Omniscience","Replay:LoomingThreat"],"picked":"LessonLearned","floor":16},{"not_picked":["FlyingSleeves","ClearTheMind","Protect","Vengeance","Replay:AtTheReady"],"picked":"SKIP","floor":18},{"not_picked":["ReplayTheSpireMod:Book of Names","infinitespire:NeuralNetwork"],"picked":"infinitespire:Collect","floor":20},{"not_picked":["EmptyFist+1","Ragnarok","Adaptation+1","ForeignInfluence+1"],"picked":"Devotion","floor":23},{"not_picked":["BowlingBash","EmptyBody","SignatureMove+1","Replay:BluntJabs","Vengeance"],"picked":"SKIP","floor":25},{"not_picked":["MostiFishMod:Clarity+1","CutThroughFate+1","Consecrate+1","FlurryOfBlows"],"picked":"CarveReality+1","floor":27},{"not_picked":["EmptyFist","Consecrate","Replay:BluntJabs","CrushJoints","Wallop"],"picked":"SKIP","floor":30},{"not_picked":["FlurryOfBlows+1","BowlingBash+1","ThirdEye","LikeWater"],"picked":"DeusExMachina+1","floor":31},{"not_picked":["Vault+1","MostiFishMod:Moonprays+1","MostiFishMod:KamiSmash+1","Replay:AllIn+1"],"picked":"Wish+1","floor":33},{"not_picked":["Protect+1","FlurryOfBlows+1","Vengeance","CrushJoints"],"picked":"FearNoEvil+1","floor":35},{"not_picked":["Replay:AtTheReady+1","TalkToTheHand+1","Sanctity+1","MostiFishMod:Nomercy"],"picked":"ForeignInfluence","floor":39},{"not_picked":["JustLucky","CarveReality+1","FlyingSleeves+1","FollowUp"],"picked":"Replay:Battleflow+1","floor":41},{"not_picked":["Protect+1","Tantrum+1","BattleHymn+1","Crescendo"],"picked":"Prostrate","floor":45},{"not_picked":["SandsOfTime","JustLucky+1","MostiFishMod:Speedup","WreathOfFlame+1"],"picked":"Swivel+1","floor":47},{"not_picked":["CarveReality+1","Replay:Vibes","Adaptation","TalkToTheHand"],"picked":"Crescendo+1","floor":48},{"not_picked":["Omniscience+1","LessonLearned+1","MostiFishMod:Disappear+1","MostiFishMod:ScryFuture+1"],"picked":"Wish+1","floor":50},{"not_picked":["Crescendo","BowlingBash","Indignation","FlurryOfBlows"],"picked":"JustLucky","floor":52},{"not_picked":["Nirvana","Worship","ThirdEye","Perseverance"],"picked":"JustLucky","floor":54},{"not_picked":["MostiFishMod:Speedup","Sanctity","Halt","FlurryOfBlows"],"picked":"BowlingBash","floor":55},{"not_picked":["Replay:BluntJabs","Worship","Devotion+1","FlurryOfBlows"],"picked":"MostiFishMod:DustFall+1","floor":57},{"not_picked":["ClearTheMind","SashWhip","Halt","Meditate"],"picked":"EmptyMind","floor":58},{"not_picked":["Study","EmptyBody","FlyingSleeves","FlurryOfBlows"],"picked":"JustLucky","floor":59},{"not_picked":["MostiFishMod:Clarity","Swivel","Replay:BluntJabs","ForeignInfluence"],"picked":"EmptyBody","floor":61},{"not_picked":["MentalFortress","Halt","MostiFishMod:Moonprays+1","MostiFishMod:Clarity"],"picked":"Consecrate","floor":62},{"not_picked":["SashWhip","ClearTheMind","ThirdEye","Replay:AtTheReady","WheelKick"],"picked":"SKIP","floor":63},{"not_picked":["SashWhip","ClearTheMind","ThirdEye","Replay:AtTheReady","WheelKick"],"picked":"SKIP","floor":63},{"not_picked":["SashWhip","Collect","Sanctity","FlyingSleeves","Replay:Anticipation"],"picked":"SKIP","floor":65},{"not_picked":["Omniscience+1","Establishment+1","MostiFishMod:DustFall+1","MostiFishMod:ScryFuture+1"],"picked":"SpiritShield+1","floor":67},{"not_picked":["infinitespire:Oblivion","infinitespire:TheBestDefense"],"picked":"infinitespire:SevenWalls","floor":68}],"player_experience":341309,"relics_obtained":[{"floor":1,"key":"SynthV:TestCard"},{"floor":4,"key":"aspiration:HatOfInfinitePower"},{"floor":6,"key":"Boot"},{"floor":7,"key":"Replay:Rubber Ducky"},{"floor":8,"key":"Divine Protection"},{"floor":9,"key":"halation:VictoryRuler"},{"floor":10,"key":"infinitespire:ShieldingShard"},{"floor":12,"key":"Lizard Tail"},{"floor":21,"key":"ReplayTheSpireMod:Ring of Challenge"},{"floor":21,"key":"ReplayTheSpireMod:Ring of Exchange"},{"floor":23,"key":"Regal Pillow"},{"floor":23,"key":"Replay:Bottled Steam"},{"floor":25,"key":"Replay:Bandana"},{"floor":25,"key":"infinitespire:WardingShard"},{"floor":26,"key":"Replay:Accelerometer"},{"floor":27,"key":"Gensokyo:MosesMiracle"},{"floor":31,"key":"Replay:Bottled Snecko"},{"floor":31,"key":"Centennial Puzzle"},{"floor":39,"key":"Potion Belt"},{"floor":41,"key":"aspiration:StickyExplosives_weak"},{"floor":41,"key":"Bronze Scales"},{"floor":43,"key":"Nunchaku"},{"floor":45,"key":"conspire:Dentures"},{"floor":45,"key":"ReplayTheSpireMod:Ninjato"},{"floor":47,"key":"Replay:Wax Seal"},{"floor":47,"key":"Runesmith:AutoHammer"},{"floor":48,"key":"Replay:WaspNest"},{"floor":48,"key":"infinitespire:CursedDice"},{"floor":49,"key":"infinitespire:Broken Mirror"},{"floor":57,"key":"Onion Ring"},{"floor":57,"key":"Replay:Mystery Machine"},{"floor":59,"key":"Dead Branch"},{"floor":59,"key":"Ice Cream"},{"floor":62,"key":"Dream Catcher"},{"floor":62,"key":"aspiration:EmptySkull"},{"floor":65,"key":"infinitespire:Beetle Shell"},{"floor":65,"key":"Smiling Mask"},{"floor":66,"key":"Pocketwatch"}],"event_choices":[{"damage_healed":0,"gold_gain":0,"player_choice":"Invest 4","damage_taken":0,"max_hp_gain":0,"max_hp_loss":0,"event_name":"conspire:Investor","floor":56,"gold_loss":0}],"is_beta":false,"boss_relics":[{"not_picked":["ReplayTheSpireMod:SealedPack","Sozu"],"picked":"Black Star"},{"not_picked":["ChewingGum","VioletLotus"],"picked":"conspire:RoyalGoblet"},{"not_picked":["infinitespire:Cupcake","conspire:SeveredTorchhead"],"picked":"Chemical X"},{"not_picked":["JellyFishMachine","ReplayTheSpireMod:DimensionalGlitch"],"picked":"xbg"}],"items_purged_floors":[24],"is_endless":true,"potions_floor_spawned":[2,6,8,12,23,25,30,33,39,41,47,48,52,59,61,62,67],"ascension_level":2}}