{"host":"zgdag062zrknap1a","time":1610333314,"event":{"mods":["AchievementEnabler","Act Like it!","Aspiration","Bard","BaseMod","BetterRewards","Colored Map","Colored Powertips","Conspire","Downfall","Gensokyo","Hallownest","Hermit","Highlight Path","Hubris","Infinite Spire","Jorbs\u0027s Wanderer Trilogy","Marisa????????","Minty Spire (QoL Compilation)","Quick Restart","Rare Cards Sparkle","Replay The Spire","Shop Mod","StSLib","The Bug Knight","The Cursed","The Hierophant","The Necromancer","The Runesmith","The Servant 0.9.4"],"gold_per_floor":[113,113,113,124,143,168,183,183,183,197,197,177,0,15,15,115,115,125,138,138,152,168,168,201,201,201],"floor_reached":25,"playtime":1435,"items_purged":["Bash","Strike_R"],"score":275,"play_id":"76849c03-470b-4312-b1ac-b00dbd3437f5","local_time":"20210110184834","is_ascension_mode":false,"campfire_choices":[{"floor":8,"key":"RECALL"},{"data":"Inflame","floor":11,"key":"SMITH"},{"data":"Flex","floor":11,"key":"SMITH"},{"data":"Shrug It Off","floor":23,"key":"SMITH"},{"data":"Demon Form","floor":23,"key":"SMITH"}],"circlet_count":0,"master_deck":["Strike_R","Strike_R","Strike_R","Strike_R","Defend_R","Defend_R+1","Defend_R","Defend_R","Massacre+1","Flex+1","Inflame+1","Flex+1","Shrug It Off+1","Spot Weakness","Cleave","Demon Form+1","Flex+1","Cleave"],"relics":["Burning Blood","Replay:Arrowhead","Mercury Hourglass","Nloth\u0027s Gift","hubris:SphereOfDissonance"],"acts_visited":["Exordium","TheCity"],"potions_floor_usage":[6,24],"damage_taken":[{"damage":6,"enemies":"Jaw Worm","floor":1,"turns":3},{"damage":0,"enemies":"Small Slimes","floor":4,"turns":2},{"damage":0,"enemies":"Cultist","floor":5,"turns":3},{"damage":23,"enemies":"Lagavulin","floor":6,"turns":6},{"damage":0,"enemies":"3 Louse","floor":7,"turns":3},{"damage":2,"enemies":"Looter","floor":10,"turns":2},{"damage":0,"enemies":"Red Slaver","floor":14,"turns":1},{"damage":0,"enemies":"Fading Forest","floor":16,"turns":11},{"damage":8,"enemies":"Chosen","floor":18,"turns":5},{"damage":10,"enemies":"Spheric Guardian","floor":19,"turns":3},{"damage":27,"enemies":"Snecko","floor":21,"turns":6},{"damage":9,"enemies":"Cultist and Chosen","floor":22,"turns":6},{"damage":47,"enemies":"Book of Stabbing","floor":24,"turns":5}],"seed_played":"2179162186250029004","potions_obtained":[{"floor":6,"key":"Block Potion"},{"floor":12,"key":"Regen Potion"},{"floor":14,"key":"hexamod:EctoCoolerPotion"},{"floor":22,"key":"Explosive Potion"}],"is_trial":false,"path_per_floor":["M","?","?","M","M","E","M","R","T","M","R","?","$","M","R_BF","B",null,"M","M","?","M","M","R","E","?"],"character_chosen":"IRONCLAD","items_purchased":["Replay:Arrowhead","Massacre","Flex+1","Inflame","Mercury Hourglass","Strength Potion","Spot Weakness"],"campfire_rested":0,"item_purchase_floors":[0,0,0,0,0,0,13],"current_hp_per_floor":[44,44,44,50,56,39,45,45,45,49,49,49,49,55,55,71,80,78,74,74,53,50,50,9,0,0],"gold":201,"neow_bonus":"","is_daily":false,"chose_seed":false,"campfire_upgraded":4,"win_rate":0.0,"timestamp":1610333314,"path_taken":["M","?","?","M","M","E","M","R","T","M","R","?","$","?","R_BF","BOSS","M","M","?","?","M","R","E","?"],"items_purchased_type":["Relic","Card","Card","Card","Relic","Potion","Card"],"build_version":"2020-12-22","purchased_purges":2,"victory":false,"max_hp_per_floor":[80,80,80,80,80,80,80,80,80,80,80,80,80,80,80,80,80,80,80,80,80,80,80,80,80,80],"card_choices":[{"not_picked":["Thunderclap","Armaments","Wild Strike"],"picked":"SKIP","floor":1},{"not_picked":["hubris:ReadiedAction","Headbutt","Clash"],"picked":"SKIP","floor":4},{"not_picked":["Heavy Blade","Pommel Strike"],"picked":"Flex","floor":5},{"not_picked":["Heavy Blade","ReplayTheSpireMod:Strike From Hell","hubris:ReadiedAction"],"picked":"SKIP","floor":6},{"not_picked":["Armaments","Twin Strike"],"picked":"Shrug It Off","floor":7},{"not_picked":["Seeing Red","Hemokinesis","Havoc"],"picked":"SKIP","floor":10},{"not_picked":["Headbutt","True Grit"],"picked":"Cleave","floor":14},{"not_picked":["Corruption","Juggernaut"],"picked":"Demon Form","floor":16},{"not_picked":["conspire:ExplosiveBarrier","Intimidate","Perfected Strike"],"picked":"SKIP","floor":18},{"not_picked":["Perfected Strike+1","Pommel Strike","Thunderclap"],"picked":"SKIP","floor":19},{"not_picked":["Twin Strike","Armaments"],"picked":"Flex+1","floor":21},{"not_picked":["Twin Strike","Armaments"],"picked":"Cleave","floor":22},{"not_picked":["Clash+1","Life Link","ReplayTheSpireMod:Stacked"],"picked":"SKIP","floor":24}],"player_experience":371260,"relics_obtained":[{"floor":6,"key":"hubris:SlimyHat"},{"floor":24,"key":"hubris:SphereOfDissonance"}],"event_choices":[{"damage_healed":0,"gold_gain":0,"player_choice":"Grow","damage_taken":0,"max_hp_gain":0,"max_hp_loss":0,"event_name":"Living Wall","floor":2,"gold_loss":0,"cards_upgraded":["Massacre"]},{"damage_healed":0,"gold_gain":0,"player_choice":"Bought 1 Potion","damage_taken":0,"max_hp_gain":0,"max_hp_loss":0,"event_name":"The Woman in Blue","floor":12,"gold_loss":0},{"damage_healed":0,"gold_gain":0,"player_choice":"Traded Relic","damage_taken":0,"relics_obtained":["Nloth\u0027s Gift"],"max_hp_gain":0,"max_hp_loss":0,"event_name":"N\u0027loth","floor":20,"relics_lost":["hubris:SlimyHat"],"gold_loss":0}],"is_beta":false,"boss_relics":[{"not_picked":["Mark of Pain","Ooze Armor","Fusion Hammer"]}],"items_purged_floors":[0,13],"is_endless":false,"potions_floor_spawned":[6,14,22],"ascension_level":0}}