{"host":"ttx8tv95o5vka1nm","time":1610353049,"event":{"mods":["AchievementEnabler","BaseMod","Colored Map","Downfall","Infinite Spire","Minty Spire (QoL Compilation)","Replay The Spire","Shop Mod","StSLib","The Jungle"],"gold_per_floor":[117,133,144,160,160,190,203,203,226,240,275,290,300,317,317,413,413,431,431,450,466,466,499,499,530,530,530,530,530,565,584,584,686,686,699,699,711,728,22,53,53,85,112,138,138,138,155,189,201,230,242,356,368,382,397,409,421,443,463,469,497,533,560,583,592,604,632,644,732,744,750,763,775,788,794,801,810,818,830,842,508,528,528,525,525,604,604,607,14,12,18,240,268,268,276,321,326,326,339,339,338,338,417,417,427,288,318,562,567,587,587,596,648,683,683,703,703,702,702,781,881,891,891,894,895,453,476,476,511,535,535,575,574,593,592,592,663,713,726,726,762,762,762,785,759,759,811,811,833,833,833,863,863,967,976,976,367,426,501],"floor_reached":160,"playtime":18408,"items_purged":["Defend_B","Strike_B","Storm","Fusion+1","Parasite","Conserve Battery+1","Redo+1","Coolheaded+1"],"score":5981,"play_id":"c09a8e7d-b9d7-4e2e-abaa-eda491808ee5","local_time":"20210111181729","is_ascension_mode":true,"campfire_choices":[{"floor":8.0,"key":"REST"},{"data":"Fusion","floor":15.0,"key":"SMITH"},{"floor":24.0,"key":"REST"},{"floor":29.0,"key":"REST"},{"data":"infinitespire:Oblivion","floor":32.0,"key":"SMITH"},{"data":"RitualDagger","floor":41.0,"key":"SMITH"},{"data":"Storm","floor":49.0,"key":"SMITH"},{"data":"Fission","floor":66.0,"key":"SMITH"},{"data":"Creative AI","floor":68.0,"key":"SMITH"},{"data":"Seek","floor":80.0,"key":"SMITH"},{"data":"Echo Form","floor":83.0,"key":"SMITH"},{"data":"Buffer","floor":83.0,"key":"SMITH"},{"data":"FTL","floor":85.0,"key":"SMITH"},{"data":"Consume","floor":85.0,"key":"SMITH"},{"data":"Seek","floor":94.0,"key":"SMITH"},{"data":"infinitespire:Collect","floor":94.0,"key":"SMITH"},{"data":"Coolheaded","floor":98.0,"key":"SMITH"},{"data":"White Noise","floor":98.0,"key":"SMITH"},{"data":"Core Surge","floor":100.0,"key":"SMITH"},{"data":"Biased Cognition","floor":100.0,"key":"SMITH"},{"data":"Chill","floor":102.0,"key":"SMITH"},{"data":"Skim","floor":102.0,"key":"SMITH"},{"data":"Consume","floor":111.0,"key":"SMITH"},{"data":"Biased Cognition","floor":111.0,"key":"SMITH"},{"data":"Darkness","floor":117.0,"key":"SMITH"},{"data":"Hologram","floor":117.0,"key":"SMITH"},{"data":"Multi-Cast","floor":119.0,"key":"SMITH"},{"data":"Zap","floor":119.0,"key":"SMITH"},{"data":"Redo","floor":128.0,"key":"SMITH"},{"data":"Dualcast","floor":128.0,"key":"SMITH"},{"data":"Reboot","floor":136,"key":"SMITH"},{"data":"Barrage","floor":136,"key":"SMITH"},{"data":"Electrodynamics","floor":146,"key":"SMITH"},{"data":"Doom and Gloom","floor":146,"key":"SMITH"},{"data":"Sweeping Beam","floor":150,"key":"SMITH"},{"data":"Ball Lightning","floor":150,"key":"SMITH"},{"data":"Stack","floor":153,"key":"SMITH"},{"data":"ReplayTheSpireMod:Calculation Training","floor":153,"key":"SMITH"},{"data":"ReplayTheSpireMod:Calculation Training","floor":156,"key":"SMITH"},{"data":"Force Field","floor":156,"key":"SMITH"}],"circlet_count":0,"master_deck":["Zap+1","Dualcast+1","Hologram+1","Sweeping Beam+1","Darkness+1","White Noise+1","Core Surge+1","Glacier+1","Creative AI+1","Chill+1","Compile Driver+1","FTL+1","RitualDagger+1","ReplayTheSpireMod:Calculation Training+1","Self Repair+1","Conserve Battery+1","Doom and Gloom+1","infinitespire:Oblivion+1","Storm+1","Force Field+1","Biased Cognition+1","Echo Form+1","Stack+1","Hologram+1","ReplayTheSpireMod:Repulse+1","Compile Driver","Redo+1","Fission+1","Barrage+1","Buffer+1","Consume+1","Multi-Cast+1","infinitespire:Collect+1","Seek+1","Skim+1","ReplayTheSpireMod:Calculation Training+1","Reboot+1","ReplaySolidLightProjector+1","Coolheaded+1","Seek+1","Ball Lightning+1","Biased Cognition+1","Consume+1","Genetic Algorithm+1","ReplayRNGCard+1","Electrodynamics+1","ReplayTheSpireMod:System Scan+1","Panic Button+1","Amplify+1","CurseOfTheBell","Biased Cognition","Pot Of Greed+1","Pot Of Greed+1","Pot Of Greed+1","Pot Of Greed+1","Pot Of Greed+1","Echo Form+1","ReplayTheSpireMod:Omega Cannon+1"],"relics":["Cracked Core","Gremlin Horn","infinitespire:Beetle Shell","infinitespire:Satchel","Philosopher\u0027s Stone","Akabeko","Red Mask","Garlic","infinitespire:Cupcake","Runic Capacitor","infinitespire:Lucky Rock","Black Star","MerchantsRug","infinitespire:Bottled Soul","Mercury Hourglass","Boot","Replay:Ringing Soul","Bird Faced Urn","Replay:Mystery Machine","HornCleat","Solar Panel","ChewingGum","Inserter","Replay:Antivirus Software","Lantern","Blue Candle","Orichalcum","Ice Cream","Bag of Preparation","Kunai","CaptainsWheel","Ancient Tea Set","Divine Protection","Replay:Bandana","Replay:Arrowhead","Oddly Smooth Stone","Nuclear Battery","Replay:Frozen Program","Bottled Lightning","Anchor","Smiling Mask","Replay:Bronze Core","Chemical X","Bronze Scales","Geode","Quantum Egg","Blood Vial","Dead Branch","Centennial Puzzle","Toxic Egg 2","Replay:Wax Seal","Odd Mushroom","Kunai","Raider\u0027s Mask","PreservedInsect","Juzu Bracelet","Shuriken","Mirror","infinitespire:Broken Mirror","Pet Ghost","Pantograph","TungstenRod","Blue Doll","Replay:Rubber Ducky","Tiny House","infinitespire:Joker Card","MealTicket","ReplayFunnel","Pen Nib","CeramicFish","Replay:WaspNest","Tiny Chest","Toy Ornithopter","Replay:Bottled Flurry","Calling Bell","Nunchaku","InkBottle","Counterbalance","Sling","Turnip","Golden Egg","Grinning Jar","Prayer Wheel"],"acts_visited":["Exordium","TheCity","TheBeyond","Exordium","Exordium","TheBeyond","Exordium","Exordium","TheBeyond","TheEnding"],"potions_floor_usage":[],"damage_taken":[{"damage":0.0,"enemies":"Cultist","floor":1.0,"turns":3.0},{"damage":0.0,"enemies":"2 Louse","floor":2.0,"turns":4.0},{"damage":0.0,"enemies":"Jaw Worm","floor":3.0,"turns":3.0},{"damage":0.0,"enemies":"Large Slime","floor":4.0,"turns":4.0},{"damage":43.0,"enemies":"3 Sentries","floor":6.0,"turns":7.0},{"damage":9.0,"enemies":"Exordium Wildlife","floor":7.0,"turns":3.0},{"damage":4.0,"enemies":"Exordium Thugs","floor":10.0,"turns":5.0},{"damage":13.0,"enemies":"Lagavulin","floor":11.0,"turns":5.0},{"damage":11.0,"enemies":"Red Slaver","floor":12.0,"turns":4.0},{"damage":0.0,"enemies":"2 Fungi Beasts","floor":13.0,"turns":3.0},{"damage":0.0,"enemies":"Exordium Wildlife","floor":14.0,"turns":4.0},{"damage":10.0,"enemies":"Slime Boss","floor":16.0,"turns":6.0},{"damage":18.0,"enemies":"3 Byrds","floor":18.0,"turns":5.0},{"damage":5.0,"enemies":"Spheric Guardian","floor":20.0,"turns":5.0},{"damage":7.0,"enemies":"Shelled Parasite and Fungi","floor":21.0,"turns":6.0},{"damage":29.0,"enemies":"Replay:Snechameleon","floor":23.0,"turns":7.0},{"damage":0.0,"enemies":"Masked Bandits","floor":25.0,"turns":3.0},{"damage":0.0,"enemies":"Nightmare","floor":30.0,"turns":7.0},{"damage":12.0,"enemies":"Snake Plant","floor":31.0,"turns":3.0},{"damage":25.0,"enemies":"Automaton","floor":33.0,"turns":9.0},{"damage":0.0,"enemies":"3 Darklings","floor":35.0,"turns":5.0},{"damage":6.0,"enemies":"Orb Walker","floor":37.0,"turns":3.0},{"damage":2.0,"enemies":"Writhing Mass","floor":38.0,"turns":3.0},{"damage":4.0,"enemies":"Nemesis","floor":40.0,"turns":7.0},{"damage":0.0,"enemies":"Reptomancer","floor":42.0,"turns":4.0},{"damage":23.0,"enemies":"Nemesis","floor":44.0,"turns":5.0},{"damage":10.0,"enemies":"Spire Growth","floor":47.0,"turns":4.0},{"damage":0.0,"enemies":"Giant Head","floor":48.0,"turns":6.0},{"damage":0.0,"enemies":"Jaw Worm Horde","floor":50.0,"turns":3.0},{"damage":59.0,"enemies":"Time Eater","floor":52.0,"turns":8.0},{"damage":9.0,"enemies":"Jaw Worm","floor":54.0,"turns":2.0},{"damage":0.0,"enemies":"Cultist","floor":55.0,"turns":3.0},{"damage":0.0,"enemies":"2 Louse","floor":58.0,"turns":1.0},{"damage":18.0,"enemies":"Replay:BlueRogue","floor":59.0,"turns":3.0},{"damage":0.0,"enemies":"2 Fungi Beasts","floor":60.0,"turns":3.0},{"damage":0.0,"enemies":"Lagavulin","floor":61.0,"turns":3.0},{"damage":0.0,"enemies":"Red Slaver","floor":63.0,"turns":1.0},{"damage":0.0,"enemies":"Gremlin Nob","floor":64.0,"turns":3.0},{"damage":1.0,"enemies":"Exordium Thugs","floor":65.0,"turns":2.0},{"damage":15.0,"enemies":"3 Sentries","floor":67.0,"turns":2.0},{"damage":54.0,"enemies":"Hexaghost","floor":69.0,"turns":4.0},{"damage":0.0,"enemies":"theJungle:5_Spyders","floor":71.0,"turns":3.0},{"damage":0.0,"enemies":"theJungle:GiantWrat","floor":72.0,"turns":3.0},{"damage":0.0,"enemies":"theJungle:2_Snecko_Cultists","floor":74.0,"turns":2.0},{"damage":7.0,"enemies":"theJungle:2_Flameangoes","floor":75.0,"turns":2.0},{"damage":0.0,"enemies":"theJungle:Cassacara","floor":76.0,"turns":4.0},{"damage":0.0,"enemies":"theJungle:Snecko_Cultist_And_Trap","floor":77.0,"turns":2.0},{"damage":0.0,"enemies":"theJungle:2_Phrogs","floor":78.0,"turns":4.0},{"damage":0.0,"enemies":"theJungle:2_Snecko_Cultists","floor":82.0,"turns":1.0},{"damage":0.0,"enemies":"theJungle:JungleHuntersEncounter","floor":84.0,"turns":3.0},{"damage":0.0,"enemies":"theJungle:FunGuy","floor":86.0,"turns":4.0},{"damage":0.0,"enemies":"Orb Walker","floor":88.0,"turns":2.0},{"damage":0.0,"enemies":"3 Darklings","floor":90.0,"turns":2.0},{"damage":0.0,"enemies":"Sphere and 2 Shapes","floor":91.0,"turns":2.0},{"damage":0.0,"enemies":"Giant Head","floor":93.0,"turns":5.0},{"damage":0.0,"enemies":"Jaw Worm Horde","floor":95.0,"turns":2.0},{"damage":0.0,"enemies":"Writhing Mass","floor":97.0,"turns":3.0},{"damage":0.0,"enemies":"Sphere and 2 Shapes","floor":99.0,"turns":2.0},{"damage":0.0,"enemies":"Maw","floor":101.0,"turns":4.0},{"damage":0.0,"enemies":"Replay:Hell Engine","floor":103.0,"turns":5.0},{"damage":0.0,"enemies":"Small Slimes","floor":105.0,"turns":2.0},{"damage":0.0,"enemies":"Jaw Worm","floor":107.0,"turns":1.0},{"damage":0.0,"enemies":"2 Louse","floor":109.0,"turns":1.0},{"damage":0.0,"enemies":"3 Sentries","floor":110.0,"turns":3.0},{"damage":0.0,"enemies":"Lagavulin","floor":112.0,"turns":3.0},{"damage":0.0,"enemies":"3 Sentries","floor":114.0,"turns":2.0},{"damage":0.0,"enemies":"The Mushroom Lair","floor":116.0,"turns":2.0},{"damage":0.0,"enemies":"Looter","floor":118.0,"turns":2.0},{"damage":0.0,"enemies":"The Guardian","floor":120.0,"turns":3.0},{"damage":0.0,"enemies":"theJungle:GiantWrat","floor":122.0,"turns":2.0},{"damage":0.0,"enemies":"JungleHuntersEvent","floor":124.0,"turns":3.0},{"damage":0.0,"enemies":"Shell Parasite","floor":125.0,"turns":2.0},{"damage":0.0,"enemies":"theJungle:MamaSnecko","floor":127.0,"turns":2.0},{"damage":0.0,"enemies":"theJungle:2_Phrogs","floor":129.0,"turns":2.0},{"damage":0.0,"enemies":"theJungle:2_Snecko_Cultists","floor":131.0,"turns":1.0},{"damage":0.0,"enemies":"theJungle:MamaSnecko","floor":132.0,"turns":2.0},{"damage":0.0,"enemies":"Snake Plant","floor":133.0,"turns":2.0},{"damage":0.0,"enemies":"theJungle:2_Phrogs","floor":134.0,"turns":2.0},{"damage":0,"enemies":"theJungle:SlimyTreeVines","floor":135,"turns":3},{"damage":0,"enemies":"theJungle:TotemBoss","floor":137,"turns":4},{"damage":0,"enemies":"3 Shapes","floor":139,"turns":2},{"damage":0,"enemies":"2 Orb Walkers","floor":141,"turns":2},{"damage":0,"enemies":"3 Darklings","floor":143,"turns":2},{"damage":0,"enemies":"R_Hoarder","floor":144,"turns":3},{"damage":0,"enemies":"Writhing Mass","floor":148,"turns":2},{"damage":0,"enemies":"Reptomancer","floor":149,"turns":2},{"damage":0,"enemies":"R_Hoarder","floor":152,"turns":2},{"damage":0,"enemies":"infinitespire:MassOfShapes","floor":154,"turns":3},{"damage":0,"enemies":"Shield and Spear","floor":158,"turns":1},{"damage":23,"enemies":"The Heart","floor":159,"turns":7}],"seed_played":"-1580737847579520371","potions_obtained":[{"floor":2.0,"key":"sneckomod:MuddlingPotion"},{"floor":6.0,"key":"FocusPotion"},{"floor":7.0,"key":"SkillPotion"},{"floor":11.0,"key":"hexamod:EctoCoolerPotion"},{"floor":12.0,"key":"Reflective Coating"},{"floor":13.0,"key":"Milkshake"},{"floor":25.0,"key":"Explosive Potion"},{"floor":30.0,"key":"Fire Potion"},{"floor":50.0,"key":"ColorlessPotion"},{"floor":61.0,"key":"FocusPotion"},{"floor":67.0,"key":"Reflective Coating"},{"floor":84.0,"key":"Fire Potion"},{"floor":86.0,"key":"Strength Potion"},{"floor":91.0,"key":"Elixir"},{"floor":107.0,"key":"GamblersBrew"},{"floor":108.0,"key":"LiquidBronze"},{"floor":112.0,"key":"SpeedPotion"},{"floor":118.0,"key":"Swift Potion"},{"floor":125.0,"key":"FairyPotion"},{"floor":134.0,"key":"Swift Potion"},{"floor":138,"key":"EssenceOfSteel"},{"floor":148,"key":"Guardian:BlockOnCardUsePotion"},{"floor":149,"key":"Block Potion"},{"floor":159,"key":"BlessingOfTheForge"}],"is_trial":false,"path_per_floor":["M","M","M","M","?","E","M","R","T","M","E","M","M","M","R_BF","B",null,"M","?","M","M","?","E","R","?","T","?","AVR","R","NM","M","R","B",null,"M","?","M","M","$","E","R","E","T","E","PTL","PTL","M","E","R","M","R_BF","B",null,"M","M","AVR","?","M","E","M","E","T","M","E","M","R","E","R","B",null,"M","M","?","M","M","E","M","E","T","R","$","M","R","M","R","B",null,"M","$","M","M","?","E","R","M","T","M","R","M","R","M","R","B",null,"M","$","M","?","M","E","R","E","T","E","?","?","R","M","R","B",null,"M","?","?","M","$","E","R","E","T","M","E","M","E","M","R","B",null,"M","?","?","?","M","E","$","R","T","M","E","R","?","E","R","B",null,"R","$","E","B",null],"character_chosen":"DEFECT","items_purchased":["MerchantsRug","infinitespire:Bottled Soul","Mercury Hourglass","Replay:Arrowhead","Oddly Smooth Stone","Replay:Frozen Program","Bottled Lightning","ReplaySolidLightProjector","Chemical X","Bronze Scales","Raider\u0027s Mask","PreservedInsect","Juzu Bracelet","ReplayFunnel","Pen Nib","Sling","Biased Cognition","Turnip"],"campfire_rested":3,"item_purchase_floors":[39,39,39,81,81,89,89,89,106,106,126,126,126,145,145,157,157,157],"current_hp_per_floor":[82,82,82,82,82,39,30,54,54,50,37,26,26,26,26,16,66,48,48,43,36,30,1,25,25,25,25,25,49,59,47,47,32,70,80,80,82,82,82,85,85,88,88,88,88,88,94,97,97,97,100,82,98,106,106,106,106,106,106,106,106,106,106,119,122,122,112,112,83,117,128,128,128,131,131,131,134,134,134,134,134,134,134,134,134,137,137,137,140,140,143,143,146,146,146,153,156,156,159,159,159,159,162,162,162,159,159,159,159,162,162,162,162,165,165,165,165,165,165,165,165,165,165,165,168,168,168,168,168,168,168,168,168,168,168,168,171,176,176,176,176,176,176,179,179,179,179,179,179,179,179,182,182,185,188,188,191,194,197],"gold":501,"neow_bonus":"RANDOM_COMMON_RELIC","is_daily":false,"chose_seed":false,"campfire_upgraded":37,"win_rate":0.0,"timestamp":1610353049,"path_taken":["M","M","M","M","?","E","M","R","T","M","E","M","M","M","R_BF","BOSS","M","?","M","M","?","E","R","?","T","?","AVR","R","NM","M","R","BOSS","M","?","M","M","$","E","R","E","T","E","PTL","PTL","M","E","R","M","R_BF","BOSS","M","M","AVR","?","M","E","M","E","T","M","E","M","R","E","R","BOSS","M","M","?","M","M","E","M","E","T","R","$","?","R","M","R","BOSS","M","$","M","M","?","E","R","M","T","M","R","M","R","M","R","BOSS","M","$","M","?","M","E","R","E","T","E","?","?","R","M","R","BOSS","M","?","?","M","$","E","R","E","T","M","E","M","E","M","R","BOSS","M","?","?","?","M","E","$","R","T","M","E","R","?","E","R","BOSS","R","$","E","BOSS"],"items_purchased_type":["Relic","Relic","Relic","Relic","Relic","Relic","Relic","Card","Relic","Relic","Relic","Relic","Relic","Relic","Relic","Relic","Card","Relic"],"build_version":"2020-12-22","purchased_purges":8,"victory":true,"max_hp_per_floor":[82,82,82,82,82,82,82,82,82,82,82,82,82,82,82,82,82,82,82,82,82,82,82,82,82,82,82,82,82,82,82,82,82,82,82,82,82,82,82,85,85,88,88,91,91,91,94,97,97,97,100,103,103,106,106,106,106,106,106,106,106,106,106,119,122,122,125,125,128,128,128,128,128,131,131,131,134,134,134,134,134,134,134,134,134,137,137,137,140,140,143,143,146,146,146,153,156,156,159,159,159,159,162,162,162,159,159,159,159,162,162,162,162,165,165,165,165,165,165,165,165,165,165,165,168,168,168,168,168,168,168,168,168,168,168,168,171,176,176,176,176,176,176,179,179,179,179,179,179,179,179,182,182,185,188,188,191,194,197],"card_choices":[{"not_picked":["Barrage","Beam Cell"],"picked":"Conserve Battery","floor":1.0},{"not_picked":["Aggregate","Capacitor"],"picked":"Hologram","floor":2.0},{"not_picked":["ReplaySort","Glacier"],"picked":"Sweeping Beam","floor":3.0},{"not_picked":["Gash","Turbo"],"picked":"Fusion","floor":4.0},{"not_picked":["Capacitor","Static Discharge"],"picked":"Cold Snap","floor":6.0},{"not_picked":["Cold Snap","Ball Lightning"],"picked":"Darkness","floor":7.0},{"not_picked":["ReplayTheSpireMod:Repulse","Steam"],"picked":"White Noise","floor":10.0},{"not_picked":["ReplayRNGCard","Capacitor"],"picked":"Core Surge","floor":11.0},{"not_picked":["Streamline","Redo"],"picked":"Glacier","floor":12.0},{"not_picked":["Conserve Battery","Heatsinks"],"picked":"Redo","floor":13.0},{"not_picked":["Force Field","ReplaySolidLightProjector"],"picked":"Conserve Battery","floor":14.0},{"not_picked":["Core Surge","Reboot"],"picked":"Creative AI","floor":16.0},{"not_picked":["Force Field+1","Leap"],"picked":"Conserve Battery+1","floor":18.0},{"not_picked":["Panic Button","Leap"],"picked":"Compile Driver+1","floor":20.0},{"not_picked":["Sweeping Beam","Fusion"],"picked":"FTL","floor":21.0},{"not_picked":["Rebound","Steam"],"picked":"ReplayTheSpireMod:Calculation Training","floor":23.0},{"not_picked":["Redo","Tempest"],"picked":"Self Repair+1","floor":25.0},{"not_picked":["ReplayTheSpireMod:Calculation Training+1","Loop"],"picked":"Storm","floor":30.0},{"not_picked":["Barrage+1","Sweeping Beam"],"picked":"Force Field","floor":31.0},{"not_picked":["Reboot","ReplayRNGCard"],"picked":"Biased Cognition","floor":33.0},{"not_picked":["Barrage","Rebound","Static Discharge"],"picked":"SKIP","floor":35.0},{"not_picked":["Conserve Battery+1","Barrage"],"picked":"Echo Form","floor":37.0},{"not_picked":["Recycle","Compile Driver"],"picked":"Stack","floor":38.0},{"not_picked":["Aggregate","Steam Power+1"],"picked":"Coolheaded","floor":40.0},{"not_picked":["Gash","Time Bomb+1"],"picked":"Hologram+1","floor":42.0},{"not_picked":["Beam Cell","Gash+1"],"picked":"ReplayTheSpireMod:Repulse+1","floor":44.0},{"not_picked":["Capacitor+1","Lockon+1"],"picked":"Compile Driver","floor":47.0},{"not_picked":["Force Field+1","ReplayRNGCard"],"picked":"Redo+1","floor":48.0},{"not_picked":["BasicCrystalCard+1","Beam Cell+1","Fusion"],"picked":"SKIP","floor":50.0},{"not_picked":["Hyperbeam","Echo Form"],"picked":"Fission","floor":52.0},{"not_picked":["Recycle","Melter"],"picked":"Barrage","floor":54.0},{"not_picked":["Self Repair","Hologram","Streamline"],"picked":"SKIP","floor":55.0},{"not_picked":["Go for the Eyes","Panic Button","ReplayGash"],"picked":"SKIP","floor":58.0},{"not_picked":["Blizzard","Scrape","Rebound"],"picked":"SKIP","floor":59.0},{"not_picked":["Fusion","Sunder","Coolheaded"],"picked":"SKIP","floor":60.0},{"not_picked":["BasicCrystalCard","Gash","ReplayGash"],"picked":"SKIP","floor":61.0},{"not_picked":["FTL","Stack","Steam"],"picked":"SKIP","floor":63.0},{"not_picked":["Streamline","Gash"],"picked":"Buffer","floor":64.0},{"not_picked":["Sunder","Fusion"],"picked":"Consume","floor":65.0},{"not_picked":["ReplayGash","Self Repair"],"picked":"Multi-Cast","floor":67.0},{"not_picked":["infinitespire:Menacing","infinitespire:FutureSight"],"picked":"infinitespire:Collect","floor":69.0},{"not_picked":["Electrodynamics","Creative AI"],"picked":"Seek","floor":69.0},{"not_picked":["Streamline+1","Force Field+1","Barrage+1"],"picked":"SKIP","floor":71.0},{"not_picked":["Cold Snap","Self Repair+1","Gash+1"],"picked":"SKIP","floor":72.0},{"not_picked":["Streamline","Melter+1"],"picked":"Skim","floor":74.0},{"not_picked":["Steam+1","Panic Button","Leap"],"picked":"SKIP","floor":75.0},{"not_picked":["Auto Shields","Force Field","Ball Lightning+1"],"picked":"SKIP","floor":76.0},{"not_picked":["Streamline","ReplayTheSpireMod:Reroute Power"],"picked":"ReplayTheSpireMod:Calculation Training","floor":77.0},{"not_picked":["Rebound+1","Leap+1","Doom and Gloom"],"picked":"SKIP","floor":78.0},{"not_picked":["Rebound","Compile Driver","Blizzard+1"],"picked":"SKIP","floor":82.0},{"not_picked":["Static Discharge","Barrage","Leap+1"],"picked":"SKIP","floor":84.0},{"not_picked":["Creative AI","Hyperbeam"],"picked":"Reboot","floor":86.0},{"not_picked":["Crystallizer","Aggregate","Beam Cell+1"],"picked":"SKIP","floor":88.0},{"not_picked":["Gash","Streamline+1","FIFO Queue+1"],"picked":"SKIP","floor":90.0},{"not_picked":["Steam Power+1","Conserve Battery"],"picked":"Coolheaded+1","floor":91.0},{"not_picked":["Panic Button","BasicCrystalCard+1"],"picked":"Seek","floor":93.0},{"not_picked":["Gash+1","Scrape+1","Loop"],"picked":"SKIP","floor":95.0},{"not_picked":["Redo+1","Loop","Rebound"],"picked":"SKIP","floor":97.0},{"not_picked":["Melter+1","Conserve Battery"],"picked":"Ball Lightning","floor":99.0},{"not_picked":["Glacier","Chill","FTL+1"],"picked":"SKIP","floor":101.0},{"not_picked":["Core Surge","Rainbow"],"picked":"Biased Cognition","floor":103.0},{"not_picked":["Double Energy","Leap","Chill"],"picked":"SKIP","floor":105.0},{"not_picked":["Gash","Barrage","Skim"],"picked":"SKIP","floor":107.0},{"not_picked":["Buffer","Auto Shields","FTL"],"picked":"SKIP","floor":109.0},{"not_picked":["Stack","Hologram"],"picked":"Consume","floor":110.0},{"not_picked":["BasicCrystalCard","Go for the Eyes","ReplayTheSpireMod:Omega Cannon"],"picked":"SKIP","floor":112.0},{"not_picked":["Gash","Skim+1"],"picked":"Genetic Algorithm+1","floor":114.0},{"not_picked":["Hello World","Conserve Battery+1","Barrage"],"picked":"SKIP","floor":118.0},{"not_picked":["Cold Snap+1","Aggregate+1","ReplaySort+1"],"picked":"SKIP","floor":122.0},{"not_picked":["Conserve Battery+1","Stack+1"],"picked":"ReplayRNGCard+1","floor":125.0},{"not_picked":["Beam Cell","Stack+1","Electrodynamics"],"picked":"SKIP","floor":127.0},{"not_picked":["Cold Snap+1","Streamline+1","Conserve Battery+1"],"picked":"SKIP","floor":129.0},{"not_picked":["Hello World","Turbo+1","Steam+1"],"picked":"SKIP","floor":131.0},{"not_picked":["Steam+1","Chaos+1","Buffer"],"picked":"SKIP","floor":132.0},{"not_picked":["Go for the Eyes","Steam+1","ReplayTheSpireMod:Reroute Power+1"],"picked":"SKIP","floor":133.0},{"not_picked":["ReplayTheSpireMod:System Scan+1","Fission+1","Ball Lightning"],"picked":"SKIP","floor":134.0},{"not_picked":["Self Repair+1","ReplayTheSpireMod:Reroute Power+1","Ball Lightning+1"],"picked":"SKIP","floor":135},{"not_picked":["Echo Form","Rainbow+1"],"picked":"Electrodynamics","floor":137},{"not_picked":["Compile Driver+1","Tempest+1","Melter+1"],"picked":"SKIP","floor":139},{"not_picked":["Compile Driver+1","Redo+1","Panic Button+1"],"picked":"SKIP","floor":143},{"not_picked":["Gash","Machine Learning"],"picked":"ReplayTheSpireMod:System Scan+1","floor":144},{"not_picked":["Coolheaded+1","Redo+1","Self Repair+1"],"picked":"SKIP","floor":148},{"not_picked":["Cold Snap","Stack+1","Gash+1"],"picked":"SKIP","floor":149},{"not_picked":["Meteor Strike","Compile Driver+1"],"picked":"Panic Button+1","floor":152},{"not_picked":["ReplayTheSpireMod:Fabricate Wheel+1","Mirror Shield+1"],"picked":"Amplify+1","floor":154},{"not_picked":["Panic Button+1","ReplayGash","Gash"],"picked":"SKIP","floor":158},{"not_picked":["Machine Learning","ReplayTheSpireMod:Fabricate Wheel+1"],"picked":"ReplayTheSpireMod:Omega Cannon","floor":159}],"player_experience":625602,"relics_obtained":[{"floor":6.0,"key":"Gremlin Horn"},{"floor":9.0,"key":"infinitespire:Beetle Shell"},{"floor":11.0,"key":"infinitespire:Satchel"},{"floor":23.0,"key":"Akabeko"},{"floor":25.0,"key":"Red Mask"},{"floor":26.0,"key":"Garlic"},{"floor":30.0,"key":"infinitespire:Lucky Rock"},{"floor":40.0,"key":"Boot"},{"floor":40.0,"key":"Replay:Ringing Soul"},{"floor":42.0,"key":"Bird Faced Urn"},{"floor":42.0,"key":"Replay:Mystery Machine"},{"floor":43.0,"key":"Replay:Baseball"},{"floor":44.0,"key":"HornCleat"},{"floor":44.0,"key":"Solar Panel"},{"floor":48.0,"key":"Dream Catcher"},{"floor":48.0,"key":"MawBank"},{"floor":59.0,"key":"Replay:Antivirus Software"},{"floor":59.0,"key":"Simple Rune"},{"floor":61.0,"key":"Lantern"},{"floor":61.0,"key":"Blue Candle"},{"floor":62.0,"key":"Orichalcum"},{"floor":64.0,"key":"Ice Cream"},{"floor":64.0,"key":"Pear"},{"floor":67.0,"key":"Bag of Preparation"},{"floor":67.0,"key":"Kunai"},{"floor":76.0,"key":"CaptainsWheel"},{"floor":76.0,"key":"Ancient Tea Set"},{"floor":78.0,"key":"Divine Protection"},{"floor":78.0,"key":"Replay:Bandana"},{"floor":79.0,"key":"infinitespire:Eraser"},{"floor":93.0,"key":"Matryoshka"},{"floor":93.0,"key":"Anchor"},{"floor":96.0,"key":"Strawberry"},{"floor":96.0,"key":"Smiling Mask"},{"floor":108.0,"key":"Geode"},{"floor":110.0,"key":"Quantum Egg"},{"floor":110.0,"key":"Blood Vial"},{"floor":112.0,"key":"Dead Branch"},{"floor":112.0,"key":"War Paint"},{"floor":113.0,"key":"Centennial Puzzle"},{"floor":114.0,"key":"Toxic Egg 2"},{"floor":114.0,"key":"Replay:Wax Seal"},{"floor":116.0,"key":"Odd Mushroom"},{"floor":124.0,"key":"Kunai"},{"floor":127.0,"key":"Shuriken"},{"floor":127.0,"key":"Mirror"},{"floor":129.0,"key":"Gremlin Food"},{"floor":129.0,"key":"infinitespire:Broken Mirror"},{"floor":130.0,"key":"Pet Ghost"},{"floor":132.0,"key":"Pantograph"},{"floor":132.0,"key":"TungstenRod"},{"floor":134.0,"key":"Blue Doll"},{"floor":134.0,"key":"Replay:Rubber Ducky"},{"floor":141,"key":"infinitespire:Joker Card"},{"floor":144,"key":"Regal Pillow"},{"floor":144,"key":"MealTicket"},{"floor":147,"key":"CeramicFish"},{"floor":149,"key":"Replay:WaspNest"},{"floor":149,"key":"Tiny Chest"},{"floor":152,"key":"Toy Ornithopter"},{"floor":152,"key":"Replay:Bottled Flurry"},{"floor":155,"key":"Nunchaku"},{"floor":155,"key":"InkBottle"},{"floor":155,"key":"Counterbalance"},{"floor":158,"key":"Golden Egg"},{"floor":158,"key":"Grinning Jar"}],"event_choices":[{"damage_healed":0.0,"max_hp_gain":0.0,"max_hp_loss":0.0,"gold_gain":0.0,"event_name":"The Library","player_choice":"Read","floor":19.0,"gold_loss":0.0,"damage_taken":0.0,"cards_obtained":["Chill"]},{"damage_healed":0.0,"max_hp_gain":0.0,"max_hp_loss":0.0,"gold_gain":0.0,"event_name":"Nest","player_choice":"Joined the Cult","floor":22.0,"gold_loss":0.0,"damage_taken":6.0,"cards_obtained":["RitualDagger"]},{"damage_healed":0.0,"max_hp_gain":0.0,"max_hp_loss":0.0,"gold_gain":0.0,"event_name":"Masked Bandits","player_choice":"Fought Bandits","floor":25.0,"gold_loss":0.0,"damage_taken":0.0},{"damage_healed":0.0,"max_hp_gain":0.0,"max_hp_loss":0.0,"gold_gain":0.0,"cards_transformed":["Defend_B","Strike_B"],"event_name":"Drug Dealer","player_choice":"Became Test Subject","floor":27.0,"gold_loss":0.0,"damage_taken":0.0,"cards_obtained":["Conserve Battery","Doom and Gloom"]},{"cards_removed":["Defend_B"],"damage_healed":0.0,"max_hp_gain":0.0,"max_hp_loss":0.0,"gold_gain":0.0,"event_name":"Purifier","player_choice":"Purged","floor":36.0,"gold_loss":0.0,"damage_taken":0.0},{"damage_healed":0.0,"max_hp_gain":0.0,"max_hp_loss":0.0,"gold_gain":0.0,"event_name":"The Woman in Blue","player_choice":"Bought 0 Potions","floor":57.0,"gold_loss":0.0,"damage_taken":0.0},{"damage_healed":0.0,"max_hp_gain":0.0,"max_hp_loss":0.0,"gold_gain":0.0,"event_name":"Lab","player_choice":"Got Potions","floor":73.0,"gold_loss":0.0,"damage_taken":0.0},{"damage_healed":0.0,"max_hp_gain":0.0,"max_hp_loss":0.0,"gold_gain":222.0,"event_name":"Tomb of Lord Red Mask","player_choice":"Wore Mask","floor":92.0,"gold_loss":0.0,"damage_taken":0.0},{"damage_healed":0.0,"max_hp_gain":0.0,"max_hp_loss":0.0,"gold_gain":0.0,"event_name":"Mushrooms","player_choice":"Fought Mushrooms","floor":116.0,"gold_loss":0.0,"damage_taken":0.0},{"damage_healed":0,"gold_gain":0,"player_choice":"Ignored","damage_taken":0,"max_hp_gain":0,"max_hp_loss":0,"event_name":"Transmorgrifier","floor":140,"gold_loss":0},{"damage_healed":0,"gold_gain":0,"player_choice":"Fight","damage_taken":0,"max_hp_gain":0,"max_hp_loss":0,"event_name":"Mysterious Sphere","floor":141,"gold_loss":0},{"damage_healed":0,"gold_gain":0,"player_choice":"Ignored","damage_taken":0,"max_hp_gain":0,"max_hp_loss":0,"event_name":"SecretPortal","floor":142,"gold_loss":0},{"cards_removed":["Cold Snap"],"damage_healed":5,"gold_gain":0,"player_choice":"Offered Common","damage_taken":0,"max_hp_gain":0,"max_hp_loss":0,"event_name":"Bonfire Elementals","floor":151,"gold_loss":0},{"cards_removed":["Cold Snap"],"damage_healed":5,"gold_gain":0,"player_choice":"Offered Special","damage_taken":0,"max_hp_gain":0,"max_hp_loss":0,"event_name":"Bonfire Elementals","floor":151,"gold_loss":0}],"is_beta":false,"boss_relics":[{"not_picked":["Velvet Choker","Snecko Eye"],"picked":"Philosopher\u0027s Stone"},{"not_picked":["Ring of Chaos","Kintsugi"],"picked":"Black Star"},{"not_picked":["Replay:Wanted Poster","Runic Dome"],"picked":"ChewingGum"},{"not_picked":["Replay:Fungal Core","Painkiller Herb"],"picked":"Empty Cage"},{"not_picked":["Runic Pyramid","Snecko Eye"],"picked":"Nuclear Battery"},{"not_picked":["Replay:Ancient Bell","ReplayTheSpireMod:SealedPack"],"picked":"Replay:Bronze Core"},{"not_picked":["Sozu","Runic Dome"],"picked":"Replay:Wanted Poster"},{"not_picked":["FrozenCore","Busted Crown"],"picked":"Tiny House"},{"not_picked":["ReplayTheSpireMod:DimensionalGlitch","Pandora\u0027s Box"],"picked":"Calling Bell"}],"items_purged_floors":[28,39,81,89,106,126,145,157],"is_endless":true,"potions_floor_spawned":[2,6,7,11,12,13,20,21,25,30,33,35,37,50,52,59,60,61,67,74,77,78,84,86,91,93,95,99,107,112,118,120,122,124,125,134,148,149,159],"ascension_level":5}}