{"host":"w3q5ijqu8eoknil3","time":1610327397,"event":{"mods":["AchievementEnabler","BaseMod","Block Reminder","Colored Powertips","Curses Come First","Minty Spire (QoL Compilation)","Quick Restart","Relic Stats","StSLib","ojb\u0027s Better Paths Mod","ojb\u0027s Info Mod","slay the spire mod where everything is the same but ironclad has a cowboy hat"],"gold_per_floor":[109,109,109,184,201,201,226,236,236,236,265,265,281,11,11,85,85,96,116,133,133,151,151,186,206,206,96,116,116,116],"floor_reached":29,"playtime":866,"items_purged":[],"score":532,"play_id":"dc805c07-c4e8-4047-b506-c1fbe1300086","local_time":"20210111010957","is_ascension_mode":true,"campfire_choices":[{"data":"Skewer","floor":6,"key":"SMITH"},{"floor":10,"key":"REST"},{"data":"Dash","floor":12,"key":"SMITH"},{"data":"PiercingWail","floor":15,"key":"SMITH"},{"floor":23,"key":"REST"}],"circlet_count":0,"master_deck":["AscendersBane","Strike_G","Strike_G","Strike_G","Defend_G","Defend_G","Defend_G","Defend_G","Defend_G","Survivor","Neutralize","Skewer+1","Dash+1","Backflip","Caltrops","PiercingWail+1","A Thousand Cuts+1","Adrenaline","Calculated Gamble","Poisoned Stab+1","Backstab+1","Choke+1","Predator+1","Flechettes+1","Masterful Stab+1"],"relics":["Ring of the Snake","NeowsBlessing","Kunai","Blue Candle","Gremlin Horn","Mercury Hourglass","Molten Egg 2","Fusion Hammer","Bottled Lightning","Singing Bowl"],"acts_visited":["Exordium","TheCity"],"potions_floor_usage":[16,16,19,22,28,29],"damage_taken":[{"damage":0,"enemies":"Small Slimes","floor":1,"turns":1},{"damage":0,"enemies":"2 Louse","floor":5,"turns":1},{"damage":0,"enemies":"Gremlin Nob","floor":7,"turns":1},{"damage":0,"enemies":"Jaw Worm","floor":8,"turns":5},{"damage":19,"enemies":"3 Sentries","floor":11,"turns":12},{"damage":0,"enemies":"Lots of Slimes","floor":13,"turns":2},{"damage":22,"enemies":"Hexaghost","floor":16,"turns":9},{"damage":0,"enemies":"3 Byrds","floor":18,"turns":3},{"damage":18,"enemies":"Spheric Guardian","floor":19,"turns":5},{"damage":18,"enemies":"Cultist and Chosen","floor":20,"turns":4},{"damage":12,"enemies":"Snake Plant","floor":22,"turns":3},{"damage":25,"enemies":"Slavers","floor":24,"turns":5},{"damage":6,"enemies":"Chosen and Byrds","floor":25,"turns":4},{"damage":3,"enemies":"Snecko","floor":28,"turns":4},{"damage":8,"enemies":"Cultist and Chosen","floor":29,"turns":4}],"seed_played":"-7974249497361225735","potions_obtained":[{"floor":1,"key":"FearPotion"},{"floor":13,"key":"LiquidBronze"},{"floor":16,"key":"FairyPotion"},{"floor":18,"key":"SkillPotion"},{"floor":20,"key":"Fire Potion"},{"floor":25,"key":"Ancient Potion"},{"floor":28,"key":"DistilledChaos"}],"is_trial":false,"path_per_floor":["M","?","?","?","M","R","E","M","T","R","E","R","M","$","R","B",null,"M","M","M","?","M","R","E","M","T","?","M","M"],"character_chosen":"THE_SILENT","items_purchased":["Molten Egg 2"],"campfire_rested":2,"item_purchase_floors":[14],"current_hp_per_floor":[59,41,34,23,23,23,23,23,23,42,23,23,23,23,23,1,50,50,32,14,8,19,38,13,7,7,7,4,0,0],"gold":116,"neow_bonus":"THREE_ENEMY_KILL","is_daily":false,"chose_seed":false,"campfire_upgraded":3,"win_rate":0.0,"timestamp":1610327397,"path_taken":["M","?","?","?","M","R","E","M","T","R","E","R","M","$","R","BOSS","M","M","M","?","M","R","E","?","T","?","M","M"],"items_purchased_type":["Relic"],"build_version":"2020-12-22","purchased_purges":0,"victory":false,"max_hp_per_floor":[66,66,66,66,66,66,66,66,66,66,66,66,66,66,66,66,66,66,66,66,66,66,66,66,66,66,66,66,66,66],"relic_stats":{"Gremlin Horn":[13,13],"Singing Bowl":0,"counters":[15,63],"Blue Candle":[0],"Kunai":[12],"obtain_stats":[{"NeowsBlessing":0,"Gremlin Horn":9,"Singing Bowl":26,"Blue Candle":7,"Molten Egg 2":14,"Fusion Hammer":17,"Kunai":2,"Bottled Lightning":24,"Ring of the Snake":0,"Mercury Hourglass":11},{"NeowsBlessing":0,"Gremlin Horn":4,"Singing Bowl":13,"Blue Candle":3,"Molten Egg 2":6,"Fusion Hammer":7,"Kunai":1,"Bottled Lightning":12,"Ring of the Snake":0,"Mercury Hourglass":5},{"NeowsBlessing":0,"Gremlin Horn":8,"Singing Bowl":55,"Blue Candle":3,"Molten Egg 2":22,"Fusion Hammer":31,"Kunai":1,"Bottled Lightning":51,"Ring of the Snake":0,"Mercury Hourglass":20}],"Ring of the Snake":[30],"Mercury Hourglass":[177]},"card_choices":[{"not_picked":["Blur","Quick Slash"],"picked":"Skewer","floor":1},{"not_picked":["Slice","Dodge and Roll"],"picked":"Dash","floor":5},{"not_picked":["Infinite Blades","Prepared"],"picked":"Backflip","floor":7},{"not_picked":["Reflex","Dodge and Roll"],"picked":"Caltrops","floor":8},{"not_picked":["Escape Plan","Cloak And Dagger"],"picked":"PiercingWail","floor":11},{"not_picked":["Flying Knee","Heel Hook"],"picked":"A Thousand Cuts","floor":13},{"not_picked":["Unload+1","Envenom"],"picked":"Adrenaline","floor":16},{"not_picked":["Underhanded Strike+1","Setup+1"],"picked":"Calculated Gamble","floor":18},{"not_picked":["Dodge and Roll","Acrobatics"],"picked":"Poisoned Stab+1","floor":19},{"not_picked":["Poisoned Stab+1","Deadly Poison"],"picked":"Backstab+1","floor":20},{"not_picked":["Dagger Spray+1","Dodge and Roll"],"picked":"Choke+1","floor":22},{"not_picked":["Quick Slash+1","Outmaneuver+1"],"picked":"Predator+1","floor":24},{"not_picked":["Grand Finale+1","Reflex"],"picked":"Flechettes+1","floor":25},{"not_picked":["Dagger Throw+1","Skewer+1"],"picked":"Masterful Stab+1","floor":28}],"player_experience":955514,"relics_obtained":[{"floor":7,"key":"Blue Candle"},{"floor":9,"key":"Gremlin Horn"},{"floor":11,"key":"Mercury Hourglass"},{"floor":24,"key":"Bottled Lightning"},{"floor":26,"key":"Singing Bowl"}],"event_choices":[{"damage_healed":0,"gold_gain":0,"player_choice":"Success","damage_taken":18,"relics_obtained":["Kunai"],"max_hp_gain":0,"max_hp_loss":0,"event_name":"Scrap Ooze","floor":2,"gold_loss":0},{"cards_removed":["Strike_G"],"damage_healed":0,"gold_gain":0,"player_choice":"Card Removal","damage_taken":7,"max_hp_gain":0,"max_hp_loss":0,"event_name":"Golden Wing","floor":3,"gold_loss":0},{"damage_healed":0,"gold_gain":75,"player_choice":"Gather Gold","damage_taken":11,"max_hp_gain":0,"max_hp_loss":0,"event_name":"World of Goop","floor":4,"gold_loss":0},{"damage_healed":0,"gold_gain":0,"player_choice":"","damage_taken":6,"max_hp_gain":0,"max_hp_loss":0,"event_name":"Knowing Skull","floor":21,"potions_obtained":[],"gold_loss":0,"cards_obtained":[]},{"cards_removed":["Strike_G"],"damage_healed":0,"gold_gain":0,"player_choice":"Upgrade and Remove","damage_taken":0,"max_hp_gain":0,"max_hp_loss":0,"event_name":"Designer","floor":27,"gold_loss":110,"cards_upgraded":["A Thousand Cuts"]}],"is_beta":false,"boss_relics":[{"not_picked":["Tiny House","Black Star"],"picked":"Fusion Hammer"}],"items_purged_floors":[],"is_endless":false,"potions_floor_spawned":[1,13,16,18,20,25,28],"killed_by":"Cultist and Chosen","ascension_level":18}}