{"host":"ha6p5pdchuduffeg","time":1610353085,"event":{"mods":["Act Like it!","BaseMod","Gensokyo","KinomotoSakuraMod(ƒæ÷Æ±æ”£)","Koishi","Marisa£®ÏF”Í°°ƒß¿Ì…≥£©","Minty Spire (QoL Compilation)","Reimu£®≤©¿ˆ¡È√Œ£©","Remilia£®¿Ÿ√◊¿Ú—«£©","Replay The Spire","StSLib","The Servant 0.9.4","Youmu£®ªÍ∆«—˝√Œ£©"],"gold_per_floor":[114,114,114,114,130,130,130,155,155,155,102,102,112,126,126,229,279,295,295,150,168,182,182,196,196,196],"floor_reached":25,"playtime":1096,"items_purged":[],"score":241,"play_id":"2d60ce9a-94e1-4e5a-af58-270d96e443fc","local_time":"20210111161805","is_ascension_mode":true,"campfire_choices":[{"data":"KidneyShot","floor":6.0,"key":"SMITH"},{"floor":12.0,"key":"REST"},{"floor":15.0,"key":"REST"},{"floor":23,"key":"REST"}],"circlet_count":0,"master_deck":["Strike_S","Strike_S","Strike_S","Strike_S","Defend_S","Defend_S","Defend_S","KidneyShot+1","Exchange+1","GearUp+1","TheWorld+1","Ricochet","Defy","ShatteredReality","KillingDoll","FanOfKnives"],"relics":["Uniform","Happy Flower","White Beast Statue","Letter Opener","Tiny House","ReplayFunnel"],"acts_visited":["Exordium","TheCity"],"potions_floor_usage":[24],"damage_taken":[{"damage":2.0,"enemies":"Jaw Worm","floor":1.0,"turns":6.0},{"damage":0.0,"enemies":"Cultist","floor":5.0,"turns":4.0},{"damage":33.0,"enemies":"3 Sentries","floor":8.0,"turns":11.0},{"damage":0.0,"enemies":"2 Louse","floor":13.0,"turns":1.0},{"damage":8.0,"enemies":"Red Slaver","floor":14.0,"turns":3.0},{"damage":15.0,"enemies":"The Guardian","floor":16.0,"turns":16.0},{"damage":30.0,"enemies":"2 Thieves","floor":18.0,"turns":5.0},{"damage":7.0,"enemies":"Chosen","floor":21.0,"turns":6.0},{"damage":31,"enemies":"Shelled Parasite and Fungi","floor":22,"turns":10},{"damage":41,"enemies":"Snake Plant","floor":24,"turns":8},{"damage":0,"enemies":"Chosen and Byrds","floor":25,"turns":1}],"seed_played":"1335517547067792581","potions_obtained":[{"floor":1.0,"key":"SteroidPotion"},{"floor":5.0,"key":"Block Potion"},{"floor":8.0,"key":"Ancient Potion"},{"floor":17.0,"key":"LiquidMemories"},{"floor":22,"key":"LiquidMemories"},{"floor":24,"key":"ZuzhouPotion:ReiMu"}],"is_trial":false,"path_per_floor":["M","$","?","?","M","R","?","E","T","?","$","R","M","M","R","B",null,"M","?","$","M","M","R","M","M"],"character_chosen":"THE_SERVANT","items_purchased":["Ricochet","ReplayFunnel"],"campfire_rested":3,"item_purchase_floors":[11,20],"current_hp_per_floor":[63,63,63,63,63,63,63,30,30,30,30,49,49,41,60,45,70,40,63,63,56,25,46,5,5,5],"gold":196,"neow_bonus":"RANDOM_COMMON_RELIC","is_daily":false,"chose_seed":false,"campfire_upgraded":1,"win_rate":0.0,"timestamp":1610353085,"path_taken":["M","$","?","?","?","R","?","E","T","?","$","R","M","M","R","BOSS","M","?","$","M","M","R","M","M"],"items_purchased_type":["Card","Relic"],"build_version":"2020-12-22","purchased_purges":0,"victory":false,"max_hp_per_floor":[65,65,65,65,65,65,65,65,65,65,65,65,65,65,65,65,70,70,70,70,70,70,70,70,70,70],"card_choices":[{"not_picked":["InstantArmor","Unruled"],"picked":"GearUp","floor":1.0},{"not_picked":["Alleviate","Starlight","DoubleEdge"],"picked":"SKIP","floor":5.0},{"not_picked":["Alleviate","Starlight","DoubleEdge"],"picked":"SKIP","floor":5.0},{"not_picked":["FastForward","DoubleEdge"],"picked":"TheWorld","floor":8.0},{"not_picked":["Replace","GearUp"],"picked":"Defy","floor":13.0},{"not_picked":["TimeTheft","MoonPhase"],"picked":"ShatteredReality","floor":14.0},{"not_picked":["TrueSight","Embodiment"],"picked":"KillingDoll","floor":16.0},{"not_picked":["Potential","Unruled+1","FastForward"],"picked":"SKIP","floor":18.0},{"not_picked":["Potential+1","Foresight","Shuttle"],"picked":"SKIP","floor":21.0},{"not_picked":["Moonlight","Unruled"],"picked":"FanOfKnives","floor":22},{"not_picked":["Unruled+1","TimeWarp","Shuttle"],"picked":"SKIP","floor":24}],"player_experience":59184,"relics_obtained":[{"floor":8.0,"key":"White Beast Statue"},{"floor":9.0,"key":"Letter Opener"}],"event_choices":[{"damage_healed":0.0,"max_hp_gain":0.0,"max_hp_loss":0.0,"gold_gain":0.0,"event_name":"Living Wall","player_choice":"Grow","floor":3.0,"gold_loss":0.0,"damage_taken":0.0,"cards_upgraded":["GearUp"]},{"cards_removed":["Defend_S"],"damage_healed":0.0,"max_hp_gain":0.0,"max_hp_loss":0.0,"gold_gain":0.0,"event_name":"Bonfire Elementals","player_choice":"Offered Basic","floor":4.0,"gold_loss":0.0,"damage_taken":0.0},{"damage_healed":0.0,"max_hp_gain":0.0,"max_hp_loss":0.0,"gold_gain":0.0,"event_name":"The Cleric","player_choice":"Leave","floor":7.0,"gold_loss":0.0,"damage_taken":0.0},{"damage_healed":0.0,"max_hp_gain":0.0,"max_hp_loss":0.0,"gold_gain":0.0,"event_name":"Upgrade Shrine","player_choice":"Upgraded","floor":10.0,"gold_loss":0.0,"damage_taken":0.0,"cards_upgraded":["TheWorld"]},{"damage_healed":23.0,"max_hp_gain":0.0,"max_hp_loss":0.0,"gold_gain":0.0,"event_name":"The Library","player_choice":"Heal","floor":19.0,"gold_loss":0.0,"damage_taken":0.0}],"is_beta":false,"boss_relics":[{"not_picked":["Runic Pyramid","Ectoplasm"],"picked":"Tiny House"}],"items_purged_floors":[],"is_endless":false,"potions_floor_spawned":[1,5,8,13,14,16,18,21,22,24],"killed_by":"Chosen and Byrds","ascension_level":4}}