{"host":"9n00qg11haooyz80","time":1610385504,"event":{"mods":["BaseMod","Downfall","Minty Spire (QoL Compilation)","Rare Cards Sparkle","StSLib"],"gold_per_floor":[99,99,374,151,151,151,229,229,229,263,279,26,26,45,64,169,169,94,113,125,137,155,38,38,55,55,71,71,89,89,121,137,233,233,233,249,299,8,23,38,62,111,111,126,126,126,126],"floor_reached":45,"playtime":2437,"items_purged":["Regret","Doubt"],"score":465,"play_id":"1673664e-6316-4d6c-9aa6-382244de45ac","local_time":"20210111181824","is_ascension_mode":false,"campfire_choices":[{"data":"Guardian:TwinSlam","floor":1,"key":"SMITH"},{"data":"Guardian:Repulse","floor":13,"key":"SMITH"},{"data":"Guardian:HyperBeam_Guardian","floor":18,"key":"SMITH"},{"floor":26,"key":"RECALL"},{"floor":30,"key":"REST"}],"circlet_count":0,"master_deck":["Guardian:Strike_Guardian+1","Guardian:Strike_Guardian+1","Guardian:Strike_Guardian","Guardian:Strike_Guardian","Guardian:Defend_Guardian","Guardian:Defend_Guardian","Guardian:Defend_Guardian","Guardian:Defend_Guardian","Guardian:CurlUp","Guardian:TwinSlam+1","Guardian:RollAttack","Guardian:ShieldCharger","Guardian:Incinerate","Guardian:StasisField+1","Guardian:Repulse+1","Guardian:TemporalStrike","Guardian:CrystalBeam","Guardian:HyperBeam_Guardian+1","Guardian:PiercingHide+1","Guardian:RollAttack","Guardian:BronzeOrb","Guardian:Recover+1","Guardian:TimeBomb+1","Guardian:ChargeCore","Guardian:TimeCapacitor","Guardian:PrismaticBeam+1","Guardian:VentSteam+1","Guardian:TimeSifter","Guardian:Gem_Lightblue","Guardian:Gem_Green","Guardian:ShieldCharger+1","Guardian:PrismaticBarrier+1","Guardian:Recover+1","Guardian:SpikerProtocol","Guardian:Incinerate","Madness+1","Guardian:Preprogram+1","Guardian:PrimingBeam+1","Slimebound:Icky","Shame","Guardian:BronzeOrb+1"],"relics":["Guardian:ModeShifter","downfall:HeartsMalice","Bag of Preparation","Guardian:PickAxe","Toxic Egg 2","PreservedInsect","Mummified Hand","Cursed Key","downfall:HeartBlessingGreen","Bird Faced Urn","Red Mask","Sozu","Pocketwatch","Vajra","Sling","Whetstone","Centennial Puzzle"],"acts_visited":["Exordium","TheCity","TheBeyond"],"potions_floor_usage":[14,32,38,38],"damage_taken":[{"damage":0,"enemies":"Cultist","floor":2,"turns":1},{"damage":0,"enemies":"downfall:FleeingMerchant","floor":4,"turns":1},{"damage":0,"enemies":"2 Louse","floor":5,"turns":1},{"damage":3,"enemies":"2 Louse","floor":6,"turns":5},{"damage":10,"enemies":"Gremlin Nob","floor":10,"turns":4},{"damage":0,"enemies":"Small Slimes","floor":11,"turns":1},{"damage":0,"enemies":"downfall:FleeingMerchant","floor":12,"turns":4},{"damage":24,"enemies":"Gremlin Gang","floor":14,"turns":4},{"damage":0,"enemies":"Blue Slaver","floor":15,"turns":4},{"damage":19,"enemies":"downfall:Watcher","floor":16,"turns":10},{"damage":0,"enemies":"3 Byrds","floor":19,"turns":3},{"damage":0,"enemies":"Spheric Guardian","floor":20,"turns":3},{"damage":13,"enemies":"Snake Plant","floor":21,"turns":2},{"damage":18,"enemies":"Shelled Parasite and Fungi","floor":22,"turns":5},{"damage":0,"enemies":"downfall:FleeingMerchant","floor":23,"turns":4},{"damage":1,"enemies":"3 Cultists","floor":25,"turns":3},{"damage":14,"enemies":"Centurion and Healer","floor":27,"turns":5},{"damage":8,"enemies":"Cultist and Chosen","floor":29,"turns":5},{"damage":0,"enemies":"Masked Bandits","floor":31,"turns":1},{"damage":0,"enemies":"Shelled Parasite and Fungi","floor":32,"turns":3},{"damage":33,"enemies":"downfall:Silent","floor":33,"turns":7},{"damage":10,"enemies":"Orb Walker","floor":36,"turns":3},{"damage":7,"enemies":"Mind Bloom Boss Battle","floor":37,"turns":6},{"damage":10,"enemies":"downfall:FleeingMerchant","floor":38,"turns":3},{"damage":7,"enemies":"3 Shapes","floor":39,"turns":2},{"damage":17,"enemies":"Maw","floor":40,"turns":7},{"damage":24,"enemies":"Spire Growth","floor":44,"turns":4},{"damage":41,"enemies":"Writhing Mass","floor":45,"turns":5}],"seed_played":"-4231481168315395127","potions_obtained":[{"floor":10,"key":"PowerPotion"},{"floor":14,"key":"Explosive Potion"},{"floor":15,"key":"BlessingOfTheForge"},{"floor":16,"key":"AttackPotion"},{"floor":27,"key":"DistilledChaos"},{"floor":31,"key":"Strength Potion"},{"floor":32,"key":"Explosive Potion"}],"is_trial":false,"path_per_floor":["R","M","?","$","M","?","T","R","?","E","M","$","R","M","M","B",null,"R","M","M","M","M","$","T","M","R","M","R","M","R","?","M","B",null,"R","M","?","$","M","M","T","?","?","M","M"],"character_chosen":"GUARDIAN","items_purchased":["Bag of Preparation","Mummified Hand","Guardian:ChargeCore","Guardian:Gem_Green","Vajra","Sling","Guardian:Recover+1","Guardian:SpikerProtocol","Guardian:Incinerate","Madness+1"],"campfire_rested":1,"item_purchase_floors":[4,12,23,23,38,38,38,38,38,38],"current_hp_per_floor":[80,80,80,80,80,59,59,59,59,49,49,49,49,25,25,6,80,80,80,80,67,49,49,49,50,50,40,40,36,60,60,60,31,80,80,70,69,65,60,51,51,51,51,35,0,0,0],"gold":126,"neow_bonus":"THREE_ENEMY_KILL","is_daily":false,"chose_seed":false,"campfire_upgraded":3,"win_rate":0.0,"timestamp":1610385504,"path_taken":["R","M","?","?","M","?","T","R","?","E","M","$","R","M","M","BOSS","R","?","M","M","M","$","T","M","R","M","R","M","R","?","M","BOSS","R","M","?","$","M","M","T","?","?","M","M"],"items_purchased_type":["Relic","Relic","Card","Card","Relic","Relic","Card","Card","Card","Card"],"build_version":"2020-12-22","purchased_purges":2,"victory":false,"max_hp_per_floor":[80,80,80,80,80,80,80,80,80,80,80,80,80,80,80,80,80,80,80,80,80,80,80,80,80,80,80,80,80,80,80,80,80,80,80,80,80,80,80,80,80,80,80,80,80,80,80],"card_choices":[{"not_picked":["Guardian:ShieldCharger","Guardian:FloatingOrbs"],"picked":"Guardian:Gem_Red","floor":2},{"not_picked":["Guardian:GuardianWhirl","Guardian:Gem_Lightblue"],"picked":"Guardian:RollAttack","floor":4},{"not_picked":["Guardian:Recover","Guardian:Gem_Cyan"],"picked":"Guardian:ShieldCharger","floor":5},{"not_picked":["Guardian:TemporalShield+1","Guardian:SpikerProtocol"],"picked":"Guardian:Incinerate","floor":10},{"not_picked":["Guardian:WalkerClaw","Guardian:RefractedBeam"],"picked":"Guardian:StasisField+1","floor":11},{"not_picked":["Guardian:Gem_Red","Guardian:ShieldCharger+1"],"picked":"Guardian:Repulse","floor":12},{"not_picked":["Guardian:Gem_Red","Guardian:Gem_Blue"],"picked":"Guardian:TemporalStrike","floor":14},{"not_picked":["Guardian:Gem_Cyan","Guardian:Gem_Fragmented"],"picked":"Guardian:CrystalBeam","floor":15},{"not_picked":["Guardian:ConstructionForm","Guardian:Gem_Synthetic"],"picked":"Guardian:HyperBeam_Guardian","floor":16},{"not_picked":["Guardian:Gem_Red","Guardian:Gem_Purple"],"picked":"Guardian:PiercingHide+1","floor":19},{"not_picked":["Guardian:TemporalStrike","Guardian:PolyBeam"],"picked":"Guardian:RollAttack","floor":20},{"not_picked":["Guardian:Preprogram+1","Guardian:Repulse"],"picked":"Guardian:BronzeOrb","floor":21},{"not_picked":["Guardian:Gem_Red","Guardian:Gem_Crimson"],"picked":"Guardian:Recover+1","floor":22},{"not_picked":["Guardian:ShieldCharger+1","Guardian:Reroute"],"picked":"Guardian:TimeBomb+1","floor":23},{"not_picked":["Guardian:PiercingHide+1","Guardian:RollAttack"],"picked":"Guardian:TimeCapacitor","floor":25},{"not_picked":["Guardian:Incinerate+1","Guardian:DonusPower+1"],"picked":"Guardian:PrismaticBeam+1","floor":27},{"not_picked":["Guardian:Gem_Fragmented","Guardian:ConstructionForm"],"picked":"Guardian:VentSteam+1","floor":29},{"not_picked":["Guardian:Reroute","Guardian:ShieldCharger+1"],"picked":"Guardian:Gem_Green","floor":31},{"not_picked":["Guardian:Suspension+1","Guardian:PrimingBeam+1"],"picked":"Guardian:Gem_Lightblue","floor":32},{"not_picked":["Guardian:Gem_Orange","Guardian:RevengeProtocol"],"picked":"Guardian:TimeSifter","floor":33},{"not_picked":["Guardian:Recover+1","Guardian:Gem_Lightblue"],"picked":"Guardian:ShieldCharger+1","floor":36},{"not_picked":["Guardian:Recover+1","Guardian:Gem_Red"],"picked":"Guardian:PrismaticBarrier+1","floor":37},{"not_picked":["Guardian:TemporalStrike","Guardian:Gem_Orange"],"picked":"Guardian:AncientConstruct","floor":38},{"not_picked":["Guardian:PrimingBeam+1","Guardian:Emergency+1"],"picked":"Guardian:Preprogram+1","floor":39},{"not_picked":["Guardian:WalkerClaw+1","Guardian:PrismaticBeam"],"picked":"Guardian:PrimingBeam+1","floor":40},{"not_picked":["Guardian:Gem_Fragmented","Guardian:PiercingHide+1"],"picked":"Guardian:BronzeOrb+1","floor":44}],"player_experience":95875,"relics_obtained":[{"floor":7,"key":"Toxic Egg 2"},{"floor":10,"key":"PreservedInsect"},{"floor":24,"key":"Bird Faced Urn"},{"floor":31,"key":"Red Mask"},{"floor":37,"key":"Pocketwatch"},{"floor":41,"key":"Whetstone"},{"floor":42,"key":"Centennial Puzzle"}],"event_choices":[{"damage_healed":0,"gold_gain":0,"player_choice":"Fought Bandits","damage_taken":0,"max_hp_gain":0,"max_hp_loss":0,"event_name":"Masked Bandits","floor":31,"gold_loss":0},{"cards_removed":["Guardian:AncientConstruct"],"damage_healed":0,"gold_gain":0,"player_choice":"Removed Power","damage_taken":0,"max_hp_gain":0,"max_hp_loss":0,"event_name":"Falling","floor":43,"gold_loss":0}],"is_beta":false,"boss_relics":[{"not_picked":["Guardian:ModeShifterPlus","Empty Cage"],"picked":"Cursed Key"},{"not_picked":["Runic Pyramid","Fusion Hammer"],"picked":"Sozu"}],"items_purged_floors":[4,38],"is_endless":false,"potions_floor_spawned":[10,14,15,16,21,25,27,31,32,37,39],"killed_by":"Writhing Mass","ascension_level":0}}