{"host":"7gewg82ormp6yt4e","time":1610363481,"event":{"mods":["BaseMod","Block Reminder","Colored Map","Colored Powertips","DeckTracker","Highlight Path","Minty Spire (QoL Compilation)","Relic Stats","StSLib","ojb\u0027s Info Mod"],"gold_per_floor":[119,89,108,128,25,25,51,71,71,106,118,135,135,150,150,227,227,243,254,254,254,254],"floor_reached":21,"playtime":883,"items_purged":["Normality"],"score":386,"play_id":"6d005824-7110-49b9-806c-49c66cb6c01c","local_time":"20210111201121","is_ascension_mode":true,"campfire_choices":[{"data":"Recycle","floor":6.0,"key":"SMITH"},{"data":"The Bomb","floor":13,"key":"SMITH"},{"data":"Consume","floor":15,"key":"SMITH"}],"circlet_count":0,"master_deck":["AscendersBane","Strike_B","Strike_B","Strike_B","Strike_B","Defend_B","Defend_B","Defend_B","Defend_B","Zap","Dualcast","The Bomb+1","Recycle+1","FTL","Steam","Coolheaded","Hologram","Consume+1","Leap","Turbo","Fission","Steam"],"relics":["Cracked Core","Pantograph","Lizard Tail","Inserter"],"acts_visited":["Exordium","TheCity"],"potions_floor_usage":[10,16,16],"damage_taken":[{"damage":3.0,"enemies":"2 Louse","floor":1.0,"turns":2.0},{"damage":7.0,"enemies":"Cultist","floor":3.0,"turns":4.0},{"damage":10.0,"enemies":"Small Slimes","floor":4.0,"turns":3.0},{"damage":7.0,"enemies":"Gremlin Nob","floor":7.0,"turns":3.0},{"damage":6.0,"enemies":"3 Louse","floor":8.0,"turns":4.0},{"damage":2,"enemies":"Lagavulin","floor":10,"turns":5},{"damage":5,"enemies":"2 Fungi Beasts","floor":11,"turns":3},{"damage":7,"enemies":"Large Slime","floor":12,"turns":4},{"damage":10,"enemies":"3 Louse","floor":14,"turns":3},{"damage":20,"enemies":"Hexaghost","floor":16,"turns":9},{"damage":33,"enemies":"Spheric Guardian","floor":18,"turns":6},{"damage":24,"enemies":"Chosen","floor":19,"turns":6},{"damage":41,"enemies":"Snake Plant","floor":21,"turns":5}],"seed_played":"6217181522932452599","potions_obtained":[{"floor":2.0,"key":"Ancient Potion"},{"floor":2.0,"key":"LiquidBronze"},{"floor":3.0,"key":"DistilledChaos"},{"floor":8.0,"key":"Regen Potion"},{"floor":10,"key":"DistilledChaos"}],"is_trial":false,"path_per_floor":["M","?","M","M","$","R","E","M","T","E","M","M","R","M","R","B",null,"M","M","?","M"],"character_chosen":"DEFECT","items_purchased":["Coolheaded"],"campfire_rested":0,"item_purchase_floors":[5],"current_hp_per_floor":[61,61,54,44,44,44,37,31,31,44,39,32,32,22,22,27,60,27,3,3,0,0],"gold":254,"neow_bonus":"RANDOM_COLORLESS_2","is_daily":false,"chose_seed":false,"campfire_upgraded":3,"win_rate":0.0,"timestamp":1610363481,"path_taken":["M","?","M","M","$","R","E","M","T","E","?","M","R","M","R","BOSS","M","M","?","M"],"items_purchased_type":["Card"],"build_version":"2020-12-22","purchased_purges":1,"victory":false,"max_hp_per_floor":[71,71,71,71,71,71,71,71,71,71,71,71,71,71,71,71,71,71,71,71,71,71],"relic_stats":{"Lizard Tail":35,"Inserter":[8],"counters":[13,57],"Pantograph":25,"obtain_stats":[{"Lizard Tail":10,"Inserter":17,"Pantograph":7,"Cracked Core":0},{"Lizard Tail":6,"Inserter":10,"Pantograph":4,"Cracked Core":0},{"Lizard Tail":21,"Inserter":40,"Pantograph":12,"Cracked Core":0}]},"card_choices":[{"not_picked":["Panache","Metamorphosis"],"picked":"The Bomb","floor":0.0},{"not_picked":["Go for the Eyes","Conserve Battery"],"picked":"Recycle","floor":1.0},{"not_picked":["Force Field","Rebound"],"picked":"FTL","floor":3.0},{"not_picked":["Gash","Coolheaded"],"picked":"Steam","floor":4.0},{"not_picked":["Coolheaded","Machine Learning"],"picked":"Hologram","floor":7.0},{"not_picked":["Stack","Lockon","Barrage"],"picked":"SKIP","floor":8.0},{"not_picked":["Heatsinks","Storm"],"picked":"Consume","floor":10},{"not_picked":["Force Field","Sweeping Beam"],"picked":"Leap","floor":11},{"not_picked":["Conserve Battery","Tempest"],"picked":"Turbo","floor":12},{"not_picked":["Blizzard","Sweeping Beam","Streamline"],"picked":"SKIP","floor":14},{"not_picked":["Thunder Strike","Buffer"],"picked":"Fission","floor":16},{"not_picked":["Streamline","Storm","Blizzard"],"picked":"SKIP","floor":18},{"not_picked":["Turbo","Barrage+1"],"picked":"Steam","floor":19}],"player_experience":2541676,"relics_obtained":[{"floor":7.0,"key":"Pantograph"},{"floor":10,"key":"Lizard Tail"}],"event_choices":[{"damage_healed":0.0,"max_hp_gain":0.0,"max_hp_loss":0.0,"gold_gain":0.0,"event_name":"The Woman in Blue","player_choice":"Bought 2 Potions","floor":2.0,"gold_loss":0.0,"damage_taken":0.0},{"damage_healed":0,"gold_gain":0,"player_choice":"Ignored","damage_taken":0,"max_hp_gain":0,"max_hp_loss":0,"event_name":"The Mausoleum","floor":20,"gold_loss":0}],"is_beta":false,"boss_relics":[{"not_picked":["Empty Cage","Astrolabe"],"picked":"Inserter"}],"items_purged_floors":[5],"is_endless":false,"potions_floor_spawned":[3,8,10,12],"killed_by":"Snake Plant","ascension_level":20}}