{"host":"kev6uqotw4tlyx8l","time":1610366612,"event":{"mods":["Act Like it!","Aspiration","BaseMod","Colored Powertips","Dota2Spire","Downfall","Hallownest","Infinite Spire","Marisa????????","Minty Spire (QoL Compilation)","Quick Restart","Remilia??????","Replay The Spire","StSLib","The Cursed","The Jungle","The Marked","The Mystic","The Servant 0.9.4"],"gold_per_floor":[113,133,147,9,24,24,34,52,75,75,130,72,72,91,91,193,193,211,227,327,48,64,64,92,92,119,139,151,151,162,179,179,278,278,294,254,267,278,289,289,289],"floor_reached":40,"playtime":1173,"items_purged":[],"score":431,"play_id":"b6dd1245-7893-4705-8192-c520e0f38c4a","local_time":"20210111190332","is_ascension_mode":false,"campfire_choices":[{"data":"Inflame","floor":6,"key":"SMITH"},{"data":"Slimebound:Nibble","floor":13,"key":"SMITH"},{"floor":15,"key":"REST"},{"data":"ReplayTheSpireMod:LeadingStrike","floor":23,"key":"SMITH"},{"data":"Reaper","floor":25,"key":"SMITH"},{"floor":29,"key":"REST"},{"floor":32,"key":"REST"}],"circlet_count":0,"master_deck":["Strike_R+1","Strike_R","Strike_R","Strike_R","Strike_R","Defend_R","Defend_R","Defend_R","Defend_R","Bash","Backstab","Shrug It Off","Headbutt","Inflame+1","ReplayTheSpireMod:Limb From Limb+1","Slimebound:Nibble+1","Spot Weakness","Replay:Undeath\u0027s Touch","Blood for Blood+1","Slimebound:SlimeSpikes+1","Reaper+1","Cleave","Carnage","Panache","Trip","ReplayTheSpireMod:LeadingStrike+1","Twin Strike","ReplayTheSpireMod:Stacked+1","Thunderclap+1","Metallicize","Twin Strike+1","Headbutt+1","Heavy Blade","Exhume","True Grit+1","Clash","Sentinel+1","Sword Boomerang"],"relics":["Burning Blood","aspiration:Nostalgia","m_SlimeRing","MealTicket","Runic Pyramid","Dream Catcher","Bag of Marbles","Cursed Key"],"acts_visited":["Exordium","TheCity","TheBeyond"],"potions_floor_usage":[5,16,16,16,24,24,33,39,40],"damage_taken":[{"damage":6,"enemies":"Cultist","floor":1,"turns":3},{"damage":5,"enemies":"2 Louse","floor":2,"turns":2},{"damage":0,"enemies":"Small Slimes","floor":3,"turns":2},{"damage":0,"enemies":"Gremlin Gang","floor":5,"turns":4},{"damage":9,"enemies":"3 Louse","floor":7,"turns":4},{"damage":5,"enemies":"Lots of Slimes","floor":8,"turns":4},{"damage":16,"enemies":"Exordium Thugs","floor":14,"turns":3},{"damage":23,"enemies":"Fading Forest","floor":16,"turns":11},{"damage":20,"enemies":"Chosen","floor":18,"turns":4},{"damage":30,"enemies":"2 Thieves","floor":19,"turns":3},{"damage":31,"enemies":"Shelled Parasite and Fungi","floor":22,"turns":4},{"damage":43,"enemies":"Gremlin Leader","floor":24,"turns":5},{"damage":35,"enemies":"Snake Plant","floor":27,"turns":3},{"damage":6,"enemies":"Centurion and Healer","floor":28,"turns":3},{"damage":9,"enemies":"Shelled Parasite and Fungi","floor":30,"turns":3},{"damage":16,"enemies":"Cultist and Chosen","floor":31,"turns":5},{"damage":70,"enemies":"Automaton","floor":33,"turns":7},{"damage":23,"enemies":"Orb Walker","floor":35,"turns":3},{"damage":6,"enemies":"3 Shapes","floor":37,"turns":1},{"damage":13,"enemies":"Spire Growth","floor":38,"turns":3},{"damage":21,"enemies":"Writhing Mass","floor":39,"turns":3},{"damage":74,"enemies":"Giant Head","floor":40,"turns":6}],"seed_played":"8930106057484027461","potions_obtained":[{"floor":1,"key":"DistilledChaos"},{"floor":5,"key":"AttackPotion"},{"floor":8,"key":"EntropicBrew"},{"floor":14,"key":"Venom Potion"},{"floor":30,"key":"BlessingOfTheForge"},{"floor":33,"key":"SpeedPotion"},{"floor":37,"key":"Energy Potion"}],"is_trial":false,"path_per_floor":["M","M","M","$","M","R","M","M","T","?","?","$","R","M","R","B",null,"M","M","?","$","M","R","E","R","T","M","M","R","M","M","R","B",null,"M","?","M","M","M","E"],"character_chosen":"IRONCLAD","items_purchased":["Inflame","ReplayTheSpireMod:Limb From Limb+1","Blood for Blood+1","Panache","Trip"],"campfire_rested":3,"item_purchase_floors":[4,4,12,21,21],"current_hp_per_floor":[80,80,80,80,80,80,77,78,78,78,78,80,80,70,80,63,80,76,53,53,68,68,68,50,50,50,21,25,49,46,36,60,16,80,70,70,70,63,48,0,0],"gold":289,"neow_bonus":"NOSTALGIA","is_daily":false,"chose_seed":false,"campfire_upgraded":4,"win_rate":0.0,"timestamp":1610366612,"path_taken":["M","M","?","?","M","R","M","M","T","?","?","$","R","M","R","BOSS","M","M","?","$","M","R","E","R","T","M","?","R","M","M","R","BOSS","M","?","?","M","M","E"],"items_purchased_type":["Card","Card","Card","Card","Card"],"build_version":"2020-12-22","purchased_purges":0,"victory":false,"max_hp_per_floor":[80,80,80,80,80,80,80,80,80,80,80,80,80,80,80,80,80,80,80,80,80,80,80,80,80,80,80,80,80,80,80,80,80,80,80,80,80,80,80,80,80],"card_choices":[{"not_picked":["Sword Boomerang","Headbutt"],"picked":"Backstab","floor":1},{"not_picked":["Intimidate","Perfected Strike"],"picked":"Shrug It Off","floor":2},{"not_picked":["Slimebound:Prepare","Uppercut"],"picked":"Headbutt","floor":3},{"not_picked":["Slimebound:MegaLick","Cloak And Dagger"],"picked":"Slimebound:Nibble","floor":5},{"not_picked":["Blood for Blood","Heavy Blade"],"picked":"Spot Weakness","floor":7},{"not_picked":["Abandon","Pommel Strike"],"picked":"Replay:Undeath\u0027s Touch","floor":8},{"not_picked":["Replay:Undeath\u0027s Touch","Perfected Strike"],"picked":"Slimebound:SlimeSpikes","floor":14},{"not_picked":["Storm of Steel","Barricade"],"picked":"Reaper","floor":16},{"not_picked":["Seeing Red","Flame Barrier"],"picked":"Cleave","floor":18},{"not_picked":["Uppercut+1","Fire Breathing"],"picked":"Carnage","floor":19},{"not_picked":["ReplayTheSpireMod:Strike From Hell","Intimidate"],"picked":"ReplayTheSpireMod:LeadingStrike","floor":22},{"not_picked":["Clothesline","Iron Wave"],"picked":"Twin Strike","floor":24},{"not_picked":["Fire Breathing","Ghostly Armor"],"picked":"ReplayTheSpireMod:Stacked+1","floor":27},{"not_picked":["Power Through","ReplayReversal"],"picked":"Thunderclap+1","floor":28},{"not_picked":["Havoc","Carnage+1"],"picked":"Metallicize","floor":29},{"not_picked":["Entrench","Thunderclap"],"picked":"Twin Strike+1","floor":30},{"not_picked":["Shrug It Off","Wild Strike+1"],"picked":"Headbutt+1","floor":31},{"not_picked":["Second Wind","Run Through+1"],"picked":"Heavy Blade","floor":32},{"not_picked":["Juggernaut","Offering"],"picked":"Exhume","floor":33},{"not_picked":["Hemokinesis","Carnage+1"],"picked":"True Grit+1","floor":35},{"not_picked":["Clothesline+1","Iron Wave"],"picked":"Clash","floor":37},{"not_picked":["Armaments","Disarm"],"picked":"Sentinel+1","floor":38},{"not_picked":["Shrug It Off","Cleave"],"picked":"Sword Boomerang","floor":39}],"player_experience":104568,"relics_obtained":[{"floor":9,"key":"MealTicket"},{"floor":24,"key":"Dream Catcher"},{"floor":26,"key":"Bag of Marbles"}],"event_choices":[{"damage_healed":0,"gold_gain":55,"player_choice":"Gained Gold","damage_taken":0,"max_hp_gain":0,"max_hp_loss":0,"event_name":"Golden Wing","floor":11,"gold_loss":0},{"damage_healed":0,"gold_gain":100,"player_choice":"Pray","damage_taken":0,"max_hp_gain":0,"max_hp_loss":0,"event_name":"Golden Shrine","floor":20,"gold_loss":0},{"damage_healed":0,"gold_gain":0,"player_choice":"Upgraded Two","damage_taken":0,"max_hp_gain":0,"max_hp_loss":0,"event_name":"Designer","floor":36,"gold_loss":40,"cards_upgraded":["Strike_R","Slimebound:SlimeSpikes"]}],"is_beta":false,"boss_relics":[{"not_picked":["infinitespire:Burning Sword","aspiration:PoetsPen_weak"],"picked":"Runic Pyramid"},{"not_picked":["aspiration:RitualDagger","Coffee Dripper"],"picked":"Cursed Key"}],"items_purged_floors":[],"is_endless":false,"potions_floor_spawned":[1,5,8,14,19,22,30,33,37,38],"killed_by":"Giant Head","ascension_level":0}}