{"host":"bjzqjr1ycgj8gt55","time":1610329383,"event":{"mods":["100% Spire Juice","BaseMod","Better Altar","Better Match","Better Sensory Stone","Better Skull","Better Third Choice","Better Vampires","Block Reminder","Colored Map","Colored Powertips","GifTheSpireLib","Hermit","Infinite Spire","Minty Spire (QoL Compilation)","Rare Cards Sparkle","Red Circlet Mod","Shade Mod","Shop Mod","Spicy Shops","StSLib","The Cursed","The Jungle","The Marked","The Necromancer","Waifu the Spire","everything is the same but u backflip on backflip","slay the spire mod where everything is the same but ironclad has a cowboy hat"],"gold_per_floor":[112,112,125,136,136,163,176,176,246,262,212,222,238,265,265,368,368,386,386,386,399,314,314,334,366,366,366,61,61,81,92,92,195,195,208,93,93,111,126,126,126,144,144,144,158,158,1,1,1,1,1],"floor_reached":50,"playtime":2029,"items_purged":["Strike_W"],"score":524,"play_id":"4940885f-104c-4baf-b5d5-1bb200e4d9a9","local_time":"20210110194303","is_ascension_mode":true,"campfire_choices":[{"floor":8,"key":"REST"},{"floor":15,"key":"RECALL"},{"floor":23,"key":"REST"},{"data":"Violent_Necrosis","floor":27,"key":"SMITH"},{"data":"Siphon_Strength","floor":32,"key":"SMITH"},{"floor":40,"key":"REST"},{"floor":49,"key":"REST"}],"circlet_count":0,"master_deck":["Defend_W","Defend_W","Defend_W","Negative_Energy_Arrows","Bone_Wall","Bone_Armor","Vampiric_Strike","Pandemic","Whirlwind_of_Bones","Bone_Prison+1","infinitespire:Gouge","Grasp_Heart","Death_Knell","Shade_Step","Summon_Undead","Bone_Prison","Negative_Energy_Mist+1","Hellfire","Scare+1","Negative_Energy_Mist+1","Violent_Necrosis+1","Violent_Necrosis+1","Stop_Heart+1","Bones_to_Steel+1","Consume_Illness+1","Siphon_Strength+1","Hellfire","Life_Tap+1","Bone_Armory","Parasite"],"relics":["Vampire_Amulet","infinitespire:Lychee Nut","War Paint","Runic Pyramid","Bloody Idol","MutagenicStrength","Question Card","Nunchaku","Ice Cream","ClockworkSouvenir","Orrery","Busted Crown","Philosopher\u0027s Stone","Darkstone Periapt","Strange Spoon"],"acts_visited":["Exordium","TheCity","TheBeyond"],"potions_floor_usage":[16,18,24,31,38,42,50],"damage_taken":[{"damage":1,"enemies":"Cultist","floor":1,"turns":5},{"damage":0,"enemies":"Jaw Worm","floor":3,"turns":3},{"damage":5,"enemies":"Small Slimes","floor":4,"turns":4},{"damage":38,"enemies":"3 Sentries","floor":6,"turns":14},{"damage":6,"enemies":"2 Fungi Beasts","floor":7,"turns":3},{"damage":0,"enemies":"Looter","floor":10,"turns":2},{"damage":3,"enemies":"Exordium Thugs","floor":12,"turns":4},{"damage":14,"enemies":"3 Louse","floor":13,"turns":4},{"damage":0,"enemies":"Gremlin Nob","floor":14,"turns":4},{"damage":13,"enemies":"Hexaghost","floor":16,"turns":8},{"damage":10,"enemies":"2 Thieves","floor":18,"turns":3},{"damage":0,"enemies":"Spheric Guardian","floor":21,"turns":3},{"damage":12,"enemies":"Centurion and Healer","floor":24,"turns":3},{"damage":11,"enemies":"Book of Stabbing","floor":25,"turns":7},{"damage":6,"enemies":"Chosen and Byrds","floor":30,"turns":4},{"damage":3,"enemies":"Snake Plant","floor":31,"turns":3},{"damage":17,"enemies":"Champ","floor":33,"turns":7},{"damage":9,"enemies":"Orb Walker","floor":35,"turns":3},{"damage":30,"enemies":"3 Darklings","floor":38,"turns":6},{"damage":4,"enemies":"Writhing Mass","floor":39,"turns":4},{"damage":7,"enemies":"Sphere and 2 Shapes","floor":42,"turns":3},{"damage":20,"enemies":"3 Darklings","floor":45,"turns":4},{"damage":56,"enemies":"Awakened One","floor":50,"turns":4}],"seed_played":"-6763531875351173911","potions_obtained":[{"floor":3,"key":"Ancient Potion"},{"floor":7,"key":"ColorlessPotion"},{"floor":12,"key":"PowerPotion"},{"floor":13,"key":"Fire Potion"},{"floor":21,"key":"SkillPotion"},{"floor":30,"key":"SkillPotion"},{"floor":31,"key":"SteroidPotion"},{"floor":33,"key":"Block Potion"},{"floor":39,"key":"SpeedPotion"},{"floor":42,"key":"SpeedPotion"}],"is_trial":false,"path_per_floor":["M","?","M","M","?","E","M","R","T","M","?","M","M","E","R","B",null,"M","?","?","M","?","R","M","E","T","R","$","?","M","M","R","B",null,"M","$","?","M","M","R","AVR","M","T","?","M","?","$","?","R","B"],"character_chosen":"NECROMANCER","items_purchased":["ClockworkSouvenir","Orrery","Bone_Armory","Strange Spoon"],"campfire_rested":4,"item_purchase_floors":[28,28,36,47],"current_hp_per_floor":[75,75,75,75,57,28,31,47,47,52,52,56,51,56,56,56,56,53,25,25,38,38,54,52,52,52,52,52,52,56,56,56,49,56,56,56,56,35,48,56,56,56,56,56,45,45,45,45,53,0,0],"gold":1,"neow_bonus":"TRANSFORM_CARD","is_daily":false,"chose_seed":false,"campfire_upgraded":2,"win_rate":0.0,"timestamp":1610329383,"path_taken":["M","?","M","M","?","E","M","R","T","M","?","M","M","E","R","BOSS","M","?","?","M","?","R","M","E","T","R","$","?","?","M","R","BOSS","M","$","?","?","M","R","AVR","M","T","?","?","?","$","?","R","BOSS"],"items_purchased_type":["Relic","Relic","Card","Relic"],"build_version":"2020-12-22","purchased_purges":1,"victory":false,"max_hp_per_floor":[75,75,75,75,75,56,56,56,56,56,56,56,56,56,56,56,56,56,56,56,56,56,56,56,56,56,56,56,56,56,56,56,56,56,56,56,56,56,56,56,56,56,56,56,56,53,53,53,53,53,53],"card_choices":[{"not_picked":["Bone_Armor","Bone_Shift"],"picked":"Vampiric_Strike","floor":1},{"not_picked":["Blood_Is_Power","Violent_Necrosis"],"picked":"Whirlwind_of_Bones","floor":3},{"not_picked":["Bone_Shift","Bone_Bullets"],"picked":"Bone_Prison","floor":4},{"not_picked":["infinitespire:DeathsTouch","infinitespire:Oblivion"],"picked":"infinitespire:Gouge","floor":5},{"not_picked":["Shackles_Of_Pain","Chill_Blood"],"picked":"Grasp_Heart","floor":6},{"not_picked":["Whirlwind_of_Bones","Bone_Spikes"],"picked":"Death_Knell","floor":7},{"not_picked":["Bone_Spikes","Blood_Whip"],"picked":"Shade_Step","floor":10},{"not_picked":["Vampiric_Strike","Bone_Bullets"],"picked":"Summon_Undead","floor":12},{"not_picked":["Bone_Bullets","Shackles_Of_Pain"],"picked":"Bone_Prison","floor":13},{"not_picked":["Deaths_Shadow","Stop_Heart"],"picked":"Negative_Energy_Mist","floor":14},{"not_picked":["Negative_Energy_Bomb","Requiem"],"picked":"Hellfire","floor":16},{"not_picked":["Pandemic","Finger_Of_Death+1"],"picked":"Scare+1","floor":18},{"not_picked":["Negative_Energy_Javelin+1","Negative_Energy_Sphere"],"picked":"Negative_Energy_Mist","floor":21},{"not_picked":["Bone_Armor","Negative_Energy_Shield","Slay_Living"],"picked":"Violent_Necrosis","floor":24},{"not_picked":["Consume_Illness","Bone_Spikes+1","Toxic_Smoke_Screen+1","Plague_Bolt"],"picked":"SKIP","floor":25},{"not_picked":["Summon_Undead","Necrotic_Claws","Pandemic"],"picked":"Violent_Necrosis+1","floor":28},{"not_picked":["Thousand_Bone_Knives","Bones_to_Steel","Shade_Step"],"picked":"Stop_Heart+1","floor":28},{"not_picked":["Death_Knell+1","Scare+1","Vampiric_Strike"],"picked":"Bones_to_Steel+1","floor":28},{"not_picked":["Negative_Energy_Shield","Bones_to_Steel","Summon_Lich"],"picked":"Consume_Illness+1","floor":28},{"not_picked":["Death_March_Dance+1","Blood_Shield","Blood_Is_Power+1"],"picked":"Siphon_Strength","floor":30},{"not_picked":["Negative_Energy_Mist","Life_Tap","Bones_to_Steel"],"picked":"Hellfire","floor":31},{"not_picked":["Bone_Spikes"],"picked":"Life_Tap+1","floor":35},{"not_picked":["Bone_Shift+1","Blood_Shield+1"],"picked":"SKIP","floor":38},{"not_picked":["Death_March_Dance","Death_Coil"],"picked":"SKIP","floor":39},{"not_picked":["Whirlwind_of_Bones","Shade_Step+1"],"picked":"SKIP","floor":42},{"not_picked":["Scare","Pandemic"],"picked":"SKIP","floor":45}],"player_experience":147326,"relics_obtained":[{"floor":6,"key":"infinitespire:Lychee Nut"},{"floor":14,"key":"War Paint"},{"floor":25,"key":"Nunchaku"},{"floor":26,"key":"Ice Cream"},{"floor":43,"key":"Darkstone Periapt"}],"event_choices":[{"damage_healed":0,"gold_gain":0,"cards_transformed":["Defend_W"],"player_choice":"Change","damage_taken":0,"max_hp_gain":0,"max_hp_loss":0,"event_name":"Living Wall","floor":2,"gold_loss":0,"cards_obtained":["Pandemic"]},{"cards_removed":["Strike_W"],"damage_healed":0,"gold_gain":0,"player_choice":"Card Removal","damage_taken":0,"max_hp_gain":0,"max_hp_loss":0,"event_name":"The Cleric","floor":11,"gold_loss":50},{"damage_healed":0,"gold_gain":0,"player_choice":" Idol ","damage_taken":28,"relics_obtained":["Bloody Idol"],"max_hp_gain":53,"max_hp_loss":25,"event_name":"betterAltar:BetterAltar","floor":19,"potions_obtained":[],"relics_lost":[],"gold_loss":0},{"damage_healed":0,"gold_gain":0,"player_choice":"Inject Mutagens","damage_taken":0,"relics_obtained":["MutagenicStrength"],"max_hp_gain":0,"max_hp_loss":0,"event_name":"Drug Dealer","floor":20,"gold_loss":0},{"damage_healed":0,"gold_gain":0,"player_choice":"Obtained Relic","damage_taken":0,"relics_obtained":["Question Card"],"max_hp_gain":0,"max_hp_loss":0,"event_name":"Addict","floor":22,"gold_loss":85},{"damage_healed":0,"gold_gain":0,"player_choice":"Forge","damage_taken":0,"max_hp_gain":0,"max_hp_loss":0,"event_name":"Accursed Blacksmith","floor":29,"gold_loss":0,"cards_upgraded":["Negative_Energy_Mist"]},{"cards_removed":["Strike_W"],"damage_healed":0,"gold_gain":0,"player_choice":"Purged","damage_taken":0,"max_hp_gain":0,"max_hp_loss":0,"event_name":"Purifier","floor":37,"gold_loss":0},{"damage_healed":3,"gold_gain":0,"player_choice":"LEAVE ","damage_taken":0,"relics_obtained":[],"max_hp_gain":0,"max_hp_loss":0,"event_name":"betterSkull:BetterSkull","floor":44,"gold_loss":0,"cards_upgraded":[]},{"damage_healed":0,"gold_gain":0,"player_choice":"Max HP","damage_taken":0,"max_hp_gain":0,"max_hp_loss":3,"event_name":"Winding Halls","floor":46,"gold_loss":0}],"is_beta":false,"boss_relics":[{"not_picked":["SacredBark","Astrolabe"],"picked":"Runic Pyramid"},{"not_picked":["Coffee Dripper","SlaversCollar"],"picked":"Busted Crown"}],"items_purged_floors":[36],"is_endless":false,"potions_floor_spawned":[3,7,12,13,21,30,31,33,39,42,45],"killed_by":"Awakened One","ascension_level":1}}