{"host":"15dd7v8o90xso62x","time":1610385919,"event":{"mods":["BaseMod","Minty Spire (QoL Compilation)","Quick Restart","StSLib","SuperFastMode"],"gold_per_floor":[110,110,126,126,176,176,205,217,229,267,279,318,255,267,279,364,376,405,446,508,520,557,569,608,535,624,518,545,559,51,76,76,76,76],"floor_reached":33,"playtime":647,"items_purged":["Defend_P"],"score":756,"play_id":"950bd535-4783-4aba-b5ae-d97a07ec5930","local_time":"20210112022519","is_ascension_mode":true,"campfire_choices":[{"data":"Eruption","floor":6.0,"key":"SMITH"},{"data":"CrushJoints","floor":8.0,"key":"SMITH"},{"data":"Adaptation","floor":15.0,"key":"SMITH"},{"floor":23.0,"key":"DIG"},{"floor":32,"key":"REST"}],"circlet_count":0,"master_deck":["AscendersBane","Strike_P","Strike_P","Defend_P","Defend_P","Eruption+1","Vigilance","CrushJoints+1","BowlingBash","Conclude","Adaptation+1","Tantrum","Judgement","MentalFortress","InnerPeace+1"],"relics":["PureWater","NeowsBlessing","Mummified Hand","MawBank","Shovel","Juzu Bracelet","Odd Mushroom","VioletLotus","Red Mask","Anchor","Akabeko","Eternal Feather","Gremlin Horn","Toxic Egg 2","Turnip","ClockworkSouvenir","Bottled Tornado","Orichalcum"],"acts_visited":["Exordium","TheCity"],"potions_floor_usage":[],"damage_taken":[{"damage":0.0,"enemies":"2 Louse","floor":1.0,"turns":1.0},{"damage":0.0,"enemies":"Cultist","floor":3.0,"turns":1.0},{"damage":0.0,"enemies":"3 Sentries","floor":7.0,"turns":1.0},{"damage":0.0,"enemies":"Lagavulin","floor":10.0,"turns":4.0},{"damage":0.0,"enemies":"The Mushroom Lair","floor":12.0,"turns":2.0},{"damage":39.0,"enemies":"The Guardian","floor":16.0,"turns":10.0},{"damage":0.0,"enemies":"Spheric Guardian","floor":18.0,"turns":1.0},{"damage":15.0,"enemies":"Masked Bandits","floor":19.0,"turns":3.0},{"damage":24.0,"enemies":"Book of Stabbing","floor":24.0,"turns":4.0},{"damage":0.0,"enemies":"Slavers","floor":28.0,"turns":1.0},{"damage":0.0,"enemies":"2 Thieves","floor":29.0,"turns":2.0},{"damage":13,"enemies":"Book of Stabbing","floor":31,"turns":4},{"damage":47,"enemies":"Collector","floor":33,"turns":2}],"seed_played":"3475507131074513526","potions_obtained":[{"floor":7.0,"key":"StancePotion"},{"floor":10.0,"key":"ColorlessPotion"},{"floor":19.0,"key":"ColorlessPotion"},{"floor":24.0,"key":"SteroidPotion"}],"is_trial":false,"path_per_floor":["M","?","M","?","?","R","E","R","T","E","?","?","?","?","R","B",null,"M","?","?","$","T","R","E","?","T","$","E","M","$","E","R","B"],"character_chosen":"WATCHER","items_purchased":["MentalFortress","ClockworkSouvenir","Bottled Tornado","InnerPeace+1"],"campfire_rested":1,"item_purchase_floors":[27,30,30,30],"current_hp_per_floor":[61,57,57,52,52,52,52,52,52,52,45,45,45,45,45,6,53,53,38,38,38,38,38,14,14,14,14,14,14,14,1,30,0,0],"gold":76,"neow_bonus":"THREE_ENEMY_KILL","is_daily":false,"chose_seed":false,"campfire_upgraded":3,"win_rate":0.0,"timestamp":1610385919,"path_taken":["M","?","?","?","?","R","E","R","T","E","?","?","?","?","R","BOSS","M","?","?","?","?","R","E","?","T","$","E","M","$","E","R","BOSS"],"items_purchased_type":["Card","Relic","Relic","Card"],"build_version":"2020-12-22","purchased_purges":1,"victory":false,"max_hp_per_floor":[68,68,68,68,68,68,68,68,68,68,68,68,68,68,68,68,68,68,68,68,68,68,68,68,68,68,68,68,68,68,68,68,68,68],"card_choices":[{"not_picked":["Crescendo","Prostrate"],"picked":"CrushJoints","floor":1.0},{"not_picked":["Evaluate","ThirdEye"],"picked":"BowlingBash","floor":3.0},{"not_picked":["Omniscience","FlyingSleeves"],"picked":"Conclude","floor":7.0},{"not_picked":["WaveOfTheHand","ThirdEye"],"picked":"Adaptation","floor":10.0},{"not_picked":["Prostrate","SashWhip"],"picked":"Tantrum","floor":12.0},{"not_picked":["ConjureBlade","Omniscience"],"picked":"Judgement","floor":16.0},{"not_picked":["EmptyFist","Halt","Protect"],"picked":"SKIP","floor":18.0},{"not_picked":["WaveOfTheHand+1","Prostrate","Weave"],"picked":"SKIP","floor":24.0},{"not_picked":["Weave+1","Crescendo+1","Halt+1"],"picked":"SKIP","floor":28.0},{"not_picked":["CrushJoints","SandsOfTime","ConjureBlade+1"],"picked":"SKIP","floor":29.0},{"not_picked":["EmptyFist","FlurryOfBlows","Protect+1"],"picked":"SKIP","floor":31}],"player_experience":1027615,"relics_obtained":[{"floor":7.0,"key":"MawBank"},{"floor":9.0,"key":"Shovel"},{"floor":10.0,"key":"Juzu Bracelet"},{"floor":12.0,"key":"Odd Mushroom"},{"floor":19.0,"key":"Red Mask"},{"floor":22.0,"key":"Anchor"},{"floor":23.0,"key":"Akabeko"},{"floor":24.0,"key":"Eternal Feather"},{"floor":26.0,"key":"Toxic Egg 2"},{"floor":28.0,"key":"Turnip"},{"floor":31,"key":"Orichalcum"}],"event_choices":[{"damage_healed":0.0,"max_hp_gain":0.0,"max_hp_loss":0.0,"gold_gain":0.0,"event_name":"The Woman in Blue","player_choice":"Bought 0 Potions","floor":2.0,"gold_loss":0.0,"damage_taken":0.0},{"damage_healed":0.0,"max_hp_gain":0.0,"max_hp_loss":0.0,"gold_gain":0.0,"event_name":"Scrap Ooze","player_choice":"Success","floor":4.0,"gold_loss":0.0,"damage_taken":5.0,"relics_obtained":["Mummified Hand"]},{"damage_healed":0.0,"max_hp_gain":0.0,"max_hp_loss":0.0,"gold_gain":50.0,"event_name":"Golden Shrine","player_choice":"Pray","floor":5.0,"gold_loss":0.0,"damage_taken":0.0},{"cards_removed":["Defend_P"],"damage_healed":0.0,"max_hp_gain":0.0,"max_hp_loss":0.0,"gold_gain":0.0,"event_name":"Golden Wing","player_choice":"Card Removal","floor":11.0,"gold_loss":0.0,"damage_taken":7.0},{"damage_healed":0.0,"max_hp_gain":0.0,"max_hp_loss":0.0,"gold_gain":0.0,"event_name":"Mushrooms","player_choice":"Fought Mushrooms","floor":12.0,"gold_loss":0.0,"damage_taken":0.0},{"cards_removed":["Strike_P"],"damage_healed":0.0,"max_hp_gain":0.0,"max_hp_loss":0.0,"gold_gain":0.0,"event_name":"The Cleric","player_choice":"Card Removal","floor":13.0,"gold_loss":75.0,"damage_taken":0.0},{"cards_removed":["Strike_P"],"damage_healed":0.0,"max_hp_gain":0.0,"max_hp_loss":0.0,"gold_gain":0.0,"event_name":"Purifier","player_choice":"Purged","floor":14.0,"gold_loss":0.0,"damage_taken":0.0},{"damage_healed":0.0,"max_hp_gain":0.0,"max_hp_loss":0.0,"gold_gain":0.0,"event_name":"Masked Bandits","player_choice":"Fought Bandits","floor":19.0,"gold_loss":0.0,"damage_taken":0.0},{"damage_healed":0.0,"max_hp_gain":0.0,"max_hp_loss":0.0,"gold_gain":50.0,"event_name":"Nest","player_choice":"Stole From Cult","floor":20.0,"gold_loss":0.0,"damage_taken":0.0},{"damage_healed":0.0,"max_hp_gain":0.0,"max_hp_loss":0.0,"gold_gain":0.0,"event_name":"Addict","player_choice":"Obtained Relic","floor":25.0,"gold_loss":85.0,"damage_taken":0.0,"relics_obtained":["Gremlin Horn"]}],"is_beta":false,"boss_relics":[{"not_picked":["Runic Dome","Coffee Dripper"],"picked":"VioletLotus"}],"items_purged_floors":[27],"is_endless":false,"potions_floor_spawned":[7,10,19,24],"killed_by":"Collector","ascension_level":20}}