{"host":"9jkzatiwan7o33sr","time":1610335015,"event":{"mods":["A Magickal Journey","AchievementEnabler","Act Like it!","BaseMod","Colored Map","Colored Powertips","Conspire","Downfall","GifTheSpireLib","Hallownest","Hermit","Hubris","Infinite Spire","Marisa????????","Mimic Mod","Minty Spire (QoL Compilation)","Replay The Spire","StSLib","Stuff the Spire","The Bug Knight","The Construct","The Cursed","The Disciple","The Elementalist","The Factory","The Hierophant","The Jungle","The Mystic","The Necromancer","The Runesmith","The Servant 0.9.4","[IsaacMod]????"],"gold_per_floor":[110,110,130,130,146,173,184,184,184,201,229,17,17,37,37,132,132,150,160,160,123,134,134,59,163,200,200,233,248,268,400,400,400,400],"floor_reached":33,"playtime":2588,"items_purged":[],"score":507,"play_id":"ad75c044-a427-407c-bfe0-380ebb3335e7","local_time":"20210111041655","is_ascension_mode":true,"campfire_choices":[{"floor":13.0,"key":"REST"},{"data":"Footwork","floor":15,"key":"SMITH"},{"data":"ReplayTheSpireMod:Necrosis","floor":23,"key":"SMITH"},{"data":"Envenom","floor":27,"key":"SMITH"},{"floor":32,"key":"REST"}],"circlet_count":0,"master_deck":["Strike_G","Strike_G","Strike_G","Strike_G","Strike_G","Defend_G","Defend_G","Defend_G","Defend_G","Defend_G","Survivor","Neutralize","Toxin Wave","Dash","Sucker Punch","Envenom+1","Toxin Wave","Deflect","StuffTheSpire:Injection","ReplayTheSpireMod:Necrosis+1","Footwork+1","Crippling Poison","PiercingWail","Bane","Poison Darts","Deflect+1","Reflex","Dagger Spray+1","Sucker Punch","Noxious Fumes","hubris:Counter+1","Underhanded Strike+1","Quick Slash+1","Deadly Poison+1","Setup+1","Catalyst+1"],"relics":["Ring of the Snake","HushsDoor","BookofShadows","Bottled Tornado","StuffTheSpire:CocoNut","StuffTheSpire:TintedRock","Replay:Fungal Core","Bronze Scales","Garlic","GnawedLeaf","hubris:DeckOfHolding"],"acts_visited":["Exordium","TheCity"],"potions_floor_usage":[25,33],"damage_taken":[{"damage":0.0,"enemies":"Small Slimes","floor":1.0,"turns":3.0},{"damage":0.0,"enemies":"Jaw Worm","floor":3.0,"turns":5.0},{"damage":0.0,"enemies":"conspire:RoseBush","floor":5.0,"turns":4.0},{"damage":0.0,"enemies":"Gremlin Nob","floor":6.0,"turns":5.0},{"damage":14.0,"enemies":"Looter","floor":7.0,"turns":3.0},{"damage":14.0,"enemies":"Exordium Thugs","floor":10.0,"turns":5.0},{"damage":4.0,"enemies":"Replay:BlueRogue","floor":11.0,"turns":6.0},{"damage":11.0,"enemies":"Exordium Wildlife","floor":14.0,"turns":3.0},{"damage":0,"enemies":"The Guardian","floor":16,"turns":13},{"damage":0,"enemies":"Spheric Guardian","floor":18,"turns":3},{"damage":0,"enemies":"Chosen","floor":19,"turns":4},{"damage":12,"enemies":"Centurion and Healer","floor":22,"turns":7},{"damage":20,"enemies":"HollowMod:Nosk","floor":25,"turns":9},{"damage":3,"enemies":"Snake Plant","floor":26,"turns":8},{"damage":5,"enemies":"conspire:MimicChest","floor":28,"turns":6},{"damage":11,"enemies":"Snake Plant","floor":29,"turns":3},{"damage":27,"enemies":"Shelled Parasite and Fungi","floor":30,"turns":5},{"damage":0,"enemies":"Book of Stabbing","floor":31,"turns":5},{"damage":74,"enemies":"Champ","floor":33,"turns":9}],"seed_played":"6564598398117340124","potions_obtained":[{"floor":6.0,"key":"AttackPotion"},{"floor":7.0,"key":"Weak Potion"},{"floor":10.0,"key":"Milkshake"},{"floor":11.0,"key":"Strength Potion"},{"floor":16,"key":"FairyPotion"},{"floor":18,"key":"Fire Potion"},{"floor":25,"key":"Swift Potion"},{"floor":28,"key":"Guardian:BlockOnCardUsePotion"},{"floor":30,"key":"BlessingOfTheForge"}],"is_trial":false,"path_per_floor":["M","?","M","$","M","E","M","?","T","M","E","$","R","M","R","B",null,"M","M","?","$","M","R","$","E","MIM","R","?","M","M","E","R","B"],"character_chosen":"THE_SILENT","items_purchased":["Footwork","Crippling Poison","PiercingWail","Dagger Spray+1","Noxious Fumes"],"campfire_rested":2,"item_purchase_floors":[12,12,12,21,24],"current_hp_per_floor":[70,70,70,70,70,70,56,56,63,49,45,45,68,57,57,57,77,77,77,87,87,75,75,75,55,52,52,47,36,9,9,35,0,0],"gold":400,"neow_bonus":"THREE_CARDS","is_daily":false,"chose_seed":false,"campfire_upgraded":3,"win_rate":0.0,"timestamp":1610335015,"path_taken":["M","?","M","$","M","E","M","?","T","?","E","$","R","M","R","BOSS","M","M","?","$","M","R","$","E","MIM","R","?","M","M","E","R","BOSS"],"items_purchased_type":["Card","Card","Card","Card","Card"],"build_version":"2020-12-22","purchased_purges":0,"victory":false,"max_hp_per_floor":[70,70,70,70,70,70,70,70,77,77,77,77,77,77,77,77,77,77,77,87,87,87,87,87,87,87,87,87,87,87,87,87,87,87],"card_choices":[{"not_picked":[],"picked":"SuicideKing","floor":0.0},{"not_picked":["StuffTheSpire:Injection","Sucker Punch"],"picked":"Toxin Wave","floor":0.0},{"not_picked":["StuffTheSpire:Injection","Sucker Punch"],"picked":"Dash","floor":1.0},{"not_picked":["Skewer","StuffTheSpire:MirrorStance"],"picked":"Sucker Punch","floor":3.0},{"not_picked":["Bane","Sneak Up"],"picked":"Envenom","floor":5.0},{"not_picked":["Escape Plan","Well Laid Plans"],"picked":"Toxin Wave","floor":6.0},{"not_picked":["ReplayTheSpireMod:Exploit Weakness","Acrobatics"],"picked":"Deflect","floor":7.0},{"not_picked":["All Out Attack","Outmaneuver"],"picked":"StuffTheSpire:Injection","floor":10.0},{"not_picked":["Sneak Up","Deadly Poison"],"picked":"ReplayTheSpireMod:Necrosis","floor":11.0},{"not_picked":["StuffTheSpire:BumpUp","StuffTheSpire:MirrorStance"],"picked":"Bane","floor":14},{"not_picked":["Envenom","Tools of the Trade"],"picked":"Poison Darts","floor":16},{"not_picked":["Acrobatics","Outmaneuver"],"picked":"Deflect+1","floor":18},{"not_picked":["StuffTheSpire:ReptileScales","Underhanded Strike"],"picked":"Reflex","floor":19},{"not_picked":["Eviscerate+1","ReplayTheSpireMod:Exploit Weakness"],"picked":"Sucker Punch","floor":22},{"not_picked":["Noxious Fumes","StuffTheSpire:FinalStruggle"],"picked":"hubris:Counter+1","floor":25},{"not_picked":["StuffTheSpire:Injection","Sneak Up"],"picked":"Underhanded Strike+1","floor":26},{"not_picked":["StuffTheSpire:BumpUp+1","Masterful Stab"],"picked":"Quick Slash+1","floor":28},{"not_picked":["Blade Dance","Hidden Blade"],"picked":"Deadly Poison+1","floor":29},{"not_picked":["Dagger Throw","Distraction"],"picked":"Setup+1","floor":30},{"not_picked":["StuffTheSpire:MirrorStance+1","Predator+1"],"picked":"Catalyst+1","floor":31}],"player_experience":560855,"relics_obtained":[{"floor":6.0,"key":"Bottled Tornado"},{"floor":9.0,"key":"StuffTheSpire:CocoNut"},{"floor":11.0,"key":"StuffTheSpire:TintedRock"},{"floor":25,"key":"Bronze Scales"},{"floor":26,"key":"Garlic"},{"floor":28,"key":"GnawedLeaf"},{"floor":31,"key":"hubris:DeckOfHolding"}],"event_choices":[{"damage_healed":0.0,"max_hp_gain":0.0,"max_hp_loss":0.0,"gold_gain":0.0,"event_name":"conspire:Investor","player_choice":"Leave","floor":8.0,"gold_loss":0.0,"damage_taken":0.0},{"cards_removed":["SuicideKing"],"damage_healed":0,"gold_gain":0,"player_choice":"Offered Rare","damage_taken":0,"max_hp_gain":10,"max_hp_loss":0,"event_name":"Bonfire Elementals","floor":20,"gold_loss":0}],"is_beta":false,"boss_relics":[{"not_picked":["SacredBark","ChewingGum"],"picked":"Replay:Fungal Core"},{"not_picked":[]}],"items_purged_floors":[],"is_endless":false,"potions_floor_spawned":[6,7,10,11,16,18,25,28,30],"killed_by":"Champ","ascension_level":3}}