{"host":"80ojs5zx0tu8i1zz","time":1610356312,"event":{"mods":["AchievementEnabler","Arknights The Spire","Aspiration","BaseMod","ChefMod","Colored Map","Colored Powertips","Hermit","Hubris","Infinite Spire","Jorbs\u0027s Wanderer Trilogy","Minty Spire (QoL Compilation)","Replay The Spire","Shop Mod","StSLib","The Dragon Tamer","The Hayseed","The Hierophant","The Marked"],"gold_per_floor":[110,121,141,38,55,81,81,81,81],"floor_reached":8,"playtime":569,"items_purged":[],"score":58,"play_id":"321ec224-19eb-4ad9-a718-31511f875f3e","local_time":"20210111111152","is_ascension_mode":false,"campfire_choices":[],"circlet_count":0,"master_deck":["ats:Strike C","ats:Strike G","ats:Strike S","ats:Strike V","ats:Armor Crushing Shot","ats:Defend","ats:Defend","ats:Defend","ats:Defend","ats:Emotion Absorption","ats:Curse Doll","ats:Powerful Strike","ats:Assault Order","ats:Hammer On","ats:Revitalization"],"relics":["ats:Sanity","ats:Originium","ats:Berate"],"acts_visited":["Exordium"],"potions_floor_usage":[4,8],"damage_taken":[{"damage":4,"enemies":"2 Louse","floor":1,"turns":4},{"damage":1,"enemies":"Cultist","floor":2,"turns":3},{"damage":6,"enemies":"Small Slimes","floor":3,"turns":4},{"damage":21,"enemies":"3 Louse","floor":5,"turns":5},{"damage":49,"enemies":"Lagavulin","floor":6,"turns":7},{"damage":4,"enemies":"3 Sentries","floor":8,"turns":1}],"seed_played":"-5676762841544851141","potions_obtained":[{"floor":6,"key":"Strength Potion"}],"is_trial":false,"path_per_floor":["M","M","M","$","M","E","?","E"],"character_chosen":"DOCTOR_CLASS","items_purchased":["Fruit Juice"],"campfire_rested":0,"item_purchase_floors":[4],"current_hp_per_floor":[75,74,68,73,52,3,3,0,0],"gold":81,"neow_bonus":"TEN_PERCENT_HP_BONUS","is_daily":false,"chose_seed":false,"campfire_upgraded":0,"win_rate":0.0,"timestamp":1610356312,"path_taken":["M","M","M","$","M","E","?","E"],"items_purchased_type":["Potion"],"build_version":"2020-12-22","purchased_purges":0,"victory":false,"max_hp_per_floor":[79,79,79,84,84,84,84,84,84],"card_choices":[{"not_picked":["ats:Charging Defense","ats:Revitalization"],"picked":"ats:Curse Doll","floor":1},{"not_picked":["ats:Curse Doll","ats:Sunburst"],"picked":"ats:Powerful Strike","floor":2},{"not_picked":["ats:Revitalization","ats:Hook Shot"],"picked":"ats:Assault Order","floor":3},{"not_picked":["ats:Explosion Area Strengthen","ats:Flexible Camouflage"],"picked":"ats:Hammer On","floor":5},{"not_picked":["ats:Childhood Dance","ats:Guardian Obelisk"],"picked":"ats:Revitalization","floor":6}],"player_experience":210519,"relics_obtained":[{"floor":6,"key":"ats:Originium"},{"floor":6,"key":"ats:Berate"}],"event_choices":[{"damage_healed":0,"gold_gain":0,"player_choice":"Ignored","damage_taken":0,"max_hp_gain":0,"max_hp_loss":0,"event_name":"NoteForYourself","floor":7,"gold_loss":0}],"is_beta":false,"boss_relics":[],"items_purged_floors":[],"is_endless":false,"potions_floor_spawned":[6],"killed_by":"3 Sentries","ascension_level":0}}