{"host":"kh6fvhxn285ncg0o","time":1610341365,"event":{"mods":["Act Like it!","BaseMod","Colored Map","Friendly Minions","Keyboard Shortcuts","Minty Spire (QoL Compilation)","Quick Restart","Relic Stats","StSLib","SuperFastMode"],"gold_per_floor":[119,119,133,144,144,144,161,180,206,221,221,236,267,280,280,352,352,371,53,73,106,131,158,158,188,188,188,214,225,225,125,125,198,198,210,228,450,450,450,450,468,496,496,530,530,530,530],"floor_reached":46,"playtime":1379,"items_purged":["Defend_P+1","Strike_P+1"],"score":1280,"play_id":"4f25d7e1-79b6-4870-89b2-0a99386766e4","local_time":"20210111140245","is_ascension_mode":true,"campfire_choices":[{"data":"Eruption","floor":6.0,"key":"SMITH"},{"floor":11.0,"key":"REST"},{"floor":15.0,"key":"RECALL"},{"floor":24.0,"key":"REST"},{"floor":27.0,"key":"REST"},{"floor":32.0,"key":"REST"},{"data":"Flash of Steel","floor":40.0,"key":"SMITH"}],"circlet_count":0,"master_deck":["AscendersBane","Defend_P+1","Eruption+1","Vigilance+1","FlurryOfBlows+1","LessonLearned+1","FearNoEvil+1","InnerPeace+1","ForeignInfluence+1","Blasphemy+1","Flash of Steel+1","PanicButton+1","Secret Technique+1"],"relics":["PureWater","Nunchaku","Bag of Marbles","Juzu Bracelet","Empty Cage","OrangePellets","Red Mask","Damaru","Ornamental Fan","Pantograph","StrikeDummy","Enchiridion","SlaversCollar","Orichalcum","Pear","StoneCalendar","Yang"],"acts_visited":["Exordium","TheCity","TheBeyond"],"potions_floor_usage":[],"damage_taken":[{"damage":0.0,"enemies":"2 Louse","floor":1.0,"turns":2.0},{"damage":0.0,"enemies":"Cultist","floor":3.0,"turns":2.0},{"damage":0.0,"enemies":"Small Slimes","floor":4.0,"turns":3.0},{"damage":1.0,"enemies":"Exordium Thugs","floor":7.0,"turns":4.0},{"damage":0.0,"enemies":"Large Slime","floor":8.0,"turns":3.0},{"damage":0.0,"enemies":"Looter","floor":10.0,"turns":1.0},{"damage":0.0,"enemies":"2 Fungi Beasts","floor":12.0,"turns":2.0},{"damage":12.0,"enemies":"3 Sentries","floor":13.0,"turns":6.0},{"damage":0.0,"enemies":"3 Louse","floor":14.0,"turns":2.0},{"damage":34.0,"enemies":"The Guardian","floor":16.0,"turns":11.0},{"damage":3.0,"enemies":"Spheric Guardian","floor":18.0,"turns":3.0},{"damage":11.0,"enemies":"2 Thieves","floor":20.0,"turns":2.0},{"damage":0.0,"enemies":"Snecko","floor":21.0,"turns":2.0},{"damage":0.0,"enemies":"Masked Bandits","floor":22.0,"turns":2.0},{"damage":5.0,"enemies":"Slavers","floor":23.0,"turns":2.0},{"damage":12.0,"enemies":"Gremlin Leader","floor":25.0,"turns":3.0},{"damage":0.0,"enemies":"Book of Stabbing","floor":28.0,"turns":1.0},{"damage":0.0,"enemies":"Chosen and Byrds","floor":29.0,"turns":2.0},{"damage":0.0,"enemies":"Champ","floor":33.0,"turns":4.0},{"damage":0.0,"enemies":"3 Shapes","floor":35.0,"turns":1.0},{"damage":0.0,"enemies":"Orb Walker","floor":36.0,"turns":1.0},{"damage":0.0,"enemies":"Maw","floor":41.0,"turns":3.0},{"damage":40.0,"enemies":"Giant Head","floor":42.0,"turns":5.0},{"damage":0.0,"enemies":"Reptomancer","floor":44.0,"turns":3.0},{"damage":0,"enemies":"Giant Head","floor":46,"turns":2}],"seed_played":"3111699580251123034","potions_obtained":[{"floor":3.0,"key":"BlessingOfTheForge"},{"floor":4.0,"key":"Fire Potion"},{"floor":7.0,"key":"LiquidBronze"},{"floor":12.0,"key":"BottledMiracle"},{"floor":16.0,"key":"AttackPotion"},{"floor":20.0,"key":"Ambrosia"},{"floor":22.0,"key":"Ancient Potion"},{"floor":23.0,"key":"Fire Potion"},{"floor":25.0,"key":"AttackPotion"},{"floor":29.0,"key":"LiquidBronze"},{"floor":35.0,"key":"SteroidPotion"},{"floor":41.0,"key":"SpeedPotion"}],"is_trial":false,"path_per_floor":["M","?","M","M","?","R","M","M","T","M","R","M","E","M","R","B",null,"M","$","M","M","?","E","R","E","T","R","E","M","?","$","R","B",null,"M","M","?","?","T","R","M","E","T","E","T","E"],"character_chosen":"WATCHER","items_purchased":["OrangePellets","InnerPeace"],"campfire_rested":4,"item_purchase_floors":[19,19],"current_hp_per_floor":[43,43,43,43,43,43,42,42,42,42,62,62,50,50,50,16,55,52,52,41,41,41,36,56,44,44,64,64,64,43,43,63,68,68,68,68,68,58,58,58,58,18,28,28,28,28,28],"gold":530,"neow_bonus":"REMOVE_TWO","is_daily":false,"chose_seed":false,"campfire_upgraded":2,"win_rate":0.0,"timestamp":1610341365,"path_taken":["M","?","?","M","?","R","M","M","T","?","R","M","E","M","R","BOSS","M","$","M","M","?","E","R","E","T","R","E","M","?","$","R","BOSS","M","M","?","?","?","R","M","E","T","E","?","E"],"items_purchased_type":["Relic","Card"],"build_version":"2020-12-22","purchased_purges":2,"victory":false,"max_hp_per_floor":[68,68,68,68,68,68,68,68,68,68,68,68,68,68,68,68,68,68,68,68,68,68,68,68,68,68,68,68,68,68,68,68,68,68,68,68,68,68,68,68,68,68,78,78,78,78,78],"relic_stats":{"OrangePellets":[2],"Nunchaku":[24],"counters":[25,72],"Ornamental Fan":[128],"Pantograph":5,"StoneCalendar":[0],"Yang":[7],"Juzu Bracelet":0,"Orichalcum":[0],"obtain_stats":[{"Pear":43,"Damaru":23,"Enchiridion":30,"StoneCalendar":44,"Yang":45,"Juzu Bracelet":13,"Orichalcum":42,"Empty Cage":17,"OrangePellets":19,"SlaversCollar":34,"Nunchaku":5,"Ornamental Fan":25,"Pantograph":26,"Bag of Marbles":9,"Red Mask":22,"PureWater":0,"StrikeDummy":28},{"Pear":23,"Damaru":15,"Enchiridion":18,"StoneCalendar":24,"Yang":24,"Juzu Bracelet":8,"Orichalcum":23,"Empty Cage":10,"OrangePellets":11,"SlaversCollar":19,"Nunchaku":3,"Ornamental Fan":16,"Pantograph":16,"Bag of Marbles":5,"Red Mask":14,"PureWater":0,"StrikeDummy":17},{"Pear":67,"Damaru":47,"Enchiridion":53,"StoneCalendar":70,"Yang":70,"Juzu Bracelet":23,"Orichalcum":67,"Empty Cage":36,"OrangePellets":39,"SlaversCollar":57,"Nunchaku":7,"Ornamental Fan":50,"Pantograph":50,"Bag of Marbles":14,"Red Mask":45,"PureWater":0,"StrikeDummy":51}]},"card_choices":[{"not_picked":["Crescendo","Vengeance","Pray"],"picked":"SKIP","floor":1.0},{"not_picked":["Halt","CrushJoints"],"picked":"FlurryOfBlows","floor":3.0},{"not_picked":["BowlingBash","EmptyBody"],"picked":"EmptyFist","floor":4.0},{"not_picked":["PathToVictory","Prostrate"],"picked":"LessonLearned","floor":7.0},{"not_picked":["SashWhip","ThirdEye"],"picked":"FearNoEvil","floor":8.0},{"not_picked":["Vengeance","LikeWater","FlurryOfBlows"],"picked":"SKIP","floor":10.0},{"not_picked":["LessonLearned","Protect","Fasting2"],"picked":"SKIP","floor":12.0},{"not_picked":["EmptyBody","Evaluate","Halt"],"picked":"SKIP","floor":13.0},{"not_picked":["WindmillStrike","Consecrate","CutThroughFate"],"picked":"SKIP","floor":14.0},{"not_picked":["Prostrate","FlyingSleeves","JustLucky"],"picked":"SKIP","floor":18.0},{"not_picked":["SandsOfTime","EmptyBody"],"picked":"ForeignInfluence+1","floor":20.0},{"not_picked":["Pray","PathToVictory","Crescendo"],"picked":"SKIP","floor":21.0},{"not_picked":["Crescendo","Evaluate"],"picked":"Blasphemy","floor":23.0},{"not_picked":["WindmillStrike","ThirdEye","Prostrate"],"picked":"SKIP","floor":25.0},{"not_picked":["FlurryOfBlows","SpiritShield","FollowUp"],"picked":"SKIP","floor":28.0},{"not_picked":["Halt","JustLucky","Crescendo"],"picked":"SKIP","floor":29.0},{"not_picked":["Halt","FollowUp","FearNoEvil"],"picked":"SKIP","floor":35.0},{"not_picked":["Halt","FollowUp","FearNoEvil"],"picked":"SKIP","floor":35.0},{"not_picked":["SandsOfTime","FlyingSleeves","FollowUp+1"],"picked":"SKIP","floor":36.0},{"not_picked":["Secret Weapon","Good Instincts"],"picked":"Flash of Steel","floor":38.0},{"not_picked":["Panacea","Blind"],"picked":"PanicButton","floor":38.0},{"not_picked":["Trip","Violence"],"picked":"Secret Technique","floor":38.0},{"not_picked":["ClearTheMind","SashWhip","CutThroughFate+1"],"picked":"SKIP","floor":41.0},{"not_picked":["EmptyFist","Protect","DeceiveReality"],"picked":"SKIP","floor":42.0},{"not_picked":["Omniscience","PathToVictory","ClearTheMind"],"picked":"SKIP","floor":44.0}],"player_experience":3410100,"relics_obtained":[{"floor":9.0,"key":"Bag of Marbles"},{"floor":13.0,"key":"Juzu Bracelet"},{"floor":22.0,"key":"Red Mask"},{"floor":23.0,"key":"Damaru"},{"floor":25.0,"key":"Ornamental Fan"},{"floor":26.0,"key":"Pantograph"},{"floor":28.0,"key":"StrikeDummy"},{"floor":30.0,"key":"Enchiridion"},{"floor":42.0,"key":"Orichalcum"},{"floor":43.0,"key":"Pear"},{"floor":44.0,"key":"StoneCalendar"},{"floor":45,"key":"Yang"}],"event_choices":[{"cards_removed":["Defend_P"],"damage_healed":0.0,"max_hp_gain":0.0,"max_hp_loss":0.0,"gold_gain":0.0,"event_name":"Purifier","player_choice":"Purged","floor":2.0,"gold_loss":0.0,"damage_taken":0.0},{"cards_removed":["EmptyFist"],"damage_healed":0.0,"max_hp_gain":0.0,"max_hp_loss":0.0,"gold_gain":0.0,"event_name":"WeMeetAgain","player_choice":"Gave Card","floor":5.0,"gold_loss":0.0,"damage_taken":0.0,"relics_obtained":["Nunchaku"]},{"damage_healed":0.0,"max_hp_gain":0.0,"max_hp_loss":0.0,"gold_gain":0.0,"event_name":"Masked Bandits","player_choice":"Fought Bandits","floor":22.0,"gold_loss":0.0,"damage_taken":0.0},{"damage_healed":0.0,"max_hp_gain":0.0,"max_hp_loss":0.0,"gold_gain":0.0,"event_name":"Cursed Tome","player_choice":"Obtained Book","floor":30.0,"gold_loss":0.0,"damage_taken":21.0},{"damage_healed":0.0,"max_hp_gain":0.0,"max_hp_loss":0.0,"gold_gain":222.0,"event_name":"Tomb of Lord Red Mask","player_choice":"Wore Mask","floor":37.0,"gold_loss":0.0,"damage_taken":0.0},{"damage_healed":0.0,"max_hp_gain":0.0,"max_hp_loss":0.0,"gold_gain":0.0,"event_name":"SensoryStone","player_choice":"Memory 3","floor":38.0,"gold_loss":0.0,"damage_taken":10.0}],"is_beta":false,"boss_relics":[{"not_picked":["Busted Crown","Black Star"],"picked":"Empty Cage"},{"not_picked":["Philosopher\u0027s Stone","Runic Dome"],"picked":"SlaversCollar"}],"items_purged_floors":[19,31],"is_endless":false,"potions_floor_spawned":[3,4,7,12,16,20,22,23,25,29,35,41],"killed_by":"Giant Head","ascension_level":20}}