{"host":"tcdxiwht2vajk3tk","time":1610337585,"event":{"mods":["AchievementEnabler","BaseMod","Beaked The Cultist","Conspire","Defuse TimeMaze Blight","Downfall","Halation","Hermit","Hubris","Infinite Spire","Lobotomy","Minty Spire (QoL Compilation)","Replay The Spire","Shop Mod","StSLib","The Cursed","The Disciple","vexMod"],"gold_per_floor":[114,114,14,14,71,100,126,126,150,68,112,149,174,219,219,348,348,362,362,362],"floor_reached":19,"playtime":1709,"items_purged":[],"score":243,"play_id":"fd2c8bea-4299-44d2-be3e-b50d8a34f645","local_time":"20210110225945","is_ascension_mode":true,"campfire_choices":[{"data":"beaked:Ceremony","floor":8.0,"key":"SMITH"},{"data":"beaked:Hexing","floor":15.0,"key":"SMITH"}],"circlet_count":0,"master_deck":["beaked:Strike_Y","beaked:Strike_Y","beaked:Strike_Y","beaked:Strike_Y","beaked:Strike_Y","beaked:Strike_Y","beaked:Defend_Y","beaked:Defend_Y","beaked:Defend_Y","beaked:Defend_Y","beaked:Ceremony+1","beaked:Ceremony","beaked:Ceremony","MHz","beaked:Brace","conspire:SpireCoStock","conspire:SpireCoStock","ShyLook","beaked:MachineSpirit","Woodsman","beaked:Roost","WallGazer","beaked:Evade","beaked:VigorBurst","OSAHOGD","beaked:Foresight","beaked:Hexing+1","BodiesMountain","beaked:FeelMyPain","VoidDream","beaked:DarkPact","beaked:MachineEssence","beaked:FeelMyPain+1"],"relics":["beaked:MendingPlumage","CogitoBucket","Guardian:PocketSentry","Omamori","Potion Belt","BehaviorAdjustment","Centennial Puzzle","Honey Jar"],"acts_visited":["Exordium","TheCity"],"potions_floor_usage":[16],"damage_taken":[{"damage":6.0,"enemies":"Small Slimes","floor":1.0,"turns":5.0},{"damage":17.0,"enemies":"2 Louse","floor":5.0,"turns":6.0},{"damage":39.0,"enemies":"Gremlin Nob","floor":6.0,"turns":5.0},{"damage":19.0,"enemies":"Jaw Worm","floor":7.0,"turns":5.0},{"damage":38.0,"enemies":"Lagavulin","floor":11.0,"turns":8.0},{"damage":18.0,"enemies":"Looter","floor":12.0,"turns":6.0},{"damage":24.0,"enemies":"Exordium Wildlife","floor":13.0,"turns":7.0},{"damage":41.0,"enemies":"3 Sentries","floor":14.0,"turns":8.0},{"damage":40,"enemies":"Slime Boss","floor":16,"turns":9},{"damage":59,"enemies":"3 Byrds","floor":18,"turns":8},{"damage":62,"enemies":"Spheric Guardian","floor":19,"turns":1}],"seed_played":"7641372437372453130","potions_obtained":[{"floor":1.0,"key":"GamblersBrew"},{"floor":11.0,"key":"AttackPotion"},{"floor":12.0,"key":"DistilledChaos"},{"floor":14.0,"key":"Block Potion"},{"floor":16,"key":"sneckomod:MuddlingPotion"},{"floor":18,"key":"Weak Potion"}],"is_trial":false,"path_per_floor":["M","?","?","T","M","E","M","R","T","$","E","M","M","E","R","B",null,"M","M"],"character_chosen":"BEAKED_THE_CULTIST","items_purchased":["beaked:VigorBurst"],"campfire_rested":0,"item_purchase_floors":[10],"current_hp_per_floor":[48,48,48,48,42,20,27,27,27,32,23,44,55,49,49,58,58,58,0,0],"gold":362,"neow_bonus":"","is_daily":false,"chose_seed":false,"campfire_upgraded":2,"win_rate":0.0,"timestamp":1610337585,"path_taken":["M","?","?","?","M","E","M","R","T","?","E","?","M","E","R","BOSS","M","M"],"items_purchased_type":["Card"],"build_version":"2020-12-22","purchased_purges":0,"victory":false,"max_hp_per_floor":[50,50,50,50,50,50,50,50,50,55,55,55,55,58,58,58,58,58,58,58],"card_choices":[{"not_picked":["HappyTeddy","Porccubus","PunishingBird"],"picked":"Singing Bowl","floor":1.0},{"not_picked":["UniverseFragment","Scorched"],"picked":"MHz","floor":1.0},{"not_picked":["beaked:Poke","beaked:Pecker"],"picked":"beaked:Brace","floor":1.0},{"not_picked":["LittleHelper","LaLuna","CrumblingArmor"],"picked":"Singing Bowl","floor":5.0},{"not_picked":["HeroicMonk","Laetitia"],"picked":"ShyLook","floor":5.0},{"not_picked":["beaked:Molting","beaked:Flinch"],"picked":"beaked:MachineSpirit","floor":5.0},{"not_picked":["SpiderBud","Wellcheers","GreedKing"],"picked":"Singing Bowl","floor":6.0},{"not_picked":["Bloodbath","FairyFestival"],"picked":"Woodsman","floor":6.0},{"not_picked":["beaked:Daydream","beaked:Tradeoff"],"picked":"beaked:Roost","floor":6.0},{"not_picked":["CrumblingArmor","LaLuna","SpiderBud"],"picked":"Singing Bowl","floor":7.0},{"not_picked":["VoidDream","Murderer"],"picked":"WallGazer","floor":7.0},{"not_picked":["beaked:Mantra","ReplayTheSpireMod:RavenHex"],"picked":"beaked:Evade","floor":7.0},{"not_picked":["BeautyBeast","Alriune","FairyFestival"],"picked":"Singing Bowl","floor":11.0},{"not_picked":["LittleHelper","VoidDream"],"picked":"OSAHOGD","floor":11.0},{"not_picked":["beaked:Windmill","beaked:FullHouse"],"picked":"beaked:Foresight","floor":11.0},{"not_picked":["Yin","CherryBlossoms","BeautyBeast"],"picked":"Singing Bowl","floor":12.0},{"not_picked":["beaked:Resilience","beaked:Foresight"],"picked":"beaked:Hexing","floor":12.0},{"not_picked":["SpiderBud","Scorched"],"picked":"BodiesMountain","floor":13.0},{"not_picked":["beaked:Tweet","beaked:HuntressEssence"],"picked":"beaked:FeelMyPain","floor":13.0},{"not_picked":["OldLady","SpiderBud","LittleHelper"],"picked":"Singing Bowl","floor":14.0},{"not_picked":["GalaxyChild","Bloodbath"],"picked":"VoidDream","floor":14.0},{"not_picked":["beaked:Overpower","beaked:Tweet"],"picked":"beaked:DarkPact","floor":14.0},{"not_picked":["LaLuna","CrumblingArmor","BigBadWolf"],"picked":"Singing Bowl","floor":16},{"not_picked":["beaked:LiftOff","beaked:ShadowFade"],"picked":"beaked:MachineEssence","floor":16},{"not_picked":["Bloodbath","PunishingBird","MeatLantern"],"picked":"Singing Bowl","floor":18},{"not_picked":["beaked:Resilience","beaked:Replenish+1","beaked:MimicMachine"],"picked":"beaked:FeelMyPain+1","floor":18}],"player_experience":1548163,"relics_obtained":[{"floor":6.0,"key":"Guardian:PocketSentry"},{"floor":9.0,"key":"Omamori"},{"floor":11.0,"key":"Potion Belt"},{"floor":14.0,"key":"Centennial Puzzle"}],"event_choices":[{"damage_healed":0.0,"max_hp_gain":0.0,"max_hp_loss":0.0,"gold_gain":0.0,"event_name":"conspire:Investor","player_choice":"Invest 2","floor":3.0,"gold_loss":0.0,"damage_taken":0.0}],"is_beta":false,"boss_relics":[{"not_picked":["conspire:RunicOctahedron","halation:Risk"],"picked":"Honey Jar"}],"items_purged_floors":[],"is_endless":false,"potions_floor_spawned":[1,11,12,14,16,18],"killed_by":"Spheric Guardian","ascension_level":6}}