{"host":"inzxg65gu6nvov1v","time":1610393962,"event":{"mods":["AchievementEnabler","Act Like it!","Aspiration","BaseMod","Better Third Choice","CapriCore","Card Forge","Colored Map","Colored Powertips","Conspire","Downfall","Duelist Mod","Energized Spire","Gensokyo","Hallownest","Hermit","Highlight Path","Hubris","Infinite Spire","Jedi Mod","Koishi","Lobotomy","LobotomyExtend","Marisa????????","Mimic Mod","Minty Spire (QoL Compilation)","Reimu??????","Remilia??????","Replay The Spire","Spicy Shops","StSLib","Td1madao Mod","The Administrix","The Bug Knight","The Construct","The Cursed","The Disciple","The Elementalist","The Gatherer","The Hierophant","The Immortal","The Jungle","The Mystic","The Necromancer","The Runesmith","The Servant 0.9.4","Wandering Minibosses","Yakumo Yukari mod","Youmu??????"],"gold_per_floor":[118,129,0,10,28,28,28,41,41,57,57,57,67,64,64,137,137,134,114,110,106,31,31,63,63,143,152,152,152,163,10,10,107,107,120,120,117,117],"floor_reached":37,"playtime":3006,"items_purged":["Poor:ReiMu"],"score":441,"play_id":"e5f05fa8-dc40-45ca-930e-da6f1ba848b9","local_time":"20210111213922","is_ascension_mode":false,"campfire_choices":[{"data":"Enlightenment","floor":6,"key":"SMITH"},{"data":"Koishi:HeartStoppingHorror","floor":12,"key":"SMITH"},{"data":"Koishi:Catatonia","floor":15,"key":"SMITH"},{"floor":23,"key":"REST"},{"floor":25,"key":"RECALL"},{"data":"Koishi:ParalyzingFear","floor":28,"key":"SMITH"},{"floor":32,"key":"REST"}],"circlet_count":0,"master_deck":["Koishi:BasicStrike","Koishi:BasicStrike","Koishi:BasicStrike","Koishi:BasicStrike","Koishi:BasicDefend","Koishi:BasicDefend","Koishi:BasicDefend","Koishi:BasicDefend","Koishi:Provoke","Koishi:HauntingSlash","Koishi:DreadfulBlow","Koishi:StingingMind","Enlightenment+1","Koishi:UnseenTerror","Koishi:HeartStoppingHorror+1","Gensokyo:AllTheWorldsEvil","Koishi:Catatonia+1","Koishi:DreadfulBlow","Koishi:PredatoryInstincts","Koishi:JumpScare","Koishi:ParalyzingFear+1","Koishi:RacingHeart","Echo Form","Koishi:TremblingHands","Hallownest:curseDreamersLament"],"relics":["Koishi:ImaginaryFriend","Hammer of Thor","Seething Fire","Anvil of the Gods","ScarletDevilRocket","hubris:DisguiseKit","YidongShenshe:ReiMu","construct:FoamFinger","ReplayTheSpireMod:DimensionalGlitch","conspire:BottledYoYo","infinitespire:EmpoweringShard","Koishi:BloodstainedWhiteRose","hubris:Backtick","White Beast Statue","Hallownest:BeastSealRelic"],"acts_visited":["Exordium","theJungle:Jungle","Hallownest:KingdomsEdge"],"potions_floor_usage":[5,8,10,21,21,24,30,33,37],"damage_taken":[{"damage":0,"enemies":"2 Louse","floor":1,"turns":3},{"damage":0,"enemies":"Jaw Worm","floor":2,"turns":4},{"damage":0,"enemies":"conspire:RoseBush","floor":4,"turns":2},{"damage":9,"enemies":"Large Slime","floor":5,"turns":3},{"damage":8,"enemies":"Red Slaver","floor":8,"turns":4},{"damage":13,"enemies":"Exordium Wildlife","floor":10,"turns":5},{"damage":0,"enemies":"HollowMod:MossKnight","floor":13,"turns":4},{"damage":10,"enemies":"conspire:2 RoseBushes","floor":14,"turns":7},{"damage":21,"enemies":"Slime Boss","floor":16,"turns":12},{"damage":0,"enemies":"theJungle:GiantWrat","floor":18,"turns":6},{"damage":55,"enemies":"theJungle:Flameango_and_Byrd","floor":20,"turns":5},{"damage":9,"enemies":"theJungle:2_Flameangoes","floor":21,"turns":7},{"damage":18,"enemies":"theJungle:MamaSnecko","floor":24,"turns":4},{"damage":10,"enemies":"theJungle:JungleHuntersEncounter","floor":27,"turns":6},{"damage":0,"enemies":"theJungle:2_Snecko_Cultists","floor":30,"turns":3},{"damage":42,"enemies":"theJungle:FunGuy","floor":33,"turns":10},{"damage":29,"enemies":"Hallownest:2_Littles","floor":35,"turns":7},{"damage":45,"enemies":"Hallownest:Shield_Heavy","floor":37,"turns":5}],"seed_played":"-8677326265933297881","potions_obtained":[{"floor":2,"key":"jedi:StrikingPotion"},{"floor":5,"key":"ZuzhouPotion:ReiMu"},{"floor":8,"key":"infinitespire:BlackPotion"},{"floor":16,"key":"ZuzhouPotion:ReiMu"},{"floor":18,"key":"Dexterity Potion"},{"floor":19,"key":"SkillPotion"},{"floor":27,"key":"ColorlessPotion"},{"floor":30,"key":"Regen Potion"},{"floor":35,"key":"Block Potion"}],"is_trial":false,"path_per_floor":["M","M","?","M","M","R","?","M","T","M","?","R","E","M","R","B",null,"M","?","M","M","$","R","E","R","T","M","R","?","M","$","R","B",null,"M","?","M"],"character_chosen":"KOISHI","items_purchased":["Koishi:BloodstainedWhiteRose"],"campfire_rested":2,"item_purchase_floors":[31],"current_hp_per_floor":[60,60,66,66,64,64,64,61,61,53,53,53,60,54,54,36,66,66,66,24,28,28,47,38,38,38,36,36,36,46,46,65,49,66,37,37,0,0],"gold":117,"neow_bonus":"RANDOM_COMMON_RELIC","is_daily":false,"chose_seed":false,"campfire_upgraded":4,"win_rate":0.0,"timestamp":1610393962,"path_taken":["M","M","?","M","M","R","?","?","T","M","?","R","E","M","R","BOSS","M","?","?","M","$","R","E","R","T","M","R","?","M","?","R","BOSS","M","?","M"],"items_purchased_type":["Relic"],"build_version":"2020-12-22","purchased_purges":1,"victory":false,"max_hp_per_floor":[60,60,66,66,66,66,66,66,66,66,66,66,66,66,66,66,66,66,66,66,66,66,66,66,66,66,66,66,66,66,66,66,66,66,66,66,66,66],"card_choices":[{"not_picked":["Koishi:TremblingHands","Koishi:HeartfeltFancy"],"picked":"Koishi:DreadfulBlow","floor":1},{"not_picked":["Koishi:FleetingPhantom","Koishi:SubconsciousSweep"],"picked":"Koishi:StingingMind","floor":2},{"not_picked":["Koishi:SpiritedAway","Koishi:EmbryosDream"],"picked":"Koishi:UnseenTerror","floor":4},{"not_picked":["Koishi:UnansweredLove","Koishi:EmbryosDream"],"picked":"Koishi:HeartStoppingHorror","floor":5},{"not_picked":["Koishi:SpiritedAway","Koishi:Prune","Recycle"],"picked":"Koishi:Catatonia","floor":8},{"not_picked":["Koishi:GhostParty","Koishi:Bloodlust","Koishi:UnansweredLove","Go for the Eyes"],"picked":"SKIP","floor":10},{"not_picked":["Koishi:FleetingPhantom","Koishi:UnansweredLove","Undo"],"picked":"Koishi:DreadfulBlow","floor":13},{"not_picked":["Koishi:DNAsFlaw","Koishi:RorschachInDanmaku","Machine Learning"],"picked":"Koishi:PredatoryInstincts","floor":14},{"not_picked":["Koishi:Prune+1","Koishi:Catatonia","Ball Lightning"],"picked":"Koishi:JumpScare","floor":18},{"not_picked":["Koishi:IdleWhim","Koishi:ReflexRadar","Koishi:PhantomStrike","Chill"],"picked":"SKIP","floor":20},{"not_picked":["Koishi:IdleWhim","Koishi:CatchAndRose+1","Ball Lightning"],"picked":"Koishi:ParalyzingFear","floor":21},{"not_picked":["Koishi:MassHysteria","Koishi:PhantomBarrier","Koishi:SubconsciousSweep+1","jedi:studyfrost"],"picked":"SKIP","floor":24},{"not_picked":["Koishi:UnconsciousUprising","Koishi:Catatonia","Coolheaded"],"picked":"Koishi:RacingHeart","floor":27},{"not_picked":["Koishi:Prune","Koishi:SpiritedAway","Koishi:SilentAndRestless","Defragment"],"picked":"SKIP","floor":30},{"not_picked":["Koishi:RuptureMind","Koishi:RoseHell","Koishi:Heartbroken"],"picked":"Echo Form","floor":33},{"not_picked":["Koishi:SubterraneanRose+1","Koishi:LastRemote","Streamline"],"picked":"Koishi:TremblingHands","floor":35}],"player_experience":159421,"relics_obtained":[{"floor":13,"key":"construct:FoamFinger"},{"floor":24,"key":"conspire:BottledYoYo"},{"floor":26,"key":"infinitespire:EmpoweringShard"}],"event_choices":[{"damage_healed":0,"gold_gain":0,"player_choice":"RENOUNCE","damage_taken":129,"max_hp_gain":0,"max_hp_loss":0,"event_name":"betterThird:BetterSerpent","floor":3,"gold_loss":129,"cards_obtained":["Enlightenment"]},{"damage_healed":0,"gold_gain":0,"player_choice":"Take Tiny Shrine away","damage_taken":0,"relics_obtained":["YidongShenshe:ReiMu"],"max_hp_gain":0,"max_hp_loss":0,"event_name":"yidonshenshe","floor":11,"gold_loss":0,"cards_obtained":["Poor:ReiMu"]},{"damage_healed":0,"gold_gain":0,"player_choice":"Bought 1 Potion","damage_taken":0,"max_hp_gain":0,"max_hp_loss":0,"event_name":"The Woman in Blue","floor":19,"gold_loss":0}],"is_beta":false,"boss_relics":[{"not_picked":["conspire:RunicOctahedron","hubris:RunicObelisk"],"picked":"ReplayTheSpireMod:DimensionalGlitch"},{"not_picked":["hubris:ScarierMask","Kintsugi"],"picked":"hubris:Backtick"}],"items_purged_floors":[22],"is_endless":false,"potions_floor_spawned":[2,5,8,16,18,20,27,30,35],"killed_by":"Hallownest:Shield_Heavy","ascension_level":0}}