{"host":"0v07cr0k93jhgkpm","time":1610333714,"event":{"mods":["BaseMod","Colored Map","DeckTracker","Minty Spire (QoL Compilation)","Quick Restart","SuperFastMode"],"gold_per_floor":[113,125,18,18,36,36,36,60,112,143,39,62,62,87,87,87,87],"floor_reached":16,"playtime":381,"items_purged":[],"score":204,"play_id":"5e09ebec-50ea-4adf-97a9-0b2582c90ced","local_time":"20210111115514","is_ascension_mode":true,"campfire_choices":[{"data":"Zap","floor":6,"key":"SMITH"},{"floor":13,"key":"REST"},{"data":"Hologram","floor":15,"key":"SMITH"}],"circlet_count":0,"master_deck":["AscendersBane","Strike_B","Strike_B","Strike_B+1","Strike_B","Defend_B","Defend_B","Defend_B","Defend_B","Zap+1","Dualcast","Sweeping Beam","Ball Lightning","Turbo","Self Repair","White Noise+1","Melter","Go for the Eyes","Defragment","Cold Snap","All For One","Hologram+1"],"relics":["Cracked Core","DataDisk","Golden Idol","Centennial Puzzle","Bag of Preparation"],"acts_visited":["Exordium"],"potions_floor_usage":[16],"damage_taken":[{"damage":2,"enemies":"Jaw Worm","floor":1,"turns":4},{"damage":0,"enemies":"Small Slimes","floor":2,"turns":2},{"damage":3,"enemies":"2 Louse","floor":5,"turns":2},{"damage":3,"enemies":"Blue Slaver","floor":8,"turns":3},{"damage":14,"enemies":"Gremlin Nob","floor":10,"turns":3},{"damage":6,"enemies":"Looter","floor":12,"turns":2},{"damage":0,"enemies":"Exordium Thugs","floor":14,"turns":3},{"damage":36,"enemies":"The Guardian","floor":16,"turns":9}],"seed_played":"7650353064699544725","potions_obtained":[{"floor":10,"key":"Fire Potion"},{"floor":12,"key":"Weak Potion"}],"is_trial":false,"path_per_floor":["M","M","$","?","M","R","?","M","T","E","$","M","R","M","R","B"],"character_chosen":"DEFECT","items_purchased":["Turbo","Self Repair","Defragment","Cold Snap"],"campfire_rested":1,"item_purchase_floors":[3,3,11,11],"current_hp_per_floor":[62,62,62,38,35,35,14,18,18,11,11,5,26,33,33,0,0],"gold":87,"neow_bonus":"RANDOM_COMMON_RELIC","is_daily":false,"chose_seed":false,"campfire_upgraded":2,"win_rate":0.0,"timestamp":1610333714,"path_taken":["M","M","$","?","M","R","?","M","T","E","?","M","R","M","R","BOSS"],"items_purchased_type":["Card","Card","Card","Card"],"build_version":"2020-12-22","purchased_purges":0,"victory":false,"max_hp_per_floor":[71,71,71,71,71,71,71,71,71,71,71,71,71,71,71,71,71],"card_choices":[{"not_picked":["Redo","Stack"],"picked":"Sweeping Beam","floor":1},{"not_picked":["Cold Snap","Aggregate"],"picked":"Ball Lightning","floor":2},{"not_picked":["Steam","Turbo"],"picked":"White Noise","floor":5},{"not_picked":["Sunder","Skim"],"picked":"Melter","floor":8},{"not_picked":["Hyperbeam","Turbo"],"picked":"Go for the Eyes","floor":10},{"not_picked":["Sweeping Beam","Hello World"],"picked":"All For One","floor":12},{"not_picked":["Compile Driver","Rebound"],"picked":"Hologram","floor":14}],"player_experience":2487186,"relics_obtained":[{"floor":9,"key":"Centennial Puzzle"},{"floor":10,"key":"Bag of Preparation"}],"event_choices":[{"damage_healed":0,"gold_gain":0,"player_choice":"Take Damage","damage_taken":24,"relics_obtained":["Golden Idol"],"max_hp_gain":0,"max_hp_loss":0,"event_name":"Golden Idol","floor":4,"gold_loss":0},{"damage_healed":0,"gold_gain":0,"player_choice":"Entered Light","damage_taken":21,"max_hp_gain":0,"max_hp_loss":0,"event_name":"Shining Light","floor":7,"gold_loss":0,"cards_upgraded":["Strike_B","White Noise"]}],"is_beta":false,"boss_relics":[],"items_purged_floors":[],"is_endless":false,"potions_floor_spawned":[10,12],"killed_by":"The Guardian","ascension_level":20}}