{"host":"6b00v7211em4ihns","time":1610387257,"event":{"mods":["BaseMod","Bestiary","Better Match","Filter the Spire","Minty Spire (QoL Compilation)","Relic Stats","Spicy Shops","StSLib"],"gold_per_floor":[119,26,26,38,56,86,103,103,183,183,195,211,211,240,240,318,318,332,312,50,61,61,61,79,79,105,118,118,118],"floor_reached":28,"playtime":6538,"items_purged":["Strike_B","Strike_B","Strike_B"],"score":464,"play_id":"e594912c-0923-4390-937a-7aec331681d2","local_time":"20210111174737","is_ascension_mode":true,"campfire_choices":[{"data":"Multi-Cast","floor":8.0,"key":"SMITH"},{"floor":10.0,"key":"REST"},{"floor":15.0,"key":"REST"},{"floor":23,"key":"REST"},{"floor":25,"key":"REST"}],"circlet_count":0,"master_deck":["AscendersBane","Defend_B","Defend_B","Defend_B","Defend_B","Zap","Dualcast","Ball Lightning","The Bomb+1","Cold Snap","Turbo","Rebound","Multi-Cast+1","BootSequence","Fusion","Echo Form","Fission","Loop+1","Conserve Battery","Stack","Biased Cognition","Glacier"],"relics":["Cracked Core","Bronze Scales","StoneCalendar","Letter Opener","Nunchaku","Snecko Eye"],"acts_visited":["Exordium","TheCity"],"potions_floor_usage":[],"damage_taken":[{"damage":2.0,"enemies":"Jaw Worm","floor":1.0,"turns":3.0},{"damage":16.0,"enemies":"Small Slimes","floor":4.0,"turns":3.0},{"damage":0.0,"enemies":"Cultist","floor":5.0,"turns":3.0},{"damage":1.0,"enemies":"Lagavulin","floor":6.0,"turns":5.0},{"damage":14.0,"enemies":"Exordium Wildlife","floor":7.0,"turns":4.0},{"damage":9.0,"enemies":"Red Slaver","floor":11.0,"turns":2.0},{"damage":11.0,"enemies":"Exordium Thugs","floor":12.0,"turns":4.0},{"damage":25.0,"enemies":"3 Sentries","floor":14.0,"turns":4.0},{"damage":23.0,"enemies":"Slime Boss","floor":16.0,"turns":5.0},{"damage":3,"enemies":"Chosen","floor":18,"turns":4},{"damage":22,"enemies":"2 Thieves","floor":19,"turns":4},{"damage":14,"enemies":"Snake Plant","floor":21,"turns":4},{"damage":12,"enemies":"Chosen and Byrds","floor":24,"turns":3},{"damage":20,"enemies":"Centurion and Healer","floor":27,"turns":6},{"damage":26,"enemies":"Sentry and Sphere","floor":28,"turns":6}],"seed_played":"5810866759324619111","potions_obtained":[{"floor":4.0,"key":"Block Potion"},{"floor":6.0,"key":"EssenceOfSteel"},{"floor":7.0,"key":"Energy Potion"},{"floor":14.0,"key":"Weak Potion"},{"floor":19,"key":"Strength Potion"}],"is_trial":false,"path_per_floor":["M","$","?","M","M","E","M","R","T","R","M","M","?","E","R","B",null,"M","M","$","M","?","R","M","R","T","M","M"],"character_chosen":"DEFECT","items_purchased":["The Bomb","Conserve Battery"],"campfire_rested":4,"item_purchase_floors":[2,20],"current_hp_per_floor":[62,62,62,46,46,45,31,31,31,52,43,32,32,7,28,5,55,52,30,30,16,16,37,25,46,46,26,0,0],"gold":118,"neow_bonus":"RANDOM_COMMON_RELIC","is_daily":false,"chose_seed":false,"campfire_upgraded":1,"win_rate":0.0,"timestamp":1610387257,"path_taken":["M","$","?","M","M","E","M","R","T","R","M","M","?","E","R","BOSS","M","M","$","M","?","R","?","R","T","M","M"],"items_purchased_type":["Card","Card"],"build_version":"2020-12-22","purchased_purges":3,"victory":false,"max_hp_per_floor":[71,71,71,71,71,71,71,71,71,71,71,71,71,71,71,71,71,71,71,71,71,71,71,71,71,71,71,71,71],"relic_stats":{"Nunchaku":[3],"counters":[15,59],"Bronze Scales":[135],"Snecko Eye":[42,36,31,47],"StoneCalendar":[0],"Letter Opener":[147],"obtain_stats":[{"Nunchaku":14,"Bronze Scales":0,"Snecko Eye":17,"StoneCalendar":6,"Letter Opener":9,"Cracked Core":0},{"Nunchaku":8,"Bronze Scales":0,"Snecko Eye":9,"StoneCalendar":4,"Letter Opener":5,"Cracked Core":0},{"Nunchaku":28,"Bronze Scales":0,"Snecko Eye":33,"StoneCalendar":14,"Letter Opener":18,"Cracked Core":0}]},"card_choices":[{"not_picked":["Streamline","Hologram"],"picked":"Ball Lightning","floor":1.0},{"not_picked":["Darkness","FTL"],"picked":"Cold Snap","floor":4.0},{"not_picked":["Fusion","Hologram"],"picked":"Turbo","floor":5.0},{"not_picked":["Compile Driver","Sweeping Beam"],"picked":"Rebound","floor":6.0},{"not_picked":["Redo","Hologram"],"picked":"Multi-Cast","floor":7.0},{"not_picked":["Stack","Leap"],"picked":"BootSequence","floor":11.0},{"not_picked":["Gash","Beam Cell"],"picked":"Fusion","floor":12.0},{"not_picked":["Beam Cell","Hologram"],"picked":"Echo Form","floor":14.0},{"not_picked":["Reboot","Electrodynamics"],"picked":"Fission","floor":16.0},{"not_picked":["Chill+1","Redo","Ball Lightning"],"picked":"SKIP","floor":18},{"not_picked":["Compile Driver","Hologram"],"picked":"Loop+1","floor":19},{"not_picked":["Aggregate","Steam"],"picked":"Stack","floor":21},{"not_picked":["Rebound","Compile Driver"],"picked":"Biased Cognition","floor":24},{"not_picked":["Sweeping Beam","Darkness"],"picked":"Glacier","floor":27}],"player_experience":2486445,"relics_obtained":[{"floor":6.0,"key":"StoneCalendar"},{"floor":9.0,"key":"Letter Opener"},{"floor":14.0,"key":"Nunchaku"}],"event_choices":[{"damage_healed":0.0,"max_hp_gain":0.0,"max_hp_loss":0.0,"gold_gain":0.0,"event_name":"Living Wall","player_choice":"Grow","floor":3.0,"gold_loss":0.0,"damage_taken":0.0,"cards_upgraded":["The Bomb"]},{"damage_healed":0.0,"max_hp_gain":0.0,"max_hp_loss":0.0,"gold_gain":0.0,"event_name":"Golden Idol","player_choice":"Ignored","floor":13.0,"gold_loss":0.0,"damage_taken":0.0},{"cards_removed":["Strike_B"],"damage_healed":0,"gold_gain":0,"player_choice":"Purged","damage_taken":0,"max_hp_gain":0,"max_hp_loss":0,"event_name":"Purifier","floor":22,"gold_loss":0}],"is_beta":false,"boss_relics":[{"not_picked":["Astrolabe","Black Star"],"picked":"Snecko Eye"}],"items_purged_floors":[2,20,20],"is_endless":false,"potions_floor_spawned":[4,6,7,14,19],"killed_by":"Sentry and Sphere","ascension_level":20}}