{"host":"18wi9kpcl4eah7pe","time":1610348199,"event":{"mods":["BaseMod","Colored Powertips","Downfall","Minty Spire (QoL Compilation)","StSLib"],"gold_per_floor":[99,115,133,147,159,159,238,40,55,55,66,86,11,29,44,147,147,147,157,174,185,194,223,246,246,275,269,269,269,301,347,376,492,492,417,453,482,482,515,548,601,526,549,586,624,291,368,399,436,436],"floor_reached":51,"playtime":2715,"items_purged":[],"score":754,"play_id":"53cbb5b9-a0b2-4c46-a808-7c3c3a6168d7","local_time":"20210111005639","is_ascension_mode":true,"campfire_choices":[{"floor":1.0,"key":"RECALL"},{"data":"Guardian:PolyBeam","floor":10.0,"key":"SMITH"},{"data":"Guardian:TimeBomb","floor":13.0,"key":"SMITH"},{"data":"Guardian:PrismaticBeam","floor":18.0,"key":"SMITH"},{"floor":25.0,"key":"REST"},{"floor":29,"key":"REST"},{"data":"Guardian:WalkerClaw","floor":35,"key":"SMITH"},{"floor":42,"key":"REST"}],"circlet_count":0,"master_deck":["Guardian:Strike_Guardian","Guardian:Strike_Guardian","Guardian:Strike_Guardian","Guardian:Strike_Guardian","Guardian:Defend_Guardian+1","Guardian:Defend_Guardian+1","Guardian:Defend_Guardian","Guardian:Defend_Guardian","Guardian:CurlUp","Guardian:TwinSlam","Guardian:RollAttack","Guardian:TemporalStrike","Guardian:VentSteam","Guardian:BronzeOrb","Guardian:PolyBeam+1","Guardian:BronzeArmor","Guardian:PrismaticBeam+1","Guardian:TimeBomb+1","Guardian:FierceBash","Guardian:GemFinder+1","Guardian:TemporalShield+1","Guardian:StasisField","Shame","Guardian:Planning","Guardian:Harden+1","Guardian:ChargeUp","Guardian:Incinerate","Guardian:WalkerClaw+1","Guardian:RollAttack+1","Guardian:DonusPower","Guardian:TemporalStrike+1","Guardian:Gem_Lightblue","Guardian:RollAttack+1","Guardian:Gem_Red","Guardian:EvasiveProtocol+1","Guardian:Gem_Green","Guardian:ShieldCharger+1","Guardian:Gem_Red","Guardian:Recover+1","Guardian:Gem_Red","Guardian:Reroute+1"],"relics":["Guardian:ModeShifter","War Paint","Frozen Egg 2","Lantern","downfall:HeartBlessingRed","expansioncontent:StudyCardRelic","CeramicFish","Oddly Smooth Stone","Bottled Tornado","downfall:HeartBlessingGreen","downfall:HeartBlessingBlue","Nunchaku","Gremlin Horn"],"acts_visited":["Exordium","TheCity","TheBeyond"],"potions_floor_usage":[26,31,32,33,45,45,50],"damage_taken":[{"damage":0.0,"enemies":"Cultist","floor":2.0,"turns":3.0},{"damage":0.0,"enemies":"Small Slimes","floor":3.0,"turns":5.0},{"damage":0.0,"enemies":"Jaw Worm","floor":4.0,"turns":2.0},{"damage":4.0,"enemies":"Large Slime","floor":5.0,"turns":8.0},{"damage":5.0,"enemies":"downfall:FleeingMerchant","floor":8.0,"turns":4.0},{"damage":0.0,"enemies":"3 Louse","floor":9.0,"turns":3.0},{"damage":0.0,"enemies":"Exordium Thugs","floor":11.0,"turns":4.0},{"damage":0.0,"enemies":"Exordium Wildlife","floor":12.0,"turns":3.0},{"damage":7.0,"enemies":"Blue Slaver","floor":14.0,"turns":3.0},{"damage":10.0,"enemies":"Exordium Thugs","floor":15.0,"turns":4.0},{"damage":38.0,"enemies":"downfall:Silent","floor":16.0,"turns":8.0},{"damage":0.0,"enemies":"3 Byrds","floor":19.0,"turns":4.0},{"damage":5.0,"enemies":"Shell Parasite","floor":20.0,"turns":3.0},{"damage":11.0,"enemies":"Snecko","floor":21.0,"turns":3.0},{"damage":16.0,"enemies":"Centurion and Healer","floor":23.0,"turns":6.0},{"damage":27,"enemies":"Snake Plant","floor":26,"turns":3},{"damage":1,"enemies":"downfall:FleeingMerchant","floor":27,"turns":4},{"damage":8,"enemies":"Snecko","floor":30,"turns":4},{"damage":19,"enemies":"Slavers","floor":31,"turns":6},{"damage":19,"enemies":"3 Cultists","floor":32,"turns":4},{"damage":13,"enemies":"downfall:Ironclad","floor":33,"turns":6},{"damage":10,"enemies":"3 Darklings","floor":36,"turns":3},{"damage":20,"enemies":"Orb Walker","floor":37,"turns":3},{"damage":5,"enemies":"Maw","floor":39,"turns":8},{"damage":3,"enemies":"4 Shapes","floor":40,"turns":4},{"damage":26,"enemies":"Jaw Worm Horde","floor":44,"turns":3},{"damage":4,"enemies":"Sphere and 2 Shapes","floor":45,"turns":6},{"damage":0,"enemies":"3 Darklings","floor":48,"turns":2},{"damage":0,"enemies":"Jaw Worm Horde","floor":49,"turns":2},{"damage":101,"enemies":"downfall:Defect","floor":50,"turns":11}],"seed_played":"-6454158431862913185","potions_obtained":[{"floor":3.0,"key":"DistilledChaos"},{"floor":5.0,"key":"sneckomod:MuddlingPotion"},{"floor":9.0,"key":"ColorlessPotion"},{"floor":12.0,"key":"FairyPotion"},{"floor":14.0,"key":"sneckomod:MuddlingPotion"},{"floor":21.0,"key":"FearPotion"},{"floor":23.0,"key":"Dexterity Potion"},{"floor":31,"key":"Weak Potion"},{"floor":32,"key":"SteroidPotion"},{"floor":37,"key":"BlessingOfTheForge"},{"floor":39,"key":"SpeedPotion"},{"floor":40,"key":"Dexterity Potion"},{"floor":45,"key":"Guardian:StasisDiscoveryPotion"},{"floor":49,"key":"Slimebound:ThreeZeroPotion"}],"is_trial":false,"path_per_floor":["R","M","M","M","M","?","T","$","M","R","M","M","R","M","M","B",null,"R","M","M","M","?","M","T","R","M","$","?","R","M","E","M","B",null,"R","M","M","?","M","M","T","R","T","M","M","?","?","M","M","B",null],"character_chosen":"GUARDIAN","items_purchased":["Lantern","Guardian:PolyBeam"],"campfire_rested":3,"item_purchase_floors":[8,8],"current_hp_per_floor":[80,80,80,80,76,76,76,71,71,71,71,71,71,64,54,16,80,80,80,75,64,64,48,48,72,45,44,44,68,60,41,22,9,80,80,70,50,50,45,42,42,79,79,53,49,101,101,101,101,30],"gold":436,"neow_bonus":"RANDOM_COMMON_RELIC","is_daily":false,"chose_seed":false,"campfire_upgraded":4,"win_rate":0.0,"timestamp":1610348199,"path_taken":["R","M","M","?","M","?","T","$","M","R","M","?","R","M","M","BOSS","R","M","M","?","?","M","T","R","M","$","?","R","M","E","M","BOSS","R","M","M","?","M","M","T","R","?","M","?","?","?","M","M","BOSS"],"items_purchased_type":["Relic","Card"],"build_version":"2020-12-22","purchased_purges":0,"victory":true,"max_hp_per_floor":[80,80,80,80,80,80,80,80,80,80,80,80,80,80,80,80,80,80,80,80,80,80,80,80,80,80,80,80,80,80,80,80,80,80,80,80,80,80,80,80,80,90,90,90,90,101,101,101,101,101],"card_choices":[{"not_picked":["Guardian:Gem_Lightblue","Guardian:Reroute"],"picked":"Guardian:ShieldCharger","floor":2.0},{"not_picked":["Guardian:Gem_Red","Guardian:PolyBeam"],"picked":"Guardian:RollAttack","floor":3.0},{"not_picked":["Guardian:Gem_Red","Guardian:TimeCapacitor"],"picked":"Guardian:TemporalStrike","floor":4.0},{"not_picked":["Guardian:RollAttack","Guardian:Gem_White"],"picked":"Guardian:VentSteam","floor":5.0},{"not_picked":["Guardian:PrismaticBeam","Guardian:GemFire"],"picked":"Guardian:BronzeOrb","floor":8.0},{"not_picked":["Guardian:Reroute","Guardian:MultiBeam"],"picked":"Guardian:BronzeArmor","floor":9.0},{"not_picked":["Guardian:PrimingBeam","Guardian:Recover"],"picked":"Guardian:PrismaticBeam","floor":11.0},{"not_picked":["Guardian:Emergency","Guardian:PrimingBeam"],"picked":"Guardian:TimeBomb","floor":12.0},{"not_picked":["Guardian:Gem_Fragmented","Guardian:VentSteam"],"picked":"Guardian:Gem_Lightblue","floor":14.0},{"not_picked":["Guardian:TimeCapacitor+1","Guardian:PrismaticBeam"],"picked":"Guardian:FierceBash","floor":15.0},{"not_picked":["Guardian:TimeSifter+1","Guardian:SphericShield"],"picked":"Guardian:GemFinder+1","floor":16.0},{"not_picked":["Guardian:Gem_Green","Guardian:Gem_Cyan"],"picked":"Guardian:Gem_Red","floor":19.0},{"not_picked":["Guardian:Planning","Guardian:ChargeCore"],"picked":"Guardian:TemporalShield+1","floor":19.0},{"not_picked":["Guardian:Gem_Green","Guardian:Gem_Cyan"],"picked":"Guardian:Gem_Red","floor":20.0},{"not_picked":["Guardian:FloatingOrbs+1","Guardian:Gem_Cyan"],"picked":"Guardian:StasisField","floor":20.0},{"not_picked":["Guardian:TemporalShield","Guardian:Gem_White"],"picked":"Guardian:Gem_Green","floor":21.0},{"not_picked":["Guardian:Gem_Lightblue","Guardian:Gem_Green"],"picked":"Guardian:Gem_Cyan","floor":23.0},{"not_picked":["Guardian:Reroute","Guardian:MultiBeam"],"picked":"Guardian:Planning","floor":23.0},{"not_picked":["Guardian:Gem_Lightblue","Guardian:Gem_Green"],"picked":"Guardian:Gem_Red","floor":26},{"not_picked":["Guardian:PrimingBeam","Guardian:Gem_Green"],"picked":"Guardian:Harden+1","floor":26},{"not_picked":["Guardian:SentryBeam+1","Guardian:PiercingHide"],"picked":"Guardian:ChargeUp","floor":27},{"not_picked":["Guardian:Gem_Cyan","Guardian:Gem_Lightblue"],"picked":"Guardian:Gem_Red","floor":30},{"not_picked":["Guardian:Gem_Lightblue","Guardian:ConstructionForm+1"],"picked":"Guardian:Incinerate","floor":30},{"not_picked":["Guardian:Gem_Red","Guardian:Gem_Lightblue"],"picked":"Guardian:Gem_Green","floor":31},{"not_picked":["Guardian:FloatingOrbs+1","Guardian:Gem_Lightblue"],"picked":"Guardian:WalkerClaw","floor":31},{"not_picked":["Guardian:Gem_Green","Guardian:Gem_Cyan"],"picked":"Guardian:Gem_Red","floor":32},{"not_picked":["Guardian:PiercingHide","Guardian:HyperBeam_Guardian","Guardian:ShieldCharger+1"],"picked":"SKIP","floor":32},{"not_picked":["Guardian:Gem_Lightblue","Guardian:Gem_Cyan"],"picked":"Guardian:Gem_Red","floor":33},{"not_picked":["Guardian:StasisField","Guardian:ConstructionForm+1"],"picked":"Guardian:Gem_Synthetic","floor":33},{"not_picked":["Guardian:Gem_Cyan","Guardian:Gem_Lightblue"],"picked":"Guardian:Gem_Green","floor":36},{"not_picked":["Guardian:MultiBeam","Guardian:Gem_Purple"],"picked":"Guardian:RollAttack+1","floor":36},{"not_picked":["Guardian:Gem_Cyan","Guardian:Gem_Green"],"picked":"Guardian:Gem_Red","floor":37},{"not_picked":["Guardian:TimeCapacitor+1","Guardian:Planning"],"picked":"Guardian:DonusPower","floor":37},{"not_picked":["Guardian:Gem_Cyan","Guardian:Gem_Lightblue"],"picked":"Guardian:Gem_Red","floor":39},{"not_picked":["Guardian:Planning","Guardian:ChargeUp"],"picked":"Guardian:TemporalStrike+1","floor":39},{"not_picked":["Guardian:Gem_Red","Guardian:Gem_Cyan"],"picked":"Guardian:Gem_Lightblue","floor":40},{"not_picked":["Guardian:BronzeArmor","Guardian:Gem_Green"],"picked":"Guardian:RollAttack+1","floor":40},{"not_picked":["Guardian:Gem_Cyan","Guardian:Gem_Lightblue"],"picked":"Guardian:Gem_Red","floor":44},{"not_picked":["Guardian:TemporalStrike+1","Guardian:DecasProtection+1"],"picked":"Guardian:EvasiveProtocol+1","floor":44},{"not_picked":["Guardian:Gem_Cyan","Guardian:Gem_Lightblue"],"picked":"Guardian:Gem_Green","floor":45},{"not_picked":["Guardian:Gem_Green","Guardian:SentryBeam+1"],"picked":"Guardian:ShieldCharger+1","floor":45},{"not_picked":["Guardian:Gem_Cyan","Guardian:Gem_Green"],"picked":"Guardian:Gem_Red","floor":48},{"not_picked":["Guardian:TemporalShield+1","Guardian:Gem_Lightblue"],"picked":"Guardian:Recover+1","floor":48},{"not_picked":["Guardian:Gem_Cyan","Guardian:Gem_Green"],"picked":"Guardian:Gem_Red","floor":49},{"not_picked":["Guardian:SentryBeam+1","Guardian:TemporalShield+1"],"picked":"Guardian:Reroute+1","floor":49}],"player_experience":895865,"relics_obtained":[{"floor":7.0,"key":"Frozen Egg 2"},{"floor":24.0,"key":"Oddly Smooth Stone"},{"floor":31,"key":"Bottled Tornado"},{"floor":43,"key":"Nunchaku"},{"floor":47,"key":"Gremlin Horn"}],"event_choices":[{"damage_healed":0.0,"max_hp_gain":0.0,"max_hp_loss":0.0,"gold_gain":0.0,"event_name":"Addict","player_choice":"Stole Relic","floor":22.0,"gold_loss":0.0,"damage_taken":0.0,"relics_obtained":["CeramicFish"],"cards_obtained":["Shame"]},{"damage_healed":0,"gold_gain":0,"player_choice":"Ignored","damage_taken":0,"max_hp_gain":0,"max_hp_loss":0,"event_name":"Ghosts","floor":28,"gold_loss":0},{"cards_removed":["Guardian:ShieldCharger"],"damage_healed":0,"gold_gain":0,"player_choice":"Removed Skill","damage_taken":0,"max_hp_gain":0,"max_hp_loss":0,"event_name":"Falling","floor":38,"gold_loss":0}],"is_beta":false,"boss_relics":[{"not_picked":["Guardian:ModeShifterPlus","SlaversCollar"],"picked":"expansioncontent:StudyCardRelic"},{"not_picked":["Velvet Choker","Busted Crown","Runic Dome"]}],"items_purged_floors":[],"is_endless":false,"potions_floor_spawned":[3,5,9,12,14,21,23,31,32,37,39,40,45,49],"ascension_level":1}}