{"host":"r6wilvrr1tovskr2","time":1610349942,"event":{"mods":["2.2 Compatiblity","AchievementEnabler","Aspiration","BaseMod","Beaked The Cultist","Bestiary","Better Altar","Better Match","Better Note","Better Sensory Stone","Better Skull","Better Third Choice","Colored Powertips","Conspire","Curses Come First","Downfall","Energized Spire","GifTheSpireLib","Halation","Hermit","Highlight Path","Hubris","Infinite Spire","Marked Mod","Minty Spire (QoL Compilation)","Quick Restart","Replay The Spire","Shop Mod","Spicy Shops","Spikes Relics","StSLib","Stuff the Spire","The Blue Laboratory","The Cursed","The Disciple","The Gatherer","The Hierophant","The Necromancer","The Runesmith","vexMod"],"gold_per_floor":[49,65,12,12,22,22,22,7,7,24,42,55,90,90,110,212,212,62,82,20,120,120,45,45,45,101,101,101],"floor_reached":26,"playtime":1982,"items_purged":["Doubt"],"score":204,"play_id":"5350f31c-fc10-4625-a99a-65a83fe0c0ab","local_time":"20210111012542","is_ascension_mode":false,"campfire_choices":[{"floor":1.0,"key":"RECALL"},{"data":"Slimebound:FirmFortitude","floor":9.0,"key":"SMITH"},{"data":"Slimebound:MassFeed","floor":18.0,"key":"SMITH"},{"floor":23,"key":"REST"}],"circlet_count":0,"master_deck":["Slimebound:Strike_Slimebound","Slimebound:Defend_Slimebound","Slimebound:Defend_Slimebound","Slimebound:Defend_Slimebound","Slimebound:Defend_Slimebound","Slimebound:Split","Slimebound:CorrosiveSpit","Slimebound:Strike_Slimebound","Slimebound:FirmFortitude+1","Slimebound:LeadByExample","Slimebound:SlimeSpikes","Slimebound:GoopSpray+1","Slimebound:LeadByExample","Slimebound:DivideAndConquer","Slimebound:SlimeSlap","Slimebound:MassFeed+1","Slimebound:PressTheAttack","Slimebound:Replication","Slimebound:LeechingTouch"],"relics":["energizedSpire:HugeHouse","ReplayTheSpireMod:CursedCoin","Matryoshka","SpikesRelics:DaevaFist","aspiration:MobileForge","downfall:HeartBlessingRed","downfall:HeartBlessingGreen","downfall:HeartBlessingBlue","vexMod:ConsolationPrize","ReplayTheSpireMod:Shallot","halation:EternalFortune"],"acts_visited":["Exordium","TheCity"],"potions_floor_usage":[],"damage_taken":[{"damage":0.0,"enemies":"conspire:RoseBush","floor":2.0,"turns":3.0},{"damage":0.0,"enemies":"downfall:FleeingMerchant","floor":3.0,"turns":4.0},{"damage":0.0,"enemies":"Cultist","floor":5.0,"turns":3.0},{"damage":10.0,"enemies":"downfall:FleeingMerchant","floor":8.0,"turns":4.0},{"damage":3.0,"enemies":"Jaw Worm","floor":10.0,"turns":3.0},{"damage":7.0,"enemies":"Exordium Wildlife","floor":11.0,"turns":3.0},{"damage":11.0,"enemies":"Large Slime","floor":12.0,"turns":3.0},{"damage":26.0,"enemies":"Gremlin Nob","floor":13.0,"turns":4.0},{"damage":0.0,"enemies":"Gremlin Gang","floor":15.0,"turns":3.0},{"damage":7.0,"enemies":"downfall:Silent","floor":16.0,"turns":13.0},{"damage":14.0,"enemies":"Spheric Guardian","floor":19.0,"turns":6.0},{"damage":14.0,"enemies":"downfall:FleeingMerchant","floor":20.0,"turns":4.0},{"damage":66,"enemies":"Nightmare","floor":26,"turns":10}],"seed_played":"8711760702965560830","potions_obtained":[{"floor":5.0,"key":"EssenceOfSteel"},{"floor":11.0,"key":"Slimebound:SlimedPotion"},{"floor":15.0,"key":"blueLaboratory:FrostheartPotion"},{"floor":16.0,"key":"blueLaboratory:BubblePotion"}],"is_trial":false,"path_per_floor":["R","M","$","?","M","T","T","$","R","M","M","M","E","?","M","B",null,"R","M","$","?","?","R","T","?","NM"],"character_chosen":"SLIMEBOUND","items_purchased":["Slimebound:GoopSpray+1","ReplayTheSpireMod:CursedCoin","Slimebound:LeadByExample","Slimebound:LeechingTouch"],"campfire_rested":1,"item_purchase_floors":[3,3,3,20],"current_hp_per_floor":[55,55,55,55,55,55,55,49,49,50,47,40,18,18,18,15,55,55,41,31,31,31,60,60,63,0,0,0],"gold":101,"neow_bonus":"BOSS_RELIC","is_daily":false,"chose_seed":false,"campfire_upgraded":2,"win_rate":0.0,"timestamp":1610349942,"path_taken":["R","M","$","?","?","?","T","?","R","M","M","?","E","?","M","BOSS","R","M","?","?","?","R","T","?","NM"],"items_purchased_type":["Card","Relic","Card","Card"],"build_version":"2020-12-22","purchased_purges":1,"victory":false,"max_hp_per_floor":[55,55,55,55,55,55,55,55,55,55,55,55,55,55,55,55,55,55,55,55,55,55,65,65,68,68,68,68],"card_choices":[{"not_picked":["Slimebound:SlimeSpikes","Slimebound:TongueLash"],"picked":"Slimebound:LeadByExample","floor":2.0},{"not_picked":["Slimebound:ServeAndProtect","Slimebound:SplitAcid"],"picked":"Slimebound:SlimeSpikes","floor":3.0},{"not_picked":["Slimebound:RollThrough","Slimebound:LeechEnergy"],"picked":"Slimebound:DivideAndConquer","floor":5.0},{"not_picked":["Slimebound:PressTheAttack","Slimebound:SplitBruiser","Slimebound:FinishingTackle"],"picked":"SKIP","floor":8.0},{"not_picked":["Slimebound:Prepare","Slimebound:HauntingLick","Slimebound:Nibble"],"picked":"SKIP","floor":10.0},{"not_picked":["Slimebound:Schlurp","Slimebound:LeadByExample","Slimebound:DivideAndConquer"],"picked":"SKIP","floor":11.0},{"not_picked":["Slimebound:ForwardTackle","Slimebound:LivingWall","Slimebound:SlimeSpikes"],"picked":"SKIP","floor":12.0},{"not_picked":["Slimebound:SplitAcid","Slimebound:ProtectTheBoss","Slimebound:SamplingLick"],"picked":"SKIP","floor":13.0},{"not_picked":["Slimebound:ProtectTheBoss","Slimebound:Teamwork","Slimebound:ForwardTackle"],"picked":"SKIP","floor":15.0},{"not_picked":["Slimebound:LeechLife","Slimebound:SlimeSlap"],"picked":"Slimebound:MassFeed","floor":16.0},{"not_picked":["Slimebound:SlimeSpikes","Slimebound:SplitLeeching+1"],"picked":"Slimebound:PressTheAttack","floor":19.0},{"not_picked":["Slimebound:DisruptingSlam","Slimebound:SlimeBrawl"],"picked":"Slimebound:Replication","floor":20.0}],"player_experience":1249715,"relics_obtained":[{"floor":7.0,"key":"Matryoshka"},{"floor":13.0,"key":"SpikesRelics:DaevaFist"},{"floor":24,"key":"vexMod:ConsolationPrize"},{"floor":24,"key":"ReplayTheSpireMod:Shallot"}],"event_choices":[{"cards_removed":["Slimebound:Strike_Slimebound"],"damage_healed":0.0,"max_hp_gain":0.0,"max_hp_loss":0.0,"gold_gain":0.0,"event_name":"Purifier","player_choice":"Purged","floor":4.0,"gold_loss":0.0,"damage_taken":0.0},{"damage_healed":0.0,"max_hp_gain":0.0,"max_hp_loss":0.0,"gold_gain":0.0,"cards_transformed":["Slimebound:Strike_Slimebound"],"event_name":"Transmorgrifier","player_choice":"Transformed","floor":14.0,"gold_loss":0.0,"damage_taken":0.0,"cards_obtained":["Slimebound:SlimeSlap"]},{"cards_removed":["Slimebound:MassFeed"],"damage_healed":0,"gold_gain":0,"player_choice":"Give","damage_taken":0,"max_hp_gain":0,"max_hp_loss":0,"event_name":"betterNote:BetterNote","floor":22,"gold_loss":0,"cards_obtained":["None"]}],"is_beta":false,"boss_relics":[{"not_picked":["halation:MonkeysPaw","halation:ForbiddenBikini"],"picked":"aspiration:MobileForge"}],"items_purged_floors":[3],"is_endless":false,"potions_floor_spawned":[5,11,15,16],"killed_by":"Nightmare","ascension_level":0}}