{"host":"xz7n3qy1zq36rzpg","time":1610363889,"event":{"mods":["BaseMod","Colored Map","Colored Powertips","Highlight Path","Minty Spire (QoL Compilation)","Quick Restart","Shop Mod"],"gold_per_floor":[114,80,80,99,99,137,137,137,187,225,0,0,19,38,38,38,38],"floor_reached":16,"playtime":526,"items_purged":["Strike_R"],"score":108,"play_id":"2f2ca9dc-5608-44a3-b896-d959c288de8a","local_time":"20210111121809","daily_mods":["Allstar","ControlledChaos","Lethality"],"is_ascension_mode":false,"campfire_choices":[{"data":"Mayhem","floor":7,"key":"SMITH"},{"floor":12,"key":"REST"},{"data":"Iron Wave","floor":15,"key":"SMITH"}],"circlet_count":0,"master_deck":["Strike_R","Strike_R","Strike_R","Strike_R","Defend_R","Defend_R","Defend_R","Defend_R","Bash","Mayhem+1","Panacea","Apotheosis","Good Instincts","Metamorphosis","Warcry","Headbutt","Cleave","Seeing Red","Iron Wave+1","Shrug It Off"],"relics":["Burning Blood","Frozen Eye","Golden Idol","Magic Flower","Sundial","Potion Belt","Frozen Egg 2","Lantern"],"acts_visited":["Exordium"],"potions_floor_usage":[10,10,16,16],"damage_taken":[{"damage":3,"enemies":"Jaw Worm","floor":1,"turns":3},{"damage":18,"enemies":"2 Louse","floor":4,"turns":3},{"damage":34,"enemies":"Gremlin Nob","floor":6,"turns":4},{"damage":31,"enemies":"Lagavulin","floor":10,"turns":5},{"damage":11,"enemies":"Small Slimes","floor":13,"turns":4},{"damage":16,"enemies":"Red Slaver","floor":14,"turns":2},{"damage":26,"enemies":"Hexaghost","floor":16,"turns":2}],"seed_played":"2608465768335268498","potions_obtained":[{"floor":4,"key":"GamblersBrew"},{"floor":6,"key":"DuplicationPotion"},{"floor":8,"key":"PowerPotion"},{"floor":8,"key":"ColorlessPotion"},{"floor":14,"key":"LiquidBronze"}],"is_trial":false,"path_per_floor":["M","?","?","M","?","E","R","?","T","E","$","R","M","M","R","B"],"character_chosen":"IRONCLAD","items_purchased":["Lantern"],"campfire_rested":1,"item_purchase_floors":[11],"current_hp_per_floor":[80,80,74,62,59,34,34,34,34,12,12,34,32,25,25,0,0],"gold":38,"neow_bonus":"","is_daily":true,"chose_seed":false,"campfire_upgraded":2,"win_rate":0.0,"timestamp":1610363889,"path_taken":["M","?","?","M","?","E","R","?","T","E","$","R","M","?","R","BOSS"],"items_purchased_type":["Relic"],"build_version":"2020-12-22","purchased_purges":1,"victory":false,"max_hp_per_floor":[80,80,74,74,74,74,74,74,74,74,74,74,74,74,74,74,74],"card_choices":[{"not_picked":["Anger","Sword Boomerang"],"picked":"Warcry","floor":1},{"not_picked":["Metallicize","Warcry"],"picked":"Headbutt","floor":4},{"not_picked":["Intimidate","Flex"],"picked":"Cleave","floor":6},{"not_picked":["Armaments","Twin Strike"],"picked":"Seeing Red","floor":10},{"not_picked":["Body Slam","Power Through"],"picked":"Iron Wave","floor":13},{"not_picked":["True Grit","Warcry"],"picked":"Shrug It Off","floor":14}],"player_experience":309518,"relics_obtained":[{"floor":6,"key":"Sundial"},{"floor":9,"key":"Potion Belt"},{"floor":10,"key":"Frozen Egg 2"}],"event_choices":[{"damage_healed":0,"gold_gain":0,"player_choice":"Left Gold","damage_taken":0,"max_hp_gain":0,"max_hp_loss":0,"event_name":"World of Goop","floor":2,"gold_loss":34},{"damage_healed":0,"gold_gain":0,"player_choice":"Lose Max HP","damage_taken":0,"relics_obtained":["Golden Idol"],"max_hp_gain":0,"max_hp_loss":6,"event_name":"Golden Idol","floor":3,"gold_loss":0},{"damage_healed":0,"gold_gain":0,"player_choice":"Success","damage_taken":3,"relics_obtained":["Magic Flower"],"max_hp_gain":0,"max_hp_loss":0,"event_name":"Scrap Ooze","floor":5,"gold_loss":0},{"damage_healed":0,"gold_gain":0,"player_choice":"Got Potions","damage_taken":0,"max_hp_gain":0,"max_hp_loss":0,"event_name":"Lab","floor":8,"gold_loss":0}],"is_beta":false,"boss_relics":[],"items_purged_floors":[11],"is_endless":false,"potions_floor_spawned":[4,6,14],"killed_by":"Hexaghost","ascension_level":0}}