{"host":"df48i9djcn92c5sx","time":1610375826,"event":{"mods":["BaseMod","Downfall","Marisa£®ÏF”Í°°ƒß¿Ì…≥£©","Minty Spire (QoL Compilation)","READ ME - Guardian Mod","READ ME - Snecko Mod","Reimu£®≤©¿ˆ¡È√Œ£©","Remilia£®¿Ÿ√◊¿Ú—«£©","Replay The Spire","Shop Mod","StSLib","The Jungle","The Servant 0.9.4"],"gold_per_floor":[99,99,99,99,60,60,129,129,146,146,162,162,190,290,303,405,405,405,420,420,420,430,460,460,493,504,604,619,644,644,244,261,357,357,132,145,156,56,145,145,145,145,173,187,248,348,91,101,111,111,111,145,60,60,60],"floor_reached":56,"playtime":3479,"items_purged":["Gluttony_TH","Guardian:Gem_Lightblue"],"score":1873,"play_id":"9a78a314-0a24-4299-bc7a-c698019cc6d7","local_time":"20210111223706","is_ascension_mode":true,"campfire_choices":[{"data":"Guardian:TwinSlam","floor":1.0,"key":"SMITH"},{"data":"Guardian:GuardianWhirl","floor":8.0,"key":"SMITH"},{"data":"Guardian:BronzeOrb","floor":10.0,"key":"SMITH"},{"data":"Guardian:EvasiveProtocol","floor":12.0,"key":"SMITH"},{"data":"Guardian:CompilePackage","floor":18.0,"key":"SMITH"},{"floor":30.0,"key":"RECALL"},{"data":"Guardian:FloatingOrbs","floor":35.0,"key":"SMITH"},{"data":"Guardian:FierceBash","floor":40.0,"key":"SMITH"},{"data":"Guardian:Orbwalk","floor":42.0,"key":"SMITH"},{"data":"Guardian:BaubleBeam","floor":54,"key":"SMITH"}],"circlet_count":0,"master_deck":["Guardian:CurlUp+1","Guardian:TwinSlam+1","Guardian:EvasiveProtocol+1","Guardian:GuardianWhirl+1","Guardian:BronzeOrb+1","Guardian:BronzeArmor+1","Guardian:Orbwalk+1","Guardian:CompilePackage+1","Clumsy","Guardian:ArmoredProtocol+1","Guardian:GemFinder","ReplayTheSpireMod:Doomed","Guardian:VentSteam+1","Guardian:PrismaticBeam+1","Guardian:DecasProtection+1","Guardian:ChargeUp","Guardian:FastForward+1","Guardian:ExploitGems+1","Guardian:ConstructionForm","Guardian:FierceBash+1","Guardian:ArmoredProtocol","Guardian:BronzeOrb","Guardian:Preprogram+1","Guardian:FloatingOrbs+1","Guardian:BronzeOrb","Guardian:DonusPower+1","Guardian:SphericShield+1","sneckomod:Bewildered","Guardian:Suspension+1","Guardian:BaubleBeam+1","Guardian:TimeCapacitor+1"],"relics":["Guardian:ModeShifter","downfall:HeartsMalice","Question Card","Bag of Preparation","Cursed Key","SlaversCollar","sneckomod:SneckoTalon","ReplayTheSpireMod:Shallot","Toy Ornithopter","downfall:CloakOfManyFaces","CultistMask","FaceOfCleric","NlothsMask","GremlinMask","SsserpentHead","ReplayTheSpireMod:CursedCoin","MerchantsRug","Toxic Egg 2","Pandora\u0027s Box","downfall:HeartBlessingRed","downfall:HeartBlessingBlue","downfall:HeartBlessingGreen","ReplayTheSpireMod:TigerMarble","Mummified Hand","TungstenRod","Lizard Tail","Guardian:PocketSentry","AntiCross"],"acts_visited":["Exordium","TheCity","TheBeyond","TheEnding"],"potions_floor_usage":[],"damage_taken":[{"damage":0.0,"enemies":"2 Louse","floor":2.0,"turns":1.0},{"damage":0.0,"enemies":"Cultist","floor":4.0,"turns":1.0},{"damage":0.0,"enemies":"downfall:FleeingMerchant","floor":5.0,"turns":1.0},{"damage":5.0,"enemies":"Small Slimes","floor":9.0,"turns":4.0},{"damage":8.0,"enemies":"3 Louse","floor":11.0,"turns":4.0},{"damage":6.0,"enemies":"3 Sentries","floor":13.0,"turns":4.0},{"damage":12.0,"enemies":"downfall:Heads","floor":14.0,"turns":4.0},{"damage":4.0,"enemies":"Exordium Thugs","floor":15.0,"turns":3.0},{"damage":27.0,"enemies":"downfall:Ironclad","floor":16.0,"turns":9.0},{"damage":0.0,"enemies":"Chosen","floor":19.0,"turns":3.0},{"damage":0.0,"enemies":"3 Byrds","floor":22.0,"turns":4.0},{"damage":5.0,"enemies":"Book of Stabbing","floor":23.0,"turns":5.0},{"damage":0.0,"enemies":"Gremlin Leader","floor":25.0,"turns":5.0},{"damage":17.0,"enemies":"Shelled Parasite and Fungi","floor":26.0,"turns":5.0},{"damage":0.0,"enemies":"downfall:FaceTrader","floor":27.0,"turns":7.0},{"damage":11.0,"enemies":"Centurion and Healer","floor":28.0,"turns":7.0},{"damage":13.0,"enemies":"Slavers","floor":29.0,"turns":4.0},{"damage":0.0,"enemies":"downfall:FleeingMerchant","floor":31.0,"turns":4.0},{"damage":4.0,"enemies":"Snake Plant","floor":32.0,"turns":3.0},{"damage":0.0,"enemies":"downfall:Defect","floor":33.0,"turns":6.0},{"damage":0.0,"enemies":"Orb Walker","floor":36.0,"turns":2.0},{"damage":0.0,"enemies":"3 Shapes","floor":37.0,"turns":3.0},{"damage":5.0,"enemies":"downfall:FleeingMerchant","floor":38.0,"turns":3.0},{"damage":7.0,"enemies":"Nemesis","floor":43.0,"turns":6.0},{"damage":0.0,"enemies":"Maw","floor":44.0,"turns":5.0},{"damage":0.0,"enemies":"Jaw Worm Horde","floor":45.0,"turns":3.0},{"damage":0.0,"enemies":"Mind Bloom Boss Battle","floor":46.0,"turns":3.0},{"damage":0.0,"enemies":"Sphere and 2 Shapes","floor":48.0,"turns":3.0},{"damage":0.0,"enemies":"Maw","floor":49.0,"turns":4.0},{"damage":0,"enemies":"downfall:Silent","floor":50,"turns":9},{"damage":12,"enemies":"downfall:CharBossMerchant","floor":52,"turns":6},{"damage":0,"enemies":"downfall:NeowBoss","floor":55,"turns":12}],"seed_played":"-1656473838112163753","potions_obtained":[{"floor":9.0,"key":"SkillPotion"},{"floor":11.0,"key":"Regen Potion"},{"floor":13.0,"key":"AttackPotion"},{"floor":16.0,"key":"Explosive Potion"},{"floor":19.0,"key":"Fruit Juice"},{"floor":22.0,"key":"Explosive Potion"},{"floor":28.0,"key":"SteroidPotion"},{"floor":29.0,"key":"DuplicationPotion"},{"floor":32.0,"key":"Toxic Potion"},{"floor":37.0,"key":"Milkshake"},{"floor":43.0,"key":"Guardian:BlockOnCardUsePotion"}],"is_trial":false,"path_per_floor":["R","M","?","M","$","?","T","R","M","R","M","R","E","?","M","B",null,"R","M","?","T","M","E","T","E","M","?","M","E","R","$","M","B",null,"R","M","M","$","?","R","T","R","E","M","M","?","$","M","M","B",null,"E","$","R","B",null],"character_chosen":"GUARDIAN","items_purchased":["Guardian:BronzeOrb","Omamori","ReplayTheSpireMod:CursedCoin","MerchantsRug","Toxic Egg 2","Guardian:FastForward+1","Singing Bowl","ReplayTheSpireMod:TigerMarble","Guardian:BaubleBeam","Guardian:PocketSentry","Guardian:Gem_Orange"],"campfire_rested":0,"item_purchase_floors":[5,31,31,31,31,31,38,38,47,47,53],"current_hp_per_floor":[72,72,72,72,72,72,72,72,67,67,59,59,65,53,49,22,66,66,66,81,81,86,81,81,81,64,64,54,42,42,43,40,46,90,100,101,102,103,105,105,105,105,101,104,105,106,106,111,116,117,134,123,123,123,124],"gold":60,"neow_bonus":"THREE_ENEMY_KILL","is_daily":false,"chose_seed":false,"campfire_upgraded":9,"win_rate":0.0,"timestamp":1610375826,"path_taken":["R","M","?","?","?","?","T","R","M","R","M","R","E","?","M","BOSS","R","M","?","?","M","E","T","E","?","?","M","E","R","$","M","BOSS","R","M","M","$","?","R","T","R","E","M","?","?","?","M","M","BOSS","E","$","R","BOSS"],"items_purchased_type":["Card","Relic","Relic","Relic","Relic","Card","Relic","Relic","Card","Relic","Card"],"build_version":"2020-12-22","purchased_purges":2,"victory":true,"max_hp_per_floor":[80,80,80,80,80,80,80,80,80,80,80,80,80,80,80,80,80,80,80,95,95,100,100,100,100,100,100,101,102,102,103,104,105,105,115,116,117,118,120,120,120,120,123,126,127,128,128,133,138,139,139,140,140,140,141],"card_choices":[{"not_picked":["Guardian:Recover","Guardian:Reroute"],"picked":"Guardian:EvasiveProtocol","floor":2.0},{"not_picked":["Guardian:Incinerate","Guardian:TemporalStrike","Guardian:PrismaticBeam"],"picked":"SKIP","floor":4.0},{"not_picked":["Guardian:PrismaticBeam","Guardian:ShieldCharger"],"picked":"Guardian:GuardianWhirl","floor":5.0},{"not_picked":["Guardian:ShieldCharger","Guardian:Gem_Yellow","Guardian:PrimingBeam"],"picked":"Guardian:Gem_Blue","floor":9.0},{"not_picked":["Guardian:Suspension","Guardian:Gem_Cyan","Guardian:TemporalShield"],"picked":"Guardian:Gem_Fragmented","floor":11.0},{"not_picked":["Guardian:Recover","Guardian:Planning","Guardian:TemporalStrike"],"picked":"Guardian:Gem_Lightblue","floor":13.0},{"not_picked":["Guardian:Planning","Guardian:ChargeCore","Guardian:Gem_Blue"],"picked":"Guardian:Gem_Red","floor":14.0},{"not_picked":["Guardian:TemporalStrike","Guardian:Incinerate","Guardian:Gem_Crimson"],"picked":"Guardian:Orbwalk","floor":15.0},{"not_picked":["Guardian:TimeSifter","Guardian:StasisField","Guardian:GemFire"],"picked":"Guardian:CompilePackage","floor":16.0},{"not_picked":["Guardian:TemporalShield","Guardian:Gem_Crimson","Guardian:Orbwalk"],"picked":"Guardian:Gem_Purple","floor":19.0},{"not_picked":["Guardian:PrimingBeam","Guardian:ShieldCharger","Guardian:Gem_Lightblue"],"picked":"Guardian:ArmoredProtocol+1","floor":22.0},{"not_picked":["Guardian:Suspension","Guardian:FuturePlans","Guardian:TemporalShield"],"picked":"Guardian:GemFinder","floor":23.0},{"not_picked":["Guardian:Gem_Green","Guardian:Gem_Lightblue"],"picked":"Guardian:Gem_Cyan","floor":25.0},{"not_picked":["Guardian:ShieldSpikes","Guardian:DonusPower","Guardian:TimeBomb+1"],"picked":"Guardian:VentSteam+1","floor":25.0},{"not_picked":["Guardian:Gem_Green","Guardian:Gem_Lightblue"],"picked":"Guardian:Gem_Red","floor":26.0},{"not_picked":["Guardian:PrimingBeam","Guardian:WalkerClaw","Guardian:Suspension"],"picked":"Guardian:Gem_Lightblue","floor":26.0},{"not_picked":["Guardian:Gem_Lightblue","Guardian:Gem_Cyan"],"picked":"Guardian:Gem_Green","floor":28.0},{"not_picked":["Guardian:MultiBeam","Guardian:TimeBomb","Guardian:Gem_Yellow"],"picked":"Guardian:PrismaticBeam+1","floor":28.0},{"not_picked":["Guardian:PrismaticBeam","Guardian:TemporalStrike","Guardian:Recover"],"picked":"Guardian:DecasProtection+1","floor":29.0},{"not_picked":["Guardian:ChargeCore+1","Guardian:CrystalBeam+1","Guardian:GuardianWhirl+1"],"picked":"Guardian:ChargeUp","floor":31.0},{"not_picked":["Guardian:Gem_Cyan","Guardian:Gem_Green"],"picked":"Guardian:Gem_Red","floor":32.0},{"not_picked":["Guardian:Gem_Lightblue","Guardian:ChargeUp+1","Guardian:Incinerate"],"picked":"Guardian:Gem_Green","floor":32.0},{"not_picked":["Guardian:Gem_Green","Guardian:Gem_Red"],"picked":"Guardian:Gem_Lightblue","floor":33.0},{"not_picked":["Guardian:SphericShield+1","Guardian:StasisStrike","Guardian:GemFinder"],"picked":"Guardian:ExploitGems+1","floor":33.0},{"not_picked":["Guardian:RollAttack+1","Guardian:Orbwalk+1","Guardian:DecasProtection+1","Guardian:ArmoredProtocol+1"],"picked":"SKIP","floor":36.0},{"not_picked":["Guardian:ShieldCharger+1","Guardian:Gem_Red","Guardian:Incinerate"],"picked":"Guardian:DonusPower+1","floor":37.0},{"not_picked":["Guardian:ShieldCharger+1","Guardian:Gem_Red","Guardian:DecasProtection+1"],"picked":"Guardian:Gem_Purple","floor":38.0},{"not_picked":["Guardian:Gem_Green","Guardian:ChargeCore+1","Guardian:WalkerClaw","Guardian:ShieldCharger+1"],"picked":"Singing Bowl","floor":39.0},{"not_picked":["Guardian:VentSteam+1","Guardian:PrimingBeam","Guardian:Repulse+1"],"picked":"Guardian:SphericShield+1","floor":39.0},{"not_picked":["Guardian:PolyBeam+1","Guardian:Gem_Green","Guardian:PrimingBeam+1"],"picked":"Guardian:Gem_Crimson","floor":43.0},{"not_picked":["Guardian:Gem_Red","Guardian:Gem_Green","Guardian:Gem_Cyan"],"picked":"Singing Bowl","floor":43.0},{"not_picked":["Guardian:VentSteam+1","Guardian:Recover+1","Guardian:PolyBeam+1","Guardian:Emergency+1"],"picked":"Singing Bowl","floor":44.0},{"not_picked":["Guardian:PrismaticBarrier+1","Guardian:Preprogram+1","Guardian:Repulse"],"picked":"Guardian:Gem_White","floor":45.0},{"not_picked":["Guardian:Recover+1","Guardian:WalkerClaw+1","Guardian:VentSteam+1"],"picked":"Guardian:Suspension+1","floor":46.0},{"not_picked":["Guardian:Gem_Cyan","Guardian:Gem_Green","Guardian:Gem_Red"],"picked":"Singing Bowl","floor":48.0},{"not_picked":["Guardian:Gem_Cyan","Guardian:TemporalStrike+1","Guardian:Emergency+1","Guardian:Gem_Red"],"picked":"Singing Bowl","floor":48.0},{"not_picked":["Guardian:Planning+1","Guardian:Gem_Green","Guardian:Gem_Cyan","Guardian:Gem_Red"],"picked":"Singing Bowl","floor":49.0},{"not_picked":["Guardian:Gem_Red","Guardian:Gem_Cyan","Guardian:Gem_Lightblue"],"picked":"Singing Bowl","floor":49.0},{"not_picked":["Guardian:ArmoredProtocol+1","Guardian:Gem_Red","Guardian:ShieldCharger+1"],"picked":"Guardian:TimeCapacitor+1","floor":52},{"not_picked":["Guardian:Gem_Green","Guardian:Gem_Red"],"picked":"Guardian:Gem_Lightblue","floor":52}],"player_experience":1426981,"relics_obtained":[{"floor":7.0,"key":"Question Card"},{"floor":13.0,"key":"Bag of Preparation"},{"floor":23.0,"key":"ReplayTheSpireMod:Shallot"},{"floor":24.0,"key":"Girya"},{"floor":25.0,"key":"Toy Ornithopter"},{"floor":27.0,"key":"downfall:CloakOfManyFaces"},{"floor":29.0,"key":"Replay:Accelerometer"},{"floor":39.0,"key":"Mummified Hand"},{"floor":43.0,"key":"TungstenRod"},{"floor":46.0,"key":"Lizard Tail"},{"floor":52,"key":"AntiCross"}],"event_choices":[],"is_beta":false,"boss_relics":[{"not_picked":["Guardian:StasisSlotReductionRelic","Honey Jar"],"picked":"Replay:Grab Bag"},{"not_picked":["Sozu","Velvet Choker"],"picked":"Cursed Key"},{"not_picked":["Busted Crown","Runic Dome"],"picked":"SlaversCollar"},{"not_picked":["Tiny House","Ring of Chaos"],"picked":"sneckomod:SneckoTalon"},{"not_picked":["Replay:Bronze Core","Replay:Drink Me"],"picked":"Pandora\u0027s Box"}],"items_purged_floors":[31,53],"is_endless":false,"potions_floor_spawned":[9,11,13,16,19,22,28,29,32,37,43,48,49],"ascension_level":6}}