{"host":"kiepq204ejgahl1h","time":1610370354,"event":{"mods":["ATMod(°¢èªMod)","Act Like it!","Aspiration","BaseMod","BetterRewards","Booster Modes","Colored Map","Colored Powertips","Conjunction","Conspire","Curses Come First","Dota2Spire","Downfall","Energized Spire","GifTheSpireLib","Gold Saver","Halation","Hubris","Humility","Infinite Spire","Ironclad Rager","Jedi Mod","KinomotoSakuraMod(Ä¾Ö®±¾Ó£)","KomeijiMod","LagranYue(À­¸ñÀÊ¡¤ÔÂ)","Marisa£¨ìFÓê¡¡Ä§ÀíÉ³£©","Minty Spire (QoL Compilation)","MostiFishMod","Pale of the Ancients","Prisma Mod","Quarter Circle Forward PUNCH!","Quick Restart","RRrroohrrRGHHhhh!!","Rare Cards Sparkle","Reimu£¨²©ÀöÁéÃÎ£©","Relic Stats","Remilia£¨ÀÙÃ×ÀòÑÇ£©","Replay The Spire","Robot Space Explorer","RumiaBox-Â¶Ã×æ«µÄÉñÃØºÐ×Ó","SCP261 Mod","SIMod","SacredBarkPlus","Spikes Relics","Spires \u0026 Sneckos","StSLib","Stuff the Spire","TestMod","The Bug Knight","The Gatherer","The Marked","The Mystic","The Servant 0.9.4","Virulent Crown","Yakumo Yukari mod","Youmu£¨»êÆÇÑýÃÎ£©","vexMod","¡¾ÒÅÎï¿¨ÅÆ¡¿REMEMod"],"gold_per_floor":[1038,1038,303,303,151,182,248,323,349,400,400,449,449,505,505,626,725,808,808,874,874,940,993,1027,1027,1027,1027,1078,1168,1168,1219,1219,1389,1389,1525,1525,1525,1525,1615,1762,1762,1795,1820,1820,1856,1961,2095,2145,2145,2169,2233,2373,2472,2547,2547,2586,2586,2586,2586,2706],"floor_reached":61,"playtime":3398,"items_purged":["AT_purpleEX","Defend_purpleEX","AT_purpleEX","Defend_purpleEX","Defend_purpleEX","AT_purpleEX","AT_purpleEX","Defend_purpleEX"],"score":2889,"play_id":"7ed07c1f-f7f0-4d74-ae20-52c82e062326","local_time":"20210111210554","is_ascension_mode":true,"campfire_choices":[{"data":"testmod-Reflect","floor":15.0,"key":"SMITH"},{"data":"testmod-LimitFlipper","floor":25.0,"key":"SMITH"},{"data":"hubris:Insight","floor":27.0,"key":"SMITH"},{"data":"infinitespire:Collect","floor":30.0,"key":"SMITH"},{"data":"MostiFishMod:StoryBook","floor":32.0,"key":"SMITH"},{"data":"infinitespire:Oblivion","floor":49,"key":"SMITH"},{"data":"DimensionStaggered_purple","floor":55,"key":"SMITH"},{"floor":57,"key":"RECALL"}],"circlet_count":0,"master_deck":["Observe_purple_1","Observe_purple_2+1","AT_FamilyPortrait+1","testmod-Reflect+1","MetroBOOM_purple+1","testmod-LimitFlipper+1","Finesse+1","AdvanceAttack_purple","hubris:Insight+1","MostiFishMod:StoryBook+1","Worldmountain_purple","Charmbait_purple","Erosivefilter_purple+1","DimensionStaggered_purple+1","Mirror_FourBoundary_purple","WangLiang_LineAndCurveDreams_purple+1","infinitespire:Collect+1","Line_surface_state_purple+1","SharpContractionReality_purple+1","infinitespire:Oblivion+1"],"relics":["Boundary_crack","Memoryfragments_purpleEX","DaveBox","AT_ATBox","testmod-TestBox","REME_ComplimentaryCards","LagranYue:RandomDrawCardRelic","RhineCircuit","testmod-Maize","testmod-TurbochargingSystem","ChiLing","Chi","Ling","jedi:cryingmask","infinitespire:BottledMercury","SynthV:TestCard","testmod-Register","halation:EternalFortune","testmod-Charity","AT_MibuBalloonWealth","HollowMod:PaleOreRelic","AT_RedTearstoneRing","Bag of Marbles","jedi:shrinkray","ScarletDevilRocket","Replay:Wanted Poster","Mango","halation:LettersToHer","qcfpunch:Chain_With_Nametags","Dota2Spire:EtherealBlade","Dota2Spire:ShadowBlade","hubris:Towel","MagicDraw1","ChaoDraw","vexMod:FocusSash","Guide Book","hubris:GlazedTorus","Meat on the Bone","paleoftheancients:Timepiece","paleoftheancients:KeyRelic","Letter Opener","paleoftheancients:SoulOfTheGuardian","testmod-OneHitWonder","GodSword1","War Paint","ReplayTheSpireMod:Ninjato"],"acts_visited":["Exordium","TheCity","TheBeyond","paleoftheancients:PaleOfTheAncients"],"potions_floor_usage":[50,52],"damage_taken":[{"damage":2.0,"enemies":"Small Slimes","floor":1.0,"turns":1.0},{"damage":16.0,"enemies":"3 Sentries","floor":6.0,"turns":2.0},{"damage":0.0,"enemies":"2 Louse","floor":7.0,"turns":1.0},{"damage":23.0,"enemies":"HollowMod:MossKnight","floor":8.0,"turns":2.0},{"damage":8.0,"enemies":"Lagavulin","floor":10.0,"turns":2.0},{"damage":6.0,"enemies":"Replay:BlueRogue","floor":12.0,"turns":1.0},{"damage":1.0,"enemies":"HollowMod:MossKnight","floor":14.0,"turns":1.0},{"damage":3.0,"enemies":"The Guardian","floor":16.0,"turns":3.0},{"damage":2.0,"enemies":"3 Byrds","floor":18.0,"turns":1.0},{"damage":3.0,"enemies":"Centurion and Healer","floor":20.0,"turns":2.0},{"damage":3.0,"enemies":"Shelled Parasite and Fungi","floor":22.0,"turns":3.0},{"damage":3.0,"enemies":"Replay:Snechameleon","floor":23.0,"turns":2.0},{"damage":0.0,"enemies":"conspire:HollyBat","floor":24.0,"turns":5.0},{"damage":2.0,"enemies":"conspire:SneckoGhost","floor":28.0,"turns":2.0},{"damage":0.0,"enemies":"3 Cultists","floor":29.0,"turns":2.0},{"damage":1.0,"enemies":"Nightmare","floor":31.0,"turns":6.0},{"damage":3.0,"enemies":"Automaton","floor":33.0,"turns":3.0},{"damage":1.0,"enemies":"3 Darklings","floor":35.0,"turns":1.0},{"damage":1.0,"enemies":"3 Shapes","floor":39.0,"turns":1.0},{"damage":1.0,"enemies":"Reptomancer","floor":40.0,"turns":3.0},{"damage":3.0,"enemies":"Transient","floor":42.0,"turns":6.0},{"damage":2,"enemies":"Writhing Mass","floor":45,"turns":4},{"damage":1,"enemies":"HollowMod:StalkingDevout","floor":46,"turns":1},{"damage":3,"enemies":"3 Darklings","floor":47,"turns":1},{"damage":2,"enemies":"R_Hoarder","floor":48,"turns":3},{"damage":0,"enemies":"Time Eater","floor":50,"turns":5},{"damage":2,"enemies":"Time Eater","floor":51,"turns":2},{"damage":2,"enemies":"Time Eater","floor":52,"turns":2},{"damage":3,"enemies":"Time Eater","floor":56,"turns":4},{"damage":0,"enemies":"paleoftheancients:N","floor":60,"turns":4}],"seed_played":"6486523708866042079","potions_obtained":[{"floor":1.0,"key":"champ:CounterPotion"},{"floor":7.0,"key":"Weak Potion"},{"floor":12.0,"key":"Swift Potion"},{"floor":14.0,"key":"PowerPotion"},{"floor":16.0,"key":"Conjunction:LightningMarble"},{"floor":21.0,"key":"hexamod:EctoCoolerPotion"},{"floor":21.0,"key":"Ancient Potion"},{"floor":22.0,"key":"SCP261:PenguinPunchPotion"},{"floor":28.0,"key":"BlessingOfTheForge"},{"floor":39.0,"key":"MagicPotion:ReiMu"},{"floor":52,"key":"testmod-SpacePotion"},{"floor":56,"key":"PowerPotion"}],"is_trial":false,"path_per_floor":["M","?","$","?","$","E","M","E","T","E","?","E","?","E","R","B",null,"M","AVR","M","?","M","E","M","R","T","R","E","M","R","NM","R","B",null,"M","?","?","T","M","E","?","M","T","AVR","M","E","M","E","R","B","M","M","?","T","R","M","R","T","?","B",null],"character_chosen":"Youkari","items_purchased":["MetroBOOM_purple+1","testmod-TurbochargingSystem","ChiLing","testmod-LimitFlipper","Finesse","jedi:cryingmask","infinitespire:BottledMercury","testmod-Register","hubris:Insight","MostiFishMod:StoryBook","testmod-Charity"],"campfire_rested":0,"item_purchase_floors":[0,0,0,0,0,0,0,3,3,3,5],"current_hp_per_floor":[27,42,42,45,45,31,34,14,15,11,11,8,17,18,18,24,94,97,111,111,111,112,115,120,120,120,120,120,125,125,127,127,130,134,140,106,106,106,109,115,160,162,163,163,163,166,169,171,171,178,181,188,189,190,190,192,192,192,192,197],"gold":2706,"neow_bonus":"","is_daily":false,"chose_seed":false,"campfire_upgraded":7,"win_rate":0.0,"timestamp":1610370354,"path_taken":["M","?","$","?","$","E","M","E","T","E","?","E","?","E","R","BOSS","M","AVR","M","?","M","E","?","R","T","R","E","M","R","NM","R","BOSS","M","?","?","?","M","E","?","M","T","AVR","M","E","M","E","R","BOSS","M","M","?","T","R","M","R","T","?","BOSS"],"items_purchased_type":["Card","Relic","Relic","Card","Card","Relic","Relic","Relic","Card","Card","Relic"],"build_version":"2020-12-22","purchased_purges":8,"victory":true,"max_hp_per_floor":[70,70,70,73,73,74,77,80,81,84,84,86,86,88,88,93,94,98,112,115,115,118,120,122,122,122,122,124,128,128,130,130,134,134,140,140,140,140,144,150,160,162,163,163,165,169,175,177,177,178,181,188,189,190,190,192,192,192,192,197],"relic_stats":{"counters":[313,1102],"Letter Opener":[981],"War Paint":["Erosivefilter_purple","Observe_purple_2"],"obtain_stats":[{"Replay:Accelerometer":9,"infinitespire:BottledMercury":0,"StuffTheSpire:Barrel":25,"AT_ATBox":0,"ScarletDevilRocket":14,"LagranYue:RandomDrawCardRelic":0,"WarlordEmblem:MantleBaku":13,"Spirit Poop":50,"Whetstone":0,"qcfpunch:Red_Beret":10,"MagicDraw4":9,"Bottled Tornado":15,"Dota2Spire:EtherealBlade":28,"testmod-BlackFramedGlasses":0,"MagicDraw2":21,"jedi:shrinkray":0,"MagicDraw1":24,"Replay:Wanted Poster":17,"conspire:GlowingRock":0,"testmod-Prudence":0,"MealTicket":43,"vexMod:DeviousBotling":17,"halation:PromiseList":49,"HollowMod:PaleOreRelic":8,"WarlordEmblem:BrokenMantle":0,"testmod-Maize":0,"AT_RedTearstoneRing":9,"testmod-TestBox":0,"testmod-Register":31,"Pen Nib":14,"Dota2Spire:Bloodstone":34,"AT_EbonyIvory":58,"Replay:Ancient Bell":17,"Ling":0,"qcfpunch:Broken_Tusk":26,"StuffTheSpire:MayFlowers":10,"CultistMask":30,"hubris:TenFootPole":42,"Technique":0,"ChiLing":0,"MetatronsCube":0,"WarlordEmblem:VoidPower":17,"Torii":44,"DaveBox":0,"Singing Bowl":8,"Dota2Spire:Vanguard":40,"Bag of Preparation":0,"Replay:Multitool":10,"StuffTheSpire:GrapeVine":44,"LagranYue:MagicReflectiveArmorRelic":0,"Smiling Mask":26,"testmod-CasingShield":25,"Pet Ghost":0,"Shovel":8,"vexMod:RedPlottingStone":27,"Dota2Spire:BladeMail":6,"testmod-ObsoleteBoomerang":31,"halation:Toothbrush":42,"aspiration:FutureDiary":19,"LagranYue:NewUniverseRelic":13,"hubris:GlazedTorus":46,"Potion Belt":22,"StuffTheSpire:TintedRock":7,"PreservedInsect":31,"aspiration:RandomNobGenerator":36,"Boundary_crack":0,"testmod-TurbochargingSystem":0,"hubris:Towel":37,"halation:SelfBoilingWater":45,"ChaoDraw":40,"PrismaMod:PrismaSapphireUpgrade":34,"AT_ImmortalShieldbow":37,"Busted Crown":34,"Ornamental Fan":36,"ExplosiveVial":0,"CrazyTorch:ReiMu":36,"Art of War":3,"SpikesRelics:DaevaFist":47,"halation:AfternoonTea":6,"paleoftheancients:SoulOfTheThorton":53,"AT_SunfireAegis":23,"REME_ComplimentaryCards":0,"Dota2Spire:MaskOfMadness":55,"Chi":0,"Dota2Spire:ArmletOfMordiggian":27,"AT_MibuBalloonWealth":6,"Dota2Spire:ShadowBlade":31,"HollowMod:StagPassRelic":7,"HornCleat":42,"Prayer Wheel":30,"aspiration:ArtOfWarUpgrade":57,"Iron Hammer":0,"qcfpunch:Handcuffs":24,"Toxic Egg 2":4,"qcfpunch:Chain_With_Nametags":26,"LugNut":13,"conspire:Dentures":9,"Dota2Spire:HandOfMidas":56,"paleoftheancients:KeyRelic":50,"ReplayTheSpireMod:CursedCoin":29,"StuffTheSpire:ForceGauntlet":32,"Astrolabe":21,"WarlordEmblem:WuziBook":43,"Replay:Kaleidoscope":23,"Letter Opener":50,"War Paint":58,"RhineCircuit":0,"paleoftheancients:Timepiece":50,"testmod-RealStoneCalender":0,"Replay:Baseball":38,"conspire:GiftBox":41,"Molten Egg 2":5,"Onion Ring":43,"Nloth\u0027s Gift":20,"ReplayTheSpireMod:TigerMarble":0,"hubris:ToyBattleship":26,"StuffTheSpire:OldFever":0,"testmod-OneHitWonder":54,"Memoryfragments_purpleEX":0,"Meat on the Bone":48,"GodSword1":54,"SnailShell":40,"PrismaMod:PrismaSapphire":0,"aspiration:TomeofQuesting":48,"Dota2Spire:DrumOfEndurance":45,"Mango":19,"SecretRecord":25,"LagranYue:RareGoldArmorRelic":17,"Replay:Mystery Machine":11,"jedi:Pinwheel":39,"vexMod:Spyglass":5,"testmod-Charity":5,"StuffTheSpire:Experiment12":57,"Nunchaku":60,"Chameleon Ring":15,"testmod-InjuryResistance":44,"paleoftheancients:SoulOfTheGuardian":52,"testmod-Motorcycle":21,"MiniBlackHole":13,"qcfpunch:Necklace_of_Skulls":17,"jedi:cryingmask":0,"halation:LettersToHer":23,"Gremlin Food":13,"ReplayTheSpireMod:Ninjato":58,"paleoftheancients:BlurryLens":55,"Guide Book":19,"vexMod:FocusSash":23,"testmod-Justice":0,"jedi:fakemustache":0,"testmod-Antiphasic":45,"SynthV:TestCard":1,"vexMod:HeadHunter":4,"halation:EternalFortune":4,"Bag of Marbles":46,"RuthlessExorcism:ReiMu":0},{"Replay:Accelerometer":197,"infinitespire:BottledMercury":283,"StuffTheSpire:Barrel":178,"AT_ATBox":0,"ScarletDevilRocket":290,"LagranYue:RandomDrawCardRelic":167,"WarlordEmblem:MantleBaku":172,"Spirit Poop":245,"Whetstone":191,"qcfpunch:Red_Beret":255,"MagicDraw4":223,"Bottled Tornado":258,"Dota2Spire:EtherealBlade":297,"testmod-BlackFramedGlasses":0,"MagicDraw2":201,"jedi:shrinkray":191,"MagicDraw1":202,"Replay:Wanted Poster":291,"conspire:GlowingRock":250,"testmod-Prudence":167,"MealTicket":242,"vexMod:DeviousBotling":173,"halation:PromiseList":217,"HollowMod:PaleOreRelic":287,"WarlordEmblem:BrokenMantle":167,"testmod-Maize":0,"AT_RedTearstoneRing":287,"testmod-TestBox":167,"testmod-Register":180,"Pen Nib":172,"Dota2Spire:Bloodstone":236,"AT_EbonyIvory":249,"Replay:Ancient Bell":227,"Ling":191,"qcfpunch:Broken_Tusk":178,"StuffTheSpire:MayFlowers":171,"CultistMask":234,"hubris:TenFootPole":272,"Technique":0,"ChiLing":191,"MetatronsCube":0,"WarlordEmblem:VoidPower":200,"Torii":187,"DaveBox":0,"Singing Bowl":223,"Dota2Spire:Vanguard":240,"Bag of Preparation":167,"Replay:Multitool":224,"StuffTheSpire:GrapeVine":274,"LagranYue:MagicReflectiveArmorRelic":191,"Smiling Mask":232,"testmod-CasingShield":203,"Pet Ghost":250,"Shovel":197,"vexMod:RedPlottingStone":178,"Dota2Spire:BladeMail":222,"testmod-ObsoleteBoomerang":235,"halation:Toothbrush":214,"aspiration:FutureDiary":260,"LagranYue:NewUniverseRelic":172,"hubris:GlazedTorus":306,"Potion Belt":201,"StuffTheSpire:TintedRock":222,"PreservedInsect":266,"aspiration:RandomNobGenerator":269,"Boundary_crack":0,"testmod-TurbochargingSystem":283,"hubris:Towel":301,"halation:SelfBoilingWater":215,"ChaoDraw":303,"PrismaMod:PrismaSapphireUpgrade":181,"AT_ImmortalShieldbow":237,"Busted Crown":207,"Ornamental Fan":237,"ExplosiveVial":218,"CrazyTorch:ReiMu":237,"Art of War":253,"SpikesRelics:DaevaFist":276,"halation:AfternoonTea":196,"paleoftheancients:SoulOfTheThorton":248,"AT_SunfireAegis":231,"REME_ComplimentaryCards":0,"Dota2Spire:MaskOfMadness":248,"Chi":191,"Dota2Spire:ArmletOfMordiggian":265,"AT_MibuBalloonWealth":285,"Dota2Spire:ShadowBlade":299,"HollowMod:StagPassRelic":170,"HornCleat":242,"Prayer Wheel":180,"aspiration:ArtOfWarUpgrade":281,"Iron Hammer":167,"qcfpunch:Handcuffs":263,"Toxic Egg 2":169,"qcfpunch:Chain_With_Nametags":296,"LugNut":199,"conspire:Dentures":170,"Dota2Spire:HandOfMidas":281,"paleoftheancients:KeyRelic":245,"ReplayTheSpireMod:CursedCoin":204,"StuffTheSpire:ForceGauntlet":206,"Astrolabe":229,"WarlordEmblem:WuziBook":214,"Replay:Kaleidoscope":202,"Letter Opener":245,"War Paint":312,"RhineCircuit":0,"paleoftheancients:Timepiece":245,"testmod-RealStoneCalender":167,"Replay:Baseball":183,"conspire:GiftBox":185,"Molten Egg 2":169,"Onion Ring":186,"Nloth\u0027s Gift":229,"ReplayTheSpireMod:TigerMarble":250,"hubris:ToyBattleship":264,"StuffTheSpire:OldFever":167,"testmod-OneHitWonder":248,"Memoryfragments_purpleEX":0,"Meat on the Bone":308,"GodSword1":311,"SnailShell":271,"PrismaMod:PrismaSapphire":0,"aspiration:TomeofQuesting":244,"Dota2Spire:DrumOfEndurance":274,"Mango":292,"SecretRecord":264,"LagranYue:RareGoldArmorRelic":227,"Replay:Mystery Machine":255,"jedi:Pinwheel":271,"vexMod:Spyglass":253,"testmod-Charity":284,"StuffTheSpire:Experiment12":249,"Nunchaku":282,"Chameleon Ring":199,"testmod-InjuryResistance":214,"paleoftheancients:SoulOfTheGuardian":247,"testmod-Motorcycle":229,"MiniBlackHole":172,"qcfpunch:Necklace_of_Skulls":227,"jedi:cryingmask":283,"halation:LettersToHer":295,"Gremlin Food":256,"ReplayTheSpireMod:Ninjato":312,"paleoftheancients:BlurryLens":281,"Guide Book":201,"vexMod:FocusSash":177,"testmod-Justice":0,"jedi:fakemustache":191,"testmod-Antiphasic":243,"SynthV:TestCard":219,"vexMod:HeadHunter":194,"halation:EternalFortune":284,"Bag of Marbles":188,"RuthlessExorcism:ReiMu":250},{"Replay:Accelerometer":746,"infinitespire:BottledMercury":1026,"StuffTheSpire:Barrel":686,"AT_ATBox":0,"ScarletDevilRocket":1036,"LagranYue:RandomDrawCardRelic":641,"WarlordEmblem:MantleBaku":661,"Spirit Poop":909,"Whetstone":734,"qcfpunch:Red_Beret":944,"MagicDraw4":834,"Bottled Tornado":951,"Dota2Spire:EtherealBlade":1054,"testmod-BlackFramedGlasses":0,"MagicDraw2":764,"jedi:shrinkray":734,"MagicDraw1":768,"Replay:Wanted Poster":1039,"conspire:GlowingRock":932,"testmod-Prudence":641,"MealTicket":898,"vexMod:DeviousBotling":666,"halation:PromiseList":816,"HollowMod:PaleOreRelic":1032,"WarlordEmblem:BrokenMantle":641,"testmod-Maize":0,"AT_RedTearstoneRing":1032,"testmod-TestBox":641,"testmod-Register":691,"Pen Nib":661,"Dota2Spire:Bloodstone":881,"AT_EbonyIvory":925,"Replay:Ancient Bell":850,"Ling":734,"qcfpunch:Broken_Tusk":686,"StuffTheSpire:MayFlowers":656,"CultistMask":873,"hubris:TenFootPole":993,"Technique":0,"ChiLing":734,"MetatronsCube":0,"WarlordEmblem:VoidPower":762,"Torii":719,"DaveBox":0,"Singing Bowl":834,"Dota2Spire:Vanguard":889,"Bag of Preparation":641,"Replay:Multitool":838,"StuffTheSpire:GrapeVine":997,"LagranYue:MagicReflectiveArmorRelic":734,"Smiling Mask":865,"testmod-CasingShield":770,"Pet Ghost":932,"Shovel":746,"vexMod:RedPlottingStone":686,"Dota2Spire:BladeMail":832,"testmod-ObsoleteBoomerang":877,"halation:Toothbrush":803,"aspiration:FutureDiary":960,"LagranYue:NewUniverseRelic":661,"hubris:GlazedTorus":1081,"Potion Belt":764,"StuffTheSpire:TintedRock":832,"PreservedInsect":975,"aspiration:RandomNobGenerator":985,"Boundary_crack":0,"testmod-TurbochargingSystem":1026,"hubris:Towel":1066,"halation:SelfBoilingWater":810,"ChaoDraw":1070,"PrismaMod:PrismaSapphireUpgrade":696,"AT_ImmortalShieldbow":883,"Busted Crown":785,"Ornamental Fan":883,"ExplosiveVial":821,"CrazyTorch:ReiMu":883,"Art of War":940,"SpikesRelics:DaevaFist":1001,"halation:AfternoonTea":743,"paleoftheancients:SoulOfTheThorton":919,"AT_SunfireAegis":862,"REME_ComplimentaryCards":0,"Dota2Spire:MaskOfMadness":919,"Chi":734,"Dota2Spire:ArmletOfMordiggian":974,"AT_MibuBalloonWealth":1029,"Dota2Spire:ShadowBlade":1062,"HollowMod:StagPassRelic":653,"HornCleat":898,"Prayer Wheel":691,"aspiration:ArtOfWarUpgrade":1018,"Iron Hammer":641,"qcfpunch:Handcuffs":968,"Toxic Egg 2":648,"qcfpunch:Chain_With_Nametags":1052,"LugNut":751,"conspire:Dentures":653,"Dota2Spire:HandOfMidas":1018,"paleoftheancients:KeyRelic":909,"ReplayTheSpireMod:CursedCoin":776,"StuffTheSpire:ForceGauntlet":780,"Astrolabe":854,"WarlordEmblem:WuziBook":803,"Replay:Kaleidoscope":768,"Letter Opener":909,"War Paint":1098,"RhineCircuit":0,"paleoftheancients:Timepiece":909,"testmod-RealStoneCalender":641,"Replay:Baseball":700,"conspire:GiftBox":710,"Molten Egg 2":648,"Onion Ring":714,"Nloth\u0027s Gift":854,"ReplayTheSpireMod:TigerMarble":932,"hubris:ToyBattleship":971,"StuffTheSpire:OldFever":641,"testmod-OneHitWonder":919,"Memoryfragments_purpleEX":0,"Meat on the Bone":1085,"GodSword1":1094,"SnailShell":989,"PrismaMod:PrismaSapphire":0,"aspiration:TomeofQuesting":905,"Dota2Spire:DrumOfEndurance":997,"Mango":1040,"SecretRecord":971,"LagranYue:RareGoldArmorRelic":850,"Replay:Mystery Machine":944,"jedi:Pinwheel":989,"vexMod:Spyglass":940,"testmod-Charity":1027,"StuffTheSpire:Experiment12":925,"Nunchaku":1020,"Chameleon Ring":751,"testmod-InjuryResistance":803,"paleoftheancients:SoulOfTheGuardian":917,"testmod-Motorcycle":854,"MiniBlackHole":661,"qcfpunch:Necklace_of_Skulls":850,"jedi:cryingmask":1026,"halation:LettersToHer":1047,"Gremlin Food":945,"ReplayTheSpireMod:Ninjato":1098,"paleoftheancients:BlurryLens":1018,"Guide Book":764,"vexMod:FocusSash":682,"testmod-Justice":0,"jedi:fakemustache":734,"testmod-Antiphasic":901,"SynthV:TestCard":823,"vexMod:HeadHunter":740,"halation:EternalFortune":1027,"Bag of Marbles":723,"RuthlessExorcism:ReiMu":932}],"Meat on the Bone":0},"card_choices":[{"not_picked":["Yakumo_Ran_purple","CommonSense_AntiCommonSense_purple"],"picked":"AdvanceAttack_purple","floor":1.0},{"not_picked":["RuleDissolution_purple","MeetDecomposer_purple","Mirror_Drifter_purple","EighthInstrument_OneDividesIntoTwo_purple"],"picked":"Worldmountain_purple","floor":6.0},{"not_picked":["Mirror_FormAndEmptin_purple","RuptureOfTimeAndSpace_purple","OmniscientAndOmnipotent_Monster_purple","Line_surface_state_purple"],"picked":"Charmbait_purple","floor":7.0},{"not_picked":["DimensionStaggered_purple","StateDuplicate_purple","RuleDissolution_purple","SfantasyHide_purple"],"picked":"Erosivefilter_purple","floor":8.0},{"not_picked":["Mirror_FormAndEmptin_purple","ProofOfUnderstanding_purple","StateDuplicate_purple","SfantasyHide_purple","MNeedle_purple"],"picked":"SKIP","floor":10.0},{"not_picked":["Line_surface_state_purple","SfantasyHide_purple","Anti_communist_purple","Umbrella_purple"],"picked":"DimensionStaggered_purple","floor":12.0},{"not_picked":["ExistenceContinue_purple","Realm_recovery_purpleEX","MonsterNeedle_purple","Nest_LightFlightworm_purple"],"picked":"Mirror_FourBoundary_purple","floor":14.0},{"not_picked":["ProofOfUnderstanding_purple","Monsters_DoubleDeathButterfly_purple","WasteWire_Metro_purple","Theboundaryofcreation_purpleEX"],"picked":"WangLiang_LineAndCurveDreams_purple","floor":16.0},{"not_picked":["Mirror_FormAndEmptin_purple+1","Mirror_Drifter_purple","Worldmountain_purple","RealityDreamConfluencek_purple+1","Charmbait_purple"],"picked":"SKIP","floor":18.0},{"not_picked":["ExistenceContinue_purple","DimensionStaggered_purple","DarkRealmRedLine_purple+1","WasteWire_Metro_purple","Worldmountain_purple"],"picked":"SKIP","floor":20.0},{"not_picked":["Boundary_LightAndDark_purple","Mirror_FormAndEmptin_purple","OmniscientAndOmnipotent_Monster_purple","Extrememeaning_purpleEX+1"],"picked":"Line_surface_state_purple+1","floor":22.0},{"not_picked":["Realm_recovery_purpleEX","Boundary_LightAndDark_purple+1","ExistenceContinue_purple+1","UniverseChoice_purple"],"picked":"SharpContractionReality_purple+1","floor":23.0},{"not_picked":["DimensionStaggered_purple","OpenedBox_purple+1","MeetDecomposer_purple","DarkRealmRedLine_purple","Mirror_FourBoundary_purple"],"picked":"SKIP","floor":24.0},{"not_picked":["Fantasy_PerpetualMotionMachine_purple+1","Boundary_ObjectiveBoundary_purple+1","StateErode_purple+1","WorldDissolvedintheRealm_purple","PositiveMatter_Antimatter_Universe_purple"],"picked":"SKIP","floor":28.0},{"not_picked":["Shallow_ocean_purpleEX","SfantasyHide_purple","RuleDissolution_purple+1","D_absorption_purple","Charmbait_purple"],"picked":"SKIP","floor":29.0},{"not_picked":["Shallow_ocean_purpleEX","WorldDissolvedintheRealm_purple","EighthInstrument_OneDividesIntoTwo_purple","Fancifulhole_purple","WatchEChange_purple"],"picked":"SKIP","floor":31.0},{"not_picked":["Shallow_ocean_purpleEX","WorldDissolvedintheRealm_purple","EighthInstrument_OneDividesIntoTwo_purple","Fancifulhole_purple","WatchEChange_purple"],"picked":"SKIP","floor":31.0},{"not_picked":["Theboundaryofcreation_purpleEX","Monsters_DoubleDeathButterfly_purple","WasteWire_Metro_purple","LoveAcrossDimensions_purple"],"picked":"Human_Monster_Realm_purple","floor":33.0},{"not_picked":["MeetDecomposer_purple","Mirror_Drifter_purple+1","OmniscientAndOmnipotent_Monster_purple","Boundary_DynamicStaticEquilibrium_purple+1","SharpContractionReality_purple+1"],"picked":"SKIP","floor":35.0},{"not_picked":["infinitespire:Fortify","infinitespire:Starlight"],"picked":"infinitespire:Oblivion","floor":36.0},{"not_picked":["ExistenceContinue_purple","Umbrella_purple","Photoelasticity_Doppler_Effect_purple","Mirror_TwoAndThreeElementRealm_purple","SharpContractionReality_purple"],"picked":"SKIP","floor":39.0},{"not_picked":["AdvanceAttack_purple","GluttonyofRealm_purpleEX","StateErode_purple","SfantasyHide_purple","Know_ledgeAbilityRealm_purple"],"picked":"SKIP","floor":40.0},{"not_picked":["Line_surface_state_purple+1","AdvanceAttack_purple","Realm_recovery_purpleEX","RuleDissolution_purple+1","OmniscientAndOmnipotent_Monster_purple+1"],"picked":"SKIP","floor":42.0},{"not_picked":["PurpleNeedle_purple","EighthInstrument_OneDividesIntoTwo_purple","SfantasyHide_purple+1","AdvanceAttack_purple+1","Boundary_LightAndDark_purple"],"picked":"SKIP","floor":45},{"not_picked":["SfantasyHide_purple","DimensionStaggered_purple+1","MonsterNeedle_purple+1","OmniscientAndOmnipotent_Monster_purple","WingOfChimera_purple+1"],"picked":"SKIP","floor":46},{"not_picked":["MetroBOOM_purple","BarrageBoundary_PipeDream_purple","Worldmountain_purple+1","SfantasyHide_purple+1","WorldDissolvedintheRealm_purple"],"picked":"SKIP","floor":47},{"not_picked":["Mirror_Drifter_purple+1","Umbrella_purple+1","RealityDreamConfluencek_purple+1","Erosivefilter_purple","StateDuplicate_purple"],"picked":"SKIP","floor":48},{"not_picked":["Charmbait_purple+1","Worldmountain_purple+1","Mirror_FormAndEmptin_purple+1","Realm_recovery_purpleEX+1","WorldDissolvedintheRealm_purple+1"],"picked":"SKIP","floor":51},{"not_picked":["StateErode_purple","WorldDissolvedintheRealm_purple","Umbrella_purple+1","CommonSense_AntiCommonSense_purple","AdvanceAttack_purple+1"],"picked":"SKIP","floor":52},{"not_picked":["WatchEChange_purple+1","MeetDecomposer_purple+1","OmniscientAndOmnipotent_Monster_purple","RuleDissolution_purple+1","Line_surface_state_purple+1"],"picked":"SKIP","floor":56}],"player_experience":1372324,"relics_obtained":[{"floor":1.0,"key":"SynthV:TestCard"},{"floor":6.0,"key":"AT_MibuBalloonWealth"},{"floor":8.0,"key":"HollowMod:PaleOreRelic"},{"floor":9.0,"key":"AT_RedTearstoneRing"},{"floor":10.0,"key":"Bag of Marbles"},{"floor":12.0,"key":"jedi:shrinkray"},{"floor":14.0,"key":"ScarletDevilRocket"},{"floor":16.0,"key":"halation:EternalFortune"},{"floor":23.0,"key":"halation:LettersToHer"},{"floor":26.0,"key":"halation:LettersToHer"},{"floor":26.0,"key":"qcfpunch:Chain_With_Nametags"},{"floor":28.0,"key":"Dota2Spire:EtherealBlade"},{"floor":31.0,"key":"Dota2Spire:ShadowBlade"},{"floor":38.0,"key":"MagicDraw1"},{"floor":38.0,"key":"halation:LettersToHer"},{"floor":40.0,"key":"ChaoDraw"},{"floor":43,"key":"halation:LettersToHer"},{"floor":43,"key":"vexMod:FocusSash"},{"floor":46,"key":"hubris:GlazedTorus"},{"floor":48,"key":"Meat on the Bone"},{"floor":51,"key":"paleoftheancients:SoulOfTheGuardian"},{"floor":54,"key":"testmod-OneHitWonder"},{"floor":54,"key":"GodSword1"},{"floor":58,"key":"War Paint"},{"floor":58,"key":"ReplayTheSpireMod:Ninjato"}],"event_choices":[{"damage_healed":0.0,"max_hp_gain":0.0,"max_hp_loss":0.0,"gold_gain":0.0,"event_name":"Living Wall","player_choice":"Grow","floor":11.0,"gold_loss":0.0,"damage_taken":0.0,"cards_upgraded":["AT_FamilyPortrait"]},{"damage_healed":0.0,"max_hp_gain":0.0,"max_hp_loss":0.0,"gold_gain":0.0,"event_name":"Lab","player_choice":"Got Potions","floor":21.0,"gold_loss":0.0,"damage_taken":0.0},{"cards_removed":["Human_Monster_Realm_purple"],"damage_healed":35.0,"max_hp_gain":10.0,"max_hp_loss":0.0,"gold_gain":0.0,"event_name":"Bonfire Elementals","player_choice":"Offered Rare","floor":41.0,"gold_loss":0.0,"damage_taken":0.0},{"damage_healed":0,"gold_gain":100,"player_choice":"Pray","damage_taken":0,"max_hp_gain":0,"max_hp_loss":0,"event_name":"Golden Shrine","floor":53,"gold_loss":0}],"is_beta":false,"boss_relics":[{"not_picked":["hubris:HollowSoul","RhineFirstAidKit"],"picked":"Replay:Wanted Poster"},{"not_picked":["ReplayTheSpireMod:DimensionalGlitch","aspiration:RitualDagger","testmod-TimeTraveler"]}],"items_purged_floors":[0,0,0,0,3,3,19,44],"is_endless":false,"potions_floor_spawned":[1,7,12,14,16,22,28,29,31,35,39,45,48,52,56],"ascension_level":2}}