{"host":"eejrqhjknvwl59ep","time":1610375047,"event":{"mods":["BaseMod","Hubris","Infinite Spire","Minty Spire (QoL Compilation)","StSLib"],"gold_per_floor":[118,138,155,155,171,199,228,251,316,328,355,393,305,318,318,318,318],"floor_reached":16,"playtime":1246,"items_purged":[],"score":116,"play_id":"72fb48c8-73bd-49ed-9cdd-43408c7301fb","local_time":"20210111152407","is_ascension_mode":false,"campfire_choices":[{"data":"Eruption","floor":15,"key":"SMITH"}],"circlet_count":0,"master_deck":["Strike_P+1","Strike_P","Strike_P+1","Defend_P","Defend_P","Defend_P","Defend_P","Eruption+1","Vigilance","Sanctity","EmptyBody","SandsOfTime","CutThroughFate","Consecrate","Evaluate","WaveOfTheHand","FlurryOfBlows","InnerPeace","Nirvana","PathToVictory","FearNoEvil"],"relics":["PureWater","NeowsBlessing","MawBank","Centennial Puzzle","Bronze Scales"],"acts_visited":["Exordium"],"potions_floor_usage":[6,6,12,12],"damage_taken":[{"damage":0,"enemies":"Small Slimes","floor":1,"turns":1},{"damage":0,"enemies":"2 Louse","floor":2,"turns":1},{"damage":0,"enemies":"Jaw Worm","floor":3,"turns":1},{"damage":0,"enemies":"3 Louse","floor":5,"turns":2},{"damage":5,"enemies":"Lagavulin","floor":6,"turns":7},{"damage":0,"enemies":"Looter","floor":7,"turns":3},{"damage":3,"enemies":"Exordium Wildlife","floor":8,"turns":6},{"damage":0,"enemies":"Red Slaver","floor":11,"turns":5},{"damage":27,"enemies":"Gremlin Nob","floor":12,"turns":4},{"damage":2,"enemies":"3 Louse","floor":14,"turns":2},{"damage":0,"enemies":"Slime Boss","floor":16,"turns":5}],"seed_played":"6223584460541278676","potions_obtained":[{"floor":1,"key":"BlessingOfTheForge"},{"floor":5,"key":"DistilledChaos"},{"floor":6,"key":"Explosive Potion"},{"floor":11,"key":"SkillPotion"}],"is_trial":false,"path_per_floor":["M","M","M","?","M","E","M","M","T","?","M","E","$","M","R","B"],"character_chosen":"WATCHER","items_purchased":["Nirvana","PathToVictory"],"campfire_rested":0,"item_purchase_floors":[13,13],"current_hp_per_floor":[72,72,72,58,58,53,53,50,50,43,43,16,16,14,14,14,14],"gold":318,"neow_bonus":"THREE_ENEMY_KILL","is_daily":false,"chose_seed":false,"campfire_upgraded":1,"win_rate":0.0,"timestamp":1610375047,"path_taken":["M","M","M","?","M","E","M","M","T","?","M","E","$","M","R","BOSS"],"items_purchased_type":["Card","Card"],"build_version":"2020-12-22","purchased_purges":0,"victory":false,"max_hp_per_floor":[72,72,72,72,72,72,72,72,72,72,72,72,72,72,72,72,72],"card_choices":[{"not_picked":["ThirdEye","EmptyFist"],"picked":"Sanctity","floor":1},{"not_picked":["FlurryOfBlows","InnerPeace"],"picked":"EmptyBody","floor":2},{"not_picked":["WindmillStrike","ThirdEye"],"picked":"SandsOfTime","floor":3},{"not_picked":["Vengeance","FollowUp"],"picked":"CutThroughFate","floor":5},{"not_picked":["Omniscience","ClearTheMind"],"picked":"Consecrate","floor":6},{"not_picked":["ReachHeaven","Pray"],"picked":"Evaluate","floor":7},{"not_picked":["FlurryOfBlows","CutThroughFate"],"picked":"WaveOfTheHand","floor":8},{"not_picked":["JustLucky","Crescendo"],"picked":"FlurryOfBlows","floor":11},{"not_picked":["EmptyBody","Collect"],"picked":"InnerPeace","floor":12},{"not_picked":["CrushJoints","Collect"],"picked":"FearNoEvil","floor":14}],"player_experience":217983,"relics_obtained":[{"floor":6,"key":"MawBank"},{"floor":9,"key":"Centennial Puzzle"},{"floor":12,"key":"Bronze Scales"}],"event_choices":[{"damage_healed":0,"gold_gain":0,"player_choice":"Entered Light","damage_taken":14,"max_hp_gain":0,"max_hp_loss":0,"event_name":"Shining Light","floor":4,"gold_loss":0,"cards_upgraded":["Strike_P","Strike_P"]},{"cards_removed":["Strike_P"],"damage_healed":0,"gold_gain":0,"player_choice":"Card Removal","damage_taken":7,"max_hp_gain":0,"max_hp_loss":0,"event_name":"Golden Wing","floor":10,"gold_loss":0}],"is_beta":false,"boss_relics":[],"items_purged_floors":[],"is_endless":false,"potions_floor_spawned":[1,5,6,11],"killed_by":"Slime Boss","ascension_level":0}}