{"host":"Timothy","time":1610389478,"event":{"mods":["AchievementEnabler","BaseMod","Bestiary","Highlight Path","Minty Spire (QoL Compilation)","Quick Restart","Slay-I"],"gold_per_floor":[119,194,207,220,231,261,261,147,199,42,52,52,67,83,83,184,184,202,212,229,229,249,249,265,283,336,346,357,357,357,374,374,477,477,495,505,136,156,175,175,175,175,175,175,195,224,224,243,243,243],"floor_reached":51,"playtime":2219,"items_purged":["Strike_R","Strike_R"],"score":716,"play_id":"574e3f9e-a976-4b47-b4f2-8d05e5d10231","local_time":"20210111102438","is_ascension_mode":false,"campfire_choices":[{"data":"Limit Break","floor":7.0,"key":"SMITH"},{"floor":12.0,"key":"REST"},{"floor":15.0,"key":"REST"},{"floor":23.0,"key":"REST"},{"floor":29.0,"key":"REST"},{"floor":32.0,"key":"REST"},{"floor":40.0,"key":"REST"},{"data":"Inflame","floor":42.0,"key":"SMITH"},{"floor":44.0,"key":"REST"},{"floor":49.0,"key":"REST"}],"circlet_count":0,"master_deck":["Strike_R","Defend_R","Defend_R","Defend_R","Defend_R","Bash","Heavy Blade","Inflame+1","Whirlwind","Limit Break+1","Metallicize","Armaments","Flex+1","Heavy Blade","Battle Trance","True Grit+1","Heavy Blade+1","Metallicize","Flex","Flex","PanicButton"],"relics":["Velvet Choker","Paper Frog","Boot","ClockworkSouvenir","Runic Cube","Ancient Tea Set","MutagenicStrength","Empty Cage","Strawberry","Happy Flower","Pen Nib"],"acts_visited":["Exordium","TheCity","TheBeyond"],"potions_floor_usage":[50],"damage_taken":[{"damage":6.0,"enemies":"Jaw Worm","floor":1.0,"turns":3.0},{"damage":0.0,"enemies":"Cultist","floor":3.0,"turns":2.0},{"damage":0.0,"enemies":"2 Louse","floor":4.0,"turns":2.0},{"damage":0.0,"enemies":"Large Slime","floor":5.0,"turns":4.0},{"damage":36.0,"enemies":"Lagavulin","floor":6.0,"turns":6.0},{"damage":8.0,"enemies":"3 Louse","floor":11.0,"turns":2.0},{"damage":4.0,"enemies":"2 Fungi Beasts","floor":13.0,"turns":3.0},{"damage":10.0,"enemies":"Looter","floor":14.0,"turns":3.0},{"damage":21.0,"enemies":"Slime Boss","floor":16.0,"turns":8.0},{"damage":25.0,"enemies":"2 Thieves","floor":18.0,"turns":3.0},{"damage":12.0,"enemies":"Shell Parasite","floor":19.0,"turns":4.0},{"damage":18.0,"enemies":"Cultist and Chosen","floor":20.0,"turns":5.0},{"damage":18.0,"enemies":"Snake Plant","floor":21.0,"turns":4.0},{"damage":0.0,"enemies":"Centurion and Healer","floor":22.0,"turns":5.0},{"damage":10.0,"enemies":"Cultist and Chosen","floor":24.0,"turns":3.0},{"damage":14.0,"enemies":"3 Cultists","floor":25.0,"turns":4.0},{"damage":0.0,"enemies":"Snecko","floor":27.0,"turns":2.0},{"damage":16.0,"enemies":"Cultist and Chosen","floor":28.0,"turns":5.0},{"damage":2.0,"enemies":"Chosen and Byrds","floor":31.0,"turns":3.0},{"damage":54.0,"enemies":"Collector","floor":33.0,"turns":9.0},{"damage":33.0,"enemies":"3 Darklings","floor":35.0,"turns":19.0},{"damage":2.0,"enemies":"Orb Walker","floor":36.0,"turns":4.0},{"damage":0.0,"enemies":"Transient","floor":38.0,"turns":5.0},{"damage":16.0,"enemies":"4 Shapes","floor":39.0,"turns":3.0},{"damage":11.0,"enemies":"Jaw Worm Horde","floor":45.0,"turns":2.0},{"damage":68.0,"enemies":"Reptomancer","floor":46.0,"turns":5.0},{"damage":16.0,"enemies":"Writhing Mass","floor":48.0,"turns":2.0},{"damage":30,"enemies":"Donu and Deca","floor":50,"turns":5}],"seed_played":"-7328736393862586062","potions_obtained":[{"floor":5.0,"key":"ColorlessPotion"},{"floor":6.0,"key":"CultistPotion"},{"floor":13.0,"key":"PowerPotion"},{"floor":14.0,"key":"Strength Potion"},{"floor":16.0,"key":"SteroidPotion"},{"floor":25.0,"key":"AttackPotion"},{"floor":27.0,"key":"FairyPotion"},{"floor":28.0,"key":"AttackPotion"},{"floor":39.0,"key":"Explosive Potion"},{"floor":45.0,"key":"BloodPotion"}],"is_trial":false,"path_per_floor":["M","?","M","M","M","E","R","$","T","$","M","R","M","M","R","B",null,"M","M","M","M","M","R","M","M","T","M","M","R","?","M","R","B",null,"M","M","$","M","M","R","?","R","T","R","M","E","?","M","R","B",null],"character_chosen":"IRONCLAD","items_purchased":["Metallicize","ClockworkSouvenir","Strawberry","Metallicize","Flex"],"campfire_rested":8,"item_purchase_floors":[8,10,37,37,37],"current_hp_per_floor":[74,66,66,66,66,30,30,30,30,30,22,46,42,32,56,35,80,55,43,25,7,7,31,21,7,7,7,17,41,41,39,63,9,80,47,45,52,52,36,62,62,62,62,87,76,25,25,9,35,5],"gold":243,"neow_bonus":"BOSS_RELIC","is_daily":false,"chose_seed":false,"campfire_upgraded":2,"win_rate":0.0,"timestamp":1610389478,"path_taken":["M","?","M","M","?","E","R","$","T","$","M","R","M","M","R","BOSS","M","M","M","M","M","R","M","M","T","M","M","R","?","M","R","BOSS","M","M","$","M","M","R","?","R","T","R","M","E","?","M","R","BOSS"],"items_purchased_type":["Card","Relic","Relic","Card","Card"],"build_version":"2020-12-18","purchased_purges":2,"victory":true,"max_hp_per_floor":[80,80,80,80,80,80,80,80,80,80,80,80,80,80,80,80,80,80,80,80,80,80,80,80,80,80,80,80,80,80,80,80,80,80,80,80,87,87,87,87,87,87,87,87,87,87,87,87,87,87],"card_choices":[{"not_picked":["Wild Strike","Pommel Strike"],"picked":"Heavy Blade","floor":1.0},{"not_picked":["Seeing Red","Flex"],"picked":"Inflame","floor":3.0},{"not_picked":["Sword Boomerang","Twin Strike"],"picked":"Whirlwind","floor":4.0},{"not_picked":["Dropkick","Whirlwind","Sword Boomerang"],"picked":"SKIP","floor":5.0},{"not_picked":["Iron Wave","Seeing Red"],"picked":"Limit Break","floor":6.0},{"not_picked":["Entrench","Twin Strike"],"picked":"Armaments","floor":11.0},{"not_picked":["Dark Embrace","Bloodletting","True Grit"],"picked":"SKIP","floor":13.0},{"not_picked":["Twin Strike","Perfected Strike","Anger"],"picked":"SKIP","floor":14.0},{"not_picked":["Sword Boomerang","Pommel Strike","Clothesline"],"picked":"SKIP","floor":18.0},{"not_picked":["Sword Boomerang","Body Slam"],"picked":"Flex+1","floor":19.0},{"not_picked":["Headbutt","Body Slam","Blood for Blood"],"picked":"SKIP","floor":20.0},{"not_picked":["Clash","True Grit"],"picked":"Heavy Blade","floor":21.0},{"not_picked":["Thunderclap","Immolate","Dropkick+1"],"picked":"SKIP","floor":22.0},{"not_picked":["Twin Strike+1","Clothesline"],"picked":"Battle Trance","floor":24.0},{"not_picked":["Anger+1","Sentinel","Pommel Strike"],"picked":"SKIP","floor":25.0},{"not_picked":["Combust","Sever Soul+1"],"picked":"Armaments+1","floor":27.0},{"not_picked":["Cleave","Havoc+1","Dark Embrace"],"picked":"SKIP","floor":28.0},{"not_picked":["Burning Pact","Sword Boomerang"],"picked":"True Grit+1","floor":31.0},{"not_picked":["Thunderclap","Infernal Blade","Clothesline"],"picked":"SKIP","floor":35.0},{"not_picked":["Headbutt+1","Ghostly Armor+1"],"picked":"Heavy Blade+1","floor":36.0},{"not_picked":["Combust+1","Pommel Strike","Rampage"],"picked":"SKIP","floor":38.0},{"not_picked":["Battle Trance","Searing Blow","Flame Barrier"],"picked":"SKIP","floor":39.0},{"not_picked":["Battle Trance","Wild Strike"],"picked":"Flex","floor":45.0},{"not_picked":["Clothesline","Anger","Pommel Strike"],"picked":"SKIP","floor":46.0},{"not_picked":["Thinking Ahead","Master of Strategy"],"picked":"PanicButton","floor":47.0},{"not_picked":["Seeing Red","Clothesline","Thunderclap"],"picked":"SKIP","floor":48.0}],"player_experience":808998,"relics_obtained":[{"floor":6.0,"key":"Paper Frog"},{"floor":9.0,"key":"Boot"},{"floor":26.0,"key":"Ancient Tea Set"},{"floor":43.0,"key":"Happy Flower"},{"floor":46.0,"key":"Pen Nib"}],"event_choices":[{"damage_healed":0.0,"max_hp_gain":0.0,"max_hp_loss":0.0,"gold_gain":75.0,"event_name":"FaceTrader","player_choice":"Touch","floor":2.0,"gold_loss":0.0,"damage_taken":8.0},{"damage_healed":0.0,"max_hp_gain":0.0,"max_hp_loss":0.0,"gold_gain":0.0,"event_name":"Drug Dealer","player_choice":"Inject Mutagens","floor":30.0,"gold_loss":0.0,"damage_taken":0.0,"relics_obtained":["MutagenicStrength"]},{"cards_removed":["Armaments"],"damage_healed":0.0,"max_hp_gain":0.0,"max_hp_loss":0.0,"gold_gain":0.0,"event_name":"Falling","player_choice":"Removed Skill","floor":41.0,"gold_loss":0.0,"damage_taken":0.0},{"damage_healed":0.0,"max_hp_gain":0.0,"max_hp_loss":0.0,"gold_gain":0.0,"event_name":"SensoryStone","player_choice":"Memory 1","floor":47.0,"gold_loss":0.0,"damage_taken":0.0}],"is_beta":true,"boss_relics":[{"not_picked":["Calling Bell","Black Star"],"picked":"Runic Cube"},{"not_picked":["Cursed Key","Tiny House"],"picked":"Empty Cage"}],"items_purged_floors":[8,37],"is_endless":false,"potions_floor_spawned":[5,6,13,14,16,18,19,21,25,27,28,39,45],"ascension_level":0}}