{"host":"87fdiiwflhrwsj8a","time":1610394458,"event":{"mods":["Aspiration","BaseMod","Better Match","Better Third Choice","BetterRewards","Colored Map","Conspire","GifTheSpireLib","Infinite Spire","Minty Spire (QoL Compilation)","Quick Restart","Relic Sorter","Replay The Spire","Robot Space Explorer","StSLib","Stuff the Spire","The Alterego","The Cursed","The Jungle"],"gold_per_floor":[112,112,37,37,37,37,65,77,125,152,187,337,337,337,337,237,237,245,245],"floor_reached":18,"playtime":843,"items_purged":["Regret","Doubt"],"score":382,"play_id":"6ebab84b-fa65-475c-ac39-96e8f753e7c7","local_time":"20210111144738","is_ascension_mode":true,"campfire_choices":[{"data":"TalkToTheHand","floor":6,"key":"SMITH"},{"data":"TalkToTheHand+1","floor":13,"key":"SMITH"},{"data":"TalkToTheHand+2","floor":17,"key":"SMITH"}],"circlet_count":0,"master_deck":["AscendersBane","Strike_P","Strike_P","Strike_P","Defend_P","Defend_P","Defend_P","Defend_P","Eruption","Vigilance","Master of Strategy","Collect","TalkToTheHand+3","Pray","Replay:DivineShield","EmptyBody","InnerPeace","Crescendo","TalkToTheHand"],"relics":["PureWater","aspiration:AnachronicSnailShell","Lee\u0027s Waffle","conspire:InfiniteJournal","StuffTheSpire:RedRose","Replay:Wax Seal","Replay:Bandana","StuffTheSpire:DarkSteelAnvil"],"acts_visited":["Exordium"],"potions_floor_usage":[11,18],"damage_taken":[{"damage":0,"enemies":"Small Slimes","floor":1,"turns":2},{"damage":0,"enemies":"Lagavulin","floor":7,"turns":7},{"damage":0,"enemies":"Jaw Worm","floor":8,"turns":2},{"damage":1,"enemies":"Cultist","floor":10,"turns":3},{"damage":26,"enemies":"3 Sentries","floor":11,"turns":12},{"damage":62,"enemies":"Fading Forest","floor":18,"turns":11}],"seed_played":"-3704488743047978653","potions_obtained":[{"floor":1,"key":"Block Potion"},{"floor":8,"key":"Swift Potion"}],"is_trial":false,"path_per_floor":["M","?","$","?","$","R","E","M","T","M","E","?","R","PTL","PTL","$","R","B"],"character_chosen":"WATCHER","items_purchased":["Lee\u0027s Waffle","conspire:InfiniteJournal","Master of Strategy"],"campfire_rested":0,"item_purchase_floors":[0,0,0],"current_hp_per_floor":[75,75,75,75,75,75,75,75,75,74,48,48,48,48,48,48,48,0,0],"gold":245,"neow_bonus":"","is_daily":false,"chose_seed":false,"campfire_upgraded":3,"win_rate":0.0,"timestamp":1610394458,"path_taken":["M","?","$","?","?","R","E","?","T","M","E","?","R","PTL","PTL","$","R","BOSS"],"items_purchased_type":["Relic","Relic","Card"],"build_version":"2020-12-22","purchased_purges":2,"victory":false,"max_hp_per_floor":[75,75,75,75,75,75,75,75,75,75,75,75,75,75,75,75,75,75,75],"card_choices":[{"not_picked":["WheelKick","Nirvana"],"picked":"TalkToTheHand","floor":1},{"not_picked":["Swivel","JustLucky","CutThroughFate"],"picked":"SKIP","floor":7},{"not_picked":["FlurryOfBlows","Perseverance","Consecrate"],"picked":"SKIP","floor":8},{"not_picked":["Replay:AtTheReady","Wallop","SashWhip"],"picked":"SKIP","floor":10},{"not_picked":["Study","Crescendo"],"picked":"TalkToTheHand","floor":11}],"player_experience":2667261,"relics_obtained":[{"floor":7,"key":"Replay:Wax Seal"},{"floor":9,"key":"Replay:Bandana"},{"floor":11,"key":"StuffTheSpire:DarkSteelAnvil"}],"event_choices":[{"damage_healed":0,"gold_gain":150,"player_choice":"AGREE","damage_taken":187,"max_hp_gain":0,"max_hp_loss":0,"event_name":"betterThird:BetterSerpent","floor":12,"gold_loss":0}],"is_beta":false,"boss_relics":[],"items_purged_floors":[3,16],"is_endless":false,"potions_floor_spawned":[1,8],"killed_by":"Fading Forest","ascension_level":20}}