{"host":"k2mw1od0xoi9pcfj","time":1610395825,"event":{"mods":["100% Spire Juice","AchievementEnabler","Act Like it!","Aspiration","BaseMod","Better Altar","Better Match","Better Note","Better Sensory Stone","Better Skull","Better Third Choice","Conspire","Defuse TimeMaze Blight","Downfall","Energized Spire","Friendly Minions","Gensokyo","Halation","Hallownest","Highlight Path","Infinite Spire","Minty Spire (QoL Compilation)","Permanent Neow","Prisma Mod","Quick Restart","Random Character Button","Relic Sorter","Relic Stats","Replay The Spire","Spicy Shops","StSLib","Synergy Search","The Hierophant","Treasure Hunter","everything is the same but u backflip on backflip","slay the spire mod where everything is the same but ironclad has a cowboy hat"],"gold_per_floor":[128,145,157,157,0,32,32,32,32,32,58,58,58,79,152,154,154],"floor_reached":16,"playtime":1366,"items_purged":[],"score":98,"play_id":"da1b5bc6-5052-4b53-8242-35d8e57e1a7c","local_time":"20210111141025","is_ascension_mode":false,"campfire_choices":[{"data":"Moonworks:SakisCookie","floor":7,"key":"SMITH"},{"data":"Moonworks:LulusLuckyEgg","floor":10,"key":"SMITH"},{"floor":12,"key":"REST"}],"circlet_count":0,"master_deck":["Moonworks:Strike","Moonworks:Strike","Moonworks:Strike","Moonworks:Strike","Moonworks:Defend","Moonworks:Defend","Moonworks:Defend","Moonworks:Defend","Moonworks:Ambush","Moonworks:LongDistanceShot","Moonworks:PlushieMaster","Moonworks:LulusLuckyEgg+1","Moonworks:SakisCookie+1","Moonworks:LulusLuckyEgg","TH:CopperCoins","Moonworks:EvilSpyWorkPreparation","TH:PixieDust","TH:CopperCoins","Moonworks:NicePresent"],"relics":["Moonworks:BrokenBomb","Moonworks:Homemark","Molten Egg 2","PreservedInsect","Orichalcum","Simple Rune"],"acts_visited":["Exordium"],"potions_floor_usage":[6],"damage_taken":[{"damage":0,"enemies":"Cultist","floor":1,"turns":3},{"damage":8,"enemies":"infinitespire:Voidling","floor":2,"turns":5},{"damage":2,"enemies":"Small Slimes","floor":3,"turns":4},{"damage":19,"enemies":"3 Sentries","floor":6,"turns":8},{"damage":6,"enemies":"Exordium Wildlife","floor":14,"turns":5},{"damage":42,"enemies":"Fading Forest","floor":16,"turns":7}],"seed_played":"-3506845464315597659","potions_obtained":[{"floor":3,"key":"SkillPotion"},{"floor":14,"key":"Swift Potion"}],"is_trial":false,"path_per_floor":["M","M","M","?","$","E","R","$","T","R","T","R","?","M","R","B"],"character_chosen":"THE_STARBREAKER","items_purchased":["PreservedInsect"],"campfire_rested":1,"item_purchase_floors":[5],"current_hp_per_floor":[42,34,34,34,34,17,17,17,17,17,17,35,28,26,26,0,0],"gold":154,"neow_bonus":"THREE_RARE_CARDS","is_daily":false,"chose_seed":false,"campfire_upgraded":2,"win_rate":0.0,"timestamp":1610395825,"path_taken":["M","?","?","?","$","E","R","?","T","R","?","R","?","M","R","BOSS"],"items_purchased_type":["Relic"],"build_version":"2020-12-22","purchased_purges":0,"victory":false,"max_hp_per_floor":[60,60,60,60,60,60,60,60,60,60,60,60,60,60,60,60,60],"relic_stats":{"counters":[6,32],"PreservedInsect":30,"Orichalcum":[18],"obtain_stats":[{"Moonworks:Homemark":0,"Molten Egg 2":4,"Simple Rune":11,"PreservedInsect":5,"Orichalcum":6,"Moonworks:BrokenBomb":0},{"Moonworks:Homemark":0,"Molten Egg 2":3,"Simple Rune":4,"PreservedInsect":3,"Orichalcum":4,"Moonworks:BrokenBomb":0},{"Moonworks:Homemark":0,"Molten Egg 2":12,"Simple Rune":20,"PreservedInsect":12,"Orichalcum":20,"Moonworks:BrokenBomb":0}]},"card_choices":[{"not_picked":["Moonworks:MeltingMemories","Moonworks:Wanted"],"picked":"Moonworks:PlushieMaster","floor":0},{"not_picked":["Moonworks:ExtendedPhotonRifle","Moonworks:JonathanRush"],"picked":"Moonworks:LulusLuckyEgg","floor":1},{"not_picked":["Moonworks:Assault","Moonworks:JonathanRush"],"picked":"Moonworks:SakisCookie","floor":2},{"not_picked":["Moonworks:ImOnFire","Moonworks:FinalBattle"],"picked":"Moonworks:LulusLuckyEgg","floor":3},{"not_picked":["TH:Mimic"],"picked":"TH:CopperCoins","floor":6},{"not_picked":["Moonworks:Dash","Moonworks:x16BigRocket+1"],"picked":"Moonworks:EvilSpyWorkPreparation","floor":6},{"not_picked":["TH:TreasureMap"],"picked":"TH:PixieDust","floor":9},{"not_picked":["TH:CursedSword"],"picked":"TH:CopperCoins","floor":11},{"not_picked":["Moonworks:LulusLuckyEgg","Moonworks:IndiscriminateFireSupport+1"],"picked":"Moonworks:NicePresent","floor":14}],"player_experience":873044,"relics_obtained":[{"floor":6,"key":"Orichalcum"},{"floor":11,"key":"Simple Rune"}],"event_choices":[{"cards_removed":["Injury"],"damage_healed":0,"gold_gain":0,"player_choice":"Card Removal","damage_taken":7,"max_hp_gain":0,"max_hp_loss":0,"event_name":"Golden Wing","floor":13,"gold_loss":0}],"is_beta":false,"boss_relics":[],"items_purged_floors":[],"is_endless":false,"potions_floor_spawned":[3,14],"killed_by":"Fading Forest","ascension_level":0}}