{"host":"9slw7l0ws16384qq","time":1610397507,"event":{"mods":["BaseMod","Colored Map","Hubris","Minty Spire (QoL Compilation)","Replay The Spire","StSLib","The Alterego","The Dragon Tamer","The Marked","Yakumo Yukari mod"],"gold_per_floor":[113,38,38,54,54,89,89,123,123,140,153,166,166,66,66,162,162,177,177,196,196,210,210,210,225,225,257,172,172,189,207,207,307,307,321,335,335,77,77,77,77,91,117,129,229,229,244,258,258,258],"floor_reached":51,"playtime":3141,"items_purged":["DTMod:TargetDefense","DTMod:Strike"],"score":779,"play_id":"ba7d4176-ce22-4783-97a8-9113e41973d1","local_time":"20210111213827","is_ascension_mode":false,"metric_token":665,"campfire_choices":[{"data":"DTMod:EchoTactic","floor":7.0,"key":"SMITH"},{"data":"DTMod:GhostSkin","floor":13.0,"key":"SMITH"},{"data":"DTMod:Strike","floor":15.0,"key":"PURGE"},{"data":"DTMod:TriAttack","floor":23.0,"key":"SMITH"},{"data":"DTMod:MagiciansMark","floor":29.0,"key":"SMITH"},{"data":"DTMod:CleansingStrike","floor":32.0,"key":"SMITH"},{"data":"DTMod:SealedStrike","floor":40,"key":"SMITH"},{"data":"DTMod:SealedStrike+1","floor":46,"key":"SMITH"},{"data":"DTMod:SwitchingTactic","floor":49,"key":"SMITH"}],"dtmod_dragon_data":[47,64,0,0,0,0],"circlet_count":0,"master_deck":["DTMod:DoubleHit","DTMod:SwitchingTactic+1","DTMod:TagTeam","DTMod:EchoTactic+1","DTMod:CleansingStrike+1","DTMod:TriAttack+1","DTMod:ResonanceForm","Clumsy","CommonCold","DTMod:MagiciansMark+1","DTMod:Haste","DTMod:MagicField","DTMod:SealedStrike+2","DTMod:DragonDance+1","DTMod:LightShield"],"relics":["DTMod:PactStone","StrikeDummy","Mirror","Darkstone Periapt","Kintsugi","Enchiridion","Bottled Lightning","Replay:Towering Pillar of Hats","Bag of Preparation","Coffee Dripper","Iron Hammer","Pen Nib"],"acts_visited":["Exordium","TheCity","TheBeyond"],"potions_floor_usage":[50,50],"damage_taken":[{"damage":0.0,"enemies":"2 Louse","floor":1.0,"turns":3.0},{"damage":0.0,"enemies":"Small Slimes","floor":4.0,"turns":4.0},{"damage":13.0,"enemies":"Lagavulin","floor":6.0,"turns":7.0},{"damage":17.0,"enemies":"3 Sentries","floor":8.0,"turns":10.0},{"damage":0.0,"enemies":"Jaw Worm","floor":10.0,"turns":3.0},{"damage":0.0,"enemies":"3 Louse","floor":11.0,"turns":2.0},{"damage":0.0,"enemies":"2 Fungi Beasts","floor":12.0,"turns":3.0},{"damage":19.0,"enemies":"Fading Forest","floor":16.0,"turns":11.0},{"damage":11.0,"enemies":"Spheric Guardian","floor":18.0,"turns":5.0},{"damage":5.0,"enemies":"Chosen","floor":20.0,"turns":5.0},{"damage":0.0,"enemies":"Snake Plant","floor":22.0,"turns":4.0},{"damage":0.0,"enemies":"Centurion and Healer","floor":25.0,"turns":4.0},{"damage":0.0,"enemies":"Slavers","floor":27.0,"turns":3.0},{"damage":1.0,"enemies":"3 Cultists","floor":30.0,"turns":6.0},{"damage":0.0,"enemies":"Cultist and Chosen","floor":31.0,"turns":3.0},{"damage":14.0,"enemies":"Automaton","floor":33.0,"turns":8.0},{"damage":1.0,"enemies":"3 Shapes","floor":35.0,"turns":4.0},{"damage":0.0,"enemies":"Orb Walker","floor":36.0,"turns":2.0},{"damage":0,"enemies":"3 Darklings","floor":42,"turns":4},{"damage":0,"enemies":"Transient","floor":44,"turns":5},{"damage":0,"enemies":"Sphere and 2 Shapes","floor":47,"turns":3},{"damage":0,"enemies":"3 Darklings","floor":48,"turns":5},{"damage":21,"enemies":"Awakened One","floor":50,"turns":11}],"seed_played":"-80426589100155275","potions_obtained":[{"floor":6.0,"key":"FairyPotion"},{"floor":8.0,"key":"Explosive Potion"},{"floor":10.0,"key":"SteroidPotion"},{"floor":22.0,"key":"SteroidPotion"},{"floor":27.0,"key":"AttackPotion"},{"floor":48,"key":"Flashbang"}],"is_trial":false,"path_per_floor":["M","$","?","M","?","E","R","E","T","M","M","M","R","$","R_BF","B",null,"M","?","M","?","M","R","?","M","T","E","?","R","M","M","R","B",null,"M","M","?","$","?","R","?","M","T","M","?","R","M","M","R","B",null],"character_chosen":"THE_DT","items_purchased":["Iron Hammer"],"campfire_rested":0,"item_purchase_floors":[38],"current_hp_per_floor":[49,49,49,49,49,36,36,19,19,19,19,19,19,19,19,10,61,50,50,45,45,45,45,29,29,29,29,29,29,28,28,28,14,61,60,60,58,58,58,58,58,58,58,58,58,58,58,58,58,37],"gold":258,"neow_bonus":"TEN_PERCENT_HP_BONUS","is_daily":false,"chose_seed":false,"campfire_upgraded":8,"win_rate":0.0,"timestamp":1610397507,"path_taken":["M","$","?","M","?","E","R","E","T","M","M","M","R","$","R_BF","BOSS","M","?","M","?","M","R","?","M","T","E","?","R","M","M","R","BOSS","M","M","?","$","?","R","?","M","T","M","?","R","M","M","R","BOSS"],"items_purchased_type":["Relic"],"build_version":"2020-12-22","purchased_purges":2,"victory":true,"max_hp_per_floor":[49,49,49,49,49,49,49,49,49,49,49,49,49,49,49,49,61,61,61,61,61,61,61,61,61,61,61,61,61,61,61,61,61,61,61,61,58,58,58,58,58,58,58,58,58,58,58,58,58,58],"card_choices":[{"not_picked":["DTMod:Hide","DTMod:Punisher"],"picked":"DTMod:TagTeam","floor":1.0},{"not_picked":["DTMod:BlazingStrike","DTMod:MasterPlan"],"picked":"DTMod:GhostSkin","floor":4.0},{"not_picked":["DTMod:Weaken","DTMod:ExcessFootwork"],"picked":"DTMod:EchoTactic","floor":6.0},{"not_picked":["DTMod:StunTrap","DTMod:MasterPlan"],"picked":"DTMod:CleansingStrike","floor":8.0},{"not_picked":["DTMod:Punisher","DTMod:FlameSlash"],"picked":"DTMod:TriAttack","floor":10.0},{"not_picked":["DTMod:BreakAttack","DTMod:LowKick","DTMod:CleansingStrike"],"picked":"SKIP","floor":11.0},{"not_picked":["DTMod:Hide","DTMod:Feint","DTMod:BreakAttack"],"picked":"SKIP","floor":12.0},{"not_picked":["DTMod:LightShield","DTMod:TriAttack"],"picked":"DTMod:ResonanceForm","floor":16.0},{"not_picked":["DTMod:BurningForce+1","DTMod:QuickFly"],"picked":"DTMod:MagiciansMark","floor":18.0},{"not_picked":["DTMod:ComboAttack","DTMod:Feint+1","DTMod:CleansingStrike+1"],"picked":"SKIP","floor":20.0},{"not_picked":["DTMod:BurningEnergy","DTMod:TauntingStrike","DTMod:MaximumCharge"],"picked":"SKIP","floor":22.0},{"not_picked":["DTMod:TauntingStrike","DTMod:BurningEnergy"],"picked":"DTMod:MagicField","floor":25.0},{"not_picked":["DTMod:Feint","DTMod:Hide","DTMod:BuildUp"],"picked":"SKIP","floor":27.0},{"not_picked":["DTMod:FlameSlash","DTMod:InvisibleFlame","DTMod:BuildUp+1"],"picked":"SKIP","floor":30.0},{"not_picked":["DTMod:QuickFly","DTMod:Cover","DTMod:MagicField"],"picked":"SKIP","floor":31.0},{"not_picked":["DTMod:RepeatStrike","DTMod:FierySynthesis"],"picked":"DTMod:SealedStrike","floor":33.0},{"not_picked":["DTMod:BizarreTactic+1","DTMod:InvisibleFlame+1"],"picked":"DTMod:DragonDance+1","floor":35.0},{"not_picked":["DTMod:Feint","DTMod:BalancedStrike","DTMod:Punisher"],"picked":"SKIP","floor":36.0},{"not_picked":["DTMod:BuildUp+1","DTMod:HeatWave","DTMod:ComboAttack+1"],"picked":"SKIP","floor":42},{"not_picked":["DTMod:BurningEnergy","DTMod:FlameSlash"],"picked":"DTMod:LightShield","floor":44},{"not_picked":["DTMod:ShieldDrain","DTMod:HeatWave+1","DTMod:FlameSlash"],"picked":"SKIP","floor":47},{"not_picked":["DTMod:ShieldDrain","DTMod:HeatWave+1","DTMod:FlameSlash"],"picked":"SKIP","floor":47},{"not_picked":["DTMod:HeatWave+1","DTMod:Observe+1","DTMod:BizarreTactic+1"],"picked":"SKIP","floor":48}],"player_experience":1503409,"relics_obtained":[{"floor":6.0,"key":"StrikeDummy"},{"floor":8.0,"key":"Mirror"},{"floor":9.0,"key":"Darkstone Periapt"},{"floor":24.0,"key":"Enchiridion"},{"floor":26.0,"key":"Bottled Lightning"},{"floor":27.0,"key":"Replay:Towering Pillar of Hats"},{"floor":43,"key":"Pen Nib"}],"event_choices":[{"damage_healed":0.0,"max_hp_gain":0.0,"max_hp_loss":0.0,"gold_gain":0.0,"event_name":"The Library","player_choice":"Read","floor":21.0,"gold_loss":0.0,"damage_taken":0.0,"cards_obtained":["DTMod:Haste"]},{"damage_healed":0.0,"max_hp_gain":0.0,"max_hp_loss":0.0,"gold_gain":0.0,"event_name":"Cursed Tome","player_choice":"Obtained Book","floor":24.0,"gold_loss":0.0,"damage_taken":16.0},{"damage_healed":0.0,"max_hp_gain":0.0,"max_hp_loss":0.0,"gold_gain":0.0,"event_name":"Addict","player_choice":"Obtained Relic","floor":28.0,"gold_loss":85.0,"damage_taken":0.0,"relics_obtained":["Bag of Preparation"]},{"damage_healed":0.0,"max_hp_gain":0.0,"max_hp_loss":3.0,"gold_gain":0.0,"event_name":"Winding Halls","player_choice":"Max HP","floor":37.0,"gold_loss":0.0,"damage_taken":0.0},{"damage_healed":0,"gold_gain":0,"player_choice":"Ignored","damage_taken":0,"max_hp_gain":0,"max_hp_loss":0,"event_name":"Mysterious Sphere","floor":39,"gold_loss":0},{"cards_removed":["DTMod:GhostSkin"],"damage_healed":0,"gold_gain":0,"player_choice":"Removed Skill","damage_taken":0,"max_hp_gain":0,"max_hp_loss":0,"event_name":"Falling","floor":41,"gold_loss":0},{"damage_healed":0,"gold_gain":100,"player_choice":"Pray","damage_taken":0,"max_hp_gain":0,"max_hp_loss":0,"event_name":"Golden Shrine","floor":45,"gold_loss":0}],"is_beta":false,"boss_relics":[{"not_picked":["Fusion Hammer","Pandora\u0027s Box"],"picked":"Kintsugi"},{"not_picked":["DTMod:TheChair","hubris:CrackedHourglass"],"picked":"Coffee Dripper"}],"items_purged_floors":[2,14],"is_endless":false,"potions_floor_spawned":[6,8,10,22,27,42,48],"ascension_level":0}}