{"host":"tnsigirk6wurdark","time":1610362000,"event":{"mods":["BaseMod","Colored Map","Colored Powertips","DeckTracker","Highlight Path","Minty Spire (QoL Compilation)","Quick Restart","Relic Sorter","StSLib","SuperFastMode","Synergy Search"],"gold_per_floor":[112,1,1,28,2,31,31,31,31,64,64,79,94,94,94,171,171,191,201,220,233,233,233,251,251,278,58,87,106,106,120,120,194,194,206,223,7,32,52,77,77,111,138,148,15,15,15,15,15,15,15],"floor_reached":50,"playtime":3320,"items_purged":["Regret","Strike_G","Defend_G"],"score":965,"play_id":"1dee04ac-0016-470d-87fb-d7c01ef26c4f","local_time":"20210111104640","is_ascension_mode":true,"campfire_choices":[{"data":"Leg Sweep","floor":7,"key":"SMITH"},{"floor":15,"key":"REST"},{"floor":23,"key":"REST"},{"floor":25,"key":"REST"},{"floor":30,"key":"REST"},{"floor":32,"key":"REST"},{"floor":41,"key":"REST"},{"floor":47,"key":"DIG"},{"floor":49,"key":"DIG"}],"circlet_count":0,"master_deck":["AscendersBane","Defend_G","Defend_G","Defend_G","Defend_G+1","Survivor","Neutralize","Doppelganger+1","Poisoned Stab+1","Venomology+1","Slice","Leg Sweep+1","Dash","Flying Knee","Poisoned Stab","Parasite","Footwork","Bouncing Flask","Burst","PiercingWail","PiercingWail","Backflip","PiercingWail","Mayhem","Bane+1","Noxious Fumes+1","Poisoned Stab+1","A Thousand Cuts","Catalyst","Bullet Time+1","Swift Strike+1","Footwork","Deflect","Venomology","Bandage Up"],"relics":["Astrolabe","MealTicket","Smiling Mask","Ninja Scroll","Pantograph","Regal Pillow","Potion Belt","Fusion Hammer","Happy Flower","Molten Egg 2","Runic Pyramid","Shovel","Bottled Flame","Omamori","Nunchaku","Blood Vial","War Paint","Centennial Puzzle"],"acts_visited":["Exordium","TheCity","TheBeyond"],"potions_floor_usage":[1,6,10,16,18,18,19,20,20,20,21,21,21,21,24,24,24,24,28,28,29,29,31,33,33,36,38,38,38,39,40,44,50],"damage_taken":[{"damage":12,"enemies":"2 Louse","floor":1,"turns":2},{"damage":40,"enemies":"Gremlin Nob","floor":6,"turns":6},{"damage":12,"enemies":"3 Sentries","floor":10,"turns":11},{"damage":0,"enemies":"Jaw Worm","floor":12,"turns":2},{"damage":0,"enemies":"Small Slimes","floor":13,"turns":3},{"damage":18,"enemies":"The Guardian","floor":16,"turns":10},{"damage":0,"enemies":"Shell Parasite","floor":18,"turns":2},{"damage":2,"enemies":"3 Byrds","floor":19,"turns":6},{"damage":14,"enemies":"Cultist and Chosen","floor":20,"turns":6},{"damage":2,"enemies":"Snake Plant","floor":21,"turns":5},{"damage":4,"enemies":"Chosen and Byrds","floor":24,"turns":9},{"damage":0,"enemies":"Book of Stabbing","floor":28,"turns":6},{"damage":0,"enemies":"Snecko","floor":29,"turns":6},{"damage":23,"enemies":"Cultist and Chosen","floor":31,"turns":6},{"damage":52,"enemies":"Champ","floor":33,"turns":12},{"damage":1,"enemies":"Orb Walker","floor":35,"turns":4},{"damage":0,"enemies":"3 Darklings","floor":36,"turns":8},{"damage":3,"enemies":"Mind Bloom Boss Battle","floor":38,"turns":7},{"damage":6,"enemies":"4 Shapes","floor":39,"turns":9},{"damage":38,"enemies":"Giant Head","floor":40,"turns":9},{"damage":15,"enemies":"Nemesis","floor":42,"turns":9},{"damage":29,"enemies":"Spire Growth","floor":44,"turns":8},{"damage":59,"enemies":"Donu and Deca","floor":50,"turns":3}],"seed_played":"8831268910503380874","potions_obtained":[{"floor":12,"key":"DistilledChaos"},{"floor":13,"key":"Energy Potion"},{"floor":16,"key":"EntropicBrew"},{"floor":19,"key":"ColorlessPotion"},{"floor":20,"key":"Energy Potion"},{"floor":24,"key":"SpeedPotion"},{"floor":29,"key":"SteroidPotion"},{"floor":35,"key":"GamblersBrew"},{"floor":42,"key":"Weak Potion"},{"floor":44,"key":"GamblersBrew"}],"is_trial":false,"path_per_floor":["M","$","?","T","$","E","R","T","T","E","?","M","M","?","R","B",null,"M","M","M","M","?","R","M","R","T","$","E","M","R","M","R","B",null,"M","M","$","?","M","E","R","E","T","M","$","?","R","?","R","B"],"character_chosen":"THE_SILENT","items_purchased":["Leg Sweep","Dash","Flying Knee","Mayhem","Bullet Time","Swift Strike+1","Bandage Up"],"campfire_rested":6,"item_purchase_floors":[2,2,5,27,37,37,45],"current_hp_per_floor":[47,47,47,47,62,22,22,22,22,10,26,26,26,26,60,48,62,62,60,46,44,44,66,62,66,66,66,66,66,66,43,66,14,53,52,52,66,63,57,19,53,38,38,9,24,24,24,24,24,0,0],"gold":15,"neow_bonus":"BOSS_RELIC","is_daily":false,"chose_seed":false,"campfire_upgraded":1,"win_rate":0.0,"timestamp":1610362000,"path_taken":["M","$","?","?","$","E","R","?","T","E","?","M","M","?","R","BOSS","M","?","M","M","?","R","M","R","T","$","E","M","R","M","R","BOSS","M","M","$","?","M","E","R","E","T","M","$","?","R","?","R","BOSS"],"items_purchased_type":["Card","Card","Card","Card","Card","Card","Card"],"build_version":"2020-12-22","purchased_purges":3,"victory":false,"max_hp_per_floor":[66,66,66,66,66,66,66,66,66,66,66,66,66,66,66,66,66,66,66,66,66,66,66,66,66,66,66,66,66,66,66,66,66,66,66,66,66,66,66,66,66,66,66,66,66,66,66,66,66,66,66],"card_choices":[{"not_picked":["Poisoned Stab","Deflect"],"picked":"Slice","floor":1},{"not_picked":["Flying Knee","Dagger Spray"],"picked":"Poisoned Stab","floor":6},{"not_picked":["Flechettes","A Thousand Cuts","Concentrate"],"picked":"SKIP","floor":10},{"not_picked":["Quick Slash","PiercingWail"],"picked":"Footwork","floor":12},{"not_picked":["Deadly Poison","Dagger Spray"],"picked":"Bouncing Flask","floor":13},{"not_picked":["Die Die Die","Adrenaline"],"picked":"Burst","floor":16},{"not_picked":["Outmaneuver+1","Quick Slash"],"picked":"PiercingWail","floor":18},{"not_picked":["Choke","Flying Knee"],"picked":"PiercingWail","floor":19},{"not_picked":["Sucker Punch","Expertise"],"picked":"Backflip","floor":20},{"not_picked":["Reflex","Dagger Spray+1"],"picked":"PiercingWail","floor":21},{"not_picked":["Masterful Stab","Infinite Blades","All Out Attack"],"picked":"SKIP","floor":24},{"not_picked":["Storm of Steel","Well Laid Plans"],"picked":"Bane+1","floor":28},{"not_picked":["Dagger Spray+1","Prepared"],"picked":"Noxious Fumes+1","floor":29},{"not_picked":["Prepared","Flying Knee+1"],"picked":"Poisoned Stab+1","floor":31},{"not_picked":["Glass Knife+1","Bullet Time"],"picked":"A Thousand Cuts","floor":33},{"not_picked":["Prepared","Blade Dance+1","Dodge and Roll"],"picked":"SKIP","floor":35},{"not_picked":["Masterful Stab+1","Crippling Poison"],"picked":"Catalyst","floor":36},{"not_picked":["All Out Attack+1","Dash+1"],"picked":"Footwork","floor":38},{"not_picked":["Outmaneuver","Dagger Spray+1","Flying Knee+1"],"picked":"SKIP","floor":39},{"not_picked":["Prepared","Dagger Throw+1"],"picked":"Deflect","floor":40},{"not_picked":["Prepared","Malaise"],"picked":"Venomology","floor":42},{"not_picked":["Dagger Spray+1","Reflex+1","Quick Slash+1"],"picked":"SKIP","floor":44}],"player_experience":666173,"relics_obtained":[{"floor":4,"key":"Smiling Mask"},{"floor":6,"key":"Ninja Scroll"},{"floor":8,"key":"Pantograph"},{"floor":9,"key":"Regal Pillow"},{"floor":10,"key":"Potion Belt"},{"floor":26,"key":"Happy Flower"},{"floor":28,"key":"Molten Egg 2"},{"floor":38,"key":"Shovel"},{"floor":40,"key":"Bottled Flame"},{"floor":42,"key":"Omamori"},{"floor":43,"key":"Nunchaku"},{"floor":47,"key":"Blood Vial"},{"floor":48,"key":"War Paint"},{"floor":49,"key":"Centennial Puzzle"}],"event_choices":[{"damage_healed":0,"gold_gain":0,"player_choice":"Box","damage_taken":0,"relics_obtained":["MealTicket"],"max_hp_gain":0,"max_hp_loss":0,"event_name":"Big Fish","floor":3,"gold_loss":0,"cards_obtained":["Regret"]},{"damage_healed":16,"gold_gain":0,"player_choice":"Healed and dodged fight","damage_taken":0,"max_hp_gain":0,"max_hp_loss":0,"event_name":"Mushrooms","floor":11,"gold_loss":0,"cards_obtained":["Parasite"]},{"cards_removed":["Strike_G"],"damage_healed":0,"gold_gain":0,"player_choice":"Purged","damage_taken":0,"max_hp_gain":0,"max_hp_loss":0,"event_name":"Purifier","floor":14,"gold_loss":0},{"damage_healed":0,"gold_gain":0,"player_choice":"Ignored","damage_taken":0,"max_hp_gain":0,"max_hp_loss":0,"event_name":"Cursed Tome","floor":22,"gold_loss":0},{"damage_healed":0,"gold_gain":0,"player_choice":"Fight","damage_taken":0,"max_hp_gain":0,"max_hp_loss":0,"event_name":"MindBloom","floor":38,"gold_loss":0},{"damage_healed":0,"gold_gain":0,"player_choice":"Ignored","damage_taken":0,"max_hp_gain":0,"max_hp_loss":0,"event_name":"The Moai Head","floor":46,"gold_loss":0},{"damage_healed":0,"gold_gain":0,"player_choice":"Relic","damage_taken":0,"max_hp_gain":0,"max_hp_loss":0,"event_name":"Wheel of Change","floor":48,"gold_loss":0}],"is_beta":false,"boss_relics":[{"not_picked":["Sozu","SlaversCollar"],"picked":"Fusion Hammer"},{"not_picked":["Black Star","HoveringKite"],"picked":"Runic Pyramid"}],"items_purged_floors":[27,37,45],"is_endless":false,"potions_floor_spawned":[12,13,16,19,20,24,29,35,42,44],"killed_by":"Donu and Deca","ascension_level":14}}