{"host":"oehe2dxjvdgux73m","time":1610352493,"event":{"mods":["AchievementEnabler","BaseMod","Colored Map","Colored Powertips","DeckTracker","Keyboard Shortcuts","Minty Spire (QoL Compilation)","Permanent Neow","Quick Restart","StSLib","SuperFastMode"],"gold_per_floor":[109,12,32,42,42,74,86,117,117,17,17,17,17],"floor_reached":12,"playtime":319,"items_purged":["Strike_R","Strike_R"],"score":106,"play_id":"4489e092-2ab8-4f92-b41a-fcd54c60b7a5","local_time":"20210111170813","is_ascension_mode":true,"campfire_choices":[{"floor":11,"key":"REST"}],"circlet_count":0,"master_deck":["Strike_R","Strike_R","Defend_R","Defend_R","Defend_R","Defend_R","Bash","Spot Weakness","Headbutt","Headbutt","Heavy Blade","Power Through","Evolve","Dropkick"],"relics":["Burning Blood","Bird Faced Urn","Unceasing Top","Blue Candle"],"acts_visited":["Exordium"],"potions_floor_usage":[],"damage_taken":[{"damage":5,"enemies":"Cultist","floor":1,"turns":5},{"damage":6,"enemies":"Small Slimes","floor":3,"turns":3},{"damage":13,"enemies":"Jaw Worm","floor":4,"turns":4},{"damage":36,"enemies":"Gremlin Nob","floor":6,"turns":4},{"damage":12,"enemies":"3 Louse","floor":7,"turns":4},{"damage":35,"enemies":"Lagavulin","floor":8,"turns":6},{"damage":81,"enemies":"Gremlin Nob","floor":12,"turns":5}],"seed_played":"-5415964404691459890","potions_obtained":[{"floor":7,"key":"FairyPotion"},{"floor":8,"key":"LiquidBronze"}],"is_trial":false,"path_per_floor":["M","$","M","M","?","E","M","E","T","$","R","E"],"character_chosen":"IRONCLAD","items_purchased":["Headbutt"],"campfire_rested":1,"item_purchase_floors":[2],"current_hp_per_floor":[80,80,80,73,73,43,39,10,10,10,34,0,0],"gold":17,"neow_bonus":"THREE_CARDS","is_daily":false,"chose_seed":false,"campfire_upgraded":0,"win_rate":0.0,"timestamp":1610352493,"path_taken":["M","$","?","?","?","E","?","E","T","?","R","E"],"items_purchased_type":["Card"],"build_version":"2020-12-22","purchased_purges":2,"victory":false,"max_hp_per_floor":[80,80,80,80,80,80,80,80,80,80,80,80,80],"card_choices":[{"not_picked":["Armaments","Havoc"],"picked":"Spot Weakness","floor":0},{"not_picked":["Body Slam","Evolve"],"picked":"Headbutt","floor":1},{"not_picked":["Clash","True Grit"],"picked":"Heavy Blade","floor":3},{"not_picked":["Twin Strike","Wild Strike","True Grit"],"picked":"SKIP","floor":4},{"not_picked":["Seeing Red","Clash"],"picked":"Evolve","floor":6},{"not_picked":["Spot Weakness","Havoc","Second Wind"],"picked":"SKIP","floor":7},{"not_picked":["Cleave","Iron Wave"],"picked":"Dropkick","floor":8}],"player_experience":98614,"relics_obtained":[{"floor":6,"key":"Bird Faced Urn"},{"floor":8,"key":"Unceasing Top"},{"floor":9,"key":"Blue Candle"}],"event_choices":[{"damage_healed":0,"gold_gain":0,"cards_transformed":["Strike_R"],"player_choice":"Transformed","damage_taken":0,"max_hp_gain":0,"max_hp_loss":0,"event_name":"Transmorgrifier","floor":5,"gold_loss":0,"cards_obtained":["Power Through"]}],"is_beta":false,"boss_relics":[],"items_purged_floors":[2,10],"is_endless":false,"potions_floor_spawned":[7,8],"killed_by":"Gremlin Nob","ascension_level":4}}