{"host":"z9811rt50ti81n54","time":1610372765,"event":{"mods":["BaseMod","Better Match","Better Sensory Stone","Better Skull","Better Third Choice","Minty Spire (QoL Compilation)","Permanent Neow","Practice Mode","Quick Restart","StSLib","SuperFastMode"],"gold_per_floor":[115,115,130,80,97,97,97,112,112,127,147,72,92,106,106,211,211,222,222,234,234,249,249,274,274,274,274,274,74,87,106,106,206,206,222,19,19,32,32,32,63,13,13,31,63,63,63,90,90,90],"floor_reached":51,"playtime":1751,"items_purged":["Strike_P","Strike_P","Strike_P","Defend_P"],"score":744,"play_id":"5b470790-f070-42ae-855d-a93154a31918","local_time":"20210111224605","is_ascension_mode":false,"campfire_choices":[{"data":"Eruption","floor":7.0,"key":"SMITH"},{"data":"SignatureMove","floor":15.0,"key":"SMITH"},{"floor":23.0,"key":"REST"},{"floor":28.0,"key":"REST"},{"floor":32,"key":"REST"},{"data":"Alpha","floor":40,"key":"SMITH"},{"floor":47,"key":"REST"},{"floor":49,"key":"REST"}],"circlet_count":0,"master_deck":["Defend_P+1","Defend_P+1","Defend_P","Vigilance","InnerPeace","MentalFortress","Adaptation","SignatureMove+1","ThirdEye","Indignation","Alpha+1","Apotheosis+1","Panacea","Worship","Warcry+1","Worship","MentalFortress+1","MasterReality","Wallop+1"],"relics":["Velvet Choker","Gremlin Horn","TeardropLocket","Cursed Key","Smiling Mask","Melange","Snecko Eye","Lantern","Darkstone Periapt","CeramicFish"],"acts_visited":["Exordium","TheCity","TheBeyond"],"potions_floor_usage":[33,50,50],"damage_taken":[{"damage":0.0,"enemies":"2 Louse","floor":1.0,"turns":2.0},{"damage":3.0,"enemies":"Jaw Worm","floor":3.0,"turns":4.0},{"damage":7.0,"enemies":"Small Slimes","floor":5.0,"turns":4.0},{"damage":2.0,"enemies":"Exordium Wildlife","floor":8.0,"turns":6.0},{"damage":0.0,"enemies":"2 Fungi Beasts","floor":10.0,"turns":4.0},{"damage":0.0,"enemies":"Exordium Thugs","floor":11.0,"turns":2.0},{"damage":0.0,"enemies":"Blue Slaver","floor":13.0,"turns":1.0},{"damage":0.0,"enemies":"Exordium Wildlife","floor":14.0,"turns":2.0},{"damage":26.0,"enemies":"Hexaghost","floor":16.0,"turns":8.0},{"damage":0.0,"enemies":"Spheric Guardian","floor":18.0,"turns":2.0},{"damage":9.0,"enemies":"3 Byrds","floor":20.0,"turns":5.0},{"damage":0.0,"enemies":"Cultist and Chosen","floor":22.0,"turns":4.0},{"damage":41.0,"enemies":"Gremlin Leader","floor":24.0,"turns":5.0},{"damage":13.0,"enemies":"Centurion and Healer","floor":30.0,"turns":4.0},{"damage":16,"enemies":"Snake Plant","floor":31,"turns":4},{"damage":2,"enemies":"Automaton","floor":33,"turns":6},{"damage":0,"enemies":"3 Shapes","floor":35,"turns":5},{"damage":9,"enemies":"3 Darklings","floor":38,"turns":4},{"damage":28,"enemies":"Nemesis","floor":41,"turns":5},{"damage":0,"enemies":"4 Shapes","floor":44,"turns":2},{"damage":2,"enemies":"Giant Head","floor":45,"turns":5},{"damage":26,"enemies":"Writhing Mass","floor":48,"turns":4},{"damage":32,"enemies":"Awakened One","floor":50,"turns":8}],"seed_played":"-9131428150875707233","potions_obtained":[{"floor":3.0,"key":"SteroidPotion"},{"floor":10.0,"key":"Energy Potion"},{"floor":11.0,"key":"Block Potion"},{"floor":18.0,"key":"ColorlessPotion"},{"floor":24.0,"key":"BottledMiracle"},{"floor":30.0,"key":"Explosive Potion"},{"floor":31,"key":"Block Potion"},{"floor":33,"key":"SteroidPotion"},{"floor":35,"key":"LiquidMemories"},{"floor":45,"key":"SteroidPotion"}],"is_trial":false,"path_per_floor":["M","?","M","?","M","?","R","M","T","M","M","$","M","M","R","B",null,"M","?","M","?","M","R","E","?","T","?","R","$","M","M","R","B",null,"M","$","?","M","?","R","E","$","T","M","E","?","R","M","R","B",null],"character_chosen":"WATCHER","items_purchased":["Melange","Lantern"],"campfire_rested":5,"item_purchase_floors":[29,36],"current_hp_per_floor":[72,58,55,55,48,45,45,43,43,43,43,43,43,43,43,17,72,72,72,63,50,50,73,32,32,32,32,55,55,42,26,49,47,77,77,77,77,68,68,68,40,40,40,40,38,38,61,35,58,26],"gold":90,"neow_bonus":"BOSS_RELIC","is_daily":false,"chose_seed":false,"campfire_upgraded":3,"win_rate":0.0,"timestamp":1610372765,"path_taken":["M","?","M","?","M","?","R","M","T","M","M","$","M","M","R","BOSS","M","?","M","?","M","R","E","?","T","?","R","$","M","M","R","BOSS","M","$","?","M","?","R","E","?","T","M","E","?","R","M","R","BOSS"],"items_purchased_type":["Relic","Relic"],"build_version":"2020-12-22","purchased_purges":4,"victory":true,"max_hp_per_floor":[72,72,72,72,72,72,72,72,72,72,72,72,72,72,72,72,72,72,72,72,77,77,77,77,77,77,77,77,77,77,77,77,77,77,77,77,77,77,77,77,77,77,77,77,77,77,77,77,77,77],"card_choices":[{"not_picked":["Crescendo","FlurryOfBlows"],"picked":"InnerPeace","floor":1.0},{"not_picked":["DeceiveReality","Pray"],"picked":"MentalFortress","floor":3.0},{"not_picked":["InnerPeace","TalkToTheHand"],"picked":"Fasting2","floor":5.0},{"not_picked":["CutThroughFate","InnerPeace"],"picked":"Adaptation","floor":8.0},{"not_picked":["JustLucky","Devotion"],"picked":"SignatureMove","floor":10.0},{"not_picked":["FlurryOfBlows","FollowUp","ForeignInfluence"],"picked":"SKIP","floor":11.0},{"not_picked":["ReachHeaven","PathToVictory"],"picked":"ThirdEye","floor":13.0},{"not_picked":["Evaluate","Tantrum"],"picked":"Indignation","floor":14.0},{"not_picked":["DeusExMachina","Wish"],"picked":"Alpha","floor":16.0},{"not_picked":["Meditate","Wireheading","Protect"],"picked":"SKIP","floor":18.0},{"not_picked":["Panacea","Purity"],"picked":"Apotheosis","floor":19.0},{"not_picked":["Finesse","Transmutation"],"picked":"Panacea","floor":19.0},{"not_picked":["BowlingBash+1","FollowUp+1"],"picked":"Worship","floor":20.0},{"not_picked":["BattleHymn","EmptyBody","SashWhip"],"picked":"SKIP","floor":22.0},{"not_picked":["SashWhip","BowlingBash","Evaluate+1"],"picked":"SKIP","floor":24.0},{"not_picked":["PathToVictory","SashWhip"],"picked":"Worship","floor":30.0},{"not_picked":["WindmillStrike","Study+1"],"picked":"MentalFortress+1","floor":31},{"not_picked":["Omniscience","Ragnarok"],"picked":"MasterReality","floor":33},{"not_picked":["Crescendo","Protect+1","Vengeance"],"picked":"SKIP","floor":35},{"not_picked":["Crescendo","Protect+1","Vengeance"],"picked":"SKIP","floor":35},{"not_picked":["DeceiveReality+1","EmptyBody","Consecrate+1"],"picked":"SKIP","floor":38},{"not_picked":["Nirvana","EmptyFist","FlurryOfBlows"],"picked":"SKIP","floor":41},{"not_picked":["Nirvana","EmptyFist","FlurryOfBlows"],"picked":"SKIP","floor":41},{"not_picked":["EmptyFist","WreathOfFlame+1","Evaluate"],"picked":"SKIP","floor":44},{"not_picked":["ThirdEye","Evaluate","TalkToTheHand+1"],"picked":"SKIP","floor":45},{"not_picked":["Blasphemy","CarveReality+1"],"picked":"Wallop+1","floor":48}],"player_experience":369431,"relics_obtained":[{"floor":9.0,"key":"TeardropLocket"},{"floor":24.0,"key":"Smiling Mask"},{"floor":41,"key":"Darkstone Periapt"},{"floor":45,"key":"CeramicFish"}],"event_choices":[{"damage_healed":0.0,"max_hp_gain":0.0,"max_hp_loss":0.0,"gold_gain":0.0,"event_name":"Shining Light","player_choice":"Entered Light","floor":2.0,"gold_loss":0.0,"damage_taken":14.0,"cards_upgraded":["Defend_P","Defend_P"]},{"cards_removed":["Strike_P"],"damage_healed":0.0,"max_hp_gain":0.0,"max_hp_loss":0.0,"gold_gain":0.0,"event_name":"The Cleric","player_choice":"Card Removal","floor":4.0,"gold_loss":50.0,"damage_taken":0.0},{"damage_healed":0.0,"max_hp_gain":0.0,"max_hp_loss":0.0,"gold_gain":0.0,"event_name":"Scrap Ooze","player_choice":"Success","floor":6.0,"gold_loss":0.0,"damage_taken":3.0,"relics_obtained":["Gremlin Horn"]},{"damage_healed":0.0,"max_hp_gain":0.0,"max_hp_loss":0.0,"gold_gain":2.0,"event_name":"betterStone:BetterStone","player_choice":"1","floor":19.0,"gold_loss":0.0,"damage_taken":0.0},{"damage_healed":0.0,"max_hp_gain":5.0,"max_hp_loss":0.0,"gold_gain":0.0,"event_name":"Forgotten Altar","player_choice":"Shed Blood","floor":21.0,"gold_loss":0.0,"damage_taken":18.0},{"damage_healed":0.0,"max_hp_gain":0.0,"max_hp_loss":0.0,"gold_gain":0.0,"event_name":"Vampires","player_choice":"Ignored","floor":25.0,"gold_loss":0.0,"damage_taken":0.0},{"cards_removed":["Fasting2"],"damage_healed":0.0,"max_hp_gain":0.0,"max_hp_loss":0.0,"gold_gain":0.0,"event_name":"NoteForYourself","player_choice":"Took Card","floor":27.0,"gold_loss":0.0,"damage_taken":0.0,"cards_obtained":["Warcry"]},{"cards_removed":["Eruption"],"damage_healed":0,"gold_gain":0,"player_choice":"Removed Attack","damage_taken":0,"max_hp_gain":0,"max_hp_loss":0,"event_name":"Falling","floor":37,"gold_loss":0},{"damage_healed":0,"gold_gain":0,"player_choice":"Ignored","damage_taken":0,"max_hp_gain":0,"max_hp_loss":0,"event_name":"Mysterious Sphere","floor":39,"gold_loss":0},{"damage_healed":0,"gold_gain":0,"player_choice":"Forge","damage_taken":0,"max_hp_gain":0,"max_hp_loss":0,"event_name":"Accursed Blacksmith","floor":46,"gold_loss":0,"cards_upgraded":["Apotheosis"]}],"is_beta":false,"boss_relics":[{"not_picked":["Astrolabe","Tiny House"],"picked":"Cursed Key"},{"not_picked":["Coffee Dripper","Philosopher\u0027s Stone"],"picked":"Snecko Eye"}],"items_purged_floors":[12,29,36,42],"is_endless":false,"potions_floor_spawned":[3,10,11,14,16,18,24,30,31,33,35,41,45],"ascension_level":0}}