{"host":"0vlubjftylzdr3ny","time":1610408609,"event":{"mods":["Always Whale","BaseMod","GifTheSpireLib","Minty Spire (QoL Compilation)","Relic Filter","StSLib","Stuff the Spire"],"gold_per_floor":[115,187,76,95,95,95,129,141,153,165,208,220,54,69,69,164,164,182,11,11,23,23,23,23,23],"floor_reached":24,"playtime":1011,"items_purged":["Defend_R","Strike_R","Strike_R"],"score":220,"play_id":"0253ba41-ea38-422a-8688-180b1327abb2","local_time":"20210112004329","is_ascension_mode":true,"campfire_choices":[{"data":"Metallicize","floor":6,"key":"SMITH"},{"data":"Strike_R","floor":8,"key":"SMITH"},{"data":"Bash","floor":10,"key":"SMITH"},{"data":"Heavy Blade","floor":15,"key":"SMITH"},{"data":"Barricade","floor":23,"key":"SMITH"}],"circlet_count":0,"master_deck":["Strike_R","Strike_R+1","Defend_R","Defend_R","Defend_R","Bash+1","Metallicize+1","Heavy Blade+1","Shrug It Off","Pummel","Barricade+1","Sword Boomerang","Shrug It Off","StuffTheSpire:DeathNote","Twin Strike"],"relics":["Burning Blood","Pear","InkBottle","MawBank","HornCleat","Shuriken","Cursed Key","Magic Flower"],"acts_visited":["Exordium","TheCity"],"potions_floor_usage":[24],"damage_taken":[{"damage":11,"enemies":"Cultist","floor":1,"turns":4},{"damage":0,"enemies":"Jaw Worm","floor":4,"turns":4},{"damage":17,"enemies":"Gremlin Nob","floor":7,"turns":5},{"damage":42,"enemies":"Lagavulin","floor":11,"turns":7},{"damage":6,"enemies":"2 Louse","floor":14,"turns":3},{"damage":28,"enemies":"The Guardian","floor":16,"turns":19},{"damage":30,"enemies":"3 Byrds","floor":18,"turns":8},{"damage":0,"enemies":"Spheric Guardian","floor":21,"turns":7},{"damage":83,"enemies":"Book of Stabbing","floor":24,"turns":8}],"seed_played":"-2424597259336258660","potions_obtained":[{"floor":7,"key":"BloodPotion"}],"is_trial":false,"path_per_floor":["M","T","$","M","?","R","E","R","T","R","E","?","$","M","R","B",null,"M","$","?","M","?","R","E"],"character_chosen":"IRONCLAD","items_purchased":["Metallicize","Pummel","Shrug It Off"],"campfire_rested":0,"item_purchase_floors":[3,13,19],"current_hp_per_floor":[75,85,85,90,90,90,79,79,79,79,43,36,36,36,36,14,90,66,66,46,52,52,52,0,0],"gold":23,"neow_bonus":"REMOVE_CARD","is_daily":false,"chose_seed":false,"campfire_upgraded":5,"win_rate":0.0,"timestamp":1610408609,"path_taken":["M","?","$","M","?","R","E","R","T","R","E","?","$","M","R","BOSS","M","$","?","M","?","R","E"],"items_purchased_type":["Card","Card","Card"],"build_version":"2020-12-22","purchased_purges":3,"victory":false,"max_hp_per_floor":[80,90,90,90,90,90,90,90,90,90,90,90,90,90,90,90,90,90,90,90,90,90,90,90,90],"card_choices":[{"not_picked":["StuffTheSpire:RockThrow","Anger","Armaments"],"picked":"SKIP","floor":1},{"not_picked":["Clothesline","Wild Strike"],"picked":"Heavy Blade","floor":4},{"not_picked":["Pommel Strike","Burning Pact","Searing Blow"],"picked":"SKIP","floor":7},{"not_picked":["Entrench","Thunderclap"],"picked":"Shrug It Off","floor":11},{"not_picked":["Feel No Pain","Hemokinesis","Armaments"],"picked":"SKIP","floor":14},{"not_picked":["Juggernaut","Corruption"],"picked":"Barricade","floor":16},{"not_picked":["Headbutt+1","Heavy Blade"],"picked":"Sword Boomerang","floor":18},{"not_picked":["Perfected Strike+1","Dual Wield"],"picked":"Twin Strike","floor":21}],"player_experience":820789,"relics_obtained":[{"floor":2,"key":"Pear"},{"floor":7,"key":"MawBank"},{"floor":9,"key":"HornCleat"},{"floor":11,"key":"Shuriken"}],"event_choices":[{"cards_removed":["StuffTheSpire:CuriosityCurse"],"damage_healed":0,"gold_gain":0,"player_choice":"Card Removal","damage_taken":7,"max_hp_gain":0,"max_hp_loss":0,"event_name":"Golden Wing","floor":12,"gold_loss":0},{"damage_healed":0,"gold_gain":0,"player_choice":"Opened","damage_taken":0,"relics_obtained":["Magic Flower"],"max_hp_gain":0,"max_hp_loss":0,"event_name":"The Mausoleum","floor":22,"gold_loss":0}],"is_beta":false,"boss_relics":[{"not_picked":["Empty Cage","Runic Pyramid"],"picked":"Cursed Key"}],"items_purged_floors":[3,13,19],"is_endless":false,"potions_floor_spawned":[7],"killed_by":"Book of Stabbing","ascension_level":2}}