{"host":"msa0wxqjs3jv1k3j","time":1610370533,"event":{"mods":["AchievementEnabler","BaseMod","BetterRewards","Colored Map","Highlight Path","KOR Keyword Fix","Keyboard Shortcuts","Minty Spire (QoL Compilation)","Quick Restart","SuperFastMode","everything is the same but u backflip on backflip"],"gold_per_floor":[115,115,45,63,80,31,31,51,51,1,1,1,12,24,24,128,128,145,85,18,33,33,33,59,59,135,154,154,165,178,178,178,178,178],"floor_reached":33,"playtime":1072,"items_purged":["Strike_P"],"score":307,"play_id":"dfffdf4b-e60f-44a0-b1bd-f0abb8fbbb97","local_time":"20210111220853","is_ascension_mode":false,"campfire_choices":[{"data":"DevaForm","floor":11.0,"key":"SMITH"},{"data":"BattleHymn","floor":15.0,"key":"SMITH"},{"data":"Devotion","floor":23.0,"key":"SMITH"},{"floor":25.0,"key":"REST"},{"floor":28.0,"key":"REST"},{"floor":32,"key":"REST"}],"circlet_count":0,"master_deck":["Strike_P","Strike_P","Defend_P","Defend_P","Eruption","Vigilance","Prostrate","DevaForm+1","Crescendo","FlurryOfBlows","FearNoEvil","FlurryOfBlows","Adaptation","Prostrate","BattleHymn+1","Crescendo+1","Devotion+1","Indignation+1","Ragnarok","BowlingBash","Pray+1","Halt+1","FlurryOfBlows","LikeWater","Judgement+1","Establishment"],"relics":["PureWater","TungstenRod","Mercury Hourglass","Nunchaku","Toxic Egg 2","Black Star","Tiny Chest","Incense Burner","Bottled Flame"],"acts_visited":["Exordium","TheCity"],"potions_floor_usage":[33,33,33],"damage_taken":[{"damage":4.0,"enemies":"2 Louse","floor":1.0,"turns":2.0},{"damage":0.0,"enemies":"Cultist","floor":4.0,"turns":2.0},{"damage":0.0,"enemies":"Jaw Worm","floor":5.0,"turns":2.0},{"damage":11.0,"enemies":"Red Slaver","floor":8.0,"turns":4.0},{"damage":7.0,"enemies":"3 Louse","floor":13.0,"turns":2.0},{"damage":0.0,"enemies":"Exordium Thugs","floor":14.0,"turns":2.0},{"damage":0.0,"enemies":"Slime Boss","floor":16.0,"turns":5.0},{"damage":2.0,"enemies":"3 Byrds","floor":18.0,"turns":3.0},{"damage":11.0,"enemies":"Shell Parasite","floor":21.0,"turns":3.0},{"damage":40.0,"enemies":"Book of Stabbing","floor":24.0,"turns":4.0},{"damage":13.0,"enemies":"Cultist and Chosen","floor":27.0,"turns":3.0},{"damage":20.0,"enemies":"Centurion and Healer","floor":29.0,"turns":5.0},{"damage":0,"enemies":"Snake Plant","floor":30,"turns":2},{"damage":49,"enemies":"Automaton","floor":33,"turns":6}],"seed_played":"-5776101479961177554","potions_obtained":[{"floor":4.0,"key":"DistilledChaos"},{"floor":8.0,"key":"GamblersBrew"},{"floor":14.0,"key":"SpeedPotion"},{"floor":21.0,"key":"SpeedPotion"},{"floor":27.0,"key":"GamblersBrew"},{"floor":30,"key":"AttackPotion"}],"is_trial":false,"path_per_floor":["M","?","$","M","M","$","?","M","T","?","R","$","M","M","R","B",null,"M","?","$","M","$","R","E","R","T","M","R","M","M","?","R","B"],"character_chosen":"WATCHER","items_purchased":["Mercury Hourglass","Nunchaku","Prostrate","DevaForm","Crescendo","FearNoEvil","Prostrate","Pray+1"],"campfire_rested":3,"item_purchase_floors":[0,0,0,0,0,3,6,20],"current_hp_per_floor":[68,68,68,68,68,68,68,57,57,57,57,57,50,50,50,50,72,70,70,70,59,59,59,19,40,40,27,48,28,28,28,49,0,0],"gold":178,"neow_bonus":"","is_daily":false,"chose_seed":false,"campfire_upgraded":3,"win_rate":0.0,"timestamp":1610370533,"path_taken":["M","?","?","M","M","$","?","?","T","?","R","?","M","M","R","BOSS","M","?","$","M","$","R","E","R","T","M","R","M","?","?","R","BOSS"],"items_purchased_type":["Relic","Relic","Card","Card","Card","Card","Card","Card"],"build_version":"2020-12-22","purchased_purges":1,"victory":false,"max_hp_per_floor":[72,72,72,72,72,72,72,72,72,72,72,72,72,72,72,72,72,72,72,72,72,72,72,72,72,72,72,72,72,72,72,72,72,72],"card_choices":[{"not_picked":["Tantrum","Halt"],"picked":"FlurryOfBlows","floor":1.0},{"not_picked":["CrushJoints","Perseverance"],"picked":"FlurryOfBlows","floor":4.0},{"not_picked":["Vengeance","BowlingBash"],"picked":"Adaptation","floor":5.0},{"not_picked":["Perseverance","Indignation"],"picked":"BattleHymn","floor":8.0},{"not_picked":["BowlingBash","Vengeance+1","Protect+1"],"picked":"SKIP","floor":13.0},{"not_picked":["BowlingBash","CutThroughFate"],"picked":"Crescendo+1","floor":14.0},{"not_picked":["Vault+1","Blasphemy+1"],"picked":"Devotion","floor":16.0},{"not_picked":["InnerPeace+1","Conclude"],"picked":"Indignation+1","floor":18.0},{"not_picked":["Indignation+1","ForeignInfluence+1"],"picked":"Halt+1","floor":21.0},{"not_picked":["Wallop","Indignation+1"],"picked":"FlurryOfBlows","floor":24.0},{"not_picked":["BowlingBash+1","CrushJoints"],"picked":"LikeWater","floor":27.0},{"not_picked":["Prostrate+1","Consecrate"],"picked":"Judgement+1","floor":29.0},{"not_picked":["Evaluate+1","EmptyFist","Halt+1"],"picked":"SKIP","floor":30}],"player_experience":81905,"relics_obtained":[{"floor":9.0,"key":"Toxic Egg 2"},{"floor":24.0,"key":"Tiny Chest"},{"floor":24.0,"key":"Incense Burner"},{"floor":26.0,"key":"Bottled Flame"}],"event_choices":[{"damage_healed":0.0,"max_hp_gain":0.0,"max_hp_loss":0.0,"gold_gain":0.0,"event_name":"The Woman in Blue","player_choice":"Bought 0 Potions","floor":2.0,"gold_loss":0.0,"damage_taken":0.0},{"cards_removed":["Defend_P"],"damage_healed":0.0,"max_hp_gain":0.0,"max_hp_loss":0.0,"gold_gain":0.0,"event_name":"NoteForYourself","player_choice":"Took Card","floor":7.0,"gold_loss":0.0,"damage_taken":0.0,"cards_obtained":["Defend_B"]},{"cards_removed":["Defend_B"],"damage_healed":0.0,"max_hp_gain":0.0,"max_hp_loss":0.0,"gold_gain":0.0,"event_name":"The Cleric","player_choice":"Card Removal","floor":10.0,"gold_loss":50.0,"damage_taken":0.0},{"damage_healed":0.0,"max_hp_gain":0.0,"max_hp_loss":0.0,"gold_gain":0.0,"cards_transformed":["Strike_P","Defend_P"],"event_name":"Designer","player_choice":"Transformed Cards","floor":19.0,"gold_loss":60.0,"damage_taken":0.0,"cards_obtained":["Ragnarok","BowlingBash"]},{"damage_healed":0,"gold_gain":0,"player_choice":"1 cards matched","damage_taken":0,"max_hp_gain":0,"max_hp_loss":0,"event_name":"Match and Keep!","floor":31,"gold_loss":0,"cards_obtained":["Establishment"]}],"is_beta":false,"boss_relics":[{"not_picked":["Fusion Hammer","Astrolabe"],"picked":"Black Star"}],"items_purged_floors":[0],"is_endless":false,"potions_floor_spawned":[4,8,14,21,27,30],"killed_by":"Automaton","ascension_level":0}}