{"host":"uv231blk40vjdojr","time":1610387754,"event":{"mods":["AchievementEnabler","BaseMod","Bestiary","Minty Spire (QoL Compilation)","Relic Stats"],"gold_per_floor":[109,120,45,59,71,100,112,85,85,99,126,126,141,170,170,265,265,281,36,55,75,49,49,76,89,114,114,114,132,152,183,183,280,280,291,291,166,166,11,11,30,30,53,68,88,18,29,44,44,44],"floor_reached":51,"playtime":3266,"items_purged":["Strike_R","Strike_R","Defend_R"],"score":740,"play_id":"32eb2681-2241-4c40-9dc2-ca877e8f5b42","local_time":"20210111185554","is_ascension_mode":false,"campfire_choices":[{"data":"Metallicize","floor":12.0,"key":"SMITH"},{"data":"Bludgeon","floor":15.0,"key":"SMITH"},{"data":"Armaments","floor":23.0,"key":"SMITH"},{"data":"Bash","floor":28.0,"key":"SMITH"},{"floor":32.0,"key":"REST"},{"data":"Ghostly Armor","floor":40.0,"key":"SMITH"},{"data":"Feed","floor":42.0,"key":"SMITH"},{"data":"Spot Weakness","floor":49.0,"key":"SMITH"}],"circlet_count":0,"master_deck":["Defend_R","Defend_R","Bash+1","Reaper","Ghostly Armor+1","Dropkick","Metallicize+1","Headbutt","Feed","Dropkick","Bludgeon+1","Offering","Armaments+1","Flame Barrier+1","True Grit+1","Pummel","True Grit+1","Shockwave+1","Feed+1","Brutality+1","Warcry+1","Havoc+1","Feel No Pain+1","Spot Weakness+1"],"relics":["Burning Blood","Darkstone Periapt","InkBottle","Potion Belt","White Beast Statue","Busted Crown","Medical Kit","Mercury Hourglass","Orichalcum","WingedGreaves","Astrolabe","Toolbox","Ancient Tea Set"],"acts_visited":["Exordium","TheCity","TheBeyond"],"potions_floor_usage":[50,50,50,50,50],"damage_taken":[{"damage":1.0,"enemies":"Cultist","floor":1.0,"turns":3.0},{"damage":8.0,"enemies":"Small Slimes","floor":2.0,"turns":4.0},{"damage":0.0,"enemies":"2 Louse","floor":4.0,"turns":3.0},{"damage":0.0,"enemies":"Looter","floor":5.0,"turns":4.0},{"damage":46.0,"enemies":"Lagavulin","floor":6.0,"turns":9.0},{"damage":19.0,"enemies":"Exordium Wildlife","floor":7.0,"turns":4.0},{"damage":5.0,"enemies":"Exordium Thugs","floor":8.0,"turns":5.0},{"damage":17.0,"enemies":"3 Louse","floor":10.0,"turns":5.0},{"damage":10.0,"enemies":"Gremlin Nob","floor":11.0,"turns":3.0},{"damage":19.0,"enemies":"Lots of Slimes","floor":13.0,"turns":5.0},{"damage":13.0,"enemies":"Lagavulin","floor":14.0,"turns":5.0},{"damage":25.0,"enemies":"Hexaghost","floor":16.0,"turns":12.0},{"damage":20.0,"enemies":"2 Thieves","floor":18.0,"turns":4.0},{"damage":6.0,"enemies":"3 Byrds","floor":20.0,"turns":7.0},{"damage":22.0,"enemies":"3 Cultists","floor":21.0,"turns":5.0},{"damage":46.0,"enemies":"Gremlin Leader","floor":24.0,"turns":7.0},{"damage":10.0,"enemies":"Centurion and Healer","floor":25.0,"turns":7.0},{"damage":23.0,"enemies":"Cultist and Chosen","floor":29.0,"turns":6.0},{"damage":10.0,"enemies":"Snake Plant","floor":30.0,"turns":4.0},{"damage":22.0,"enemies":"Slavers","floor":31.0,"turns":7.0},{"damage":64.0,"enemies":"Automaton","floor":33.0,"turns":14.0},{"damage":11.0,"enemies":"3 Shapes","floor":35.0,"turns":6.0},{"damage":16.0,"enemies":"3 Darklings","floor":41.0,"turns":4.0},{"damage":31.0,"enemies":"Jaw Worm Horde","floor":44.0,"turns":6.0},{"damage":12.0,"enemies":"4 Shapes","floor":45.0,"turns":7.0},{"damage":10.0,"enemies":"3 Darklings","floor":47.0,"turns":5.0},{"damage":28.0,"enemies":"Sphere and 2 Shapes","floor":48.0,"turns":7.0},{"damage":71,"enemies":"Donu and Deca","floor":50,"turns":14}],"seed_played":"-844762858498871286","potions_obtained":[{"floor":2.0,"key":"ColorlessPotion"},{"floor":4.0,"key":"Dexterity Potion"},{"floor":5.0,"key":"SpeedPotion"},{"floor":7.0,"key":"Fire Potion"},{"floor":16.0,"key":"ColorlessPotion"},{"floor":18.0,"key":"BloodPotion"},{"floor":20.0,"key":"EntropicBrew"},{"floor":21.0,"key":"LiquidBronze"},{"floor":24.0,"key":"Regen Potion"},{"floor":30.0,"key":"Explosive Potion"},{"floor":31.0,"key":"BlessingOfTheForge"},{"floor":35.0,"key":"Strength Potion"},{"floor":44.0,"key":"Strength Potion"},{"floor":47.0,"key":"Weak Potion"}],"is_trial":false,"path_per_floor":["M","M","$","M","M","E","M","M","T","M","E","R","M","E","R","B",null,"M","$","M","M","$","R","E","M","T","?","R","M","M","E","R","B",null,"M","?","$","?","$","R","M","R","T","M","M","$","M","M","R","B",null],"character_chosen":"IRONCLAD","items_purchased":["Medical Kit","Armaments","Toolbox","Spot Weakness"],"campfire_rested":1,"item_purchase_floors":[19,22,39,46],"current_hp_per_floor":[72,70,70,72,72,35,30,35,35,36,35,35,39,35,35,16,81,70,70,79,76,76,76,75,75,75,75,75,58,70,60,91,47,105,112,112,112,112,112,112,106,106,106,89,105,105,131,113,113,56],"gold":44,"neow_bonus":"THREE_RARE_CARDS","is_daily":false,"chose_seed":false,"campfire_upgraded":7,"win_rate":0.0,"timestamp":1610387754,"path_taken":["M","M","$","M","M","E","M","M","T","?","E","R","M","E","R","BOSS","M","$","M","M","$","R","E","M","T","?","R","?","M","E","R","BOSS","M","?","$","?","?","R","M","R","T","M","M","$","?","M","R","BOSS"],"items_purchased_type":["Relic","Card","Relic","Card"],"build_version":"2020-12-22","purchased_purges":3,"victory":true,"max_hp_per_floor":[72,72,72,72,72,72,72,72,72,72,75,75,78,81,81,81,81,84,84,87,90,90,90,94,98,98,98,98,98,102,105,105,105,105,112,112,112,112,112,112,116,116,116,123,131,131,131,135,135,143],"relic_stats":{"Darkstone Periapt":0,"Busted Crown":32,"counters":[28,172],"Astrolabe":["Brutality","Warcry","Havoc"],"Orichalcum":[36],"Medical Kit":[19],"obtain_stats":[{"Darkstone Periapt":6,"Potion Belt":11,"Astrolabe":34,"Orichalcum":26,"Medical Kit":19,"Ancient Tea Set":43,"Burning Blood":0,"White Beast Statue":14,"Mercury Hourglass":24,"Busted Crown":17,"Toolbox":39,"WingedGreaves":31,"InkBottle":9},{"Darkstone Periapt":5,"Potion Belt":9,"Astrolabe":21,"Orichalcum":17,"Medical Kit":13,"Ancient Tea Set":23,"Burning Blood":0,"White Beast Statue":11,"Mercury Hourglass":16,"Busted Crown":12,"Toolbox":22,"WingedGreaves":20,"InkBottle":7},{"Darkstone Periapt":23,"Potion Belt":40,"Astrolabe":123,"Orichalcum":92,"Medical Kit":66,"Ancient Tea Set":133,"Burning Blood":0,"White Beast Statue":50,"Mercury Hourglass":85,"Busted Crown":62,"Toolbox":129,"WingedGreaves":109,"InkBottle":32}],"Burning Blood":147,"InkBottle":[52],"Mercury Hourglass":[357]},"card_choices":[{"not_picked":["Barricade","Berserk"],"picked":"Reaper","floor":0.0},{"not_picked":["Iron Wave","Dual Wield"],"picked":"Ghostly Armor","floor":1.0},{"not_picked":["Twin Strike","Warcry"],"picked":"Dropkick","floor":2.0},{"not_picked":["Twin Strike","Iron Wave","Dark Embrace"],"picked":"SKIP","floor":4.0},{"not_picked":["Warcry","Combust"],"picked":"Metallicize","floor":5.0},{"not_picked":["Second Wind","Clash","Hemokinesis"],"picked":"SKIP","floor":6.0},{"not_picked":["Rupture","Wild Strike","Clothesline"],"picked":"SKIP","floor":7.0},{"not_picked":["True Grit","Flex"],"picked":"Headbutt","floor":8.0},{"not_picked":["Dropkick","Sword Boomerang"],"picked":"Feed","floor":10.0},{"not_picked":["Seeing Red","Clash"],"picked":"Dropkick","floor":11.0},{"not_picked":["Headbutt","Pommel Strike","Clothesline"],"picked":"SKIP","floor":13.0},{"not_picked":["Cleave","Body Slam"],"picked":"Bludgeon","floor":14.0},{"not_picked":["Exhume","Berserk"],"picked":"Offering","floor":16.0},{"not_picked":["Shrug It Off"],"picked":"SKIP","floor":18.0},{"not_picked":["Twin Strike"],"picked":"SKIP","floor":20.0},{"not_picked":["Pommel Strike"],"picked":"SKIP","floor":21.0},{"not_picked":[],"picked":"Flame Barrier+1","floor":24.0},{"not_picked":[],"picked":"True Grit+1","floor":25.0},{"not_picked":["Power Through"],"picked":"SKIP","floor":29.0},{"not_picked":[],"picked":"True Grit+1","floor":30.0},{"not_picked":[],"picked":"Shockwave+1","floor":31.0},{"not_picked":[],"picked":"Feed","floor":33.0},{"not_picked":["Warcry"],"picked":"SKIP","floor":35.0},{"not_picked":["Clothesline+1"],"picked":"SKIP","floor":41.0},{"not_picked":[],"picked":"Feel No Pain+1","floor":44.0},{"not_picked":["Headbutt+1"],"picked":"SKIP","floor":45.0},{"not_picked":["Power Through+1"],"picked":"SKIP","floor":47.0},{"not_picked":["Cleave"],"picked":"SKIP","floor":48.0}],"player_experience":659258,"relics_obtained":[{"floor":6.0,"key":"Darkstone Periapt"},{"floor":9.0,"key":"InkBottle"},{"floor":11.0,"key":"Potion Belt"},{"floor":14.0,"key":"White Beast Statue"},{"floor":24.0,"key":"Mercury Hourglass"},{"floor":26.0,"key":"Orichalcum"},{"floor":31.0,"key":"WingedGreaves"},{"floor":43.0,"key":"Ancient Tea Set"}],"event_choices":[{"damage_healed":0.0,"max_hp_gain":0.0,"max_hp_loss":0.0,"gold_gain":0.0,"cards_transformed":["Strike_R"],"event_name":"Transmorgrifier","player_choice":"Transformed","floor":27.0,"gold_loss":0.0,"damage_taken":0.0,"cards_obtained":["Pummel"]},{"damage_healed":0.0,"max_hp_gain":0.0,"max_hp_loss":0.0,"gold_gain":0.0,"event_name":"SensoryStone","player_choice":"Memory 1","floor":36.0,"gold_loss":0.0,"damage_taken":0.0},{"damage_healed":0.0,"max_hp_gain":0.0,"max_hp_loss":0.0,"gold_gain":0.0,"event_name":"Tomb of Lord Red Mask","player_choice":"Ignored","floor":38.0,"gold_loss":0.0,"damage_taken":0.0}],"is_beta":false,"boss_relics":[{"not_picked":["Velvet Choker","Runic Dome"],"picked":"Busted Crown"},{"not_picked":["Runic Pyramid","Mark of Pain"],"picked":"Astrolabe"}],"items_purged_floors":[3,19,37],"is_endless":false,"potions_floor_spawned":[2,4,5,7,16,18,20,21,24,25,29,30,31,33,35,41,44,45,47,48],"ascension_level":0}}