{"host":"chv1qanoipyt46jc","time":1610405239,"event":{"mods":["2.2 Compatiblity","AchievementEnabler","Bartender","BaseMod","BetterRewards","CapriCore","Card Filter","Evolution","Gold Saver","Grow up Mod","Minty Spire (QoL Compilation)","Rare Cards Sparkle","Relic Filter","Remove Card Discount Mod","Reorder Act Four","StSLib"],"gold_per_floor":[794,805,818,830,840,866,866,866,913,926,952,952,966,980,980,1075,1075,1095,1108,1108,1108,1121,1151,1161,1179,1260,1286,1304,1318,1314,1229,1229,1334,1334,1354,1354,1371,1381,1400,1426,1426,1420,1492,1492,1509,1522,1522,1556,1556,1556,1556,1556,1556,1589,1589],"floor_reached":56,"playtime":1262,"items_purged":["ThirdEye","ThirdEye","Vigilance","Eruption","ThirdEye","ThirdEye","BowlingBash","BowlingBash","Parasite","BowlingBash","BowlingBash"],"score":1667,"play_id":"436674e1-902c-461a-b1bf-148a5b8c7a7c","local_time":"20210111164719","is_ascension_mode":false,"campfire_choices":[{"data":"PathToVictory","floor":7,"key":"SMITH"},{"floor":15,"key":"RECALL"},{"data":"PathToVictory","floor":32,"key":"SMITH"},{"floor":41,"key":"DIG"},{"floor":44,"key":"DIG"},{"floor":49,"key":"DIG"},{"floor":53,"key":"DIG"}],"circlet_count":0,"master_deck":["PathToVictory+1","PathToVictory+1"],"relics":["PureWater","EVO:Axolotl","Membership Card","Unceasing Top","PreservedInsect","Medical Kit","Yang","Singing Bowl","SlaversCollar","Pear","White Beast Statue","Shovel","Mummified Hand","SacredBark","Pen Nib","Oddly Smooth Stone","Question Card","Protect_Vest","Akabeko","CaptainsWheel","White_Cape","Mercury Hourglass"],"acts_visited":["Exordium","TheCity","TheBeyond","TheEnding"],"potions_floor_usage":[55],"damage_taken":[{"damage":0,"enemies":"Small Slimes","floor":1,"turns":1},{"damage":11,"enemies":"Jaw Worm","floor":2,"turns":2},{"damage":0,"enemies":"Cultist","floor":3,"turns":2},{"damage":9,"enemies":"2 Fungi Beasts","floor":4,"turns":2},{"damage":0,"enemies":"Lots of Slimes","floor":5,"turns":2},{"damage":16,"enemies":"Gremlin Nob","floor":6,"turns":3},{"damage":0,"enemies":"Exordium Wildlife","floor":10,"turns":1},{"damage":0,"enemies":"3 Sentries","floor":11,"turns":2},{"damage":13,"enemies":"Red Slaver","floor":13,"turns":2},{"damage":10,"enemies":"Looter","floor":14,"turns":2},{"damage":37,"enemies":"The Guardian","floor":16,"turns":6},{"damage":10,"enemies":"Chosen","floor":18,"turns":3},{"damage":30,"enemies":"2 Thieves","floor":19,"turns":3},{"damage":28,"enemies":"Sentry and Sphere","floor":22,"turns":5},{"damage":8,"enemies":"Gremlin Leader","floor":23,"turns":2},{"damage":32,"enemies":"Centurion and Healer","floor":24,"turns":3},{"damage":8,"enemies":"Snecko","floor":25,"turns":3},{"damage":12,"enemies":"Book of Stabbing","floor":27,"turns":2},{"damage":15,"enemies":"Shelled Parasite and Fungi","floor":28,"turns":2},{"damage":25,"enemies":"Cultist and Chosen","floor":29,"turns":4},{"damage":14,"enemies":"Collector","floor":33,"turns":3},{"damage":15,"enemies":"Orb Walker","floor":35,"turns":2},{"damage":7,"enemies":"3 Shapes","floor":37,"turns":3},{"damage":21,"enemies":"Writhing Mass","floor":38,"turns":3},{"damage":32,"enemies":"Spire Growth","floor":39,"turns":3},{"damage":18,"enemies":"Reptomancer","floor":40,"turns":2},{"damage":0,"enemies":"Maw","floor":45,"turns":2},{"damage":4,"enemies":"Jaw Worm Horde","floor":46,"turns":2},{"damage":0,"enemies":"Nemesis","floor":48,"turns":1},{"damage":34,"enemies":"Awakened One","floor":50,"turns":4},{"damage":4,"enemies":"Shield and Spear","floor":54,"turns":2},{"damage":74,"enemies":"The Heart","floor":55,"turns":3}],"seed_played":"9008012625859797256","potions_obtained":[{"floor":5,"key":"EntropicBrew"},{"floor":6,"key":"Block Potion"},{"floor":11,"key":"Strength Potion"},{"floor":37,"key":"FairyPotion"},{"floor":54,"key":"Energy Potion"}],"is_trial":false,"path_per_floor":["M","M","M","M","M","E","R","$","T","M","E","$","M","M","R","B",null,"M","M","?","?","M","E","M","M","T","E","M","M","$","?","R","B",null,"M","?","M","M","M","E","R","$","T","R","M","M","$","E","R","B",null,"$","R","E","B",null],"character_chosen":"WATCHER","items_purchased":["Membership Card","Unceasing Top","PreservedInsect","PathToVictory","Medical Kit"],"campfire_rested":0,"item_purchase_floors":[0,0,0,0,0],"current_hp_per_floor":[52,51,61,62,72,66,76,86,96,106,118,128,127,129,139,114,268,268,250,192,202,186,200,180,184,194,194,191,178,188,198,208,206,471,468,478,483,474,454,448,458,468,478,488,500,508,518,530,540,516,654,664,674,682,618],"gold":1589,"neow_bonus":"","is_daily":false,"chose_seed":false,"campfire_upgraded":2,"win_rate":0.0,"timestamp":1610405239,"path_taken":["M","M","M","M","M","E","R","$","T","M","E","$","M","M","R","BOSS","M","M","?","?","M","E","M","M","T","E","M","M","$","?","R","BOSS","M","?","M","M","?","E","R","$","T","R","M","M","$","E","R","BOSS","$","R","E","BOSS"],"items_purchased_type":["Relic","Relic","Relic","Card","Relic"],"build_version":"2020-12-22","purchased_purges":11,"victory":true,"max_hp_per_floor":[100,110,120,130,140,150,160,170,180,190,202,212,224,236,246,258,268,278,290,305,315,327,349,361,373,383,395,407,419,429,439,449,461,471,483,493,505,517,529,541,551,558,568,578,590,602,612,624,634,644,654,664,674,686,696],"card_choices":[{"not_picked":["ThirdEye","JustLucky","Evaluate"],"picked":"SKIP","floor":1},{"not_picked":["FollowUp","JustLucky","Halt"],"picked":"SKIP","floor":2},{"not_picked":["FlyingSleeves","TalkToTheHand","Pray"],"picked":"SKIP","floor":3},{"not_picked":["TalkToTheHand","WaveOfTheHand","Pray"],"picked":"SKIP","floor":4},{"not_picked":["Vengeance","CrushJoints","BowlingBash"],"picked":"SKIP","floor":5},{"not_picked":["SashWhip","FlyingSleeves","EmptyMind"],"picked":"SKIP","floor":6},{"not_picked":["MentalFortress","Prostrate","Establishment"],"picked":"SKIP","floor":10},{"not_picked":["Adaptation","Prostrate","Evaluate"],"picked":"Singing Bowl","floor":11},{"not_picked":["ReachHeaven","Vengeance","Adaptation"],"picked":"Singing Bowl","floor":13},{"not_picked":["Indignation","DeceiveReality","EmptyBody"],"picked":"Singing Bowl","floor":14},{"not_picked":["Vault","MasterReality","Judgement"],"picked":"Singing Bowl","floor":16},{"not_picked":["Prostrate","Evaluate"],"picked":"PathToVictory","floor":18},{"not_picked":["Alpha","Protect","Fasting2+1"],"picked":"Singing Bowl","floor":19},{"not_picked":["SashWhip","ClearTheMind","EmptyMind"],"picked":"Singing Bowl","floor":22},{"not_picked":["Fasting2","InnerPeace","FlyingSleeves"],"picked":"Singing Bowl","floor":23},{"not_picked":["FollowUp","Prostrate+1","Crescendo"],"picked":"Singing Bowl","floor":24},{"not_picked":["SignatureMove","ClearTheMind","Halt"],"picked":"Singing Bowl","floor":25},{"not_picked":["EmptyMind+1","CutThroughFate+1","Omniscience"],"picked":"Singing Bowl","floor":27},{"not_picked":["CrushJoints","BattleHymn+1","ThirdEye"],"picked":"Singing Bowl","floor":28},{"not_picked":["Perseverance","Study","EmptyBody"],"picked":"Singing Bowl","floor":29},{"not_picked":["Wish","Scrawl","LessonLearned"],"picked":"Singing Bowl","floor":33},{"not_picked":["InnerPeace+1","JustLucky","FlurryOfBlows"],"picked":"Singing Bowl","floor":35},{"not_picked":["Consecrate+1","JustLucky","EmptyBody+1"],"picked":"Singing Bowl","floor":37},{"not_picked":["Consecrate","ThirdEye","FlurryOfBlows+1"],"picked":"Singing Bowl","floor":38},{"not_picked":["Swivel","Halt","Scrawl"],"picked":"Singing Bowl","floor":39},{"not_picked":["Indignation","Crescendo+1","Worship"],"picked":"Singing Bowl","floor":40},{"not_picked":["FlyingSleeves","Evaluate+1","Study+1","Protect+1"],"picked":"Singing Bowl","floor":45},{"not_picked":["Fasting2+1","JustLucky+1","FearNoEvil+1","SashWhip"],"picked":"Singing Bowl","floor":46},{"not_picked":["Judgement","Perseverance+1","Wallop","FlurryOfBlows"],"picked":"Singing Bowl","floor":48},{"not_picked":["BowlingBash+1","Consecrate+1","Halt","Pray+1"],"picked":"Singing Bowl","floor":54}],"player_experience":390205,"relics_obtained":[{"floor":6,"key":"Yang"},{"floor":11,"key":"Singing Bowl"},{"floor":23,"key":"Pear"},{"floor":26,"key":"White Beast Statue"},{"floor":27,"key":"Shovel"},{"floor":40,"key":"Pen Nib"},{"floor":41,"key":"Oddly Smooth Stone"},{"floor":43,"key":"Question Card"},{"floor":44,"key":"Protect_Vest"},{"floor":48,"key":"Akabeko"},{"floor":49,"key":"CaptainsWheel"},{"floor":53,"key":"White_Cape"},{"floor":54,"key":"Mercury Hourglass"}],"event_choices":[{"damage_healed":0,"gold_gain":0,"player_choice":"Shed Blood","damage_taken":73,"max_hp_gain":5,"max_hp_loss":0,"event_name":"Forgotten Altar","floor":20,"gold_loss":0},{"damage_healed":0,"gold_gain":0,"player_choice":"Ignored","damage_taken":0,"max_hp_gain":0,"max_hp_loss":0,"event_name":"Beggar","floor":21,"gold_loss":0},{"damage_healed":0,"gold_gain":0,"player_choice":"Obtained Relic","damage_taken":0,"relics_obtained":["Mummified Hand"],"max_hp_gain":0,"max_hp_loss":0,"event_name":"Addict","floor":31,"gold_loss":85},{"damage_healed":0,"gold_gain":0,"player_choice":"Ignored","damage_taken":0,"max_hp_gain":0,"max_hp_loss":0,"event_name":"Transmorgrifier","floor":36,"gold_loss":0}],"is_beta":false,"boss_relics":[{"not_picked":["Calling Bell","Busted Crown"],"picked":"SlaversCollar"},{"not_picked":["Astrolabe","Silver_Glasses"],"picked":"SacredBark"}],"items_purged_floors":[0,0,0,0,0,0,30,30,42,42,42],"is_endless":false,"potions_floor_spawned":[5,6,10,11,13,16,19,22,24,27,28,29,33,35,37,38,39,40,45,46,48,54],"ascension_level":0}}