{"host":"eu5wvbbtjeiar27l","time":1610392058,"event":{"mods":["BaseMod","Colored Powertips","Conspire","Hubris","Infinite Spire","Minty Spire (QoL Compilation)","Rare Cards Sparkle","StSLib","vexMod"],"gold_per_floor":[116,116,116,130,149,181,181,25,50,61,78,78,78,78],"floor_reached":13,"playtime":770,"items_purged":["Strike_B"],"score":94,"play_id":"c77c5031-df7b-42f0-8d9c-7f5114870223","local_time":"20210111190738","is_ascension_mode":true,"campfire_choices":[{"data":"Machine Learning","floor":7,"key":"SMITH"}],"circlet_count":0,"master_deck":["Strike_B","Defend_B","Defend_B","Defend_B","Defend_B","Zap","Dualcast","Thunder Strike","Barrage","Machine Learning+1","Barrage","Coolheaded","Barrage","Capacitor","Storm","Ball Lightning"],"relics":["Cracked Core","hubris:Towel","Juzu Bracelet","infinitespire:Beetle Shell"],"acts_visited":["Exordium"],"potions_floor_usage":[6,11,13],"damage_taken":[{"damage":3,"enemies":"Jaw Worm","floor":1,"turns":4},{"damage":6,"enemies":"conspire:RoseBush","floor":4,"turns":4},{"damage":6,"enemies":"Cultist","floor":5,"turns":4},{"damage":4,"enemies":"Gremlin Nob","floor":6,"turns":4},{"damage":14,"enemies":"Red Slaver","floor":10,"turns":3},{"damage":18,"enemies":"Exordium Thugs","floor":11,"turns":5},{"damage":24,"enemies":"Lagavulin","floor":13,"turns":6}],"seed_played":"6013715826037671303","potions_obtained":[{"floor":4,"key":"Block Potion"},{"floor":5,"key":"Weak Potion"},{"floor":6,"key":"SteroidPotion"}],"is_trial":false,"path_per_floor":["M","?","?","M","M","E","R","$","T","M","M","?","E"],"character_chosen":"DEFECT","items_purchased":["Capacitor"],"campfire_rested":0,"item_purchase_floors":[8],"current_hp_per_floor":[72,72,72,66,60,56,56,56,56,42,24,24,0,0],"gold":78,"neow_bonus":"TRANSFORM_CARD","is_daily":false,"chose_seed":false,"campfire_upgraded":1,"win_rate":0.0,"timestamp":1610392058,"path_taken":["M","?","?","M","?","E","R","?","T","M","M","?","E"],"items_purchased_type":["Card"],"build_version":"2020-12-22","purchased_purges":1,"victory":false,"max_hp_per_floor":[75,75,75,75,75,75,75,75,75,75,75,75,75,75],"card_choices":[{"not_picked":["Stack","Self Repair"],"picked":"Barrage","floor":1},{"not_picked":["Redo","Self Repair"],"picked":"Barrage","floor":4},{"not_picked":["Barrage","Gash"],"picked":"Coolheaded","floor":5},{"not_picked":["Go for the Eyes","Hello World"],"picked":"Barrage","floor":6},{"not_picked":["FTL","Coolheaded"],"picked":"Storm","floor":10},{"not_picked":["Compile Driver","hubris:PowerSurge"],"picked":"Ball Lightning","floor":11}],"player_experience":69151,"relics_obtained":[{"floor":6,"key":"Juzu Bracelet"},{"floor":9,"key":"infinitespire:Beetle Shell"}],"event_choices":[{"damage_healed":0,"gold_gain":0,"cards_transformed":["Strike_B"],"player_choice":"Transformed","damage_taken":0,"max_hp_gain":0,"max_hp_loss":0,"event_name":"Transmorgrifier","floor":3,"gold_loss":0,"cards_obtained":["Machine Learning"]},{"damage_healed":0,"gold_gain":0,"player_choice":"Searched \u00270\u0027 times","damage_taken":0,"max_hp_gain":0,"max_hp_loss":0,"event_name":"Dead Adventurer","floor":12,"gold_loss":0}],"is_beta":false,"boss_relics":[],"items_purged_floors":[8],"is_endless":false,"potions_floor_spawned":[4,5,6],"killed_by":"Lagavulin","ascension_level":2}}