{"host":"ldbx2jhnvtia1ouf","time":1610353332,"event":{"mods":["BaseMod","Better Note","Better Sensory Stone","Better Skull","Better Third Choice","Block Reminder","Colored Map","Colored Powertips","Curses Come First","Highlight Path","Minty Spire (QoL Compilation)","Permanent Neow","Spicy Shops","StSLib","Transform Curses","Unceasing Turn Reminder"],"gold_per_floor":[217,439,459,471,484,519,519,15,84,84,96,107,107,121,121,225,225,240,180,180,200,214,214,214,9,9,9,9,27,27,27,27,127,127,146,159,159,174,174,174,174,174],"floor_reached":41,"playtime":2883,"items_purged":["Strike_B","Strike_B","Strike_B"],"score":393,"play_id":"73cf1ab1-df1e-4b76-87a1-52c61b91aecb","local_time":"20210111182212","is_ascension_mode":false,"campfire_choices":[{"floor":7,"key":"REST"},{"data":"Fission","floor":13,"key":"SMITH"},{"data":"Self Repair","floor":15,"key":"SMITH"},{"data":"Metamorphosis","floor":23,"key":"SMITH"},{"floor":28,"key":"REST"},{"data":"Defend_B","floor":32,"key":"PURGE"},{"data":"Auto Shields","floor":40,"key":"PURGE"}],"circlet_count":0,"master_deck":["Defend_B","Defend_B","Dualcast","Conserve Battery","Conserve Battery","Ball Lightning","Ball Lightning","FTL","Metamorphosis+1","Self Repair+1","Tools of the Trade","Fission+1","Conserve Battery","Chaos","Amplify","Aggregate","Apotheosis+1","Tempest","Chill+1","Echo Form+1","Loop","Reinforced Body+1","BootSequence","Machine Learning","Defragment+1","Madness","Madness","Thunder Strike"],"relics":["Cracked Core","Torii","Bottled Tornado","PreservedInsect","Inserter","Peace Pipe","Coffee Dripper"],"acts_visited":["Exordium","TheCity","TheBeyond"],"potions_floor_usage":[16,18,22,33,41,41],"damage_taken":[{"damage":1,"enemies":"Jaw Worm","floor":1,"turns":3},{"damage":1,"enemies":"Cultist","floor":3,"turns":4},{"damage":2,"enemies":"Small Slimes","floor":4,"turns":4},{"damage":8,"enemies":"2 Fungi Beasts","floor":5,"turns":3},{"damage":19,"enemies":"Lagavulin","floor":6,"turns":5},{"damage":1,"enemies":"Blue Slaver","floor":11,"turns":3},{"damage":8,"enemies":"3 Louse","floor":12,"turns":3},{"damage":3,"enemies":"Lots of Slimes","floor":14,"turns":3},{"damage":1,"enemies":"Slime Boss","floor":16,"turns":8},{"damage":33,"enemies":"Shell Parasite","floor":18,"turns":5},{"damage":16,"enemies":"2 Thieves","floor":21,"turns":3},{"damage":12,"enemies":"Cultist and Chosen","floor":22,"turns":7},{"damage":2,"enemies":"Sentry and Sphere","floor":29,"turns":4},{"damage":30,"enemies":"Champ","floor":33,"turns":9},{"damage":1,"enemies":"Orb Walker","floor":35,"turns":4},{"damage":1,"enemies":"3 Darklings","floor":36,"turns":4},{"damage":50,"enemies":"Writhing Mass","floor":38,"turns":6},{"damage":29,"enemies":"Nemesis","floor":41,"turns":4}],"seed_played":"2499383913393804585","potions_obtained":[{"floor":1,"key":"SkillPotion"},{"floor":6,"key":"SkillPotion"},{"floor":16,"key":"SpeedPotion"},{"floor":18,"key":"PowerPotion"},{"floor":29,"key":"PotionOfCapacity"},{"floor":33,"key":"FocusPotion"},{"floor":38,"key":"PowerPotion"}],"is_trial":false,"path_per_floor":["M","?","M","M","M","E","R","$","T","?","M","M","R","M","R","B",null,"M","?","?","M","M","R","?","$","T","T","R","M","$","?","R","B",null,"M","M","?","M","?","R","E"],"character_chosen":"DEFECT","items_purchased":["Metamorphosis","Self Repair","Loop"],"campfire_rested":2,"item_purchase_floors":[8,8,25],"current_hp_per_floor":[74,58,57,55,47,28,50,50,50,45,51,50,50,54,54,53,75,52,52,52,46,44,44,29,29,29,29,51,59,59,59,59,29,75,75,75,66,26,26,26,0,0],"gold":174,"neow_bonus":"HUNDRED_GOLD","is_daily":false,"chose_seed":false,"campfire_upgraded":3,"win_rate":0.0,"timestamp":1610353332,"path_taken":["M","?","M","?","M","E","R","$","T","?","M","M","R","M","R","BOSS","M","?","?","M","?","R","?","$","T","?","R","M","?","?","R","BOSS","M","M","?","M","?","R","E"],"items_purchased_type":["Card","Card","Card"],"build_version":"2020-12-22","purchased_purges":3,"victory":false,"max_hp_per_floor":[75,75,75,75,75,75,75,75,75,75,75,75,75,75,75,75,75,75,75,75,75,75,75,75,75,75,75,75,75,75,75,75,75,75,75,75,75,75,75,75,75,75],"card_choices":[{"not_picked":["Sunder","Steam"],"picked":"Conserve Battery","floor":1},{"not_picked":["Sweeping Beam","Ball Lightning"],"picked":"Conserve Battery","floor":3},{"not_picked":["Coolheaded","Barrage"],"picked":"Ball Lightning","floor":4},{"not_picked":["Beam Cell","Gash"],"picked":"Ball Lightning","floor":5},{"not_picked":["Sunder","Hologram"],"picked":"FTL","floor":6},{"not_picked":["Go for the Eyes","Lockon"],"picked":"Fission","floor":11},{"not_picked":["Go for the Eyes","Fusion"],"picked":"Conserve Battery","floor":12},{"not_picked":["Steam","Leap"],"picked":"Chaos","floor":14},{"not_picked":["Meteor Strike","Biased Cognition"],"picked":"Amplify","floor":16},{"not_picked":["Turbo","Barrage"],"picked":"Aggregate","floor":18},{"not_picked":["Gash","Go for the Eyes"],"picked":"Tempest","floor":21},{"not_picked":["Stack","Go for the Eyes+1"],"picked":"Chill+1","floor":22},{"not_picked":["Go for the Eyes+1","Sweeping Beam"],"picked":"Reinforced Body+1","floor":29},{"not_picked":["Echo Form","Hyperbeam"],"picked":"Machine Learning","floor":33},{"not_picked":["Streamline+1","Hologram+1"],"picked":"Defragment+1","floor":35},{"not_picked":["Recycle","Go for the Eyes","Conserve Battery+1"],"picked":"SKIP","floor":36},{"not_picked":["Gash","Streamline+1"],"picked":"Thunder Strike","floor":38}],"player_experience":106573,"relics_obtained":[{"floor":6,"key":"Torii"},{"floor":9,"key":"Bottled Tornado"},{"floor":27,"key":"Peace Pipe"}],"event_choices":[{"damage_healed":0,"gold_gain":222,"player_choice":"GO GO ","damage_taken":18,"relics_obtained":[],"max_hp_gain":0,"max_hp_loss":0,"event_name":"betterSkull:BetterSkull","floor":2,"gold_loss":0,"cards_upgraded":[]},{"cards_removed":["Strike_B"],"damage_healed":0,"gold_gain":0,"player_choice":"Single Remove","damage_taken":0,"max_hp_gain":0,"max_hp_loss":0,"event_name":"Designer","floor":19,"gold_loss":60},{"cards_removed":["Metamorphosis"],"damage_healed":0,"gold_gain":0,"player_choice":"Take \u0026 Give","damage_taken":0,"max_hp_gain":0,"max_hp_loss":0,"event_name":"betterNote:BetterNote","floor":20,"gold_loss":0,"cards_obtained":["Apotheosis"]},{"damage_healed":0,"gold_gain":2,"player_choice":"2","damage_taken":0,"max_hp_gain":0,"max_hp_loss":15,"event_name":"betterStone:BetterStone","floor":24,"gold_loss":0},{"damage_healed":0,"gold_gain":0,"cards_transformed":["Zap","Defend_B"],"player_choice":"Became Test Subject","damage_taken":0,"max_hp_gain":0,"max_hp_loss":0,"event_name":"Drug Dealer","floor":31,"gold_loss":0,"cards_obtained":["Auto Shields","BootSequence"]},{"damage_healed":0,"gold_gain":0,"player_choice":"Embrace Madness","damage_taken":9,"max_hp_gain":0,"max_hp_loss":0,"event_name":"Winding Halls","floor":37,"gold_loss":0,"cards_obtained":["Madness","Madness"]},{"damage_healed":0,"gold_gain":0,"player_choice":"Forge","damage_taken":0,"max_hp_gain":0,"max_hp_loss":0,"event_name":"Accursed Blacksmith","floor":39,"gold_loss":0,"cards_upgraded":["Echo Form"]}],"is_beta":false,"boss_relics":[{"not_picked":["SacredBark","Cursed Key"],"picked":"Inserter"},{"not_picked":["Busted Crown","Philosopher\u0027s Stone"],"picked":"Coffee Dripper"}],"items_purged_floors":[8,8,25],"is_endless":false,"potions_floor_spawned":[1,6,16,18,29,33,38],"killed_by":"Nemesis","ascension_level":0}}