{"host":"fjaupvxe7fzqrf4j","time":1610353172,"event":{"mods":["ATMod(°¢èªMod)","BaseMod","Minty Spire (QoL Compilation)","StSLib"],"gold_per_floor":[114,114,129,129,156,184,219,253,253,288,300,339,21,46,46,122,122,160,160,160,178,178,210,235,270,294,326,404,434,464,191,191,262,262,278,295,22,22,22,50,50,183,183,317,450,593,605,744,744,1044,1244,1244,1244,1000,1238,1338],"floor_reached":57,"playtime":1561,"items_purged":["EmptyFist","Consecrate+1","FollowUp+1"],"score":4593,"play_id":"81fea21a-969b-4448-8ea7-6ae5bf6c3a51","local_time":"20210111161932","daily_mods":["SealedDeck","Heirloom","Time Dilation","Flight","Elite Swarm"],"is_ascension_mode":true,"campfire_choices":[{"data":"Ragnarok","floor":11.0,"key":"SMITH"},{"data":"Tantrum","floor":15.0,"key":"SMITH"},{"floor":32.0,"key":"RECALL"},{"floor":41.0,"key":"REST"},{"data":"1","floor":49.0,"key":"LIFT"},{"data":"2","floor":53.0,"key":"LIFT"}],"circlet_count":0,"master_deck":["AscendersBane","Halt+1","WheelKick+1","EmptyMind+1","ForeignInfluence+1","Tantrum+1","Crescendo+1","InnerPeace+1","DeusExMachina+1","Ragnarok+1","LessonLearned+1","Adaptation+1","Omniscience+1","DevaForm+1","FearNoEvil+1","Brilliance+1","Omniscience+1","Omniscience+1","Scrawl+1","Omniscience+1","SpiritShield"],"relics":["PureWater","AT_ATBox","Du-Vu Doll","Anchor","White Beast Statue","Regal Pillow","Potion Belt","Tiny Chest","MawBank","InkBottle","AT_BladeRuinedKing","Dream Catcher","Philosopher\u0027s Stone","HornCleat","CaptainsWheel","CloakClasp","Bag of Marbles","StoneCalendar","Molten Egg 2","Oddly Smooth Stone","AT_EbonyIvory","TheAbacus","Fusion Hammer","Bottled Lightning","AT_TheCollector","AT_BellDemon","AT_DeathDance","Mummified Hand","Smiling Mask","Ginger","CeramicFish","Girya","Turnip","Bottled Flame","Question Card","Bird Faced Urn","Torii"],"acts_visited":["Exordium","TheCity","TheBeyond","TheEnding"],"potions_floor_usage":[56,56,56],"damage_taken":[{"damage":0.0,"enemies":"Jaw Worm","floor":1.0,"turns":1.0},{"damage":0.0,"enemies":"Cultist","floor":3.0,"turns":2.0},{"damage":0.0,"enemies":"3 Sentries","floor":6.0,"turns":2.0},{"damage":0.0,"enemies":"Lagavulin","floor":7.0,"turns":2.0},{"damage":0.0,"enemies":"Gremlin Nob","floor":8.0,"turns":2.0},{"damage":0.0,"enemies":"Lagavulin","floor":10.0,"turns":2.0},{"damage":0.0,"enemies":"3 Sentries","floor":12.0,"turns":2.0},{"damage":0.0,"enemies":"Gremlin Nob","floor":14.0,"turns":2.0},{"damage":0.0,"enemies":"The Guardian","floor":16.0,"turns":2.0},{"damage":0.0,"enemies":"2 Thieves","floor":18.0,"turns":1.0},{"damage":0.0,"enemies":"Chosen","floor":21.0,"turns":2.0},{"damage":3.0,"enemies":"Book of Stabbing","floor":23.0,"turns":2.0},{"damage":4.0,"enemies":"Slavers","floor":24.0,"turns":2.0},{"damage":0.0,"enemies":"Gremlin Leader","floor":25.0,"turns":1.0},{"damage":0.0,"enemies":"Slavers","floor":27.0,"turns":2.0},{"damage":0.0,"enemies":"Book of Stabbing","floor":29.0,"turns":1.0},{"damage":0.0,"enemies":"Gremlin Leader","floor":30.0,"turns":1.0},{"damage":0.0,"enemies":"Collector","floor":33.0,"turns":2.0},{"damage":0.0,"enemies":"Orb Walker","floor":35.0,"turns":2.0},{"damage":0.0,"enemies":"3 Shapes","floor":36.0,"turns":2.0},{"damage":0.0,"enemies":"Nemesis","floor":40.0,"turns":1.0},{"damage":0.0,"enemies":"Reptomancer","floor":42.0,"turns":2.0},{"damage":0.0,"enemies":"Nemesis","floor":44.0,"turns":1.0},{"damage":0.0,"enemies":"Reptomancer","floor":45.0,"turns":2.0},{"damage":0.0,"enemies":"Nemesis","floor":46.0,"turns":1.0},{"damage":0.0,"enemies":"Sphere and 2 Shapes","floor":47.0,"turns":1.0},{"damage":0.0,"enemies":"Giant Head","floor":48.0,"turns":1.0},{"damage":0.0,"enemies":"Awakened One","floor":50.0,"turns":2.0},{"damage":0.0,"enemies":"Donu and Deca","floor":51.0,"turns":1.0},{"damage":0.0,"enemies":"Shield and Spear","floor":55.0,"turns":1.0},{"damage":33,"enemies":"The Heart","floor":56,"turns":4}],"seed_played":"8364992177396283033","potions_obtained":[{"floor":6.0,"key":"BlessingOfTheForge"},{"floor":7.0,"key":"Strength Potion"},{"floor":8.0,"key":"Block Potion"},{"floor":10.0,"key":"Explosive Potion"},{"floor":12.0,"key":"DistilledChaos"},{"floor":21.0,"key":"PowerPotion"},{"floor":33.0,"key":"Swift Potion"}],"is_trial":true,"path_per_floor":["M","?","M","?","T","E","E","E","T","E","R","E","$","E","R","B",null,"M","?","$","M","?","E","E","E","T","E","T","E","E","$","R","B",null,"M","M","$","?","?","E","R","E","T","E","E","E","M","E","R","B","B",null,"R","$","E","B",null],"character_chosen":"WATCHER","items_purchased":["Adaptation","AT_BladeRuinedKing","TheAbacus","Bottled Lightning","Fruit Juice","GamblersBrew"],"campfire_rested":1,"item_purchase_floors":[13,13,31,37,54,54],"current_hp_per_floor":[61,61,61,41,41,41,41,41,41,41,41,41,41,41,41,41,61,61,78,78,78,78,75,71,71,71,71,71,71,71,71,71,71,76,76,76,76,76,76,76,78,78,78,78,78,78,78,78,78,78,78,78,78,83,83,52],"gold":1338,"neow_bonus":"","is_daily":false,"chose_seed":false,"campfire_upgraded":2,"win_rate":0.0,"timestamp":1610353172,"path_taken":["M","?","?","?","?","E","E","E","T","E","R","E","$","E","R","BOSS","M","?","$","?","?","E","E","E","T","E","?","E","E","$","R","BOSS","M","M","$","?","?","E","R","E","T","E","E","E","M","E","R","BOSS","BOSS","R","$","E","BOSS"],"items_purchased_type":["Card","Relic","Relic","Relic","Potion","Potion"],"build_version":"2020-12-22","purchased_purges":3,"victory":true,"max_hp_per_floor":[68,68,68,68,68,68,68,68,68,68,68,68,68,68,68,68,68,68,78,78,78,78,78,78,78,78,78,78,78,78,78,78,78,78,78,78,78,78,78,78,78,78,78,78,78,78,78,78,78,78,78,78,78,83,83,83],"card_choices":[{"not_picked":["Swivel","Consecrate","Nirvana"],"picked":"SKIP","floor":1.0},{"not_picked":["MentalFortress","Evaluate","SashWhip"],"picked":"SKIP","floor":3.0},{"not_picked":["Devotion","Vault"],"picked":"DeusExMachina","floor":6.0},{"not_picked":["DevaForm","SpiritShield"],"picked":"Ragnarok","floor":7.0},{"not_picked":["Ragnarok","SpiritShield"],"picked":"LessonLearned","floor":8.0},{"not_picked":["SpiritShield","Establishment"],"picked":"Vault","floor":10.0},{"not_picked":["ConjureBlade","LessonLearned","Devotion"],"picked":"SKIP","floor":12.0},{"not_picked":["AT_MachinaRedman","LessonLearned","Vault"],"picked":"SKIP","floor":14.0},{"not_picked":["Consecrate+1","FlurryOfBlows","ThirdEye+1"],"picked":"SKIP","floor":18.0},{"not_picked":["EmptyBody","Crescendo+1","JustLucky"],"picked":"SKIP","floor":21.0},{"not_picked":["DevaForm","LessonLearned","MasterReality"],"picked":"SKIP","floor":23.0},{"not_picked":["Alpha","LessonLearned","DeusExMachina"],"picked":"SKIP","floor":24.0},{"not_picked":["Blasphemy","Devotion"],"picked":"Scrawl","floor":25.0},{"not_picked":["MasterReality","ConjureBlade","AT_IrregularMenstruation"],"picked":"SKIP","floor":27.0},{"not_picked":["Brilliance+1","Vault"],"picked":"Omniscience","floor":29.0},{"not_picked":["Wish","LessonLearned+1","DeusExMachina"],"picked":"SKIP","floor":30.0},{"not_picked":["SpiritShield","ConjureBlade"],"picked":"DevaForm","floor":33.0},{"not_picked":["SashWhip+1","BattleHymn","ReachHeaven+1"],"picked":"SKIP","floor":35.0},{"not_picked":["FlurryOfBlows+1","Halt"],"picked":"FearNoEvil+1","floor":36.0},{"not_picked":["AT_ChampionKick+1","ConjureBlade"],"picked":"Brilliance+1","floor":40.0},{"not_picked":["DeusExMachina","Vault","DevaForm"],"picked":"SKIP","floor":42.0},{"not_picked":["ConjureBlade","MasterReality"],"picked":"Omniscience","floor":44.0},{"not_picked":["Ragnarok+1","AT_IrregularMenstruation"],"picked":"Omniscience","floor":45.0},{"not_picked":["Wish","Judgement"],"picked":"Scrawl","floor":46.0},{"not_picked":["FlurryOfBlows+1","SashWhip+1","CutThroughFate+1"],"picked":"SKIP","floor":47.0},{"not_picked":["AT_IrregularMenstruation","AT_MachinaRedman"],"picked":"Omniscience","floor":48.0},{"not_picked":["Ragnarok+1","Brilliance+1","Alpha"],"picked":"SpiritShield","floor":55.0}],"player_experience":395814,"relics_obtained":[{"floor":5.0,"key":"Anchor"},{"floor":6.0,"key":"White Beast Statue"},{"floor":7.0,"key":"Regal Pillow"},{"floor":8.0,"key":"Potion Belt"},{"floor":9.0,"key":"Tiny Chest"},{"floor":10.0,"key":"MawBank"},{"floor":12.0,"key":"InkBottle"},{"floor":14.0,"key":"Dream Catcher"},{"floor":23.0,"key":"HornCleat"},{"floor":24.0,"key":"CaptainsWheel"},{"floor":25.0,"key":"CloakClasp"},{"floor":26.0,"key":"Bag of Marbles"},{"floor":27.0,"key":"StoneCalendar"},{"floor":28.0,"key":"Molten Egg 2"},{"floor":29.0,"key":"Oddly Smooth Stone"},{"floor":30.0,"key":"AT_EbonyIvory"},{"floor":40.0,"key":"AT_TheCollector"},{"floor":42.0,"key":"AT_BellDemon"},{"floor":44.0,"key":"AT_DeathDance"},{"floor":44.0,"key":"Mummified Hand"},{"floor":45.0,"key":"Smiling Mask"},{"floor":45.0,"key":"Ginger"},{"floor":46.0,"key":"CeramicFish"},{"floor":46.0,"key":"Girya"},{"floor":47.0,"key":"Turnip"},{"floor":48.0,"key":"Bottled Flame"},{"floor":48.0,"key":"Question Card"},{"floor":55.0,"key":"Bird Faced Urn"},{"floor":55.0,"key":"Torii"}],"event_choices":[{"damage_healed":0.0,"max_hp_gain":0.0,"max_hp_loss":0.0,"gold_gain":0.0,"event_name":"Upgrade Shrine","player_choice":"Upgraded","floor":2.0,"gold_loss":0.0,"damage_taken":0.0,"cards_upgraded":["ForeignInfluence"]},{"damage_healed":0.0,"max_hp_gain":0.0,"max_hp_loss":0.0,"gold_gain":0.0,"event_name":"Shining Light","player_choice":"Entered Light","floor":4.0,"gold_loss":0.0,"damage_taken":20.0,"cards_upgraded":["WheelKick","Crescendo"]},{"cards_removed":["Vault"],"damage_healed":7.0,"max_hp_gain":10.0,"max_hp_loss":0.0,"gold_gain":0.0,"event_name":"Bonfire Elementals","player_choice":"Offered Rare","floor":19.0,"gold_loss":0.0,"damage_taken":0.0},{"damage_healed":0.0,"max_hp_gain":0.0,"max_hp_loss":0.0,"gold_gain":0.0,"event_name":"Lab","player_choice":"Got Potions","floor":22.0,"gold_loss":0.0,"damage_taken":0.0},{"damage_healed":0.0,"max_hp_gain":0.0,"max_hp_loss":0.0,"gold_gain":0.0,"event_name":"SensoryStone","player_choice":"Memory 1","floor":38.0,"gold_loss":0.0,"damage_taken":0.0},{"cards_removed":["Scrawl"],"damage_healed":0.0,"max_hp_gain":0.0,"max_hp_loss":0.0,"gold_gain":0.0,"event_name":"Falling","player_choice":"Removed Skill","floor":39.0,"gold_loss":0.0,"damage_taken":0.0}],"is_beta":false,"boss_relics":[{"not_picked":["Snecko Eye","Ectoplasm"],"picked":"Philosopher\u0027s Stone"},{"not_picked":["Velvet Choker","Calling Bell"],"picked":"Fusion Hammer"}],"items_purged_floors":[13,31,54],"is_endless":false,"potions_floor_spawned":[6,7,8,10,12,14,16,18,21,23,24,25,27,29,30,33,35,36,40,42,44,45,46,47,48,55],"ascension_level":20}}