{"host":"q206iib20se9i6w7","time":1610344900,"event":{"mods":["AchievementEnabler","BaseMod","Bestiary","Block Reminder","Colored Map","Colored Powertips","Curses Come First","Highlight Path","Key Reminder","Minty Spire (QoL Compilation)","Quick Restart","Random Character Button","Relic Stats","StSLib","SuperFastMode","Unceasing Turn Reminder"],"gold_per_floor":[115,133,146,160,160,195,195,225,225,259,269,269,269,269,269,364,364,382,382,396,414,414,439,439,451,451,551,562,580,608,626,626,731,731,747,388,408,424,435,465,465,500,500,500,500,500,500,7,7,7],"floor_reached":51,"playtime":2550,"items_purged":["Strike_P","Strike_P+1"],"score":1134,"play_id":"f2437272-96a0-45b8-bee9-179c11553750","local_time":"20210111000140","is_ascension_mode":true,"campfire_choices":[{"floor":7.0,"key":"REST"},{"floor":12.0,"key":"REST"},{"floor":15.0,"key":"RECALL"},{"floor":24,"key":"REST"},{"floor":32,"key":"REST"},{"floor":41,"key":"REST"},{"floor":44,"key":"REST"},{"floor":49,"key":"REST"}],"circlet_count":0,"master_deck":["Strike_P+1","Defend_P+1","Defend_P+1","Defend_P+1","Defend_P+1","Eruption+1","Vigilance+1","Halt+1","EmptyFist+1","Vault+1","Tantrum+1","Consecrate+1","Vengeance+1","Scrawl+1","Conclude+1","BowlingBash+1","Ragnarok+1","Wireheading+1","EmptyFist+1","SashWhip+1","FollowUp+1","FearNoEvil+1","LessonLearned+1","ReachHeaven+1","InnerPeace+1","ClearTheMind+1","CutThroughFate+1","Ragnarok+1","Enlightenment+1","FollowUp+1"],"relics":["Fusion Hammer","Anchor","Tiny Chest","Orichalcum","Bottled Lightning","keyreminder:keyreminder","Runic Pyramid","Dream Catcher","Boot","Ancient Tea Set","TungstenRod","HornCleat","Cursed Key","ClockworkSouvenir","War Paint","Happy Flower","Mark of the Bloom","CaptainsWheel"],"acts_visited":["Exordium","TheCity","TheBeyond"],"potions_floor_usage":[25,27,30,33,33,38,40,42],"damage_taken":[{"damage":0.0,"enemies":"Cultist","floor":1.0,"turns":2.0},{"damage":4.0,"enemies":"Jaw Worm","floor":2.0,"turns":4.0},{"damage":1.0,"enemies":"Small Slimes","floor":3.0,"turns":5.0},{"damage":2.0,"enemies":"3 Louse","floor":4.0,"turns":3.0},{"damage":12.0,"enemies":"Lagavulin","floor":6.0,"turns":5.0},{"damage":0.0,"enemies":"Gremlin Nob","floor":8.0,"turns":2.0},{"damage":3.0,"enemies":"Lagavulin","floor":10.0,"turns":4.0},{"damage":0.0,"enemies":"Looter","floor":11.0,"turns":2.0},{"damage":0,"enemies":"Slime Boss","floor":16,"turns":8},{"damage":0,"enemies":"Spheric Guardian","floor":18,"turns":3},{"damage":0,"enemies":"Chosen","floor":20,"turns":3},{"damage":0,"enemies":"3 Cultists","floor":21,"turns":3},{"damage":0,"enemies":"Gremlin Leader","floor":23,"turns":4},{"damage":6,"enemies":"Snake Plant","floor":25,"turns":3},{"damage":0,"enemies":"Colosseum Slavers","floor":27,"turns":2},{"damage":0,"enemies":"Colosseum Nobs","floor":27,"turns":2},{"damage":0,"enemies":"Cultist and Chosen","floor":28,"turns":3},{"damage":0,"enemies":"3 Cultists","floor":29,"turns":3},{"damage":0,"enemies":"Book of Stabbing","floor":30,"turns":3},{"damage":1,"enemies":"Chosen and Byrds","floor":31,"turns":3},{"damage":24,"enemies":"Champ","floor":33,"turns":9},{"damage":1,"enemies":"3 Shapes","floor":35,"turns":2},{"damage":0,"enemies":"Orb Walker","floor":37,"turns":2},{"damage":0,"enemies":"Spire Growth","floor":38,"turns":4},{"damage":0,"enemies":"3 Darklings","floor":39,"turns":3},{"damage":0,"enemies":"Nemesis","floor":40,"turns":4},{"damage":12,"enemies":"Reptomancer","floor":42,"turns":4},{"damage":9,"enemies":"Time Eater","floor":50,"turns":5}],"seed_played":"-2202315170588445388","potions_obtained":[{"floor":2.0,"key":"DistilledChaos"},{"floor":3.0,"key":"Strength Potion"},{"floor":4.0,"key":"FearPotion"},{"floor":11.0,"key":"Strength Potion"},{"floor":27,"key":"ColorlessPotion"},{"floor":29,"key":"Swift Potion"},{"floor":30,"key":"EssenceOfSteel"},{"floor":33,"key":"EssenceOfSteel"},{"floor":35,"key":"SkillPotion"},{"floor":37,"key":"LiquidMemories"}],"is_trial":false,"path_per_floor":["M","M","M","M","?","E","R","E","T","E","M","R","?","?","R","B",null,"M","?","M","M","T","E","R","M","T","?","M","M","E","M","R","B",null,"M","$","M","M","M","E","R","E","T","R","?","?","T","$","R","B",null],"character_chosen":"WATCHER","items_purchased":["ReachHeaven","ClockworkSouvenir","InnerPeace","Enlightenment","CaptainsWheel"],"campfire_rested":7,"item_purchase_floors":[36,36,36,48,48],"current_hp_per_floor":[72,68,67,65,51,39,60,60,60,57,57,72,72,65,65,65,70,70,70,70,70,70,70,72,66,66,66,66,66,66,65,72,48,66,65,65,65,65,65,65,72,60,60,72,72,72,72,72,72,63],"gold":7,"neow_bonus":"BOSS_RELIC","is_daily":false,"chose_seed":false,"campfire_upgraded":0,"win_rate":0.0,"timestamp":1610344900,"path_taken":["M","?","?","M","?","E","R","E","T","E","M","R","?","?","R","BOSS","M","?","M","M","?","E","R","M","T","?","M","M","E","M","R","BOSS","M","$","M","M","M","E","R","E","T","R","?","?","?","$","R","BOSS"],"items_purchased_type":["Card","Relic","Card","Card","Relic"],"build_version":"2020-12-22","purchased_purges":2,"victory":true,"max_hp_per_floor":[72,72,72,72,72,72,72,72,72,72,72,72,72,72,72,72,72,72,72,72,72,72,72,72,72,72,72,72,72,72,72,72,72,72,72,72,72,72,72,72,72,72,72,72,72,72,72,72,72,72],"relic_stats":{"Dream Catcher":5,"Mark of the Bloom":21,"Happy Flower":[1],"counters":[28,100],"Tiny Chest":2,"Orichalcum":[72],"War Paint":["Halt","InnerPeace"],"Boot":[55],"Cursed Key":0,"obtain_stats":[{"Mark of the Bloom":46,"Happy Flower":42,"Orichalcum":9,"War Paint":40,"Boot":22,"Ancient Tea Set":23,"Cursed Key":34,"ClockworkSouvenir":36,"keyreminder:keyreminder":15,"Anchor":6,"Dream Catcher":19,"CaptainsWheel":48,"HornCleat":27,"Tiny Chest":8,"Fusion Hammer":0,"Bottled Lightning":10,"PureWater":0,"TungstenRod":27,"Runic Pyramid":17},{"Mark of the Bloom":27,"Happy Flower":27,"Orichalcum":6,"War Paint":26,"Boot":12,"Ancient Tea Set":13,"Cursed Key":21,"ClockworkSouvenir":22,"keyreminder:keyreminder":8,"Anchor":5,"Dream Catcher":10,"CaptainsWheel":27,"HornCleat":16,"Tiny Chest":6,"Fusion Hammer":0,"Bottled Lightning":7,"PureWater":0,"TungstenRod":16,"Runic Pyramid":9},{"Mark of the Bloom":95,"Happy Flower":95,"Orichalcum":21,"War Paint":91,"Boot":44,"Ancient Tea Set":48,"Cursed Key":76,"ClockworkSouvenir":78,"keyreminder:keyreminder":27,"Anchor":19,"Dream Catcher":38,"CaptainsWheel":95,"HornCleat":55,"Tiny Chest":21,"Fusion Hammer":0,"Bottled Lightning":25,"PureWater":0,"TungstenRod":55,"Runic Pyramid":35}],"TungstenRod":8},"card_choices":[{"not_picked":["Prostrate","Adaptation"],"picked":"Halt","floor":1.0},{"not_picked":["EmptyMind","Swivel"],"picked":"EmptyFist","floor":2.0},{"not_picked":["Consecrate","ThirdEye"],"picked":"Vault","floor":3.0},{"not_picked":["Consecrate","Fasting2"],"picked":"Tantrum","floor":4.0},{"not_picked":["Prostrate","Halt","ConjureBlade"],"picked":"SKIP","floor":6.0},{"not_picked":["Pray","Halt"],"picked":"Consecrate","floor":8.0},{"not_picked":["Weave","Indignation"],"picked":"Vengeance","floor":10.0},{"not_picked":["ReachHeaven","SignatureMove","Protect"],"picked":"SKIP","floor":11.0},{"not_picked":["Judgement","Establishment"],"picked":"Scrawl","floor":16},{"not_picked":["Protect","JustLucky"],"picked":"Conclude","floor":18},{"not_picked":["Protect","Halt"],"picked":"BowlingBash","floor":20},{"not_picked":["SandsOfTime+1","LikeWater"],"picked":"Ragnarok","floor":21},{"not_picked":["Evaluate","Weave"],"picked":"Wireheading+1","floor":23},{"not_picked":["PathToVictory","Consecrate+1"],"picked":"EmptyFist","floor":24},{"not_picked":["BowlingBash","Crescendo","ThirdEye"],"picked":"SKIP","floor":25},{"not_picked":["Pray+1","JustLucky"],"picked":"SashWhip+1","floor":27},{"not_picked":["FlurryOfBlows+1","Prostrate"],"picked":"FollowUp","floor":28},{"not_picked":["BowlingBash","Nirvana","Conclude"],"picked":"SKIP","floor":29},{"not_picked":["ConjureBlade","WaveOfTheHand"],"picked":"FearNoEvil","floor":30},{"not_picked":["Protect","BowlingBash","Fasting2"],"picked":"SKIP","floor":31},{"not_picked":["MasterReality","Alpha"],"picked":"LessonLearned","floor":33},{"not_picked":["Wireheading","MentalFortress+1","FearNoEvil"],"picked":"SKIP","floor":35},{"not_picked":["EmptyFist","Halt+1"],"picked":"ClearTheMind","floor":37},{"not_picked":["Swivel+1","Conclude+1","SashWhip+1"],"picked":"SKIP","floor":38},{"not_picked":["Evaluate","Prostrate+1","Scrawl"],"picked":"SKIP","floor":39},{"not_picked":["ThirdEye","Halt","Nirvana"],"picked":"SKIP","floor":40},{"not_picked":["BattleHymn","SandsOfTime+1"],"picked":"CutThroughFate","floor":41},{"not_picked":["EmptyBody","InnerPeace"],"picked":"Ragnarok","floor":42},{"not_picked":["JustLucky","PathToVictory"],"picked":"FollowUp+1","floor":49}],"player_experience":226859,"relics_obtained":[{"floor":6.0,"key":"Anchor"},{"floor":8.0,"key":"Tiny Chest"},{"floor":9.0,"key":"Orichalcum"},{"floor":10.0,"key":"Bottled Lightning"},{"floor":22,"key":"Boot"},{"floor":23,"key":"Ancient Tea Set"},{"floor":27,"key":"TungstenRod"},{"floor":27,"key":"HornCleat"},{"floor":40,"key":"War Paint"},{"floor":42,"key":"Happy Flower"}],"event_choices":[{"damage_healed":0.0,"max_hp_gain":0.0,"max_hp_loss":0.0,"gold_gain":0.0,"event_name":"Shining Light","player_choice":"Entered Light","floor":5.0,"gold_loss":0.0,"damage_taken":14.0,"cards_upgraded":["Eruption","Strike_P"]},{"damage_healed":0.0,"max_hp_gain":0.0,"max_hp_loss":0.0,"gold_gain":0.0,"event_name":"Liars Game","player_choice":"Ignored","floor":13.0,"gold_loss":0.0,"damage_taken":0.0},{"cards_removed":["Strike_P"],"damage_healed":0.0,"max_hp_gain":0.0,"max_hp_loss":0.0,"gold_gain":0.0,"event_name":"Golden Wing","player_choice":"Card Removal","floor":14.0,"gold_loss":0.0,"damage_taken":7.0},{"damage_healed":0,"gold_gain":0,"player_choice":"Opened","damage_taken":0,"relics_obtained":["Dream Catcher"],"max_hp_gain":0,"max_hp_loss":0,"event_name":"The Mausoleum","floor":19,"gold_loss":0},{"damage_healed":0,"gold_gain":0,"player_choice":"Fight","damage_taken":0,"max_hp_gain":0,"max_hp_loss":0,"event_name":"Colosseum","floor":27,"gold_loss":0},{"damage_healed":0,"gold_gain":0,"player_choice":"Fought Nobs","damage_taken":0,"max_hp_gain":0,"max_hp_loss":0,"event_name":"Colosseum","floor":27,"gold_loss":0},{"damage_healed":0,"gold_gain":0,"player_choice":"Ignored","damage_taken":0,"max_hp_gain":0,"max_hp_loss":0,"event_name":"Tomb of Lord Red Mask","floor":45,"gold_loss":0},{"damage_healed":0,"gold_gain":0,"player_choice":"Upgrade","damage_taken":0,"relics_obtained":["Mark of the Bloom"],"max_hp_gain":0,"max_hp_loss":0,"event_name":"MindBloom","floor":46,"gold_loss":0,"cards_upgraded":["Defend_P","Defend_P","Defend_P","Vigilance","EmptyFist","Tantrum","Consecrate","Vengeance","Scrawl","Conclude","BowlingBash","Ragnarok","LessonLearned","ReachHeaven","ClearTheMind","CutThroughFate","Ragnarok"]}],"is_beta":false,"boss_relics":[{"not_picked":["Tiny House","Snecko Eye"],"picked":"Runic Pyramid"},{"not_picked":["Velvet Choker","SlaversCollar"],"picked":"Cursed Key"}],"items_purged_floors":[36,48],"is_endless":false,"potions_floor_spawned":[2,3,4,11,21,23,27,29,30,31,33,35,37],"ascension_level":5}}