{"host":"2brg86hfzr3u5cix","time":1610368262,"event":{"mods":["AchievementEnabler","Ascension Unlocker","BaseMod","CapriCore","DeckTracker","Highlight Path","Keyboard Shortcuts","Minty Spire (QoL Compilation)","Permanent Neow","Relic Stats","StSLib","Twitch Utils","Uncapped","UnlockEverythingMod"],"gold_per_floor":[113,130,130,130,130,161,231,231,231,247,247,83,109,124,124,200,200,220,234,245,295,325,325,356,373,399,449,449],"floor_reached":27,"playtime":844,"items_purged":["Strike_B"],"score":536,"play_id":"c4b1505a-bb24-466e-b150-9855132fc43b","local_time":"20210111213102","is_ascension_mode":true,"campfire_choices":[{"data":"Chaos","floor":8.0,"key":"SMITH"},{"data":"Zap","floor":11.0,"key":"SMITH"},{"data":"Sunder","floor":15.0,"key":"SMITH"},{"floor":23.0,"key":"REST"}],"circlet_count":0,"master_deck":["AscendersBane","Strike_B+1","Strike_B+1","Strike_B+1","Defend_B+1","Defend_B+1","Defend_B+1","Defend_B+1","Zap+1","Dualcast+1","Leap","Chaos+1","Electrodynamics","Sunder+1","Melter","Doom and Gloom","Thunder Strike","Go for the Eyes+1","Cold Snap+1","White Noise"],"relics":["Cracked Core","NeowsBlessing","SsserpentHead","Gremlin Horn","Potion Belt","Anchor","Black Star","Frozen Egg 2","Bottled Tornado"],"acts_visited":["Exordium","TheCity"],"potions_floor_usage":[],"damage_taken":[{"damage":0.0,"enemies":"Small Slimes","floor":1.0,"turns":1.0},{"damage":0.0,"enemies":"2 Louse","floor":2.0,"turns":1.0},{"damage":0.0,"enemies":"3 Sentries","floor":6.0,"turns":1.0},{"damage":1.0,"enemies":"Cultist","floor":7.0,"turns":3.0},{"damage":0.0,"enemies":"2 Fungi Beasts","floor":10.0,"turns":3.0},{"damage":26.0,"enemies":"Lagavulin","floor":13.0,"turns":5.0},{"damage":6.0,"enemies":"Blue Slaver","floor":14.0,"turns":3.0},{"damage":32.0,"enemies":"Hexaghost","floor":16.0,"turns":7.0},{"damage":1.0,"enemies":"Spheric Guardian","floor":18.0,"turns":3.0},{"damage":15.0,"enemies":"2 Thieves","floor":19.0,"turns":3.0},{"damage":18.0,"enemies":"Shelled Parasite and Fungi","floor":20.0,"turns":4.0},{"damage":24.0,"enemies":"Slavers","floor":24.0,"turns":4.0},{"damage":7,"enemies":"Cultist and Chosen","floor":25,"turns":3},{"damage":18,"enemies":"Snake Plant","floor":27,"turns":2}],"seed_played":"-4728227721718623598","potions_obtained":[{"floor":6.0,"key":"PotionOfCapacity"},{"floor":14.0,"key":"LiquidBronze"},{"floor":16.0,"key":"Dexterity Potion"},{"floor":18.0,"key":"EntropicBrew"},{"floor":22.0,"key":"Block Potion"}],"is_trial":false,"path_per_floor":["M","M","?","?","?","E","M","R","T","M","R","$","E","M","R","B",null,"M","M","M","?","?","R","E","M","T","M"],"character_chosen":"DEFECT","items_purchased":["Melter"],"campfire_rested":1,"item_purchase_floors":[12],"current_hp_per_floor":[64,64,69,69,69,69,68,68,68,68,68,68,42,36,36,4,58,57,42,24,24,24,46,22,15,15,0,0],"gold":449,"neow_bonus":"THREE_ENEMY_KILL","is_daily":false,"chose_seed":false,"campfire_upgraded":3,"win_rate":0.0,"timestamp":1610368262,"path_taken":["M","M","?","?","?","E","?","R","T","M","R","$","E","M","R","BOSS","M","M","M","?","?","R","E","M","T","?"],"items_purchased_type":["Card"],"build_version":"2020-12-22","purchased_purges":1,"victory":false,"max_hp_per_floor":[71,71,76,76,76,76,76,76,76,76,76,76,76,76,76,76,76,76,76,76,76,76,76,76,76,76,76,76],"relic_stats":{"SsserpentHead":200,"Gremlin Horn":[6,6],"counters":[14,43],"Black Star":1,"obtain_stats":[{"Potion Belt":9,"SsserpentHead":5,"Anchor":13,"NeowsBlessing":0,"Gremlin Horn":6,"Black Star":17,"Frozen Egg 2":24,"Bottled Tornado":24,"Cracked Core":0},{"Potion Belt":4,"SsserpentHead":2,"Anchor":6,"NeowsBlessing":0,"Gremlin Horn":3,"Black Star":8,"Frozen Egg 2":12,"Bottled Tornado":12,"Cracked Core":0},{"Potion Belt":6,"SsserpentHead":2,"Anchor":14,"NeowsBlessing":0,"Gremlin Horn":3,"Black Star":24,"Frozen Egg 2":38,"Bottled Tornado":38,"Cracked Core":0}]},"card_choices":[{"not_picked":["Beam Cell","Heatsinks"],"picked":"Leap","floor":1.0},{"not_picked":["Cold Snap","Ball Lightning"],"picked":"Chaos","floor":2.0},{"not_picked":["Barrage","Recycle"],"picked":"Electrodynamics","floor":6.0},{"not_picked":["Redo","Genetic Algorithm","Gash"],"picked":"SKIP","floor":7.0},{"not_picked":["Consume","Cold Snap"],"picked":"Sunder","floor":10.0},{"not_picked":["Barrage","Hologram"],"picked":"Doom and Gloom","floor":13.0},{"not_picked":["Gash","Genetic Algorithm","Sunder"],"picked":"SKIP","floor":14.0},{"not_picked":["Amplify","Reboot"],"picked":"Thunder Strike","floor":16.0},{"not_picked":["Conserve Battery","Darkness"],"picked":"Go for the Eyes+1","floor":18.0},{"not_picked":["Doom and Gloom","Double Energy","Heatsinks"],"picked":"SKIP","floor":19.0},{"not_picked":["Streamline","Sunder"],"picked":"Cold Snap+1","floor":20.0},{"not_picked":["Reprogram","Rebound"],"picked":"White Noise","floor":24.0},{"not_picked":["Rebound","Force Field+1","Darkness"],"picked":"SKIP","floor":25}],"player_experience":313517,"relics_obtained":[{"floor":6.0,"key":"Gremlin Horn"},{"floor":9.0,"key":"Potion Belt"},{"floor":13.0,"key":"Anchor"},{"floor":24.0,"key":"Frozen Egg 2"},{"floor":24.0,"key":"Bottled Tornado"}],"event_choices":[{"damage_healed":0.0,"max_hp_gain":5.0,"max_hp_loss":0.0,"gold_gain":0.0,"event_name":"Big Fish","player_choice":"Donut","floor":3.0,"gold_loss":0.0,"damage_taken":0.0},{"damage_healed":0.0,"max_hp_gain":0.0,"max_hp_loss":0.0,"gold_gain":0.0,"event_name":"Living Wall","player_choice":"Grow","floor":4.0,"gold_loss":0.0,"damage_taken":0.0,"cards_upgraded":["Dualcast"]},{"damage_healed":0.0,"max_hp_gain":0.0,"max_hp_loss":0.0,"gold_gain":0.0,"event_name":"FaceTrader","player_choice":"Trade","floor":5.0,"gold_loss":0.0,"damage_taken":0.0,"relics_obtained":["SsserpentHead"]},{"damage_healed":0.0,"max_hp_gain":0.0,"max_hp_loss":0.0,"gold_gain":0.0,"event_name":"Back to Basics","player_choice":"Simplicity","floor":21.0,"gold_loss":0.0,"damage_taken":0.0,"cards_upgraded":["Strike_B","Strike_B","Strike_B","Defend_B","Defend_B","Defend_B","Defend_B"]},{"damage_healed":0.0,"max_hp_gain":0.0,"max_hp_loss":0.0,"gold_gain":0.0,"event_name":"The Woman in Blue","player_choice":"Bought 1 Potion","floor":22.0,"gold_loss":0.0,"damage_taken":0.0}],"is_beta":false,"boss_relics":[{"not_picked":["Runic Dome","SacredBark"],"picked":"Black Star"}],"items_purged_floors":[12],"is_endless":false,"potions_floor_spawned":[6,14,16,18],"killed_by":"Snake Plant","ascension_level":20}}