{"host":"kdt6w7ix8lwe69i9","time":1610338176,"event":{"mods":["100% Spire Juice","Bartender","BaseMod","ChefMod","Downfall","Fiend Mod","Jorbs\u0027s Wanderer Trilogy","Minty Spire (QoL Compilation)","Reimu（博丽灵梦）","Robot Space Explorer","StSLib","The Caster","The Cursed","The Disciple","The Dragon Tamer","The Druid","The Elementalist","The Forsaken","The Gatherer","The Marked","TheBandit"],"gold_per_floor":[109,119,133,93,93,93,93,131,157,180,180,201,216,236,236,362,362,383,482,496,496,44,44,62,101,124,144,144,144,158,158,158,284,284,305,305,305,305,325,325,325,325,352,352,352,373,398,439,439,439,439,439,0,33,33],"floor_reached":56,"playtime":8452,"items_purged":[],"score":1172,"play_id":"9662dc32-0f03-4bec-b2a5-f7f9e31be6ea","local_time":"20210110230936","is_ascension_mode":false,"campfire_choices":[{"data":"Mountainwind:ReiMu","floor":6.0,"key":"SMITH"},{"floor":15.0,"key":"REST"},{"floor":23.0,"key":"RECALL"},{"floor":29.0,"key":"REST"},{"floor":32.0,"key":"REST"},{"floor":40,"key":"REST"},{"data":"HakureiPhantom:ReiMu","floor":42,"key":"SMITH"},{"floor":49,"key":"REST"},{"data":"Mind Blast","floor":52,"key":"SMITH"}],"circlet_count":0,"master_deck":["Defend_Lin:ReiMu","Defend_Lin:ReiMu","NB:ReiMu+1","Stagnation:ReiMu","PrepareRite:ReiMu","SubAcupoint:ReiMu","Mountainwind:ReiMu+1","LearningPray:ReiMu","OctopathBindingBorder2:ReiMu","SpreadBorder2:ReiMu","Enchanting:ReiMu","LovePray:ReiMu","CeremonyResonance:ReiMu","YinYangSange:ReiMu","AlertArray:ReiMu","Slimebound:Tackle+1","Slimebound:Tackle+1","Slimebound:Tackle+1","AirStrike:ReiMu","InherentArray:ReiMu","LearningPray:ReiMu","SpreadBorder2:ReiMu","AirStrike:ReiMu","UpKicking:ReiMu+1","MountainWay:ReiMu","HakureiPhantom:ReiMu+1","CurseOfTheBell","SpringWay:ReiMu+1","FantasyBorder:ReiMu","WonderfulDomain:ReiMu+1","Sadistic Nature","Transmutation","Mind Blast+1","SpreadBorder2:ReiMu+1","YinYangSange:ReiMu","Revelation:ReiMu","OctopathBindingBorder2:ReiMu","expansioncontent:Flail","OctopathBindingBorder2:ReiMu"],"relics":["FlyPower:ReiMu","NeowsBlessing","PaintedHorse:ReiMu","Golden Idol","SkyOrb:ReiMu","Nunchaku","CrownOfHeavens:ReiMu","ClockworkSouvenir","Akabeko","PreservedInsect","Happy Flower","Juzu Bracelet","Calling Bell","Bird Faced Urn","Omamori","theForsaken:HumbleEgg","CaptainsWheel","Toy Ornithopter","Centennial Puzzle","Smiling Mask","Ginger","Oddly Smooth Stone"],"acts_visited":["Exordium","TheCity","TheBeyond","TheEnding"],"potions_floor_usage":[48,50],"damage_taken":[{"damage":0.0,"enemies":"Cultist","floor":1.0,"turns":1.0},{"damage":0.0,"enemies":"Jaw Worm","floor":2.0,"turns":1.0},{"damage":0.0,"enemies":"Small Slimes","floor":3.0,"turns":1.0},{"damage":17.0,"enemies":"Lagavulin","floor":8.0,"turns":11.0},{"damage":18.0,"enemies":"Blue Slaver","floor":10.0,"turns":5.0},{"damage":0.0,"enemies":"Large Slime","floor":12.0,"turns":7.0},{"damage":0.0,"enemies":"Exordium Wildlife","floor":13.0,"turns":6.0},{"damage":1.0,"enemies":"Blue Slaver","floor":14.0,"turns":4.0},{"damage":31.0,"enemies":"The Guardian","floor":16.0,"turns":12.0},{"damage":6.0,"enemies":"Shell Parasite","floor":18.0,"turns":9.0},{"damage":0.0,"enemies":"3 Byrds","floor":20.0,"turns":3.0},{"damage":10.0,"enemies":"Snecko","floor":24.0,"turns":5.0},{"damage":24.0,"enemies":"Gremlin Leader","floor":25.0,"turns":7.0},{"damage":7.0,"enemies":"Snake Plant","floor":27.0,"turns":5.0},{"damage":5.0,"enemies":"Shelled Parasite and Fungi","floor":30.0,"turns":4.0},{"damage":23.0,"enemies":"Collector","floor":33.0,"turns":12.0},{"damage":51,"enemies":"3 Shapes","floor":35,"turns":7},{"damage":7,"enemies":"Orb Walker","floor":39,"turns":4},{"damage":12,"enemies":"Jaw Worm Horde","floor":46,"turns":6},{"damage":15,"enemies":"Maw","floor":47,"turns":9},{"damage":23,"enemies":"Reptomancer","floor":48,"turns":6},{"damage":33,"enemies":"Donu and Deca","floor":50,"turns":10},{"damage":32,"enemies":"Shield and Spear","floor":54,"turns":5},{"damage":45,"enemies":"The Heart","floor":55,"turns":10}],"seed_played":"-1074567204275360198","potions_obtained":[{"floor":1.0,"key":"PinkPotion:ReiMu"},{"floor":2.0,"key":"ZuzhouPotion:ReiMu"},{"floor":10.0,"key":"Energy Potion"},{"floor":16.0,"key":"Explosive Potion"},{"floor":20.0,"key":"LiquidBronze"},{"floor":27.0,"key":"Swift Potion"},{"floor":47,"key":"LiquidFlight:ReiMu"},{"floor":48,"key":"Fire Potion"}],"is_trial":false,"path_per_floor":["M","M","M","?","?","R","?","E","T","M","T","M","M","M","R","B",null,"M","?","M","?","$","R","M","E","T","M","T","R","M","?","R","B",null,"M","?","?","T","M","R","T","R","T","?","?","M","M","E","R","B",null,"R","$","E","B",null],"character_chosen":"REIMU","items_purchased":["ClockworkSouvenir","Akabeko","AirStrike:ReiMu","InherentArray:ReiMu","LearningPray:ReiMu","Ginger","OctopathBindingBorder2:ReiMu","expansioncontent:Flail"],"campfire_rested":5,"item_purchase_floors":[22,22,22,22,22,53,53,53],"current_hp_per_floor":[65,65,65,65,65,65,52,35,35,17,17,17,17,16,35,4,65,59,59,59,59,59,59,49,25,25,18,18,37,32,32,51,28,65,16,16,16,16,15,34,34,34,34,24,24,20,13,3,22,4,65,65,65,39,8],"gold":33,"neow_bonus":"THREE_ENEMY_KILL","is_daily":false,"chose_seed":false,"campfire_upgraded":3,"win_rate":0.0,"timestamp":1610338176,"path_taken":["M","?","M","?","?","R","?","E","T","?","?","M","M","M","R","BOSS","M","?","M","?","?","R","M","E","T","M","?","R","M","?","R","BOSS","M","?","?","?","M","R","?","R","T","?","?","M","M","E","R","BOSS","R","$","E","BOSS"],"items_purchased_type":["Relic","Relic","Card","Card","Card","Relic","Card","Card"],"build_version":"2020-12-22","purchased_purges":0,"victory":true,"max_hp_per_floor":[65,65,65,65,65,65,65,65,65,65,65,65,65,65,65,65,65,65,65,65,65,65,65,65,65,65,65,65,65,65,65,65,65,65,65,65,65,65,65,65,65,65,65,65,65,65,65,65,65,65,65,65,65,65,65],"card_choices":[{"not_picked":["LearningPray:ReiMu","Enchanting:ReiMu"],"picked":"PrepareRite:ReiMu","floor":1.0},{"not_picked":["SubcavityInstant:ReiMu","Amulet:ReiMu"],"picked":"SubAcupoint:ReiMu","floor":2.0},{"not_picked":["EmergencyTakeOff:ReiMu","WonderfulDomain:ReiMu"],"picked":"Mountainwind:ReiMu","floor":3.0},{"not_picked":["SubcavityInstant:ReiMu","EmergencyTakeOff:ReiMu"],"picked":"LearningPray:ReiMu","floor":8.0},{"not_picked":["AirStrike:ReiMu","SpringWay:ReiMu"],"picked":"OctopathBindingBorder2:ReiMu","floor":10.0},{"not_picked":["SpiritualOutbreak2:ReiMu","Amulet:ReiMu"],"picked":"SpreadBorder2:ReiMu","floor":12.0},{"not_picked":["EmergencyTakeOff:ReiMu","ManaGlint:ReiMu"],"picked":"Enchanting:ReiMu","floor":13.0},{"not_picked":["AlertArray:ReiMu","Amulet:ReiMu"],"picked":"LovePray:ReiMu","floor":14.0},{"not_picked":["KyokaiOfKami:ReiMu","Shading:ReiMu"],"picked":"CeremonyResonance:ReiMu","floor":16.0},{"not_picked":["CareerPray:ReiMu","Enchanting:ReiMu"],"picked":"YinYangSange:ReiMu","floor":18.0},{"not_picked":["YinYangSign:ReiMu","TightArray:ReiMu"],"picked":"AlertArray:ReiMu","floor":20.0},{"not_picked":["Mountainwind:ReiMu","Dreaming2:ReiMu+1"],"picked":"SpreadBorder2:ReiMu","floor":24.0},{"not_picked":["Dreaming:ReiMu","FantasyBorder:ReiMu"],"picked":"AirStrike:ReiMu","floor":25.0},{"not_picked":["AirStrike:ReiMu","BarrageOfMoneybags:ReiMu"],"picked":"UpKicking:ReiMu+1","floor":27.0},{"not_picked":["AlertArray:ReiMu","Meditation:ReiMu"],"picked":"MountainWay:ReiMu","floor":30.0},{"not_picked":["YinYang:ReiMu","CeremonyResonance:ReiMu"],"picked":"HakureiPhantom:ReiMu","floor":33.0},{"not_picked":["CareerPray:ReiMu+1","SafetyPray:ReiMu+1"],"picked":"SpringWay:ReiMu+1","floor":35},{"not_picked":["KamiSacrifice:ReiMu","EmergencyTakeOff:ReiMu+1"],"picked":"WonderfulDomain:ReiMu+1","floor":39},{"not_picked":["Purity","expansioncontent:ManipulateTime"],"picked":"Sadistic Nature","floor":44},{"not_picked":["Madness","The Bomb"],"picked":"Transmutation","floor":44},{"not_picked":["Secret Weapon","expansioncontent:Hexaburn"],"picked":"Mind Blast","floor":44},{"not_picked":["Enchanting:ReiMu+1","CareerPray:ReiMu+1"],"picked":"SpreadBorder2:ReiMu+1","floor":46},{"not_picked":["PhosphorusFlame:ReiMu+1","LovePray:ReiMu"],"picked":"YinYangSange:ReiMu","floor":47},{"not_picked":["Determination:ReiMu","SubAcupoint:ReiMu+1"],"picked":"Revelation:ReiMu","floor":48},{"not_picked":["WonderfulDomain:ReiMu+1","Enchanting:ReiMu+1"],"picked":"OctopathBindingBorder2:ReiMu","floor":54}],"player_experience":1785605,"relics_obtained":[{"floor":8.0,"key":"SkyOrb:ReiMu"},{"floor":11.0,"key":"Nunchaku"},{"floor":25.0,"key":"PreservedInsect"},{"floor":26.0,"key":"Happy Flower"},{"floor":28.0,"key":"Juzu Bracelet"},{"floor":34.0,"key":"Bird Faced Urn"},{"floor":34.0,"key":"Omamori"},{"floor":34.0,"key":"theForsaken:HumbleEgg"},{"floor":38,"key":"CaptainsWheel"},{"floor":41,"key":"Toy Ornithopter"},{"floor":43,"key":"Centennial Puzzle"},{"floor":48,"key":"Smiling Mask"},{"floor":54,"key":"Oddly Smooth Stone"}],"event_choices":[{"damage_healed":0.0,"max_hp_gain":0.0,"max_hp_loss":0.0,"gold_gain":0.0,"event_name":"yidonshenshe","player_choice":"Donate","floor":4.0,"gold_loss":40.0,"damage_taken":0.0,"relics_obtained":["PaintedHorse:ReiMu"]},{"damage_healed":0.0,"max_hp_gain":0.0,"max_hp_loss":0.0,"gold_gain":0.0,"event_name":"Golden Idol","player_choice":"Take Wound","floor":5.0,"gold_loss":0.0,"damage_taken":0.0,"relics_obtained":["Golden Idol"],"cards_obtained":["Injury"]},{"damage_healed":0.0,"max_hp_gain":0.0,"max_hp_loss":0.0,"gold_gain":0.0,"event_name":"Shining Light","player_choice":"Entered Light","floor":7.0,"gold_loss":0.0,"damage_taken":13.0,"cards_upgraded":["Strike_Lin:ReiMu","NB:ReiMu"]},{"damage_healed":0.0,"max_hp_gain":0.0,"max_hp_loss":0.0,"gold_gain":99.0,"event_name":"Nest","player_choice":"Stole From Cult","floor":19.0,"gold_loss":0.0,"damage_taken":0.0},{"cards_removed":["Injury"],"damage_healed":0,"gold_gain":0,"player_choice":"Removed Curses","damage_taken":0,"max_hp_gain":0,"max_hp_loss":0,"event_name":"Fountain of Cleansing","floor":36,"gold_loss":0},{"damage_healed":0,"gold_gain":0,"cards_transformed":["Defend_Lin:ReiMu"],"player_choice":"Transformed","damage_taken":0,"max_hp_gain":0,"max_hp_loss":0,"event_name":"Transmorgrifier","floor":37,"gold_loss":0,"cards_obtained":["FantasyBorder:ReiMu"]},{"damage_healed":0,"gold_gain":0,"player_choice":"Memory 3","damage_taken":10,"max_hp_gain":0,"max_hp_loss":0,"event_name":"SensoryStone","floor":44,"gold_loss":0},{"cards_removed":["Defend_Lin:ReiMu"],"damage_healed":0,"gold_gain":0,"player_choice":"Removed Skill","damage_taken":0,"max_hp_gain":0,"max_hp_loss":0,"event_name":"Falling","floor":45,"gold_loss":0}],"is_beta":false,"boss_relics":[{"not_picked":["Astrolabe","DonationBox:ReiMu"],"picked":"CrownOfHeavens:ReiMu"},{"not_picked":["Runic Pyramid","Coffee Dripper"],"picked":"Calling Bell"}],"items_purged_floors":[],"is_endless":false,"potions_floor_spawned":[1,2,10,16,20,27,47,48],"ascension_level":0}}