{"host":"28p8ce41sjwa6lzf","time":1610387941,"event":{"mods":["BaseMod","Bestiary","Colored Map","Colored Powertips","Dark Map","Highlight Path","Minty Spire (QoL Compilation)","Permanent Neow","Quick Restart","Random Character Button","Rare Cards Sparkle","Relic Stats","StSLib","Unceasing Turn Reminder"],"gold_per_floor":[119,138,138,157,167,197,197,223,248,248,248,248,278,294,294,373,373,389,314,333,346,4,35,35,46,116,116,116,149,160,189,189,263,263,273,273,287,0,13,13,13,48,99,118,0,0,52,83,83,83,83,83,83,4,38,38,38],"floor_reached":56,"playtime":4619,"items_purged":["Strike_P"],"score":2141,"play_id":"234a34c0-a78a-4a66-924d-ea0f1ca8fc1f","local_time":"20210111115901","is_ascension_mode":true,"campfire_choices":[{"data":"Fasting2","floor":7.0,"key":"SMITH"},{"data":"Crescendo","floor":12.0,"key":"SMITH"},{"data":"TalkToTheHand","floor":15.0,"key":"SMITH"},{"data":"Vault","floor":24.0,"key":"SMITH"},{"data":"ClearTheMind","floor":27.0,"key":"SMITH"},{"data":"Nirvana","floor":32.0,"key":"SMITH"},{"data":"Devotion","floor":41.0,"key":"SMITH"},{"data":"Thinking Ahead","floor":46.0,"key":"SMITH"},{"floor":49.0,"key":"RECALL"},{"data":"Blasphemy","floor":53.0,"key":"SMITH"}],"circlet_count":0,"master_deck":["AscendersBane","Defend_P","Defend_P","Defend_P","Eruption","Vigilance","SashWhip","Crescendo+1","JustLucky","Fasting2+1","FlyingSleeves","Prostrate","Prostrate","TalkToTheHand+1","Vault+1","Protect+1","CutThroughFate","ThirdEye","CutThroughFate","ClearTheMind+1","CrushJoints","Blasphemy+1","JustLucky+1","Nirvana+1","Brilliance","JustLucky","Devotion+1","WheelKick","TalkToTheHand+1","Thinking Ahead+1","ThirdEye","CutThroughFate","Clumsy","CutThroughFate+1"],"relics":["Coffee Dripper","Ice Cream","Bronze Scales","Pen Nib","Blood Vial","SlaversCollar","Meat on the Bone","White Beast Statue","Bottled Tornado","Prayer Wheel","MealTicket","Cursed Key","Sundial","Red Mask","Du-Vu Doll","Anchor","Toy Ornithopter"],"acts_visited":["Exordium","TheCity","TheBeyond","TheEnding"],"potions_floor_usage":[56,56],"damage_taken":[{"damage":5.0,"enemies":"2 Louse","floor":1.0,"turns":4.0},{"damage":0.0,"enemies":"Jaw Worm","floor":2.0,"turns":3.0},{"damage":1.0,"enemies":"Cultist","floor":4.0,"turns":3.0},{"damage":11.0,"enemies":"Large Slime","floor":5.0,"turns":4.0},{"damage":19.0,"enemies":"Lagavulin","floor":6.0,"turns":6.0},{"damage":13.0,"enemies":"3 Sentries","floor":8.0,"turns":7.0},{"damage":11.0,"enemies":"Gremlin Nob","floor":13.0,"turns":3.0},{"damage":2.0,"enemies":"Looter","floor":14.0,"turns":2.0},{"damage":15.0,"enemies":"Hexaghost","floor":16.0,"turns":8.0},{"damage":0.0,"enemies":"Chosen","floor":18.0,"turns":4.0},{"damage":1.0,"enemies":"Spheric Guardian","floor":20.0,"turns":5.0},{"damage":0.0,"enemies":"Chosen and Byrds","floor":21.0,"turns":3.0},{"damage":43.0,"enemies":"Book of Stabbing","floor":23.0,"turns":5.0},{"damage":6.0,"enemies":"Cultist and Chosen","floor":25.0,"turns":6.0},{"damage":0.0,"enemies":"Gremlin Leader","floor":29.0,"turns":5.0},{"damage":2.0,"enemies":"Centurion and Healer","floor":30.0,"turns":5.0},{"damage":25.0,"enemies":"Slavers","floor":31.0,"turns":6.0},{"damage":0.0,"enemies":"Collector","floor":33.0,"turns":9.0},{"damage":0.0,"enemies":"Orb Walker","floor":35.0,"turns":2.0},{"damage":7.0,"enemies":"3 Darklings","floor":37.0,"turns":5.0},{"damage":0.0,"enemies":"Transient","floor":39.0,"turns":7.0},{"damage":9.0,"enemies":"Giant Head","floor":42.0,"turns":7.0},{"damage":9.0,"enemies":"Spire Growth","floor":44.0,"turns":5.0},{"damage":14.0,"enemies":"2 Orb Walkers","floor":47.0,"turns":4.0},{"damage":6.0,"enemies":"Nemesis","floor":48.0,"turns":5.0},{"damage":14.0,"enemies":"Awakened One","floor":50.0,"turns":7.0},{"damage":4.0,"enemies":"Time Eater","floor":51.0,"turns":8.0},{"damage":47.0,"enemies":"Shield and Spear","floor":55.0,"turns":5.0},{"damage":61,"enemies":"The Heart","floor":56,"turns":5}],"seed_played":"7626181946725476963","potions_obtained":[{"floor":1.0,"key":"Swift Potion"},{"floor":2.0,"key":"Energy Potion"},{"floor":6.0,"key":"SpeedPotion"},{"floor":8.0,"key":"FairyPotion"},{"floor":16.0,"key":"Swift Potion"},{"floor":21.0,"key":"StancePotion"},{"floor":23.0,"key":"PowerPotion"},{"floor":25.0,"key":"Ancient Potion"},{"floor":29.0,"key":"BlessingOfTheForge"},{"floor":30.0,"key":"FairyPotion"},{"floor":31.0,"key":"ColorlessPotion"},{"floor":33.0,"key":"Dexterity Potion"},{"floor":35.0,"key":"Fruit Juice"},{"floor":36.0,"key":"Block Potion"},{"floor":36.0,"key":"CultistPotion"},{"floor":37.0,"key":"Regen Potion"},{"floor":42.0,"key":"Regen Potion"},{"floor":44.0,"key":"BlessingOfTheForge"},{"floor":47.0,"key":"Swift Potion"},{"floor":48.0,"key":"SteroidPotion"},{"floor":55.0,"key":"Ancient Potion"}],"is_trial":false,"path_per_floor":["M","M","?","M","M","E","R","E","T","?","?","R","E","M","R","B",null,"M","?","M","M","$","E","R","M","T","R","?","E","M","E","R","B",null,"M","?","M","$","M","?","R","E","T","M","?","R","?","E","R","B","B",null,"R","$","E","B"],"character_chosen":"WATCHER","items_purchased":["Meat on the Bone","CutThroughFate","Thinking Ahead","DuplicationPotion"],"campfire_rested":0,"item_purchase_floors":[22,22,38,54],"current_hp_per_floor":[56,56,49,48,37,18,18,5,5,5,5,5,20,20,20,7,53,55,55,56,58,58,29,29,37,37,37,37,39,39,28,28,42,62,64,69,64,73,73,69,69,60,60,65,65,65,62,58,58,46,44,63,63,69,34,0,0],"gold":38,"neow_bonus":"BOSS_RELIC","is_daily":false,"chose_seed":false,"campfire_upgraded":9,"win_rate":0.0,"timestamp":1610387941,"path_taken":["M","M","?","M","M","E","R","E","T","?","?","R","E","M","R","BOSS","M","?","M","M","$","E","R","M","T","R","?","E","M","E","R","BOSS","M","?","?","$","M","?","R","E","T","M","?","R","?","E","R","BOSS","BOSS","R","$","E","BOSS"],"items_purchased_type":["Relic","Card","Card","Potion"],"build_version":"2020-12-22","purchased_purges":1,"victory":false,"max_hp_per_floor":[68,68,68,68,68,68,68,68,68,68,68,68,68,68,68,68,68,68,68,68,68,68,68,68,68,68,68,68,68,68,68,68,68,68,68,73,73,73,73,69,69,69,69,69,69,69,69,69,69,69,69,69,69,69,69,69,69],"relic_stats":{"Blood Vial":38,"counters":[29,148],"Sundial":[2],"Bronze Scales":[345],"Prayer Wheel":5,"MealTicket":15,"Pen Nib":[28],"Cursed Key":1,"obtain_stats":[{"Ice Cream":6,"Pen Nib":9,"Bottled Tornado":26,"Cursed Key":34,"White Beast Statue":23,"Blood Vial":13,"Du-Vu Doll":47,"SlaversCollar":17,"Anchor":48,"Sundial":42,"Bronze Scales":8,"Prayer Wheel":29,"MealTicket":31,"Coffee Dripper":0,"Red Mask":45,"PureWater":0,"Toy Ornithopter":55,"Meat on the Bone":22},{"Ice Cream":5,"Pen Nib":6,"Bottled Tornado":14,"Cursed Key":18,"White Beast Statue":13,"Blood Vial":7,"Du-Vu Doll":24,"SlaversCollar":9,"Anchor":25,"Sundial":22,"Bronze Scales":6,"Prayer Wheel":15,"MealTicket":17,"Coffee Dripper":0,"Red Mask":23,"PureWater":0,"Toy Ornithopter":28,"Meat on the Bone":12},{"Ice Cream":20,"Pen Nib":27,"Bottled Tornado":63,"Cursed Key":88,"White Beast Statue":57,"Blood Vial":30,"Du-Vu Doll":118,"SlaversCollar":40,"Anchor":123,"Sundial":109,"Bronze Scales":27,"Prayer Wheel":68,"MealTicket":79,"Coffee Dripper":0,"Red Mask":114,"PureWater":0,"Toy Ornithopter":143,"Meat on the Bone":52}],"Toy Ornithopter":10,"Meat on the Bone":60},"card_choices":[{"not_picked":["LikeWater","Sanctity"],"picked":"SashWhip","floor":1.0},{"not_picked":["FollowUp","ForeignInfluence"],"picked":"Crescendo","floor":2.0},{"not_picked":["Evaluate","PathToVictory"],"picked":"JustLucky","floor":4.0},{"not_picked":["Weave","FlyingSleeves"],"picked":"Fasting2","floor":5.0},{"not_picked":["Indignation","CrushJoints"],"picked":"FlyingSleeves","floor":6.0},{"not_picked":["Judgement","FlyingSleeves"],"picked":"Prostrate","floor":8.0},{"not_picked":["Worship","Indignation"],"picked":"Prostrate","floor":13.0},{"not_picked":["Wireheading","EmptyFist"],"picked":"TalkToTheHand","floor":14.0},{"not_picked":["Scrawl","ConjureBlade"],"picked":"Vault","floor":16.0},{"not_picked":["FlyingSleeves+1","Consecrate"],"picked":"Protect+1","floor":18.0},{"not_picked":["Prostrate","Perseverance"],"picked":"CutThroughFate","floor":20.0},{"not_picked":["Consecrate","Establishment"],"picked":"ThirdEye","floor":21.0},{"not_picked":["FlyingSleeves","Crescendo"],"picked":"ClearTheMind","floor":23.0},{"not_picked":["Halt","WreathOfFlame","Prostrate"],"picked":"SKIP","floor":25.0},{"not_picked":["PathToVictory","SignatureMove"],"picked":"JustLucky+1","floor":29.0},{"not_picked":["InnerPeace","EmptyFist"],"picked":"Nirvana","floor":30.0},{"not_picked":["FlurryOfBlows","Indignation"],"picked":"Brilliance","floor":30.0},{"not_picked":["Worship","Wallop"],"picked":"JustLucky","floor":31.0},{"not_picked":["Judgement","Establishment"],"picked":"Devotion","floor":33.0},{"not_picked":["Halt","Adaptation"],"picked":"WheelKick","floor":35.0},{"not_picked":["FlyingSleeves","WheelKick","Consecrate"],"picked":"SKIP","floor":35.0},{"not_picked":["Halt","FlurryOfBlows"],"picked":"TalkToTheHand+1","floor":37.0},{"not_picked":["EmptyMind","Evaluate","ClearTheMind+1"],"picked":"SKIP","floor":37.0},{"not_picked":["FlyingSleeves+1","Prostrate"],"picked":"ThirdEye","floor":39.0},{"not_picked":["ReachHeaven","EmptyFist","FollowUp+1"],"picked":"SKIP","floor":39.0},{"not_picked":["MentalFortress+1","Adaptation+1"],"picked":"CutThroughFate","floor":42.0},{"not_picked":["DeceiveReality","Prostrate"],"picked":"CutThroughFate+1","floor":44.0},{"not_picked":["ForeignInfluence","Consecrate","Protect"],"picked":"SKIP","floor":44.0},{"not_picked":["Worship","WindmillStrike","WreathOfFlame"],"picked":"SKIP","floor":48.0},{"not_picked":["Adaptation","ForeignInfluence","Worship+1"],"picked":"SKIP","floor":55.0}],"player_experience":1125593,"relics_obtained":[{"floor":6.0,"key":"Ice Cream"},{"floor":8.0,"key":"Bronze Scales"},{"floor":9.0,"key":"Pen Nib"},{"floor":13.0,"key":"Blood Vial"},{"floor":23.0,"key":"White Beast Statue"},{"floor":26.0,"key":"Bottled Tornado"},{"floor":29.0,"key":"Prayer Wheel"},{"floor":31.0,"key":"MealTicket"},{"floor":42.0,"key":"Sundial"},{"floor":47.0,"key":"Du-Vu Doll"},{"floor":48.0,"key":"Anchor"},{"floor":55.0,"key":"Toy Ornithopter"}],"event_choices":[{"cards_removed":["Defend_P"],"damage_healed":0.0,"max_hp_gain":0.0,"max_hp_loss":0.0,"gold_gain":0.0,"event_name":"Golden Wing","player_choice":"Card Removal","floor":3.0,"gold_loss":0.0,"damage_taken":7.0},{"damage_healed":0.0,"max_hp_gain":0.0,"max_hp_loss":0.0,"gold_gain":0.0,"event_name":"Shining Light","player_choice":"Ignored","floor":10.0,"gold_loss":0.0,"damage_taken":0.0},{"damage_healed":0.0,"max_hp_gain":0.0,"max_hp_loss":0.0,"gold_gain":0.0,"event_name":"Scrap Ooze","player_choice":"Fled","floor":11.0,"gold_loss":0.0,"damage_taken":0.0},{"cards_removed":["Strike_P"],"damage_healed":0.0,"max_hp_gain":0.0,"max_hp_loss":0.0,"gold_gain":0.0,"event_name":"Beggar","player_choice":"Gave Gold","floor":19.0,"gold_loss":75.0,"damage_taken":0.0},{"damage_healed":0.0,"max_hp_gain":0.0,"max_hp_loss":0.0,"gold_gain":0.0,"cards_transformed":["Strike_P","Strike_P"],"event_name":"Drug Dealer","player_choice":"Became Test Subject","floor":28.0,"gold_loss":0.0,"damage_taken":0.0,"cards_obtained":["CrushJoints","Blasphemy"]},{"damage_healed":0.0,"max_hp_gain":0.0,"max_hp_loss":0.0,"gold_gain":0.0,"event_name":"Lab","player_choice":"Got Potions","floor":36.0,"gold_loss":0.0,"damage_taken":0.0},{"damage_healed":0.0,"max_hp_gain":0.0,"max_hp_loss":4.0,"gold_gain":0.0,"event_name":"Winding Halls","player_choice":"Max HP","floor":40.0,"gold_loss":0.0,"damage_taken":0.0},{"damage_healed":0.0,"max_hp_gain":0.0,"max_hp_loss":0.0,"gold_gain":0.0,"event_name":"Tomb of Lord Red Mask","player_choice":"Paid","floor":45.0,"gold_loss":118.0,"damage_taken":0.0,"relics_obtained":["Red Mask"]},{"damage_healed":0.0,"max_hp_gain":0.0,"max_hp_loss":0.0,"gold_gain":0.0,"event_name":"Mysterious Sphere","player_choice":"Fight","floor":47.0,"gold_loss":0.0,"damage_taken":0.0}],"is_beta":false,"boss_relics":[{"not_picked":["Tiny House","Busted Crown"],"picked":"SlaversCollar"},{"not_picked":["Runic Dome","Velvet Choker"],"picked":"Cursed Key"}],"items_purged_floors":[38],"is_endless":false,"potions_floor_spawned":[1,2,6,8,16,21,23,25,29,30,31,33,35,37,39,42,44,47,48,55],"killed_by":"The Heart","ascension_level":20}}