{"host":"0ndhasp09f4rkdar","time":1610336812,"event":{"mods":["BaseMod","Dio Mod","Hermit","Hero for Fun","Minty Spire (QoL Compilation)","Replay The Spire","StSLib","SuperFastMode","The Bladedancer"],"gold_per_floor":[117,135,155,4,23,53,53,72,72,86,86,105,116,136,136,136,136],"floor_reached":16,"playtime":681,"items_purged":[],"score":108,"play_id":"111c1cca-61ab-45b2-a5cc-e92fc5e3d30d","local_time":"20210111114652","is_ascension_mode":false,"campfire_choices":[{"data":"Infinite Blades","floor":7,"key":"SMITH"},{"data":"Cloak And Dagger","floor":11,"key":"SMITH"},{"floor":15,"key":"REST"}],"circlet_count":0,"master_deck":["Strike_G","Strike_G","Strike_G","Strike_G","Strike_G","Defend_G","Defend_G","Defend_G","Defend_G","Defend_G","Survivor","Neutralize","Dagger Throw","Infinite Blades+1","Dagger Throw","Slice","Cloak And Dagger+1","Outmaneuver","Hidden Blade"],"relics":["Ring of the Snake","NeowsBlessing","Bag of Marbles","CaptainsWheel","Replay:Accelerometer"],"acts_visited":["Exordium"],"potions_floor_usage":[16,16],"damage_taken":[{"damage":0,"enemies":"2 Louse","floor":1,"turns":1},{"damage":0,"enemies":"Jaw Worm","floor":2,"turns":1},{"damage":0,"enemies":"Cultist","floor":3,"turns":1},{"damage":13,"enemies":"Red Slaver","floor":5,"turns":4},{"damage":33,"enemies":"Lagavulin","floor":6,"turns":8},{"damage":0,"enemies":"Large Slime","floor":8,"turns":4},{"damage":4,"enemies":"2 Fungi Beasts","floor":10,"turns":2},{"damage":1,"enemies":"Looter","floor":12,"turns":3},{"damage":7,"enemies":"3 Louse","floor":13,"turns":3},{"damage":2,"enemies":"Exordium Thugs","floor":14,"turns":3},{"damage":31,"enemies":"Hexaghost","floor":16,"turns":9}],"seed_played":"4815333695965489110","potions_obtained":[{"floor":1,"key":"Dexterity Potion"},{"floor":6,"key":"Poison Potion"},{"floor":10,"key":"Block Potion"},{"floor":13,"key":"Venom Potion"}],"is_trial":false,"path_per_floor":["M","M","M","$","M","E","R","M","T","M","R","M","M","M","R","B"],"character_chosen":"THE_SILENT","items_purchased":["Bag of Marbles"],"campfire_rested":1,"item_purchase_floors":[4],"current_hp_per_floor":[70,70,70,70,57,24,24,24,24,20,20,19,12,10,31,0,0],"gold":136,"neow_bonus":"THREE_ENEMY_KILL","is_daily":false,"chose_seed":false,"campfire_upgraded":2,"win_rate":0.0,"timestamp":1610336812,"path_taken":["M","M","M","$","M","E","R","M","T","M","R","M","M","M","R","BOSS"],"items_purchased_type":["Relic"],"build_version":"2020-12-22","purchased_purges":0,"victory":false,"max_hp_per_floor":[70,70,70,70,70,70,70,70,70,70,70,70,70,70,70,70,70],"card_choices":[{"not_picked":["Masterful Stab","Dodge and Roll"],"picked":"Dagger Throw","floor":1},{"not_picked":["Noxious Fumes","Deflect"],"picked":"Infinite Blades","floor":2},{"not_picked":["Underhanded Strike","Quick Slash"],"picked":"Dagger Throw","floor":3},{"not_picked":["Deadly Poison","Dagger Throw","Dodge and Roll"],"picked":"SKIP","floor":5},{"not_picked":["Wraith Form v2","Dagger Throw"],"picked":"Slice","floor":6},{"not_picked":["Quick Slash","Sucker Punch"],"picked":"Cloak And Dagger","floor":8},{"not_picked":["Wraith Form v2","Dagger Throw"],"picked":"Outmaneuver","floor":10},{"not_picked":["Draining Mist","Fluid Movement","Deadly Poison"],"picked":"SKIP","floor":12},{"not_picked":["Tactician","Acrobatics"],"picked":"Hidden Blade","floor":13},{"not_picked":["Deflect","Fluid Movement","PiercingWail"],"picked":"SKIP","floor":14}],"player_experience":204000,"relics_obtained":[{"floor":6,"key":"CaptainsWheel"},{"floor":9,"key":"Replay:Accelerometer"}],"event_choices":[],"is_beta":false,"boss_relics":[],"items_purged_floors":[],"is_endless":false,"potions_floor_spawned":[1,6,10,13,14],"killed_by":"Hexaghost","ascension_level":0}}