{"host":"svwqvw2il1zfkkg0","time":1610335344,"event":{"mods":["AchievementEnabler","BaseMod","BetterRewards","Colored Map","Colored Powertips","Custom Start","Downfall","GifTheSpireLib","Highlight Path","Hubris","Infinite Spire","Minty Spire (QoL Compilation)","Quick Restart","Replay The Spire","Shop Mod","StSLib","SuperFastMode"],"gold_per_floor":[214,224,239,256,256,283,358,358,412,14,33,49,49,59,59,156,156,169,169,184,199,217,217,229,229,229,379,379,379,391,408,408,408,408],"floor_reached":33,"playtime":1070,"items_purged":["Amnesia"],"score":253,"play_id":"d5d6e327-0ec3-42f1-8145-f735c46fab8b","local_time":"20210110192224","is_ascension_mode":false,"campfire_choices":[{"data":"Cloak And Dagger","floor":8,"key":"SMITH"},{"data":"All Out Attack","floor":15,"key":"SMITH"},{"floor":23,"key":"REST"},{"floor":25,"key":"REST"},{"floor":32,"key":"REST"}],"circlet_count":0,"master_deck":["Strike_G","Strike_G","Strike_G","Strike_G","Strike_G","Defend_G","Defend_G","Defend_G","Defend_G","Defend_G","Survivor","Neutralize","Cloak And Dagger+1","Masterful Stab","All Out Attack+1","Quick Slash","Hidden Blade","Dagger Spray","Sucker Punch","Dash","Poisoned Stab","After Image","Prepared","Cloak And Dagger","Prepared+1","Poisoned Stab","Dagger Spray","Bane"],"relics":["Ring of the Snake","Meat on the Bone","Oddly Smooth Stone","Bag of Preparation","Bag of Marbles","hubris:Towel","Matryoshka","ReplayTheSpireMod:CursedCoin","HoveringKite"],"acts_visited":["Exordium","TheCity"],"potions_floor_usage":[6,14,16,20,22,30,33],"damage_taken":[{"damage":12,"enemies":"infinitespire:Voidling","floor":1,"turns":4},{"damage":3,"enemies":"2 Louse","floor":2,"turns":2},{"damage":0,"enemies":"Small Slimes","floor":3,"turns":3},{"damage":12,"enemies":"Looter","floor":4,"turns":3},{"damage":6,"enemies":"Replay:BlueRogue","floor":6,"turns":5},{"damage":0,"enemies":"Large Slime","floor":11,"turns":3},{"damage":0,"enemies":"2 Fungi Beasts","floor":12,"turns":1},{"damage":0,"enemies":"Gremlin Gang","floor":14,"turns":2},{"damage":2,"enemies":"Slime Boss","floor":16,"turns":9},{"damage":3,"enemies":"Chosen","floor":18,"turns":3},{"damage":4,"enemies":"Spheric Guardian","floor":20,"turns":4},{"damage":26,"enemies":"3 Cultists","floor":21,"turns":6},{"damage":13,"enemies":"Snake Plant","floor":22,"turns":5},{"damage":12,"enemies":"Snecko","floor":24,"turns":5},{"damage":37,"enemies":"Sentry and Sphere","floor":30,"turns":7},{"damage":8,"enemies":"Centurion and Healer","floor":31,"turns":4},{"damage":21,"enemies":"Collector","floor":33,"turns":6}],"seed_played":"-6625107974499045252","potions_obtained":[{"floor":2,"key":"Dexterity Potion"},{"floor":3,"key":"DuplicationPotion"},{"floor":12,"key":"Explosive Potion"},{"floor":16,"key":"CunningPotion"},{"floor":21,"key":"LifebloodPotion"},{"floor":22,"key":"Poison Potion"},{"floor":30,"key":"champ:CounterPotion"}],"is_trial":false,"path_per_floor":["M","M","M","M","?","E","?","R","T","$","M","M","?","M","R","B",null,"M","?","M","M","M","R","M","R","T","AVR","?","?","M","M","R","B"],"character_chosen":"THE_SILENT","items_purchased":["Dagger Spray","Sucker Punch","Bag of Preparation","Bag of Marbles"],"campfire_rested":3,"item_purchase_floors":[10,10,10,10],"current_hp_per_floor":[65,62,62,50,70,64,53,53,53,53,53,53,53,53,53,51,70,67,67,63,37,36,57,45,66,66,66,66,66,41,45,66,45,45],"gold":408,"neow_bonus":"HUNDRED_GOLD","is_daily":false,"chose_seed":false,"campfire_upgraded":2,"win_rate":0.0,"timestamp":1610335344,"path_taken":["M","?","M","M","?","E","?","R","T","$","M","M","?","M","R","BOSS","M","?","M","M","M","R","M","R","T","AVR","?","?","M","M","R","BOSS"],"items_purchased_type":["Card","Card","Relic","Relic"],"build_version":"2020-12-22","purchased_purges":1,"victory":false,"max_hp_per_floor":[70,70,70,70,70,70,70,70,70,70,70,70,70,70,70,70,70,70,70,70,70,70,70,70,70,70,70,70,70,70,70,70,70,70],"card_choices":[{"not_picked":["hubris:SlightOfHand","Deflect"],"picked":"Cloak And Dagger","floor":1},{"not_picked":["ReplayTheSpireMod:The Works","Dagger Throw"],"picked":"Masterful Stab","floor":2},{"not_picked":["Distraction","Hidden Blade"],"picked":"All Out Attack","floor":3},{"not_picked":["Blur","Noxious Fumes"],"picked":"Quick Slash","floor":4},{"not_picked":["Toxin Wave","ReplayTheSpireMod:Necrosis"],"picked":"Hidden Blade","floor":6},{"not_picked":["Sucker Punch","Acrobatics"],"picked":"Dash","floor":11},{"not_picked":["hubris:TrickCloak","ReplayTheSpireMod:Tripwire","Backflip"],"picked":"SKIP","floor":12},{"not_picked":["ReplayTheSpireMod:Tripwire","Deadly Poison"],"picked":"Poisoned Stab","floor":14},{"not_picked":["Storm of Steel","Replay:Bag of Tricks"],"picked":"After Image","floor":16},{"not_picked":["PiercingWail","ReplayTheSpireMod:Shiv Toss"],"picked":"Prepared","floor":18},{"not_picked":["Infinite Blades","Underhanded Strike+1"],"picked":"Cloak And Dagger","floor":20},{"not_picked":["Quick Slash","Underhanded Strike"],"picked":"Prepared+1","floor":21},{"not_picked":["Deadly Poison","ReplayTheSpireMod:Exploit Weakness"],"picked":"Poisoned Stab","floor":22},{"not_picked":["Sneak Up","Sucker Punch","Dagger Throw"],"picked":"SKIP","floor":24},{"not_picked":["Outmaneuver","Underhanded Strike"],"picked":"Dagger Spray","floor":30},{"not_picked":["Tactician+1","Replay:Poison Smokescreen+1"],"picked":"Bane","floor":31}],"player_experience":472006,"relics_obtained":[{"floor":6,"key":"Meat on the Bone"},{"floor":9,"key":"Oddly Smooth Stone"},{"floor":26,"key":"Matryoshka"}],"event_choices":[{"damage_healed":0,"gold_gain":75,"player_choice":"Gather Gold","damage_taken":11,"max_hp_gain":0,"max_hp_loss":0,"event_name":"World of Goop","floor":7,"gold_loss":0},{"damage_healed":0,"gold_gain":0,"player_choice":"Ignored","damage_taken":0,"max_hp_gain":0,"max_hp_loss":0,"event_name":"Ghosts","floor":28,"gold_loss":0}],"is_beta":false,"boss_relics":[{"not_picked":["Snecko Eye","Runic Pyramid","Kintsugi"]}],"items_purged_floors":[27],"is_endless":false,"potions_floor_spawned":[2,3,12,16,21,22,30],"killed_by":"Collector","ascension_level":0}}