{"host":"yecadp3kwkksam5a","time":1610374490,"event":{"mods":["BaseMod","Minty Spire (QoL Compilation)","StSLib","The Cursed"],"gold_per_floor":[117,117,128,128,78,113,130,130,199,199,199,229,229,246,246,246,246],"floor_reached":16,"playtime":467,"items_purged":[],"score":119,"play_id":"283c517c-b68d-4895-a6fe-bd4505277050","local_time":"20210111231450","daily_mods":["Draft"],"is_ascension_mode":true,"campfire_choices":[{"data":"TheCursedMod:SpitefulPlan","floor":8,"key":"SMITH"},{"data":"TheCursedMod:CircleOfFlame","floor":11,"key":"SMITH"},{"floor":13,"key":"REST"},{"data":"TheCursedMod:LuckyCharm","floor":15,"key":"SMITH"}],"circlet_count":0,"master_deck":["TheCursedMod:Stigma","TheCursedMod:CircleOfCorruption","TheCursedMod:CursedBoomerang+1","TheCursedMod:SpitefulPlan+1","TheCursedMod:Stigma","TheCursedMod:LuckyCharm+1","TheCursedMod:VitalStrike","TheCursedMod:SoulReap","TheCursedMod:CursedBlade","TheCursedMod:FleshFromBone","TheCursedMod:CursedBlade+1","TheCursedMod:Stigma","TheCursedMod:Stretching","TheCursedMod:Wield","TheCursedMod:CircleOfFlame+1","TheCursedMod:CircleOfFlame+1","TheCursedMod:Evocation","TheCursedMod:FleshFromBone","TheCursedMod:ReleasedStrength"],"relics":["TheCursedMod:BlackMagic101","Tiny Chest","StrikeDummy","Shuriken"],"acts_visited":["Exordium"],"potions_floor_usage":[],"damage_taken":[{"damage":6,"enemies":"2 Louse","floor":1,"turns":2},{"damage":12,"enemies":"Jaw Worm","floor":3,"turns":2},{"damage":29,"enemies":"3 Sentries","floor":6,"turns":4},{"damage":0,"enemies":"Small Slimes","floor":7,"turns":3},{"damage":22,"enemies":"Lagavulin","floor":12,"turns":5},{"damage":13,"enemies":"Blue Slaver","floor":14,"turns":2},{"damage":28,"enemies":"The Guardian","floor":16,"turns":5}],"seed_played":"-1458186197549642618","potions_obtained":[{"floor":14,"key":"LiquidMemories"}],"is_trial":true,"path_per_floor":["M","?","M","?","?","E","M","R","T","?","R","E","R","M","R","B"],"character_chosen":"THE_CURSED","items_purchased":[],"campfire_rested":1,"item_purchase_floors":[],"current_hp_per_floor":[69,74,62,46,46,22,25,25,25,25,25,8,32,24,24,0,0],"gold":246,"neow_bonus":"","is_daily":false,"chose_seed":false,"campfire_upgraded":3,"win_rate":0.0,"timestamp":1610374490,"path_taken":["M","?","M","?","?","E","?","R","T","?","R","E","R","M","R","BOSS"],"items_purchased_type":[],"build_version":"2020-12-22","purchased_purges":0,"victory":false,"max_hp_per_floor":[75,80,80,80,80,80,80,80,80,80,80,80,80,80,80,80,80],"card_choices":[{"not_picked":["TheCursedMod:CursedShiv","TheCursedMod:CircleOfCorruption"],"picked":"TheCursedMod:Stigma","floor":0},{"not_picked":["TheCursedMod:FuryStrike","TheCursedMod:CursedShiv"],"picked":"TheCursedMod:CircleOfCorruption","floor":0},{"not_picked":["TheCursedMod:Wield","TheCursedMod:CircleOfWindfury"],"picked":"TheCursedMod:CursedBoomerang","floor":0},{"not_picked":["TheCursedMod:VitalStrike","TheCursedMod:RavingStaff"],"picked":"TheCursedMod:SpitefulPlan","floor":0},{"not_picked":["TheCursedMod:SpitefulPray","TheCursedMod:PrepareRite"],"picked":"TheCursedMod:Stigma","floor":0},{"not_picked":["TheCursedMod:SpitefulStrike","TheCursedMod:SmokeScreen"],"picked":"TheCursedMod:LuckyCharm","floor":0},{"not_picked":["TheCursedMod:Wield","TheCursedMod:Torture"],"picked":"TheCursedMod:VitalStrike","floor":0},{"not_picked":["TheCursedMod:Wield","TheCursedMod:Obscuration"],"picked":"TheCursedMod:SoulReap","floor":0},{"not_picked":["TheCursedMod:CursedShiv","TheCursedMod:WearCloak"],"picked":"TheCursedMod:CursedBlade","floor":0},{"not_picked":["TheCursedMod:CircleOfFlame","TheCursedMod:Stigma"],"picked":"TheCursedMod:FleshFromBone","floor":0},{"not_picked":["TheCursedMod:SpitefulStrike","TheCursedMod:SpreadPlague"],"picked":"TheCursedMod:CursedBlade","floor":0},{"not_picked":["TheCursedMod:TacticalStrike","TheCursedMod:SoulCrush"],"picked":"TheCursedMod:Stigma","floor":0},{"not_picked":["TheCursedMod:BloodBarrier","TheCursedMod:CursedStaff"],"picked":"TheCursedMod:Stretching","floor":0},{"not_picked":["TheCursedMod:CursedArmor","TheCursedMod:CircleOfCorruption"],"picked":"TheCursedMod:Wield","floor":0},{"not_picked":["TheCursedMod:Stigma","TheCursedMod:SoulCrush"],"picked":"TheCursedMod:ReleasedKnowledge","floor":0},{"not_picked":["TheCursedMod:WearCloak","TheCursedMod:Obscuration"],"picked":"TheCursedMod:CircleOfFlame","floor":1},{"not_picked":["TheCursedMod:SpitefulStrike","TheCursedMod:CursedMace"],"picked":"TheCursedMod:CircleOfFlame","floor":3},{"not_picked":["TheCursedMod:VitalStrike","TheCursedMod:CursedStaff"],"picked":"TheCursedMod:Evocation","floor":6},{"not_picked":["TheCursedMod:SmokeScreen","TheCursedMod:ReleasedStrength"],"picked":"TheCursedMod:FleshFromBone","floor":7},{"not_picked":["TheCursedMod:DoubleShield","TheCursedMod:HellsGateOpen","TheCursedMod:Stretching"],"picked":"SKIP","floor":12},{"not_picked":["TheCursedMod:CursedArmor","TheCursedMod:Wield"],"picked":"TheCursedMod:ReleasedStrength","floor":14}],"player_experience":496553,"relics_obtained":[{"floor":6,"key":"Tiny Chest"},{"floor":9,"key":"StrikeDummy"},{"floor":12,"key":"Shuriken"}],"event_choices":[{"damage_healed":0,"gold_gain":0,"player_choice":"Donut","damage_taken":0,"max_hp_gain":5,"max_hp_loss":0,"event_name":"Big Fish","floor":2,"gold_loss":0},{"damage_healed":0,"gold_gain":0,"player_choice":"Entered Light","damage_taken":16,"max_hp_gain":0,"max_hp_loss":0,"event_name":"Shining Light","floor":4,"gold_loss":0,"cards_upgraded":["TheCursedMod:CursedBlade","TheCursedMod:CursedBoomerang"]},{"cards_removed":["TheCursedMod:ReleasedKnowledge"],"damage_healed":0,"gold_gain":0,"player_choice":"Card Removal","damage_taken":0,"max_hp_gain":0,"max_hp_loss":0,"event_name":"The Cleric","floor":5,"gold_loss":50},{"damage_healed":0,"gold_gain":0,"player_choice":"Grow","damage_taken":0,"max_hp_gain":0,"max_hp_loss":0,"event_name":"Living Wall","floor":10,"gold_loss":0,"cards_upgraded":["TheCursedMod:CircleOfFlame"]}],"is_beta":false,"boss_relics":[],"items_purged_floors":[],"is_endless":false,"potions_floor_spawned":[14],"killed_by":"The Guardian","ascension_level":2}}