{"host":"i0xrm7p89v8es8ob","time":1610370971,"event":{"mods":["BaseMod","Downfall","Lobotomy","LobotomyExtend","Minty Spire (QoL Compilation)","Quick Restart","Replay The Spire","Robot Space Explorer","StSLib"],"gold_per_floor":[99,99,99,99,99,99,123,123,33,64,75,75,75,75,75,92,92,191,191,191,203,213,223,238,238,262,262,273,273,325,382,395,409,409,409,409],"floor_reached":34,"playtime":2302,"items_purged":[],"score":277,"play_id":"ed35ed49-d082-46e8-b885-a121dd669a3e","local_time":"20210111211611","is_ascension_mode":false,"campfire_choices":[{"data":"Slimebound:Split","floor":1,"key":"SMITH"},{"data":"Slimebound:FirmFortitude","floor":8,"key":"SMITH"},{"data":"Slimebound:ProtectTheBoss","floor":14,"key":"SMITH"},{"data":"Slimebound:SelfFormingGoo","floor":20,"key":"SMITH"},{"data":"Slimebound:Nibble","floor":25,"key":"SMITH"},{"data":"Slimebound:AcidTongue","floor":27,"key":"SMITH"}],"circlet_count":0,"master_deck":["Slimebound:Strike_Slimebound","Slimebound:Strike_Slimebound","Slimebound:Strike_Slimebound","Slimebound:Tackle","Slimebound:Defend_Slimebound","Slimebound:Defend_Slimebound","Slimebound:Defend_Slimebound","Slimebound:Split+1","Slimebound:CorrosiveSpit","Slimebound:Gluttony","Slimebound:RollThrough","Slimebound:FirmFortitude+1","Slimebound:RallyTheTroops","Slimebound:AcidTongue+1","Slimebound:LeadByExample","Slimebound:RejuvenatingLick","Slimebound:ProtectTheBoss+1","Slimebound:SpikyOuterGoop+1","Slimebound:SpikyOuterGoop+1","Slimebound:SelfFormingGoo+1","Slimebound:Grow","Slimebound:SplitMire","Slimebound:GrowthPunch","Slimebound:SplitMire","Slimebound:Nibble+1","Slimebound:RainOfGoop","Slimebound:ViciousTackle+1","Slimebound:Gluttony+1","Slimebound:Nibble","Slimebound:SlimeTap","Slimebound:AcidTongue+1","Slimebound:ViciousTackle+1","Slimebound:Schlurp+1","Slimebound:HauntingLick","Slimebound:GoopSpray","Slimebound:SlimeSpikes","Slimebound:LeechingTouch+1","Slimebound:ProtectTheBoss"],"relics":["Slimebound:AbsorbEndCombat","downfall:HeartsMalice","LetterFromLob","Regal Pillow","Prayer Wheel","HonorFeather","ChewingGum","Smiling Mask","downfall:KnowingSkull"],"acts_visited":["Exordium","TheCity"],"potions_floor_usage":[18,24,31,31,32],"damage_taken":[{"damage":0,"enemies":"2 Louse","floor":2,"turns":1},{"damage":0,"enemies":"Jaw Worm","floor":3,"turns":1},{"damage":0,"enemies":"Small Slimes","floor":6,"turns":1},{"damage":9,"enemies":"downfall:FleeingMerchant","floor":9,"turns":4},{"damage":44,"enemies":"Gremlin Nob","floor":10,"turns":5},{"damage":15,"enemies":"Red Slaver","floor":11,"turns":4},{"damage":10,"enemies":"2 Fungi Beasts","floor":16,"turns":4},{"damage":8,"enemies":"Large Slime","floor":17,"turns":4},{"damage":39,"enemies":"downfall:Ironclad","floor":18,"turns":10},{"damage":52,"enemies":"3 Byrds","floor":21,"turns":7},{"damage":21,"enemies":"Shell Parasite","floor":22,"turns":7},{"damage":18,"enemies":"Cultist and Chosen","floor":23,"turns":5},{"damage":34,"enemies":"3 Cultists","floor":24,"turns":5},{"damage":29,"enemies":"Chosen and Byrds","floor":28,"turns":5},{"damage":27,"enemies":"Snecko","floor":30,"turns":5},{"damage":32,"enemies":"Centurion and Healer","floor":31,"turns":3},{"damage":49,"enemies":"Cultist and Chosen","floor":32,"turns":8},{"damage":30,"enemies":"Snecko","floor":33,"turns":6},{"damage":21,"enemies":"Snake Plant","floor":34,"turns":1}],"seed_played":"-5353052785520405608","potions_obtained":[{"floor":10,"key":"Explosive Potion"},{"floor":11,"key":"LifebloodPotion"},{"floor":22,"key":"Dexterity Potion"},{"floor":23,"key":"hexamod:EctoCoolerPotion"},{"floor":30,"key":"Regen Potion"}],"is_trial":false,"path_per_floor":["R","M","M","?","?","M","T","R","$","E","M","PTL","PTL","R","?","M","M","B",null,"R","M","M","M","M","R","T","R","M","?","M","M","M","M","M"],"character_chosen":"SLIMEBOUND","items_purchased":["Slimebound:AcidTongue"],"campfire_rested":0,"item_purchase_floors":[9],"current_hp_per_floor":[60,60,60,60,59,59,59,59,59,31,28,28,28,28,28,26,37,35,59,59,37,54,59,47,59,59,59,50,44,39,46,27,15,0,0,0],"gold":409,"neow_bonus":"THREE_ENEMY_KILL","is_daily":false,"chose_seed":false,"campfire_upgraded":6,"win_rate":0.0,"timestamp":1610370971,"path_taken":["R","M","M","?","?","M","T","R","?","E","M","PTL","PTL","R","?","M","M","BOSS","R","M","M","M","M","R","T","R","M","?","M","M","?","M","M"],"items_purchased_type":["Card"],"build_version":"2020-12-22","purchased_purges":0,"victory":false,"max_hp_per_floor":[60,60,60,60,59,59,59,59,59,59,59,59,59,59,59,59,59,59,59,59,59,59,59,59,59,59,59,59,59,59,59,59,59,59,59,59],"card_choices":[{"not_picked":["Slimebound:MegaLick","Slimebound:FinishingTackle"],"picked":"Slimebound:Gluttony","floor":2},{"not_picked":["Slimebound:Chomp","Slimebound:SlimeSpikes"],"picked":"Slimebound:RollThrough","floor":3},{"not_picked":["Slimebound:SlimeTap","Slimebound:RollThrough"],"picked":"Slimebound:FirmFortitude","floor":6},{"not_picked":["Slimebound:FormOfPuddle","Slimebound:DisruptingSlam"],"picked":"Slimebound:RallyTheTroops","floor":9},{"not_picked":["Slimebound:Dissolve","Slimebound:SplitLeeching"],"picked":"Slimebound:LeadByExample","floor":10},{"not_picked":["Slimebound:LeechEnergy","Slimebound:SplitBruiser"],"picked":"Slimebound:RejuvenatingLick","floor":11},{"not_picked":["Slimebound:LeadByExample","Slimebound:FirmFortitude"],"picked":"Slimebound:ProtectTheBoss","floor":11},{"not_picked":["Slimebound:SplitLeeching","Slimebound:DisruptingSlam"],"picked":"Slimebound:SpikyOuterGoop","floor":16},{"not_picked":["Slimebound:Nibble","Slimebound:LeadByExample"],"picked":"Slimebound:SpikyOuterGoop","floor":16},{"not_picked":["Slimebound:Teamwork","Slimebound:MassFeed"],"picked":"Slimebound:SelfFormingGoo","floor":18},{"not_picked":["Slimebound:SamplingLick","Slimebound:GoopTackle"],"picked":"Slimebound:Grow","floor":21},{"not_picked":["Slimebound:Schlurp+1","Slimebound:SplitBruiser"],"picked":"Slimebound:SplitMire","floor":21},{"not_picked":["Slimebound:SamplingLick","Slimebound:RejuvenatingLick"],"picked":"Slimebound:GrowthPunch","floor":22},{"not_picked":["Slimebound:LeechEnergy","Slimebound:SplitAcid+1"],"picked":"Slimebound:SplitMire","floor":22},{"not_picked":["Slimebound:GoopSpray","Slimebound:RollThrough"],"picked":"Slimebound:Nibble","floor":23},{"not_picked":["Slimebound:SpikyOuterGoop","Slimebound:Teamwork"],"picked":"Slimebound:RainOfGoop","floor":23},{"not_picked":["Slimebound:Schlurp","Slimebound:ComboTackle"],"picked":"Slimebound:ViciousTackle+1","floor":24},{"not_picked":["Slimebound:Schlurp","Slimebound:SplitBruiser"],"picked":"Slimebound:Gluttony+1","floor":24},{"not_picked":["Slimebound:ViciousTackle+1","Slimebound:ComboTackle"],"picked":"Slimebound:Nibble","floor":28},{"not_picked":["Slimebound:SplitMire+1","Slimebound:RollThrough"],"picked":"Slimebound:SlimeTap","floor":28},{"not_picked":["Slimebound:SamplingLick","Slimebound:GrowthPunch"],"picked":"Slimebound:AcidTongue+1","floor":30},{"not_picked":["Slimebound:SplitBruiser","Slimebound:LeechEnergy"],"picked":"Slimebound:ViciousTackle+1","floor":30},{"not_picked":["Slimebound:Dissolve+1","Slimebound:Gluttony"],"picked":"Slimebound:Schlurp+1","floor":31},{"not_picked":["Slimebound:ViciousTackle","Slimebound:RollThrough+1"],"picked":"Slimebound:HauntingLick","floor":31},{"not_picked":["Slimebound:PressTheAttack","Slimebound:SplitAcid+1"],"picked":"Slimebound:GoopSpray","floor":32},{"not_picked":["Slimebound:RollThrough","Slimebound:SlimeSlap"],"picked":"Slimebound:SlimeSpikes","floor":32},{"not_picked":["Slimebound:SplitAcid","Slimebound:LivingWall"],"picked":"Slimebound:LeechingTouch+1","floor":33},{"not_picked":["Slimebound:SplitAcid","Slimebound:PressTheAttack"],"picked":"Slimebound:ProtectTheBoss","floor":33}],"player_experience":41363,"relics_obtained":[{"floor":2,"key":"LetterFromLob"},{"floor":7,"key":"Regal Pillow"},{"floor":10,"key":"Prayer Wheel"},{"floor":26,"key":"Smiling Mask"}],"event_choices":[{"cards_removed":["Slimebound:Defend_Slimebound"],"damage_healed":0,"gold_gain":0,"player_choice":"Card Removal","damage_taken":0,"max_hp_gain":0,"max_hp_loss":0,"event_name":"The Cleric","floor":4,"gold_loss":0}],"is_beta":false,"boss_relics":[{"not_picked":["Replay:Drink Me","Cursed Key"],"picked":"ChewingGum"}],"items_purged_floors":[],"is_endless":false,"potions_floor_spawned":[10,11,17,22,23,30],"killed_by":"Snake Plant","ascension_level":0}}