{"host":"ELF","time":1610353706,"event":{"mods":["BaseMod","Minty Spire (QoL Compilation)"],"gold_per_floor":[118,133,150,150,121,151,151,151,151,177,13,39,68,107,107,193,193,219,219,247,247,247],"floor_reached":21,"playtime":1553,"items_purged":[],"score":382,"play_id":"f01c512c-7daa-4a18-9f92-894ae78b98b2","local_time":"20210111022826","is_ascension_mode":true,"campfire_choices":[{"floor":7.0,"key":"REST"},{"data":"Secret Weapon","floor":15.0,"key":"SMITH"}],"circlet_count":0,"master_deck":["AscendersBane","Strike_G","Strike_G","Strike_G","Strike_G","Strike_G","Defend_G","Defend_G","Defend_G","Defend_G","Defend_G","Survivor","Neutralize","Terror","Eviscerate","Masterful Stab","Prepared","Blur","FlyingSleeves","Unload","Secret Weapon+1","Tools of the Trade","Panacea","Cold Snap"],"relics":["Ring of the Snake","Centennial Puzzle","Matryoshka","CeramicFish","Happy Flower","Paper Crane","PrismaticShard","Omamori","Cursed Key"],"acts_visited":["Exordium","TheCity"],"potions_floor_usage":[20],"damage_taken":[{"damage":6.0,"enemies":"Cultist","floor":1.0,"turns":3.0},{"damage":6.0,"enemies":"Small Slimes","floor":2.0,"turns":4.0},{"damage":0.0,"enemies":"Jaw Worm","floor":3.0,"turns":4.0},{"damage":37.0,"enemies":"Lagavulin","floor":6.0,"turns":8.0},{"damage":12.0,"enemies":"Exordium Thugs","floor":10.0,"turns":2.0},{"damage":1.0,"enemies":"Lots of Slimes","floor":12.0,"turns":6.0},{"damage":1.0,"enemies":"Looter","floor":13.0,"turns":2.0},{"damage":6.0,"enemies":"Gremlin Nob","floor":14.0,"turns":3.0},{"damage":44,"enemies":"Hexaghost","floor":16,"turns":11},{"damage":24,"enemies":"Chosen","floor":18,"turns":4},{"damage":6,"enemies":"Spheric Guardian","floor":20,"turns":3},{"damage":25,"enemies":"Cultist and Chosen","floor":21,"turns":5}],"seed_played":"-4209070134849485584","potions_obtained":[{"floor":3.0,"key":"SpeedPotion"},{"floor":6.0,"key":"Weak Potion"},{"floor":10.0,"key":"LiquidBronze"},{"floor":12.0,"key":"FairyPotion"},{"floor":18,"key":"CunningPotion"}],"is_trial":false,"path_per_floor":["M","M","M","?","$","E","R","?","T","M","$","M","M","E","R","B",null,"M","?","M","M"],"character_chosen":"THE_SILENT","items_purchased":["Prepared","PrismaticShard"],"campfire_rested":1,"item_purchase_floors":[5,11],"current_hp_per_floor":[53,47,47,42,42,5,24,46,46,34,34,33,32,26,26,3,50,26,20,14,0,0],"gold":247,"neow_bonus":"RANDOM_COMMON_RELIC","is_daily":false,"chose_seed":false,"campfire_upgraded":1,"win_rate":0.0,"timestamp":1610353706,"path_taken":["M","?","M","?","$","E","R","?","T","M","$","M","?","E","R","BOSS","M","?","M","?"],"items_purchased_type":["Card","Relic"],"build_version":"2020-12-18","purchased_purges":0,"victory":false,"max_hp_per_floor":[66,66,66,66,66,66,66,66,66,66,66,66,66,66,66,66,66,66,66,66,66,66],"card_choices":[{"not_picked":["Outmaneuver","Dodge and Roll"],"picked":"Terror","floor":1.0},{"not_picked":["Blur","Finisher"],"picked":"Eviscerate","floor":2.0},{"not_picked":["Expertise","Finisher"],"picked":"Masterful Stab","floor":3.0},{"not_picked":["Flying Knee","Distraction","Bane"],"picked":"SKIP","floor":6.0},{"not_picked":["Deflect","Deadly Poison"],"picked":"Blur","floor":10.0},{"not_picked":["Cleave","Pommel Strike"],"picked":"FlyingSleeves","floor":12.0},{"not_picked":["EmptyFist","Dark Embrace"],"picked":"Unload","floor":13.0},{"not_picked":["Fasting2","Deflect"],"picked":"Secret Weapon","floor":14.0},{"not_picked":["Electrodynamics","Brilliance"],"picked":"Tools of the Trade","floor":16},{"not_picked":["Poisoned Stab","Prepared"],"picked":"Panacea","floor":18},{"not_picked":["Pommel Strike+1","Dagger Throw"],"picked":"Cold Snap","floor":20}],"player_experience":3176041,"relics_obtained":[{"floor":6.0,"key":"CeramicFish"},{"floor":9.0,"key":"Happy Flower"},{"floor":9.0,"key":"Paper Crane"},{"floor":14.0,"key":"Omamori"}],"event_choices":[{"damage_healed":0.0,"max_hp_gain":0.0,"max_hp_loss":0.0,"gold_gain":0.0,"event_name":"Scrap Ooze","player_choice":"Success","floor":4.0,"gold_loss":0.0,"damage_taken":5.0,"relics_obtained":["Matryoshka"]},{"damage_healed":22.0,"max_hp_gain":0.0,"max_hp_loss":0.0,"gold_gain":0.0,"event_name":"Big Fish","player_choice":"Banana","floor":8.0,"gold_loss":0.0,"damage_taken":0.0},{"damage_healed":0,"gold_gain":0,"player_choice":"","damage_taken":6,"max_hp_gain":0,"max_hp_loss":0,"event_name":"Knowing Skull","floor":19,"potions_obtained":[],"gold_loss":0,"cards_obtained":[]}],"is_beta":true,"boss_relics":[{"not_picked":["Ectoplasm","Coffee Dripper"],"picked":"Cursed Key"}],"items_purged_floors":[],"is_endless":false,"potions_floor_spawned":[3,6,10,12,18],"killed_by":"Cultist and Chosen","ascension_level":20}}