{"host":"hdafziggwnbzqpcb","time":1610335847,"event":{"mods":["BaseMod","Bestiary","Better Altar","Better Match","Better Note","Better Third Choice","Better Vampires","Colored Map","Colored Powertips","Curses Come First","Duelist Mod","GifTheSpireLib","Hero for Fun","Melee Mod","Minty Spire (QoL Compilation)","Quick Restart","Rare Cards Sparkle","Relic Stats","Spicy Shops","StSLib","Td1madao Mod","The Bug Knight","The Construct","The Cursed","The Kombatant","The Marked","The Runesmith","The Saiyan","The Senshi","The Servant 0.9.4","The Wild Card","TheHero"],"gold_per_floor":[114,39,54,69,84,84,159,174,174,174,189,39,54,69,69,169,219,234,159,59,74,74,74,89,269,344,344,344],"floor_reached":27,"playtime":1742,"items_purged":["theWildCard:StalwartBlade","theWildCard:CryOfAgony"],"score":282,"play_id":"119af1e3-b591-4321-a913-f2a5d367cd92","local_time":"20210110193047","daily_mods":["Insanity","Red Cards","Binary"],"is_ascension_mode":false,"campfire_choices":[{"floor":6.0,"key":"REST"},{"data":"theWildCard:Alice","floor":15.0,"key":"SMITH"},{"data":"theWildCard:Satanael","floor":23.0,"key":"SMITH"}],"circlet_count":0,"master_deck":["theWildCard:Scathach","theWildCard:SeveringSlash","theWildCard:ArcaneArts","theWildCard:EnergizedStroke","theWildCard:StingingStrike","theWildCard:ManOfManyFaces","theWildCard:Patience","theWildCard:Salvation","theWildCard:StingingStrike","theWildCard:SacrificialStroke","theWildCard:MagicMettle","theWildCard:PowerOfTheArcana","theWildCard:StalwartBlade","theWildCard:MaskChange","theWildCard:TheGreatSeal","theWildCard:SeveringSlash","theWildCard:MagicalMight","theWildCard:Patience","theWildCard:Sakuya","theWildCard:ArchaicAssault","theWildCard:SeveringSlash","theWildCard:MasterPlan","theWildCard:IdentityTheft","theWildCard:StalwartBlade","theWildCard:SeveringSlash","theWildCard:ArcaneArts","theWildCard:Michael","theWildCard:Proficiency","theWildCard:StingingStrike","theWildCard:TheGreatSeal","theWildCard:Unburden","theWildCard:Patience+1","theWildCard:StalwartBlade","theWildCard:PaleRider","theWildCard:SeveringSlash","theWildCard:BladeOfGenerations","theWildCard:Safeguard","theWildCard:Proficiency","theWildCard:Alice+1","theWildCard:SeveringSlash","theWildCard:MaskChange","theWildCard:PaleRider","theWildCard:StingingStrike","theWildCard:ManOfManyFaces","theWildCard:StingingStrike","theWildCard:SeveringSlash","theWildCard:Satanael+1"],"relics":["theWildCard:VelvetContract","Ornamental Fan","theSenshi:FeatherClipsRelic","Medical Kit","Tiny House","Mercury Hourglass"],"acts_visited":["Exordium","TheCity"],"potions_floor_usage":[],"damage_taken":[{"damage":0.0,"enemies":"Cultist","floor":1.0,"turns":2.0},{"damage":11.0,"enemies":"Jaw Worm","floor":3.0,"turns":2.0},{"damage":5.0,"enemies":"2 Louse","floor":4.0,"turns":3.0},{"damage":13.0,"enemies":"Exordium Wildlife","floor":5.0,"turns":2.0},{"damage":0.0,"enemies":"3 Louse","floor":8.0,"turns":2.0},{"damage":9.0,"enemies":"Lots of Slimes","floor":11.0,"turns":3.0},{"damage":10.0,"enemies":"Looter","floor":13.0,"turns":3.0},{"damage":3.0,"enemies":"Blue Slaver","floor":14.0,"turns":2.0},{"damage":28.0,"enemies":"Hexaghost","floor":16.0,"turns":6.0},{"damage":20.0,"enemies":"2 Thieves","floor":18.0,"turns":3.0},{"damage":10.0,"enemies":"Shelled Parasite and Fungi","floor":21.0,"turns":5.0},{"damage":4.0,"enemies":"Snecko","floor":24.0,"turns":3.0},{"damage":0,"enemies":"Centurion and Healer","floor":27,"turns":1}],"seed_played":"-4486375853315586652","potions_obtained":[{"floor":1.0,"key":"CultistPotion"},{"floor":4.0,"key":"DistilledChaos"},{"floor":11.0,"key":"EntropicBrew"},{"floor":17.0,"key":"FairyPotion"}],"is_trial":false,"path_per_floor":["M","$","M","M","M","R","?","M","T","T","M","$","M","M","R","B",null,"M","?","$","M","?","R","M","?","T","M"],"character_chosen":"THE_WILD_CARD","items_purchased":["Medical Kit"],"campfire_rested":1,"item_purchase_floors":[12],"current_hp_per_floor":[60,60,49,44,31,49,38,38,38,38,35,35,37,40,40,18,65,51,51,51,47,47,47,49,30,30,30,30],"gold":344,"neow_bonus":"","is_daily":true,"chose_seed":false,"campfire_upgraded":2,"win_rate":0.0,"timestamp":1610335847,"path_taken":["M","$","M","?","M","R","?","M","T","?","?","$","M","M","R","BOSS","M","?","$","M","?","R","M","?","T","M"],"items_purchased_type":["Relic"],"build_version":"2020-12-22","purchased_purges":2,"victory":false,"max_hp_per_floor":[60,60,60,60,60,60,60,60,60,60,60,60,60,60,60,60,65,65,65,65,65,65,65,65,65,65,65,65],"relic_stats":{"counters":[13,37],"Ornamental Fan":[32],"Medical Kit":[0],"obtain_stats":[{"theWildCard:VelvetContract":0,"Tiny House":17,"Ornamental Fan":9,"theSenshi:FeatherClipsRelic":10,"Medical Kit":12,"Mercury Hourglass":26},{"theWildCard:VelvetContract":0,"Tiny House":9,"Ornamental Fan":5,"theSenshi:FeatherClipsRelic":5,"Medical Kit":6,"Mercury Hourglass":12},{"theWildCard:VelvetContract":0,"Tiny House":25,"Ornamental Fan":11,"theSenshi:FeatherClipsRelic":11,"Medical Kit":14,"Mercury Hourglass":36}],"Mercury Hourglass":[0]},"card_choices":[{"not_picked":["theWildCard:Proficiency","theWildCard:StingingStrike"],"picked":"SKIP","floor":1.0},{"not_picked":["theWildCard:MaskChange","theWildCard:EnergizedStroke"],"picked":"SKIP","floor":3.0},{"not_picked":["theWildCard:StalwartBlade","theWildCard:Michael"],"picked":"SKIP","floor":4.0},{"not_picked":["theWildCard:MagicMettle","theWildCard:StingingStrike"],"picked":"SKIP","floor":5.0},{"not_picked":["theWildCard:Polydeuces","theWildCard:EnergizedStroke"],"picked":"SKIP","floor":8.0},{"not_picked":["theWildCard:Michael","theWildCard:ArcaneArts"],"picked":"SKIP","floor":11.0},{"not_picked":["theWildCard:ArcaneArts","theWildCard:Unburden"],"picked":"SKIP","floor":13.0},{"not_picked":["theWildCard:Michael","theWildCard:SeveringSlash"],"picked":"SKIP","floor":14.0},{"not_picked":["theWildCard:FinalHour"],"picked":"theWildCard:Satanael","floor":16.0},{"not_picked":["theWildCard:PaleRider","theWildCard:BladeOfGenerations"],"picked":"SKIP","floor":18.0},{"not_picked":["theWildCard:ArcaneArts+1","theWildCard:Ruination"],"picked":"SKIP","floor":21.0},{"not_picked":["theWildCard:CryOfAgony","theWildCard:ManOfManyFaces"],"picked":"SKIP","floor":24.0}],"player_experience":711276,"relics_obtained":[{"floor":9.0,"key":"Ornamental Fan"},{"floor":10.0,"key":"theSenshi:FeatherClipsRelic"},{"floor":26.0,"key":"Mercury Hourglass"}],"event_choices":[{"damage_healed":0.0,"max_hp_gain":0.0,"max_hp_loss":0.0,"gold_gain":75.0,"event_name":"betterThird:BetterGoop","player_choice":"Gold","floor":7.0,"gold_loss":0.0,"damage_taken":11.0},{"cards_removed":["theWildCard:TheGreatSeal"],"damage_healed":0.0,"max_hp_gain":0.0,"max_hp_loss":0.0,"gold_gain":0.0,"event_name":"Beggar","player_choice":"Gave Gold","floor":19.0,"gold_loss":75.0,"damage_taken":0.0},{"cards_removed":["theWildCard:UnendingRitual"],"damage_healed":0.0,"max_hp_gain":0.0,"max_hp_loss":0.0,"gold_gain":0.0,"event_name":"betterThird:BetterWriting","player_choice":"Elegance","floor":22.0,"gold_loss":0.0,"damage_taken":0.0},{"damage_healed":0.0,"max_hp_gain":0.0,"max_hp_loss":0.0,"gold_gain":180.0,"event_name":"Knowing Skull","player_choice":"GOLD GOLD ","floor":25.0,"potions_obtained":[],"gold_loss":0.0,"damage_taken":19.0,"cards_obtained":[]}],"is_beta":false,"boss_relics":[{"not_picked":["SacredBark","Sozu"],"picked":"Tiny House"}],"items_purged_floors":[2,20],"is_endless":false,"potions_floor_spawned":[1,4,11,18],"killed_by":"Centurion and Healer","ascension_level":0}}