{"host":"5waj3nq586zfb9qv","time":1610364957,"event":{"mods":["BaseMod","Better Vampires","Colored Map","Colored Powertips","GifTheSpireLib","Highlight Path","Minty Spire (QoL Compilation)","Quick Restart","Shop Mod","StSLib","SuperFastMode","Waifu the Spire"],"gold_per_floor":[111,130,62,77,93,119,119,130,177,177,209,82,102,112,112,214,214,227,244,95,95,113,138,148,178,250,250,250,260,260,260],"floor_reached":30,"playtime":1584,"items_purged":["Strike_G","Strike_G"],"score":284,"play_id":"e3bc04bb-e3df-4875-a83e-fcdd6f8d3752","local_time":"20210111193557","is_ascension_mode":false,"campfire_choices":[{"data":"Blade Dance","floor":7.0,"key":"SMITH"},{"floor":10.0,"key":"REST"},{"data":"Cloak And Dagger","floor":15.0,"key":"SMITH"},{"data":"Blade Dance","floor":28.0,"key":"SMITH"}],"circlet_count":0,"master_deck":["Strike_G+1","Strike_G","Strike_G","Defend_G","Defend_G","Defend_G","Defend_G","Defend_G","Survivor","Neutralize+1","Blade Dance+1","Acrobatics","Bullet Time","Dagger Throw","Accuracy","Blade Dance","Backflip","Malaise","Cloak And Dagger+1","Reflex","Calculated Gamble","Night Terror","Footwork+1","Blade Dance+1","Leg Sweep","Masterful Stab+1","Tools of the Trade","Pain","PiercingWail+1"],"relics":["SacredBark","Snake Skull","Whetstone","InkBottle","Busted Crown","Bronze Scales","The Courier","Matryoshka","WarpedTongs"],"acts_visited":["Exordium","TheCity"],"potions_floor_usage":[],"damage_taken":[{"damage":1.0,"enemies":"Cultist","floor":1.0,"turns":4.0},{"damage":0.0,"enemies":"Small Slimes","floor":2.0,"turns":3.0},{"damage":0.0,"enemies":"2 Louse","floor":4.0,"turns":4.0},{"damage":1.0,"enemies":"Gremlin Gang","floor":5.0,"turns":5.0},{"damage":31.0,"enemies":"3 Sentries","floor":6.0,"turns":8.0},{"damage":5.0,"enemies":"2 Fungi Beasts","floor":8.0,"turns":3.0},{"damage":7.0,"enemies":"Gremlin Nob","floor":11.0,"turns":3.0},{"damage":4.0,"enemies":"Blue Slaver","floor":13.0,"turns":3.0},{"damage":12.0,"enemies":"3 Louse","floor":14.0,"turns":2.0},{"damage":10.0,"enemies":"Slime Boss","floor":16.0,"turns":9.0},{"damage":11.0,"enemies":"Shell Parasite","floor":18.0,"turns":5.0},{"damage":0.0,"enemies":"3 Byrds","floor":19.0,"turns":5.0},{"damage":12.0,"enemies":"Snake Plant","floor":22.0,"turns":6.0},{"damage":18.0,"enemies":"Gremlin Leader","floor":23.0,"turns":7.0},{"damage":12.0,"enemies":"Centurion and Healer","floor":24.0,"turns":5.0},{"damage":31.0,"enemies":"Slavers","floor":25.0,"turns":4.0},{"damage":12.0,"enemies":"Shelled Parasite and Fungi","floor":29.0,"turns":3.0},{"damage":17,"enemies":"Snake Plant","floor":30,"turns":2}],"seed_played":"7244997990289908861","potions_obtained":[{"floor":1.0,"key":"SpeedPotion"},{"floor":4.0,"key":"GamblersBrew"},{"floor":8.0,"key":"Block Potion"},{"floor":13.0,"key":"Block Potion"},{"floor":16.0,"key":"EssenceOfSteel"},{"floor":18.0,"key":"FairyPotion"},{"floor":22.0,"key":"LiquidMemories"}],"is_trial":false,"path_per_floor":["M","M","$","M","M","E","R","M","T","R","E","$","M","M","R","B",null,"M","M","$","?","M","E","M","E","T","?","R","M","M"],"character_chosen":"THE_SILENT","items_purchased":["Bullet Time","Cloak And Dagger","Blade Dance"],"campfire_rested":1,"item_purchase_floors":[3,12,20],"current_hp_per_floor":[69,69,69,69,68,37,37,32,32,53,46,46,42,30,30,20,70,59,59,59,59,47,29,17,29,29,29,29,17,0,0],"gold":260,"neow_bonus":"BOSS_RELIC","is_daily":false,"chose_seed":false,"campfire_upgraded":3,"win_rate":0.0,"timestamp":1610364957,"path_taken":["M","M","$","M","M","E","R","M","T","R","E","?","M","M","R","BOSS","M","M","$","?","M","E","M","E","T","?","R","?","?"],"items_purchased_type":["Card","Card","Card"],"build_version":"2020-12-22","purchased_purges":2,"victory":false,"max_hp_per_floor":[70,70,70,70,70,70,70,70,70,70,70,70,70,70,70,70,70,70,70,70,70,70,70,70,70,70,70,70,70,70,70],"card_choices":[{"not_picked":["Reflex","Bane"],"picked":"Blade Dance","floor":1.0},{"not_picked":["Predator","Tactician"],"picked":"Acrobatics","floor":2.0},{"not_picked":["Outmaneuver","Slice"],"picked":"Dagger Throw","floor":4.0},{"not_picked":["Expertise","Backstab"],"picked":"Accuracy","floor":5.0},{"not_picked":["Dagger Throw","Reflex"],"picked":"Blade Dance","floor":6.0},{"not_picked":["Dagger Spray","Quick Slash"],"picked":"Backflip","floor":8.0},{"not_picked":["Backstab","Bane"],"picked":"Malaise","floor":11.0},{"not_picked":["Dash","Deadly Poison"],"picked":"Reflex","floor":13.0},{"not_picked":["Underhanded Strike","Poisoned Stab"],"picked":"Calculated Gamble","floor":14.0},{"not_picked":["Malaise","Die Die Die"],"picked":"Night Terror","floor":16.0},{"not_picked":["Dagger Spray"],"picked":"SKIP","floor":18.0},{"not_picked":[],"picked":"Footwork+1","floor":19.0},{"not_picked":[],"picked":"Leg Sweep","floor":22.0},{"not_picked":[],"picked":"Masterful Stab+1","floor":23.0},{"not_picked":["Bane"],"picked":"SKIP","floor":24.0},{"not_picked":[],"picked":"Tools of the Trade","floor":25.0},{"not_picked":[],"picked":"PiercingWail+1","floor":29.0}],"player_experience":19311,"relics_obtained":[{"floor":6.0,"key":"Snake Skull"},{"floor":9.0,"key":"Whetstone"},{"floor":11.0,"key":"InkBottle"},{"floor":23.0,"key":"Bronze Scales"},{"floor":25.0,"key":"The Courier"},{"floor":26.0,"key":"Matryoshka"}],"event_choices":[{"damage_healed":0.0,"max_hp_gain":0.0,"max_hp_loss":0.0,"gold_gain":0.0,"event_name":"Vampires","player_choice":"Ignored","floor":21.0,"gold_loss":0.0,"damage_taken":0.0},{"damage_healed":0.0,"max_hp_gain":0.0,"max_hp_loss":0.0,"gold_gain":0.0,"event_name":"Accursed Blacksmith","player_choice":"Rummage","floor":27.0,"gold_loss":0.0,"damage_taken":0.0,"relics_obtained":["WarpedTongs"],"cards_obtained":["Pain"]}],"is_beta":false,"boss_relics":[{"not_picked":["Snecko Eye","Black Star"],"picked":"Busted Crown"}],"items_purged_floors":[12,20],"is_endless":false,"potions_floor_spawned":[1,4,8,13,16,18,22],"killed_by":"Snake Plant","ascension_level":0}}