{"host":"bd3tl98ed0kk4173","time":1610394335,"event":{"mods":["Act Like it!","Aspiration","BaseMod","Better Altar","Better Match","Better Note","Better Sensory Stone","Better Skull","Better Third Choice","BetterRewards","CapriCore","Colored Map","Colored Powertips","Conspire","Downfall","Emptier Cage","Energized Spire","GifTheSpireLib","GungeonMod","Halation","HexUI Lib","Highlight Path","Hubris","Infinite Spire","Jorbs\u0027s Wanderer Trilogy","Keyboard Shortcuts","Lobotomy","LobotomyExtend","Mad Scientist","Minty Spire (QoL Compilation)","Permanent Neow","Quick Restart","Rare Cards Sparkle","Relic Sorter","Replay The Spire","SacredBarkPlus","Shade Mod","Spicy Shops","StSLib","The Animator","The Blackbeard","The Blue Laboratory","The Elementalist","The Factory","The Hayseed","The Hierophant","The Runesmith","TheVacant","vexMod"],"gold_per_floor":[116,116,133,153,9,9,9,9,32,45,45,45,45,45,45,70,70,168,168,180,193,193,213,229,229,249,249,249,249,249,268,268,281,281,281,281],"floor_reached":35,"playtime":2109,"items_purged":["DemoMod:Strike_Huntress"],"score":338,"play_id":"59f97b50-c5bd-4ca2-9a78-063e54f32b41","local_time":"20210111144535","is_ascension_mode":true,"campfire_choices":[{"data":"DemoMod:CrossBow","floor":6.0,"key":"SMITH"},{"data":"DemoMod:BlackBlade","floor":8.0,"key":"SMITH"},{"data":"DemoMod:RustySidearm","floor":15,"key":"SMITH"},{"data":"DemoMod:Roll","floor":17,"key":"SMITH"},{"data":"DemoMod:BulletBore","floor":25,"key":"SMITH"},{"data":"DemoMod:ManualReload","floor":27,"key":"SMITH"},{"floor":29,"key":"REST"},{"floor":34,"key":"REST"}],"circlet_count":0,"master_deck":["DemoMod:Strike_Huntress+1","DemoMod:Strike_Huntress+1","DemoMod:Defend_Huntress+1","DemoMod:Defend_Huntress+1","DemoMod:Defend_Huntress+1","DemoMod:Defend_Huntress+1","DemoMod:Roll+1","DemoMod:ManualReload+1","DemoMod:RustySidearm+1","DemoMod:CrossBow+1","Wellcheers","DemoMod:WhiteBlade+1","DemoMod:BlackBlade+1","DemoMod:Ejector+1","DemoMod:BulletBore+1","DemoMod:TeaPot+1","DemoMod:ConditionalReflex+1","VoidDream","DemoMod:HuntsMan+1","Yin","DemoMod:MachoBrace+1","DemoMod:GunShield"],"relics":["DemoMod:Dog","halation:PinkSoulGem","DemoMod:MeatBun","CogitoBucket","LetterFromLob","War Paint","ReplayTheSpireMod:TigerMarble","Potion Belt","DemoMod:VorpalBullet","halation:HeavySnake","Bird Faced Urn","halation:ForbiddenBikini","infinitespire:CheckeredPen","hubris:SlimyHat","DemoMod:MonsterBlood"],"acts_visited":["Exordium","TheCity"],"potions_floor_usage":[20,31,35,35],"damage_taken":[{"damage":3.0,"enemies":"Small Slimes","floor":1.0,"turns":3.0},{"damage":1.0,"enemies":"Jaw Worm","floor":3.0,"turns":2.0},{"damage":0.0,"enemies":"2 Louse","floor":4.0,"turns":2.0},{"damage":0,"enemies":"Exordium Thugs","floor":10,"turns":2},{"damage":0,"enemies":"Slime Boss","floor":18,"turns":4},{"damage":24,"enemies":"Chosen","floor":20,"turns":5},{"damage":6,"enemies":"2 Thieves","floor":21,"turns":2},{"damage":17,"enemies":"Chosen and Byrds","floor":23,"turns":5},{"damage":0,"enemies":"Snecko","floor":24,"turns":1},{"damage":13,"enemies":"conspire:HollyBat","floor":26,"turns":5},{"damage":10,"enemies":"Centurion and Healer","floor":31,"turns":2},{"damage":0,"enemies":"Shelled Parasite and Fungi","floor":33,"turns":3},{"damage":54,"enemies":"Automaton","floor":35,"turns":9}],"seed_played":"6062457746566578663","potions_obtained":[{"floor":1.0,"key":"blueLaboratory:HorrorPotion"},{"floor":4.0,"key":"blueLaboratory:PhilterOfMotion"},{"floor":10,"key":"EssenceOfSteel"},{"floor":20,"key":"SteroidPotion"},{"floor":26,"key":"blueLaboratory:FrostheartPotion"},{"floor":31,"key":"blueLaboratory:Moonshine"}],"is_trial":false,"path_per_floor":["M","?","M","M","$","R","?","R","T","M","?","PTL","PTL","$","R","T","R","B",null,"M","M","AVR","M","M","R","M","R","T","R","?","M","?","M","R","B"],"character_chosen":"HUNTRESS","items_purchased":["DemoMod:MeatBun"],"campfire_rested":2,"item_purchase_floors":[5],"current_hp_per_floor":[67,50,49,49,63,63,63,63,63,63,63,63,63,63,63,63,63,63,70,46,40,40,23,25,25,12,12,12,33,33,23,23,30,53,0,0],"gold":281,"neow_bonus":"","is_daily":false,"chose_seed":false,"campfire_upgraded":6,"win_rate":0.0,"timestamp":1610394335,"path_taken":["M","?","M","M","$","R","?","R","T","M","?","PTL","PTL","$","R","?","R","BOSS","M","M","AVR","M","M","R","?","R","T","R","?","M","?","M","R","BOSS"],"items_purchased_type":["Relic"],"build_version":"2020-12-22","purchased_purges":1,"victory":false,"max_hp_per_floor":[70,70,70,70,70,70,70,70,70,70,70,70,70,70,70,70,70,70,70,70,70,70,70,70,70,70,70,70,70,70,70,70,77,77,77,77],"card_choices":[{"not_picked":["Murderer","CherryBlossoms"],"picked":"Wellcheers","floor":1.0},{"not_picked":["DemoMod:GunShield","DemoMod:HuntsMan"],"picked":"DemoMod:DirectionalPad","floor":1.0},{"not_picked":["DemoMod:HungryBullets","DemoMod:PotionOfGunFriendShip"],"picked":"DemoMod:Ejector","floor":3.0},{"not_picked":["DemoMod:BoxingGlove","DemoMod:EasyReloadBullets","DemoMod:Unity"],"picked":"SKIP","floor":4.0},{"not_picked":["DemoMod:HuntsMan","DemoMod:GunstockTap","DemoMod:Polaris"],"picked":"SKIP","floor":10},{"not_picked":["DemoMod:FightSabre","DemoMod:SuppressiveFire"],"picked":"DemoMod:BulletBore","floor":18},{"not_picked":["DemoMod:SAA","DemoMod:MegaHand"],"picked":"DemoMod:TeaPot","floor":20},{"not_picked":["DemoMod:DirectionalPad+1","DemoMod:Unmoved"],"picked":"DemoMod:ConditionalReflex+1","floor":21},{"not_picked":["BigBird","SnowQueen"],"picked":"VoidDream","floor":23},{"not_picked":["DemoMod:DoubleSwitch","DemoMod:StickyCrossBow"],"picked":"DemoMod:HuntsMan+1","floor":23},{"not_picked":["Mercenary","DespairKnight","Laetitia"],"picked":"Singing Bowl","floor":24},{"not_picked":["Scarecrow","SingingMachine"],"picked":"Yin","floor":24},{"not_picked":["DemoMod:AWP","DemoMod:AC15+1","DemoMod:HuntsMan+1"],"picked":"SKIP","floor":24},{"not_picked":["DemoMod:TripleGun","DemoMod:BalloonGun","DemoMod:HuntsMan"],"picked":"SKIP","floor":26},{"not_picked":["DemoMod:Ejector","DemoMod:TeaPot"],"picked":"DemoMod:MachoBrace+1","floor":31},{"not_picked":["DemoMod:BoxingGlove","DemoMod:Purify"],"picked":"DemoMod:GunShield","floor":33}],"player_experience":135657,"relics_obtained":[{"floor":1.0,"key":"LetterFromLob"},{"floor":9.0,"key":"ReplayTheSpireMod:TigerMarble"},{"floor":16,"key":"Potion Belt"},{"floor":18,"key":"DemoMod:VorpalBullet"},{"floor":23,"key":"infinitespire:CheckeredPen"},{"floor":28,"key":"hubris:SlimyHat"},{"floor":33,"key":"DemoMod:MonsterBlood"}],"event_choices":[],"is_beta":false,"boss_relics":[{"not_picked":["halation:Prosthetics","energizedSpire:NeverEndingSparkler"],"picked":"halation:HeavySnake"}],"items_purged_floors":[22],"is_endless":false,"potions_floor_spawned":[1,4,10,20,26,31],"killed_by":"Automaton","ascension_level":1}}