{"host":"uflv0e3ja7hvnij7","time":1610368544,"event":{"mods":["BaseMod","Better Altar","Better Match","Better Note","Better Sensory Stone","Better Skull","Better Third Choice","Marisa????????","Minty Spire (QoL Compilation)","Permanent Neow","Replay The Spire","StSLib"],"gold_per_floor":[115,228,238,254,254,254,254,254,254,271,300,218,234,266,266,366,366],"floor_reached":16,"playtime":743,"items_purged":[],"score":294,"play_id":"5eb9d4bd-9764-4711-83ea-8b47c92152fa","local_time":"20210111073544","is_ascension_mode":true,"campfire_choices":[{"data":"BattleHymn","floor":6,"key":"SMITH"},{"data":"Establishment","floor":8,"key":"SMITH"},{"floor":15,"key":"REST"}],"circlet_count":0,"master_deck":["Strike_P","Strike_P","Strike_P","Defend_P","Defend_P","Eruption","Vigilance","Replay:Hum","FlurryOfBlows","BattleHymn+1","Replay:Cycle","Establishment+1","ClearTheMind","Adaptation","Panacea","DeceiveReality","DeusExMachina"],"relics":["PureWater","Replay:Arrowhead","Replay:Mystery Machine","Frozen Egg 2"],"acts_visited":["Exordium"],"potions_floor_usage":[13],"damage_taken":[{"damage":0,"enemies":"Small Slimes","floor":1,"turns":2},{"damage":0,"enemies":"Jaw Worm","floor":3,"turns":3},{"damage":0,"enemies":"Cultist","floor":4,"turns":2},{"damage":12,"enemies":"3 Louse","floor":10,"turns":3},{"damage":14,"enemies":"3 Sentries","floor":11,"turns":4},{"damage":20,"enemies":"Lots of Slimes","floor":13,"turns":3},{"damage":3,"enemies":"Lagavulin","floor":14,"turns":5},{"damage":0,"enemies":"Slime Boss","floor":16,"turns":4}],"seed_played":"5411795771124405942","potions_obtained":[{"floor":1,"key":"SpeedPotion"},{"floor":10,"key":"Energy Potion"},{"floor":13,"key":"Swift Potion"}],"is_trial":false,"path_per_floor":["M","?","M","M","?","R","?","R","T","M","E","$","M","E","R","B"],"character_chosen":"WATCHER","items_purchased":["Panacea"],"campfire_rested":1,"item_purchase_floors":[12],"current_hp_per_floor":[65,65,65,65,58,58,58,58,58,46,32,32,12,9,30,30,30],"gold":366,"neow_bonus":"REMOVE_CARD","is_daily":false,"chose_seed":false,"campfire_upgraded":2,"win_rate":0.0,"timestamp":1610368544,"path_taken":["M","?","?","M","?","R","?","R","T","M","E","$","M","E","R","BOSS"],"items_purchased_type":["Card"],"build_version":"2020-12-22","purchased_purges":0,"victory":false,"max_hp_per_floor":[72,72,72,72,72,72,72,72,72,72,72,72,72,72,72,72,72],"card_choices":[{"not_picked":["SashWhip","Evaluate"],"picked":"Replay:Hum","floor":1},{"not_picked":["Halt","Prostrate"],"picked":"FlurryOfBlows","floor":2},{"not_picked":["CutThroughFate","Worship"],"picked":"BattleHymn","floor":2},{"not_picked":["PathToVictory","ReachHeaven"],"picked":"Replay:Cycle","floor":2},{"not_picked":["BowlingBash","Replay:ManipulateFuture"],"picked":"Establishment","floor":3},{"not_picked":["Replay:DivineShield","SignatureMove"],"picked":"ClearTheMind","floor":4},{"not_picked":["WheelKick","Weave","Replay:ManipulateFuture"],"picked":"SKIP","floor":10},{"not_picked":["BattleHymn","Replay:ManipulateFuture"],"picked":"Adaptation","floor":11},{"not_picked":["Replay:BluntJabs","FlyingSleeves"],"picked":"DeceiveReality","floor":13},{"not_picked":["FlyingSleeves","LessonLearned"],"picked":"DeusExMachina","floor":14}],"player_experience":552369,"relics_obtained":[{"floor":9,"key":"Replay:Arrowhead"},{"floor":11,"key":"Replay:Mystery Machine"},{"floor":14,"key":"Frozen Egg 2"}],"event_choices":[{"cards_removed":["Strike_P"],"damage_healed":0,"gold_gain":0,"player_choice":"Card Removal","damage_taken":7,"max_hp_gain":0,"max_hp_loss":0,"event_name":"Golden Wing","floor":5,"gold_loss":0},{"cards_removed":["Defend_P"],"damage_healed":0,"gold_gain":0,"player_choice":"Purged","damage_taken":0,"max_hp_gain":0,"max_hp_loss":0,"event_name":"Purifier","floor":7,"gold_loss":0}],"is_beta":false,"boss_relics":[],"items_purged_floors":[],"is_endless":false,"potions_floor_spawned":[1,10,13],"killed_by":"Slime Boss","ascension_level":8}}