{"host":"gzk4gkgy3zij1c51","time":1610337927,"event":{"mods":["BaseMod","Colored Map","Highlight Path","Marked Mod","Minty Spire (QoL Compilation)","Relic Stats","StSLib","everything is the same but u backflip on backflip"],"gold_per_floor":[115,115,90,108,120,120,155,155,228,253,253,274,325,342,342,452,452,473,473,469,469,484,519,539,539,539,552,105,142,142,164,164,271,271,297,234,263,277,125,161,161,180,248,270,310,320,379,679,679,679],"floor_reached":51,"playtime":5722,"items_purged":[],"score":826,"play_id":"448e013e-eb2d-4048-8aa3-6764ecf4aa41","local_time":"20210111040527","daily_mods":["SealedDeck"],"is_ascension_mode":false,"campfire_choices":[{"data":"Fasting2","floor":6.0,"key":"SMITH"},{"data":"EmptyBody","floor":11.0,"key":"SMITH"},{"data":"Perseverance","floor":15.0,"key":"SMITH"},{"data":"MarkedMod:OneThousandNeedles","floor":25,"key":"SMITH"},{"data":"Bandage Up","floor":30,"key":"SMITH"},{"data":"MarkedMod:ChiBlock","floor":32,"key":"SMITH"},{"data":"MarkedMod:FirstStrike","floor":41,"key":"SMITH"},{"floor":49,"key":"REST"}],"circlet_count":0,"master_deck":["FlyingSleeves","EmptyBody+1","Fasting2+1","Perseverance+1","ThirdEye","Prostrate","PathToVictory","MarkedMod:FirstStrike+1","MarkedMod:Acupuncture","MarkedMod:GracefulMovements+1","Prostrate+1","Consecrate","JustLucky","Wireheading","DeceiveReality","Prostrate","JustLucky","MarkedMod:ChiBlock+1","Swivel+1","MarkedMod:OneThousandNeedles+1","MarkedMod:OneThousandNeedles+1","Bandage Up+1","FearNoEvil","MarkedMod:ChiBlock+1","WaveOfTheHand","MasterReality","Wireheading+1","CutThroughFate+1","EmptyFist","FlurryOfBlows+1","Brilliance","ThirdEye+1"],"relics":["HolyWater","CeramicFish","Pantograph","Sundial","Nunchaku","Black Star","Akabeko","Tiny Chest","Ice Cream","War Paint","Bag of Marbles","Mummified Hand","Oddly Smooth Stone","InkBottle","Chemical X","Yang","Smiling Mask","Gremlin Horn","Ancient Tea Set","CloakClasp","GoldenEye","Old Coin"],"acts_visited":["Exordium","TheCity","TheBeyond"],"potions_floor_usage":[22,29,37,46,50],"damage_taken":[{"damage":7.0,"enemies":"2 Louse","floor":1.0,"turns":3.0},{"damage":0.0,"enemies":"Cultist","floor":4.0,"turns":4.0},{"damage":2.0,"enemies":"Jaw Worm","floor":5.0,"turns":4.0},{"damage":10.0,"enemies":"3 Sentries","floor":7.0,"turns":6.0},{"damage":10.0,"enemies":"Exordium Wildlife","floor":10.0,"turns":6.0},{"damage":5.0,"enemies":"Red Slaver","floor":12.0,"turns":6.0},{"damage":0.0,"enemies":"Large Slime","floor":14.0,"turns":5.0},{"damage":2.0,"enemies":"The Guardian","floor":16.0,"turns":9.0},{"damage":0.0,"enemies":"Chosen","floor":18.0,"turns":8.0},{"damage":14.0,"enemies":"2 Thieves","floor":20.0,"turns":5.0},{"damage":5,"enemies":"Shelled Parasite and Fungi","floor":22,"turns":5},{"damage":7,"enemies":"Book of Stabbing","floor":23,"turns":5},{"damage":14,"enemies":"Snake Plant","floor":24,"turns":3},{"damage":0,"enemies":"Sentry and Sphere","floor":27,"turns":3},{"damage":19,"enemies":"Slavers","floor":29,"turns":5},{"damage":0,"enemies":"Cultist and Chosen","floor":31,"turns":4},{"damage":0,"enemies":"Automaton","floor":33,"turns":5},{"damage":11,"enemies":"Orb Walker","floor":35,"turns":4},{"damage":5,"enemies":"3 Darklings","floor":37,"turns":3},{"damage":7,"enemies":"Maw","floor":38,"turns":5},{"damage":0,"enemies":"Reptomancer","floor":40,"turns":3},{"damage":3,"enemies":"Transient","floor":42,"turns":5},{"damage":16,"enemies":"Spire Growth","floor":44,"turns":4},{"damage":32,"enemies":"Nemesis","floor":45,"turns":7},{"damage":0,"enemies":"Jaw Worm Horde","floor":46,"turns":3},{"damage":12,"enemies":"2 Orb Walkers","floor":47,"turns":3},{"damage":22,"enemies":"Awakened One","floor":50,"turns":6}],"seed_played":"6369571881817997604","potions_obtained":[{"floor":1.0,"key":"Block Potion"},{"floor":5.0,"key":"PowerPotion"},{"floor":14.0,"key":"FairyPotion"},{"floor":18.0,"key":"SteroidPotion"},{"floor":20.0,"key":"BottledMiracle"},{"floor":29,"key":"BlessingOfTheForge"},{"floor":35,"key":"SkillPotion"},{"floor":40,"key":"SteroidPotion"},{"floor":42,"key":"CultistPotion"}],"is_trial":true,"path_per_floor":["M","?","$","M","M","R","E","?","T","M","R","M","T","M","R","B",null,"M","?","M","?","M","E","M","R","T","M","$","E","R","M","R","B",null,"M","?","M","M","$","E","R","M","T","M","E","M","?","T","R","B",null],"character_chosen":"WATCHER","items_purchased":["Consecrate","War Paint","Bandage Up","FearNoEvil","Bag of Marbles","Chemical X"],"campfire_rested":1,"item_purchase_floors":[3,28,28,28,28,39],"current_hp_per_floor":[65,65,65,65,63,63,53,50,50,40,40,35,35,35,35,58,72,72,59,45,45,40,33,19,19,19,19,19,27,27,33,33,58,77,71,71,72,70,70,76,76,73,73,61,35,35,23,23,46,55],"gold":679,"neow_bonus":"","is_daily":false,"chose_seed":false,"campfire_upgraded":7,"win_rate":0.0,"timestamp":1610337927,"path_taken":["M","?","$","M","?","R","E","?","T","M","R","M","?","?","R","BOSS","M","?","M","?","M","E","M","R","T","M","$","E","R","M","R","BOSS","M","?","M","M","$","E","R","M","T","M","E","?","?","?","R","BOSS"],"items_purchased_type":["Card","Relic","Card","Card","Relic","Relic"],"build_version":"2020-12-22","purchased_purges":0,"victory":true,"max_hp_per_floor":[72,72,72,72,72,72,72,72,72,72,72,72,72,72,72,72,72,72,77,77,77,77,77,77,77,77,77,77,77,77,77,77,77,77,77,77,77,77,77,77,77,77,77,77,77,77,77,77,77,77],"relic_stats":{"Gremlin Horn":[6,6],"counters":[27,129],"CeramicFish":162,"Yang":[54],"CloakClasp":[20],"War Paint":["MarkedMod:ChiBlock","Prostrate"],"Smiling Mask":0,"GoldenEye":[19],"Nunchaku":[13],"Sundial":[12],"Mummified Hand":[47],"Pantograph":75,"Tiny Chest":1,"Black Star":4,"Chemical X":[1],"obtain_stats":[{"Ice Cream":26,"Gremlin Horn":43,"CeramicFish":7,"Oddly Smooth Stone":29,"Yang":40,"CloakClasp":45,"War Paint":28,"Smiling Mask":40,"Ancient Tea Set":45,"GoldenEye":47,"Akabeko":23,"Old Coin":48,"Nunchaku":13,"Sundial":9,"Mummified Hand":29,"Pantograph":8,"HolyWater":34,"Tiny Chest":23,"Black Star":17,"Bag of Marbles":28,"Chemical X":39,"PureWater":0,"InkBottle":36},{"Ice Cream":13,"Gremlin Horn":22,"CeramicFish":4,"Oddly Smooth Stone":15,"Yang":21,"CloakClasp":24,"War Paint":14,"Smiling Mask":21,"Ancient Tea Set":24,"GoldenEye":26,"Akabeko":12,"Old Coin":26,"Nunchaku":6,"Sundial":4,"Mummified Hand":15,"Pantograph":4,"HolyWater":17,"Tiny Chest":12,"Black Star":8,"Bag of Marbles":14,"Chemical X":20,"PureWater":0,"InkBottle":18},{"Ice Cream":69,"Gremlin Horn":106,"CeramicFish":17,"Oddly Smooth Stone":77,"Yang":101,"CloakClasp":117,"War Paint":72,"Smiling Mask":101,"Ancient Tea Set":117,"GoldenEye":123,"Akabeko":66,"Old Coin":123,"Nunchaku":29,"Sundial":17,"Mummified Hand":77,"Pantograph":17,"HolyWater":86,"Tiny Chest":66,"Black Star":43,"Bag of Marbles":72,"Chemical X":98,"PureWater":0,"InkBottle":90}],"InkBottle":[33]},"card_choices":[{"not_picked":["PathToVictory","Swivel"],"picked":"Prostrate","floor":1.0},{"not_picked":["Halt","FlyingSleeves"],"picked":"JustLucky","floor":4.0},{"not_picked":["CutThroughFate","Swivel"],"picked":"Wireheading","floor":5.0},{"not_picked":["Vengeance","Halt"],"picked":"DeceiveReality","floor":7.0},{"not_picked":["EmptyFist","MarkedMod:FirstStrike"],"picked":"Prostrate","floor":10.0},{"not_picked":["WheelKick","EmptyBody"],"picked":"JustLucky","floor":12.0},{"not_picked":["MarkedMod:Acupuncture","EmptyBody","DeceiveReality"],"picked":"SKIP","floor":14.0},{"not_picked":["Devotion","DeusExMachina"],"picked":"MarkedMod:ChiBlock","floor":16.0},{"not_picked":["FlyingSleeves","ClearTheMind"],"picked":"Swivel+1","floor":18.0},{"not_picked":["Halt","Evaluate"],"picked":"MarkedMod:OneThousandNeedles+1","floor":20.0},{"not_picked":["CrushJoints","Study","MarkedMod:Acupuncture"],"picked":"SKIP","floor":22},{"not_picked":["SignatureMove","SpiritShield"],"picked":"MarkedMod:OneThousandNeedles","floor":23},{"not_picked":["Prostrate+1","MarkedMod:FirstStrike","JustLucky"],"picked":"SKIP","floor":24},{"not_picked":["InnerPeace","Wireheading","FlurryOfBlows+1"],"picked":"SKIP","floor":27},{"not_picked":["Halt","Protect"],"picked":"MarkedMod:ChiBlock","floor":29},{"not_picked":["MentalFortress","FearNoEvil"],"picked":"WaveOfTheHand","floor":31},{"not_picked":["Vault","Blasphemy"],"picked":"MasterReality","floor":33},{"not_picked":["WaveOfTheHand+1","Meditate+1"],"picked":"Wireheading+1","floor":35},{"not_picked":["Protect","Prostrate+1"],"picked":"CutThroughFate+1","floor":37},{"not_picked":["CarveReality","FlyingSleeves","CutThroughFate+1"],"picked":"SKIP","floor":38},{"not_picked":["Weave+1","JustLucky"],"picked":"EmptyFist","floor":40},{"not_picked":["CrushJoints+1","Study+1","Indignation+1"],"picked":"SKIP","floor":42},{"not_picked":["WaveOfTheHand+1","CutThroughFate"],"picked":"FlurryOfBlows+1","floor":44},{"not_picked":["Protect","Halt"],"picked":"Brilliance","floor":45},{"not_picked":["SashWhip+1","JustLucky","Prostrate+1"],"picked":"SKIP","floor":46},{"not_picked":["CrushJoints+1","MarkedMod:Acupuncture"],"picked":"ThirdEye+1","floor":47}],"player_experience":575517,"relics_obtained":[{"floor":7.0,"key":"CeramicFish"},{"floor":9.0,"key":"Sundial"},{"floor":13.0,"key":"Nunchaku"},{"floor":23,"key":"Akabeko"},{"floor":23,"key":"Tiny Chest"},{"floor":26,"key":"Ice Cream"},{"floor":29,"key":"Mummified Hand"},{"floor":29,"key":"Oddly Smooth Stone"},{"floor":40,"key":"Yang"},{"floor":40,"key":"Smiling Mask"},{"floor":43,"key":"Gremlin Horn"},{"floor":45,"key":"Ancient Tea Set"},{"floor":45,"key":"CloakClasp"},{"floor":47,"key":"GoldenEye"},{"floor":48,"key":"Old Coin"}],"event_choices":[{"damage_healed":0.0,"max_hp_gain":0.0,"max_hp_loss":0.0,"gold_gain":0.0,"event_name":"Upgrade Shrine","player_choice":"Upgraded","floor":2.0,"gold_loss":0.0,"damage_taken":0.0,"cards_upgraded":["MarkedMod:GracefulMovements"]},{"damage_healed":0.0,"max_hp_gain":0.0,"max_hp_loss":0.0,"gold_gain":0.0,"event_name":"Scrap Ooze","player_choice":"Success","floor":8.0,"gold_loss":0.0,"damage_taken":3.0,"relics_obtained":["Pantograph"]},{"damage_healed":0.0,"max_hp_gain":5.0,"max_hp_loss":0.0,"gold_gain":0.0,"event_name":"Forgotten Altar","player_choice":"Shed Blood","floor":19.0,"gold_loss":0.0,"damage_taken":18.0},{"damage_healed":0,"gold_gain":0,"player_choice":"Ignored","damage_taken":0,"max_hp_gain":0,"max_hp_loss":0,"event_name":"Beggar","floor":21,"gold_loss":0},{"damage_healed":0,"gold_gain":0,"player_choice":"Paid Gold","damage_taken":0,"relics_obtained":["InkBottle"],"max_hp_gain":0,"max_hp_loss":0,"event_name":"WeMeetAgain","floor":36,"gold_loss":63},{"damage_healed":0,"gold_gain":0,"player_choice":"Fight","damage_taken":0,"max_hp_gain":0,"max_hp_loss":0,"event_name":"Mysterious Sphere","floor":47,"gold_loss":0}],"is_beta":false,"boss_relics":[{"not_picked":["Busted Crown","SacredBark"],"picked":"Black Star"},{"not_picked":["Coffee Dripper","Tiny House"],"picked":"HolyWater"}],"items_purged_floors":[],"is_endless":false,"potions_floor_spawned":[1,5,14,18,20,29,35,40,42],"ascension_level":0}}