{"host":"TheHustler","time":1610370659,"event":{"mods":["BaseMod","Block Reminder","Colored Map","Colored Powertips","Minty Spire (QoL Compilation)","Quick Restart","StSLib","SuperFastMode","Unceasing Turn Reminder"],"gold_per_floor":[119,119,137,147,164,164,179,214,240,270,270,289,301,70,70,172,172,188,188,88,100,100,100,100,100,100,133,147,170,170,195,195,296,296,314,333,383,401,421,421,112,125,125,125,143,143,143,178,178,178],"floor_reached":51,"playtime":1232,"items_purged":["Strike_R","Defend_R"],"score":727,"play_id":"9797c066-eee1-409b-a72f-41d2708cd37a","local_time":"20210111141059","is_ascension_mode":false,"campfire_choices":[{"data":"Body Slam","floor":6,"key":"SMITH"},{"data":"Shrug It Off","floor":11,"key":"SMITH"},{"data":"Entrench","floor":15,"key":"SMITH"},{"data":"Demon Form","floor":23,"key":"SMITH"},{"floor":25,"key":"REST"},{"floor":32,"key":"REST"},{"data":"Double Tap","floor":40,"key":"SMITH"},{"data":"Limit Break","floor":44,"key":"SMITH"},{"floor":47,"key":"REST"},{"floor":49,"key":"REST"}],"circlet_count":0,"master_deck":["Strike_R+1","Strike_R+1","Defend_R","Defend_R","Bash","Intimidate","Shockwave","Body Slam+1","Spot Weakness","Demon Form+1","Shrug It Off+1","Entrench+1","Shrug It Off+1","Fiend Fire","Thunderclap","Dual Wield+1","Shrug It Off+1","Iron Wave","Double Tap+1","Bloodletting+1","Headbutt+1","Rampage+1","Limit Break+1","Entrench+1","Battle Trance+1"],"relics":["Burning Blood","NeowsBlessing","Pantograph","Tiny Chest","Whetstone","DollysMirror","Empty Cage","Nilry\u0027s Codex","Mercury Hourglass","Toy Ornithopter","Vajra","Centennial Puzzle","Philosopher\u0027s Stone","Bird Faced Urn","Calipers","StrikeDummy","Frozen Egg 2","White Beast Statue"],"acts_visited":["Exordium","TheCity","TheBeyond"],"potions_floor_usage":[8,8,36,37,50,50,50],"damage_taken":[{"damage":0,"enemies":"Jaw Worm","floor":1,"turns":1},{"damage":0,"enemies":"2 Louse","floor":3,"turns":1},{"damage":0,"enemies":"Small Slimes","floor":4,"turns":1},{"damage":9,"enemies":"Looter","floor":5,"turns":4},{"damage":7,"enemies":"3 Louse","floor":7,"turns":4},{"damage":16,"enemies":"Lagavulin","floor":8,"turns":5},{"damage":28,"enemies":"Gremlin Nob","floor":10,"turns":5},{"damage":4,"enemies":"Gremlin Gang","floor":12,"turns":5},{"damage":4,"enemies":"Blue Slaver","floor":13,"turns":4},{"damage":35,"enemies":"Hexaghost","floor":16,"turns":10},{"damage":3,"enemies":"3 Byrds","floor":18,"turns":13},{"damage":36,"enemies":"Spheric Guardian","floor":21,"turns":7},{"damage":21,"enemies":"Book of Stabbing","floor":27,"turns":6},{"damage":6,"enemies":"Snecko","floor":28,"turns":5},{"damage":12,"enemies":"Gremlin Leader","floor":31,"turns":6},{"damage":39,"enemies":"Champ","floor":33,"turns":11},{"damage":25,"enemies":"3 Darklings","floor":35,"turns":5},{"damage":7,"enemies":"3 Shapes","floor":36,"turns":4},{"damage":0,"enemies":"Mind Bloom Boss Battle","floor":37,"turns":5},{"damage":10,"enemies":"Transient","floor":38,"turns":5},{"damage":19,"enemies":"Writhing Mass","floor":39,"turns":4},{"damage":38,"enemies":"Spire Growth","floor":42,"turns":5},{"damage":19,"enemies":"Sphere and 2 Shapes","floor":45,"turns":6},{"damage":16,"enemies":"Giant Head","floor":48,"turns":7},{"damage":43,"enemies":"Donu and Deca","floor":50,"turns":7}],"seed_played":"984915780697810857","potions_obtained":[{"floor":1,"key":"BloodPotion"},{"floor":3,"key":"Weak Potion"},{"floor":4,"key":"Fire Potion"},{"floor":18,"key":"EssenceOfSteel"},{"floor":21,"key":"Block Potion"},{"floor":36,"key":"Regen Potion"},{"floor":38,"key":"EssenceOfSteel"}],"is_trial":false,"path_per_floor":["M","?","M","M","M","R","M","E","T","E","R","M","M","$","R","B",null,"M","?","$","M","?","R","?","R","T","E","M","T","?","E","R","B",null,"M","M","?","M","M","R","$","M","T","R","M","T","R","E","R","B",null],"character_chosen":"IRONCLAD","items_purchased":["DollysMirror","Calipers"],"campfire_rested":4,"item_purchase_floors":[14,41],"current_hp_per_floor":[80,85,85,85,82,82,81,71,71,49,49,51,53,53,53,49,85,85,69,69,39,39,39,23,50,50,35,35,35,35,29,56,48,90,71,90,90,86,73,73,73,43,43,43,30,30,57,49,76,78],"gold":178,"neow_bonus":"THREE_ENEMY_KILL","is_daily":false,"chose_seed":false,"campfire_upgraded":6,"win_rate":0.0,"timestamp":1610370659,"path_taken":["M","?","M","M","M","R","M","E","T","E","R","M","M","$","R","BOSS","M","?","$","M","?","R","?","R","T","E","M","?","?","E","R","BOSS","M","?","?","M","M","R","$","M","T","R","M","?","R","E","R","BOSS"],"items_purchased_type":["Relic","Relic"],"build_version":"2020-12-18","purchased_purges":2,"victory":true,"max_hp_per_floor":[80,85,85,85,85,85,85,85,85,85,85,85,85,85,85,85,85,85,90,90,90,90,90,90,90,90,90,90,90,90,90,90,90,90,90,90,90,90,90,90,90,90,90,90,90,90,90,90,90,90],"card_choices":[{"not_picked":["Battle Trance","Heavy Blade"],"picked":"Intimidate","floor":1},{"not_picked":["Sword Boomerang","Clothesline"],"picked":"Shockwave","floor":3},{"not_picked":["True Grit","Wild Strike"],"picked":"Body Slam","floor":4},{"not_picked":["Clothesline","Havoc"],"picked":"Spot Weakness","floor":5},{"not_picked":["Sword Boomerang","Clash","Headbutt"],"picked":"SKIP","floor":7},{"not_picked":["Second Wind","Whirlwind"],"picked":"Demon Form","floor":8},{"not_picked":["Clothesline","Impervious"],"picked":"Shrug It Off","floor":10},{"not_picked":["True Grit","Body Slam","Twin Strike"],"picked":"SKIP","floor":12},{"not_picked":["Warcry","Rampage"],"picked":"Entrench","floor":13},{"not_picked":["Immolate","Bludgeon"],"picked":"Fiend Fire","floor":16},{"not_picked":["Clash","Heavy Blade"],"picked":"Thunderclap","floor":18},{"not_picked":["Power Through","Sword Boomerang"],"picked":"Dual Wield+1","floor":21},{"not_picked":["Sword Boomerang","Combust+1"],"picked":"Shrug It Off+1","floor":27},{"not_picked":["Warcry","Sword Boomerang","Heavy Blade"],"picked":"SKIP","floor":28},{"not_picked":["Havoc","Inflame","Shrug It Off"],"picked":"SKIP","floor":31},{"not_picked":["Demon Form","Corruption"],"picked":"Double Tap","floor":33},{"not_picked":["Perfected Strike+1","Metallicize"],"picked":"Bloodletting+1","floor":35},{"not_picked":["Anger","Pummel"],"picked":"Headbutt+1","floor":36},{"not_picked":["Headbutt+1","Battle Trance+1"],"picked":"Rampage+1","floor":37},{"not_picked":["Anger+1","Headbutt+1","Shrug It Off+1"],"picked":"SKIP","floor":38},{"not_picked":["Iron Wave+1","Wild Strike+1","Feel No Pain"],"picked":"SKIP","floor":39},{"not_picked":["Disarm+1","Sword Boomerang"],"picked":"Limit Break","floor":42},{"not_picked":["Sword Boomerang","Whirlwind+1"],"picked":"Entrench+1","floor":45},{"not_picked":["Burning Pact","Shrug It Off"],"picked":"Battle Trance+1","floor":48}],"player_experience":627298,"relics_obtained":[{"floor":8,"key":"Pantograph"},{"floor":9,"key":"Tiny Chest"},{"floor":10,"key":"Whetstone"},{"floor":24,"key":"Nilry\u0027s Codex"},{"floor":26,"key":"Mercury Hourglass"},{"floor":27,"key":"Toy Ornithopter"},{"floor":29,"key":"Vajra"},{"floor":31,"key":"Centennial Puzzle"},{"floor":37,"key":"Bird Faced Urn"},{"floor":43,"key":"StrikeDummy"},{"floor":46,"key":"Frozen Egg 2"},{"floor":48,"key":"White Beast Statue"}],"event_choices":[{"damage_healed":0,"gold_gain":0,"player_choice":"Donut","damage_taken":0,"max_hp_gain":5,"max_hp_loss":0,"event_name":"Big Fish","floor":2,"gold_loss":0},{"damage_healed":0,"gold_gain":0,"player_choice":"Shed Blood","damage_taken":21,"max_hp_gain":5,"max_hp_loss":0,"event_name":"Forgotten Altar","floor":19,"gold_loss":0},{"damage_healed":0,"gold_gain":0,"player_choice":"Ignored","damage_taken":0,"max_hp_gain":0,"max_hp_loss":0,"event_name":"Ghosts","floor":22,"gold_loss":0},{"damage_healed":0,"gold_gain":0,"player_choice":"Obtained Book","damage_taken":16,"max_hp_gain":0,"max_hp_loss":0,"event_name":"Cursed Tome","floor":24,"gold_loss":0},{"cards_removed":["Defend_R"],"damage_healed":0,"gold_gain":0,"player_choice":"Took Card","damage_taken":0,"max_hp_gain":0,"max_hp_loss":0,"event_name":"NoteForYourself","floor":30,"gold_loss":0,"cards_obtained":["Iron Wave"]},{"damage_healed":0,"gold_gain":0,"player_choice":"Fight","damage_taken":0,"max_hp_gain":0,"max_hp_loss":0,"event_name":"MindBloom","floor":37,"gold_loss":0}],"is_beta":true,"boss_relics":[{"not_picked":["Coffee Dripper","Mark of Pain"],"picked":"Empty Cage"},{"not_picked":["Snecko Eye","SacredBark"],"picked":"Philosopher\u0027s Stone"}],"items_purged_floors":[14,20],"is_endless":false,"potions_floor_spawned":[1,3,4,7,18,21,27,33,36,38,42],"ascension_level":0}}