{"host":"Berg","time":1610396824,"event":{"mods":["AchievementEnabler","BaseMod","Colored Map","Highlight Path","Minty Spire (QoL Compilation)","Relic Stats","StSLib"],"gold_per_floor":[114,189,59,134,147,147,174,174,174,174,189,189,202,232,232,336,336,346,357,229,249,249,249,282,292,292,326,425,425,441,453,453,453,453],"floor_reached":33,"playtime":644,"items_purged":["Strike_R"],"score":415,"play_id":"c6d03be5-9188-4b7d-a7e7-d2f0b15c6db4","local_time":"20210111152704","is_ascension_mode":true,"campfire_choices":[{"data":"Whirlwind","floor":6,"key":"SMITH"},{"data":"Perfected Strike","floor":8,"key":"SMITH"},{"data":"Bash","floor":10,"key":"SMITH"},{"data":"Uppercut","floor":12,"key":"SMITH"},{"data":"Inflame","floor":15,"key":"SMITH"},{"data":"Immolate","floor":23,"key":"SMITH"},{"data":"Pummel","floor":29,"key":"SMITH"},{"data":"Double Tap","floor":32,"key":"SMITH"}],"circlet_count":0,"master_deck":["Strike_R","Strike_R","Strike_R","Strike_R","Defend_R","Defend_R","Defend_R","Defend_R","Bash+1","Uppercut+1","Whirlwind+1","Pommel Strike","Perfected Strike+1","Inflame+1","Pummel+1","Immolate+1","Headbutt","Battle Trance","J.A.X.","Double Tap+1"],"relics":["Burning Blood","Happy Flower","Boot","Smiling Mask","Sozu","Magic Flower","Bottled Flame","MealTicket"],"acts_visited":["Exordium","TheCity"],"potions_floor_usage":[7,14,33],"damage_taken":[{"damage":17,"enemies":"Small Slimes","floor":1,"turns":3},{"damage":6,"enemies":"Cultist","floor":5,"turns":3},{"damage":9,"enemies":"3 Sentries","floor":7,"turns":4},{"damage":11,"enemies":"Jaw Worm","floor":11,"turns":2},{"damage":10,"enemies":"Looter","floor":13,"turns":2},{"damage":0,"enemies":"Gremlin Nob","floor":14,"turns":2},{"damage":0,"enemies":"Slime Boss","floor":16,"turns":5},{"damage":2,"enemies":"Shell Parasite","floor":18,"turns":2},{"damage":10,"enemies":"Chosen","floor":19,"turns":2},{"damage":0,"enemies":"Centurion and Healer","floor":21,"turns":4},{"damage":38,"enemies":"Slavers","floor":24,"turns":4},{"damage":10,"enemies":"Chosen and Byrds","floor":25,"turns":3},{"damage":3,"enemies":"Gremlin Leader","floor":27,"turns":3},{"damage":30,"enemies":"Snake Plant","floor":30,"turns":3},{"damage":7,"enemies":"Cultist and Chosen","floor":31,"turns":3},{"damage":51,"enemies":"Champ","floor":33,"turns":3}],"seed_played":"2150371822963747224","potions_obtained":[{"floor":1,"key":"Dexterity Potion"},{"floor":11,"key":"DuplicationPotion"},{"floor":13,"key":"ColorlessPotion"}],"is_trial":false,"path_per_floor":["M","?","$","?","M","R","E","R","T","R","M","R","M","E","R","B",null,"M","M","$","M","?","R","E","M","T","E","?","R","M","M","R","B"],"character_chosen":"IRONCLAD","items_purchased":["Whirlwind","AttackPotion","Battle Trance"],"campfire_rested":0,"item_purchase_floors":[3,3,20],"current_hp_per_floor":[77,69,69,58,58,58,55,55,55,55,50,50,46,52,52,58,88,88,84,84,88,88,88,56,55,55,61,61,61,40,42,42,0,0],"gold":453,"neow_bonus":"TEN_PERCENT_HP_BONUS","is_daily":false,"chose_seed":false,"campfire_upgraded":8,"win_rate":0.0,"timestamp":1610396824,"path_taken":["M","?","?","?","M","R","E","R","T","R","M","R","M","E","R","BOSS","M","M","$","M","?","R","E","M","T","E","?","R","M","M","R","BOSS"],"items_purchased_type":["Card","Potion","Card"],"build_version":"2020-12-18","purchased_purges":1,"victory":false,"max_hp_per_floor":[88,88,88,88,88,88,88,88,88,88,88,88,88,88,88,88,88,88,88,88,88,88,88,88,88,88,88,88,88,88,88,88,88,88],"relic_stats":{"Sozu":5,"Happy Flower":[12],"counters":[16,48],"Magic Flower":[12],"MealTicket":0,"Boot":[44],"Smiling Mask":25,"obtain_stats":[{"Sozu":17,"Bottled Flame":26,"Happy Flower":7,"Magic Flower":24,"MealTicket":27,"Boot":9,"Smiling Mask":14,"Burning Blood":0},{"Sozu":7,"Bottled Flame":12,"Happy Flower":3,"Magic Flower":11,"MealTicket":13,"Boot":3,"Smiling Mask":6,"Burning Blood":0},{"Sozu":21,"Bottled Flame":36,"Happy Flower":10,"Magic Flower":33,"MealTicket":39,"Boot":10,"Smiling Mask":16,"Burning Blood":0}],"Burning Blood":96},"card_choices":[{"not_picked":["Intimidate","Iron Wave"],"picked":"Uppercut","floor":1},{"not_picked":["Twin Strike","Sentinel"],"picked":"Pommel Strike","floor":5},{"not_picked":["Armaments","Reckless Charge"],"picked":"Perfected Strike","floor":7},{"not_picked":["Clothesline","Dark Embrace","Berserk"],"picked":"SKIP","floor":11},{"not_picked":["Iron Wave","Reckless Charge"],"picked":"Inflame","floor":13},{"not_picked":["Rampage","Evolve"],"picked":"Pummel","floor":14},{"not_picked":["Feed","Barricade"],"picked":"Immolate","floor":16},{"not_picked":["Second Wind","Body Slam","Dark Embrace"],"picked":"SKIP","floor":18},{"not_picked":["Pommel Strike","Shrug It Off+1"],"picked":"Headbutt","floor":19},{"not_picked":["Sword Boomerang","Anger+1","Reckless Charge"],"picked":"SKIP","floor":21},{"not_picked":["Warcry+1","Flex","Rupture"],"picked":"SKIP","floor":24},{"not_picked":["Armaments+1","Blood for Blood","Cleave"],"picked":"SKIP","floor":25},{"not_picked":["Armaments","Cleave+1","Intimidate"],"picked":"SKIP","floor":27},{"not_picked":["Hemokinesis","Metallicize","Ghostly Armor"],"picked":"SKIP","floor":30},{"not_picked":["Clothesline","Havoc"],"picked":"Double Tap","floor":31}],"player_experience":1335613,"relics_obtained":[{"floor":7,"key":"Happy Flower"},{"floor":9,"key":"Boot"},{"floor":14,"key":"Smiling Mask"},{"floor":24,"key":"Magic Flower"},{"floor":26,"key":"Bottled Flame"},{"floor":27,"key":"MealTicket"}],"event_choices":[{"damage_healed":0,"gold_gain":75,"player_choice":"Touch","damage_taken":8,"max_hp_gain":0,"max_hp_loss":0,"event_name":"FaceTrader","floor":2,"gold_loss":0},{"damage_healed":0,"gold_gain":75,"player_choice":"Gather Gold","damage_taken":11,"max_hp_gain":0,"max_hp_loss":0,"event_name":"World of Goop","floor":4,"gold_loss":0},{"damage_healed":0,"gold_gain":0,"player_choice":"Obtain J.A.X.","damage_taken":0,"max_hp_gain":0,"max_hp_loss":0,"event_name":"Drug Dealer","floor":22,"gold_loss":0,"cards_obtained":["J.A.X."]},{"damage_healed":0,"gold_gain":99,"player_choice":"Stole From Cult","damage_taken":0,"max_hp_gain":0,"max_hp_loss":0,"event_name":"Nest","floor":28,"gold_loss":0}],"is_beta":true,"boss_relics":[{"not_picked":["Fusion Hammer","Pandora\u0027s Box"],"picked":"Sozu"}],"items_purged_floors":[20],"is_endless":false,"potions_floor_spawned":[1,11,13,18,19,24,27,30],"killed_by":"Champ","ascension_level":1}}