{"host":"a3oe3gstxz77c7qu","time":1610392139,"event":{"mods":["2.2 Compatiblity","Act Like it!","Astrologer","BaseMod","Bestiary","Better Altar","Better Match","Better Note","Better Skull","Better Third Choice","Block Reminder","Curses Come First","Custom Start","Dark Map","Downfall","Friendly Minions","GifTheSpireLib","Hermit","Jorbs\u0027s Wanderer Trilogy","Lobotomy","LobotomyExtend","Marisa????????","Minty Spire (QoL Compilation)","Permanent Neow","Quick Restart","Relic Stats","Replay The Spire","StSLib","The Bug Knight","The Cursed","The Disciple","Uncapped","Unknown Chances","Wandering Minibosses"],"gold_per_floor":[112,122,122,133,148,179,191,204,204,223,223,223,223,18,47,47,74,89,20,20,20,20,115,115,132,132,132,57,57,57,71,89,89,89,123,142,67,92,92,92,92],"floor_reached":35,"playtime":3997,"items_purged":["Defend_Br"],"score":785,"play_id":"7450c0ff-6873-4c30-89d1-a2e05c9ab3bb","local_time":"20210111190859","is_ascension_mode":true,"campfire_choices":[{"data":"LockedBlood","floor":6,"key":"SMITH"},{"data":"Strike_Br","floor":13,"key":"PURGE"},{"floor":15,"key":"REST"},{"data":"OldTimer","floor":23,"key":"SMITH"},{"data":"EscortCommand","floor":32,"key":"SMITH"}],"circlet_count":0,"master_deck":["Defend_Br","Defend_Br","Defend_Br","SecondHand","PatternShift","MeatLantern","HandsUpC","FairyFestival","WatchCommand+1","LockedBlood+1","BlueShift","LockedMedicine","EscortCommand+1","WatchCommand+1","OldTimer+1","BlackSwan","ResonantCall+1","Accruing","HandsUpB","HandsUpB+1"],"relics":["Chronometer","CogitoBucket","RabbitCall","Du-Vu Doll","Theresia","LaetitiaHeart","LetterFromLob","Ring of Hypnosis","Nitrogen?","Happy Flower","Guardian:PocketSentry","Garlic","Peace Pipe","TreeSap","Replay:Drink Me","War Paint","Replay:Bottled Flurry","Unceasing Top","Ginger","AtMidnight","AspirationHeart","SlipperyGoo"],"acts_visited":["Exordium","TheBeyond"],"potions_floor_usage":[6,29,29,29,33],"damage_taken":[{"damage":0,"enemies":"Cultist","floor":1,"turns":7},{"damage":0,"enemies":"2 Louse","floor":2,"turns":5},{"damage":0,"enemies":"Small Slimes","floor":4,"turns":5},{"damage":0,"enemies":"Blue Slaver","floor":5,"turns":7},{"damage":29,"enemies":"Gremlin Nob","floor":6,"turns":6},{"damage":19,"enemies":"Looter","floor":7,"turns":7},{"damage":0,"enemies":"Large Slime","floor":8,"turns":23},{"damage":0,"enemies":"2 Louse","floor":1,"turns":3},{"damage":0,"enemies":"Jaw Worm","floor":3,"turns":4},{"damage":30,"enemies":"Gremlin Nob","floor":8,"turns":6},{"damage":0,"enemies":"3 Sentries","floor":10,"turns":10},{"damage":58,"enemies":"Small Slimes","floor":11,"turns":35},{"damage":0,"enemies":"The Guardian","floor":16,"turns":15},{"damage":0,"enemies":"3 Darklings","floor":18,"turns":21},{"damage":0,"enemies":"3 Shapes","floor":24,"turns":9},{"damage":0,"enemies":"Jaw Worm Horde","floor":25,"turns":7},{"damage":0,"enemies":"Nemesis","floor":28,"turns":5},{"damage":73,"enemies":"Sphere and 2 Shapes","floor":29,"turns":7},{"damage":44,"enemies":"Reptomancer","floor":31,"turns":11},{"damage":24,"enemies":"Donu and Deca","floor":33,"turns":16}],"seed_played":"-6721110133365425561","potions_obtained":[{"floor":1,"key":"AttackPotion"},{"floor":8,"key":"Strength Potion"},{"floor":11,"key":"ColorlessPotion"},{"floor":16,"key":"Strength Potion"},{"floor":18,"key":"Languid Potion"},{"floor":31,"key":"champ:CounterPotion"}],"is_trial":false,"path_per_floor":["M","M","?","M","M","E","M","M","M","?","M","?","?","R","$","E","T","E","M","$","R","M","R","B",null,"M","?","?","$","?","R","M","M","T","T","E","M","?","E","R","B",null,null],"character_chosen":"CHRONO_CLASS","items_purchased":["Happy Flower","BlueShift","WatchCommand"],"campfire_rested":1,"item_purchase_floors":[7,7,12],"current_hp_per_floor":[65,65,65,65,65,37,27,65,65,65,65,65,65,65,42,42,65,25,25,25,25,44,65,49,49,49,49,49,49,49,49,49,49,49,49,38,38,42,42,44,44],"gold":92,"neow_bonus":"","is_daily":false,"chose_seed":false,"campfire_upgraded":3,"win_rate":0.0,"timestamp":1610392139,"path_taken":["M","?","?","M","M","E","M","M","M","?","M","?","?","R","$","E","T","E","M","$","R","M","R","BOSS","M","?","?","?","?","R","M","M","T","?","E","M","?","E","R","BOSS"],"items_purchased_type":["Relic","Card","Card"],"build_version":"2020-12-22","purchased_purges":1,"victory":true,"max_hp_per_floor":[65,65,65,65,65,65,65,65,65,65,65,65,65,65,65,65,65,65,65,65,65,65,65,49,49,49,49,49,49,49,49,49,49,49,49,59,59,59,59,44,44],"relic_stats":{"Peace Pipe":1,"Happy Flower":[48],"counters":[24,209],"Ginger":[3],"War Paint":["WatchCommand","WatchCommand"],"obtain_stats":[{"RabbitCall":0,"SlipperyGoo":31,"Ring of Hypnosis":2,"Happy Flower":7,"AspirationHeart":29,"Guardian:PocketSentry":8,"Ginger":28,"War Paint":22,"Du-Vu Doll":6,"Peace Pipe":10,"CogitoBucket":0,"LaetitiaHeart":8,"Chronometer":0,"TreeSap":11,"AtMidnight":29,"Nitrogen?":5,"LetterFromLob":1,"Garlic":9,"Replay:Bottled Flurry":26,"Theresia":7,"Replay:Drink Me":17,"Unceasing Top":27},{"RabbitCall":0,"SlipperyGoo":22,"Ring of Hypnosis":9,"Happy Flower":10,"AspirationHeart":21,"Guardian:PocketSentry":11,"Ginger":19,"War Paint":16,"Du-Vu Doll":5,"Peace Pipe":12,"CogitoBucket":0,"LaetitiaHeart":7,"Chronometer":0,"TreeSap":14,"AtMidnight":21,"Nitrogen?":10,"LetterFromLob":1,"Garlic":11,"Replay:Bottled Flurry":18,"Theresia":7,"Replay:Drink Me":15,"Unceasing Top":18},{"RabbitCall":0,"SlipperyGoo":192,"Ring of Hypnosis":64,"Happy Flower":68,"AspirationHeart":182,"Guardian:PocketSentry":74,"Ginger":174,"War Paint":153,"Du-Vu Doll":30,"Peace Pipe":83,"CogitoBucket":0,"LaetitiaHeart":38,"Chronometer":0,"TreeSap":118,"AtMidnight":182,"Nitrogen?":68,"LetterFromLob":7,"Garlic":74,"Replay:Bottled Flurry":169,"Theresia":38,"Replay:Drink Me":133,"Unceasing Top":169}],"Unceasing Top":[0]},"card_choices":[{"not_picked":["ResonantCall","WindUp"],"picked":"LockedWarPaint","floor":1},{"not_picked":["WallGazer","ShyLook"],"picked":"MeatLantern","floor":1},{"not_picked":["ReapSow","EscortCommand"],"picked":"HandsUpC","floor":2},{"not_picked":["Mercenary","VoidDream","PunishingBird"],"picked":"Singing Bowl","floor":2},{"not_picked":["Bloodbath","Woodsman"],"picked":"FairyFestival","floor":2},{"not_picked":["BlueShift","LockedFlame"],"picked":"WatchCommand","floor":4},{"not_picked":["BeautyBeast","Wellcheers","Murderer"],"picked":"Singing Bowl","floor":4},{"not_picked":["NakedNest","OldLady","PunishingBird"],"picked":"Singing Bowl","floor":5},{"not_picked":["WindUp","BlueShift","LockedBlood"],"picked":"SKIP","floor":5},{"not_picked":["CrumblingArmor","BeautyBeast","VoidDream"],"picked":"Singing Bowl","floor":6},{"not_picked":["PrimeTime","WakeUpCall"],"picked":"LockedBlood","floor":6},{"not_picked":["CherryBlossoms","Bloodbath","Scorched"],"picked":"Singing Bowl","floor":7},{"not_picked":["BiteCommand","TiringSlam","Facsimile"],"picked":"SKIP","floor":7},{"not_picked":["OSAHOGD","MHz","ShyLook"],"picked":"Singing Bowl","floor":1},{"not_picked":["CrunchTime","WakeUpCall","LockedOrichalcum"],"picked":"SKIP","floor":1},{"not_picked":["VoidDream","GalaxyChild","RedShoes"],"picked":"Singing Bowl","floor":3},{"not_picked":["LockedUrn","Recurrance","AlternateTimeline"],"picked":"SKIP","floor":3},{"not_picked":["OSAHOGD","Woodsman","MHz"],"picked":"Singing Bowl","floor":8},{"not_picked":["LockedOrichalcum","TiringSlam","BackFourSeconds"],"picked":"SKIP","floor":8},{"not_picked":["LockedUrn","HandsUpC"],"picked":"LockedMedicine","floor":10},{"not_picked":["Scarecrow","MHz","Murderer"],"picked":"Singing Bowl","floor":10},{"not_picked":["BlueShift","AlternateTimeline"],"picked":"EscortCommand","floor":11},{"not_picked":["SpiderBud","Rudolta","WallGazer"],"picked":"Singing Bowl","floor":11},{"not_picked":["LockedLightning","Fragmentalize"],"picked":"OldTimer","floor":16},{"not_picked":["Scorched","BeautyBeast","Mercenary"],"picked":"Singing Bowl","floor":16},{"not_picked":["PunishingBird","WhitesApple","Wellcheers"],"picked":"Singing Bowl","floor":18},{"not_picked":["QueenBee","Wellcheers"],"picked":"BlackSwan","floor":18},{"not_picked":["DaylightSavings+1","CrunchTime+1","Engulf"],"picked":"SKIP","floor":18},{"not_picked":["LockedUrn+1","WatchCommand+1"],"picked":"ResonantCall+1","floor":24},{"not_picked":["CherryBlossoms","PunishingBird","HappyTeddy"],"picked":"Singing Bowl","floor":24},{"not_picked":["LockedScales","Backlash"],"picked":"Accruing","floor":25},{"not_picked":["Scarecrow","UniverseFragment","Murderer"],"picked":"Singing Bowl","floor":25},{"not_picked":["Funeral","Laetitia","WhitesApple"],"picked":"Singing Bowl","floor":28},{"not_picked":["HandsUpC+1","Flay","LockedWhetstone"],"picked":"SKIP","floor":28},{"not_picked":["Engulf","WakeUpCall+1"],"picked":"HandsUpB","floor":29},{"not_picked":["CrumblingArmor","LongBird","NakedNest"],"picked":"Singing Bowl","floor":29},{"not_picked":["ExoVibe+1","Break"],"picked":"HandsUpB+1","floor":31},{"not_picked":["QueenOfHatred","NakedNest","SnowQueen"],"picked":"Singing Bowl","floor":31}],"player_experience":976885,"relics_obtained":[{"floor":1,"key":"LetterFromLob"},{"floor":6,"key":"Du-Vu Doll"},{"floor":1,"key":"LetterFromLob"},{"floor":2,"key":"Ring of Hypnosis"},{"floor":8,"key":"Guardian:PocketSentry"},{"floor":9,"key":"Garlic"},{"floor":10,"key":"Peace Pipe"},{"floor":26,"key":"Replay:Bottled Flurry"},{"floor":27,"key":"Unceasing Top"},{"floor":28,"key":"Ginger"},{"floor":29,"key":"AtMidnight"},{"floor":31,"key":"SlipperyGoo"}],"event_choices":[{"damage_healed":0,"gold_gain":0,"player_choice":"Ignored","damage_taken":122,"max_hp_gain":0,"max_hp_loss":0,"event_name":"betterThird:BetterSerpent","floor":3,"gold_loss":0},{"damage_healed":0,"gold_gain":0,"player_choice":"Ignored","damage_taken":0,"max_hp_gain":0,"max_hp_loss":0,"event_name":"Mysterious Sphere","floor":19,"gold_loss":0},{"damage_healed":0,"gold_gain":0,"player_choice":"1","damage_taken":0,"max_hp_gain":0,"max_hp_loss":0,"event_name":"betterMatch:BetterMatch","floor":30,"gold_loss":0,"cards_obtained":["betterMatch:UncommonCard","betterMatch:ColorlessUncommonCard"]}],"is_beta":false,"boss_relics":[{"not_picked":["Ring of Chaos","Painkiller Herb"],"picked":"Replay:Drink Me"}],"items_purged_floors":[21],"is_endless":false,"potions_floor_spawned":[1,8,8,11,16,18,31],"ascension_level":2}}