{"host":"56ghxnzsglgdq727","time":1610388763,"event":{"mods":["AchievementEnabler","BaseMod","Downfall","Duelist Mod","Minty Spire (QoL Compilation)","Rare Cards Sparkle","StSLib","The Bug Knight","The Exalted","The Senshi","The Wild Card"],"gold_per_floor":[135,135,155,4,4,4,4,37,37,57,57,68,31,31,31,132,132,143,72,72,91,111,111,125,125,125,142,67,67,67],"floor_reached":29,"playtime":1027,"items_purged":["theDuelist:SummoningCurse"],"score":259,"play_id":"1311b150-ec9c-41d4-bc21-6d6db4400f2e","local_time":"20210111131243","is_ascension_mode":true,"campfire_choices":[{"data":"theDuelist:DragonMastery","floor":6.0,"key":"SMITH"},{"data":"theDuelist:FiveHeaded","floor":11.0,"key":"SMITH"},{"floor":15.0,"key":"REST"},{"floor":23.0,"key":"REST"},{"data":"theDuelist:Nameless:Magic:SpiralSpearStrike+1","floor":25.0,"key":"SMITH"}],"circlet_count":0,"master_deck":["theDuelist:BabyDragon","theDuelist:CastleWalls","theDuelist:CastleWalls","theDuelist:CaveDragon","theDuelist:CaveDragon","theDuelist:LesserDragon","theDuelist:LesserDragon","theDuelist:Sparks","theDuelist:Sparks","theDuelist:YamataDragon","theDuelist:PsiCurse","theDuelist:FiveHeaded","theDuelist:EvolutionBurst","theDuelist:DragonMastery+1","theDuelist:Nameless:Magic:SpiralSpearStrike+2","theDuelist:DefenseDraw","theDuelist:FiveHeaded+1","theDuelist:ArmedDragon5","theDuelist:ArmedProtectorDragon","theDuelist:ArmedProtectorDragon"],"relics":["theDuelist:MillenniumPuzzle","theDuelist:CardPoolRelic","theDuelist:CardPoolBasicRelic","theDuelist:BoosterPackPoolRelic","theDuelist:CardPoolAddRelic","theDuelist:CardPoolMinusRelic","theDuelist:CardPoolSaveRelic","theDuelist:CardPoolOptionsRelic","theDuelist:MillenniumScale","Bromod:ArcaneNullifier","theDuelist:YugiMirror","SacredBark","Letter Opener"],"acts_visited":["Exordium","TheCity"],"potions_floor_usage":[],"damage_taken":[{"damage":0.0,"enemies":"2 Louse","floor":1.0,"turns":1.0},{"damage":0.0,"enemies":"Jaw Worm","floor":3.0,"turns":2.0},{"damage":17.0,"enemies":"Gremlin Nob","floor":8.0,"turns":4.0},{"damage":0.0,"enemies":"Cultist","floor":10.0,"turns":3.0},{"damage":20.0,"enemies":"Exordium Thugs","floor":12.0,"turns":4.0},{"damage":24.0,"enemies":"Hexaghost","floor":16.0,"turns":9.0},{"damage":6.0,"enemies":"3 Byrds","floor":18.0,"turns":7.0},{"damage":21.0,"enemies":"Shell Parasite","floor":21.0,"turns":5.0},{"damage":20.0,"enemies":"Snake Plant","floor":22.0,"turns":5.0},{"damage":17.0,"enemies":"Snecko","floor":24.0,"turns":7.0},{"damage":17.0,"enemies":"Centurion and Healer","floor":27.0,"turns":8.0},{"damage":21,"enemies":"Gremlin Leader","floor":29,"turns":5}],"seed_played":"-968725494391858619","potions_obtained":[{"floor":3.0,"key":"theDuelist:BigTributeBottle"},{"floor":10.0,"key":"FocusPotion"},{"floor":24.0,"key":"Fruit Juice"}],"is_trial":false,"path_per_floor":["M","?","M","$","?","R","$","E","T","M","R","M","$","?","R","B",null,"M","$","?","M","M","R","M","R","T","M","$","E"],"character_chosen":"THE_DUELIST","items_purchased":["theDuelist:DragonMastery","theDuelist:ArmedDragon5","theDuelist:ArmedProtectorDragon"],"campfire_rested":2,"item_purchase_floors":[4,13,19],"current_hp_per_floor":[80,80,80,80,80,80,80,63,63,63,63,43,43,48,73,49,85,79,79,79,58,38,63,56,56,56,39,39,18,18],"gold":67,"neow_bonus":"THREE_RARE_CARDS","is_daily":false,"chose_seed":false,"campfire_upgraded":3,"win_rate":0.0,"timestamp":1610388763,"path_taken":["M","?","M","$","?","R","?","E","T","M","R","M","$","?","R","BOSS","M","$","?","?","M","R","M","R","T","M","$","E"],"items_purchased_type":["Card","Card","Card"],"build_version":"2020-12-22","purchased_purges":1,"victory":false,"max_hp_per_floor":[80,80,80,80,80,80,80,80,80,80,80,80,80,85,85,85,85,85,85,85,85,85,85,95,95,95,95,95,95,95],"card_choices":[{"not_picked":["theDuelist:BerserkScales","theDuelist:BlueDuston"],"picked":"theDuelist:FiveHeaded","floor":0.0},{"not_picked":["theDuelist:CurseDragon","theDuelist:Earthquake","theDuelist:ViceDragon"],"picked":"SKIP","floor":1.0},{"not_picked":["theDuelist:DarkDriceratops","theDuelist:Beatraptor"],"picked":"theDuelist:EvolutionBurst","floor":3.0},{"not_picked":["theDuelist:ScrapIronScarecrow","theDuelist:SafeZone"],"picked":"theDuelist:DefenseDraw","floor":8.0},{"not_picked":["theDuelist:EvilMind","theDuelist:VeilDarkness","theDuelist:TrihornedDragon"],"picked":"SKIP","floor":10.0},{"not_picked":["theDuelist:LostWorld","theDuelist:DoomkaiserDragon","theDuelist:BusterBladerDDS"],"picked":"SKIP","floor":12.0},{"not_picked":["theDuelist:StardustDragon","theDuelist:BlueDuston"],"picked":"theDuelist:ArmedProtectorDragon","floor":16.0},{"not_picked":["theDuelist:BlockGolem","theDuelist:LabyrinthWall","theDuelist:RainbowOverdragon+1"],"picked":"SKIP","floor":18.0},{"not_picked":["theDuelist:BattleguardKing","theDuelist:DarkFactory","theDuelist:BlackPendant"],"picked":"SKIP","floor":21.0},{"not_picked":["theDuelist:BlockGolem","theDuelist:LabyrinthWall+1","theDuelist:RainbowOverdragon"],"picked":"SKIP","floor":22.0},{"not_picked":["theDuelist:CyberValley","theDuelist:RedRisingDragon+1","theDuelist:HymnOfLight+1"],"picked":"SKIP","floor":24.0},{"not_picked":["theDuelist:FrostflameDragon","theDuelist:CoralDragon+1","theDuelist:AncientDragon"],"picked":"SKIP","floor":27.0}],"player_experience":225846,"relics_obtained":[{"floor":8.0,"key":"Bromod:ArcaneNullifier"},{"floor":9.0,"key":"theDuelist:YugiMirror"},{"floor":26.0,"key":"Letter Opener"}],"event_choices":[{"damage_healed":0.0,"max_hp_gain":0.0,"max_hp_loss":0.0,"gold_gain":0.0,"event_name":"Millennium Items","player_choice":"Took item - Received: Millennium Scale","duelist":true,"floor":2.0,"gold_loss":0.0,"damage_taken":0.0},{"total_magic_score":59.0,"gold_gain":0.0,"duelist":true,"damage_taken":0.0,"relics_obtained":[],"points":6.0,"max_hp_gain":0.0,"max_hp_loss":0.0,"spent_points":{"magic":4.0,"greed":0.0,"war":0.0,"power":0.0,"hunger":0.0},"event_name":"Nameless Tomb","floor":5.0,"gold_loss":0.0,"magic_reward":4.0,"cards_obtained":["theDuelist:Nameless:Magic:SpiralSpearStrike"]},{"damage_healed":0.0,"max_hp_gain":5.0,"max_hp_loss":0.0,"gold_gain":0.0,"event_name":"Big Fish","player_choice":"Donut","floor":14.0,"gold_loss":0.0,"damage_taken":0.0},{"damage_healed":0.0,"max_hp_gain":0.0,"max_hp_loss":0.0,"gold_gain":0.0,"event_name":"Upgrade Shrine","player_choice":"Upgraded","floor":20.0,"gold_loss":0.0,"damage_taken":0.0,"cards_upgraded":["theDuelist:Nameless:Magic:SpiralSpearStrike"]}],"is_beta":false,"boss_relics":[{"not_picked":["Sozu","Velvet Choker"],"picked":"SacredBark"}],"items_purged_floors":[28],"is_endless":false,"potions_floor_spawned":[3,10,24],"killed_by":"Gremlin Leader","ascension_level":1}}