{"host":"06h77atpgiec8kbk","time":1610373108,"event":{"mods":["Act Like it!","Alarm Clock","Arknights The Spire","Aspiration","Bard","BaseMod","CapriCore","Colored Powertips","Conspire","Downfall","Hermit","Marisa£®ÏF”Í°°ƒß¿Ì…≥£©","Minty Spire (QoL Compilation)","Quick Restart","Reimu£®≤©¿ˆ¡È√Œ£©","Relic Stats","Replay The Spire","StSLib","The Construct","The Cursed","The Gatherer","The Hierophant","The Immortal","The Marked","The Runesmith","[µÿæ´ ◊¡Ï≈¿À˛]The Maniac","°æ“≈ŒÔø®≈∆°øREMEMod"],"gold_per_floor":[113,113,113,129,129,156,156,181,181,181,199,216,216,244,244,244,244],"floor_reached":16,"playtime":1403,"items_purged":[],"score":150,"play_id":"adcb1c16-fcf7-4bfe-9b5e-dac7d4996af4","local_time":"20210111215148","is_ascension_mode":true,"campfire_choices":[{"floor":7.0,"key":"RECALL"},{"data":"ats:Thorns","floor":15,"key":"SMITH"}],"circlet_count":0,"master_deck":["ats:Strike C","ats:Strike S","ats:Strike V","ats:Armor Crushing Shot","ats:Defend","ats:Defend","ats:Defend","ats:Defend","ats:Emotion Absorption+1","Injury","ats:Charging Defense+1","ats:Thorns+1","ats:Curse Doll+1"],"relics":["ats:Sanity","REME_ComplimentaryCards","NeowsBlessing","Toxic Egg 2","ats:Originium","REME_LimitBreaker","Oddly Smooth Stone","conspire:Dentures","Replay:Accelerometer"],"acts_visited":["Exordium"],"potions_floor_usage":[12],"damage_taken":[{"damage":0.0,"enemies":"Cultist","floor":1.0,"turns":1.0},{"damage":0.0,"enemies":"2 Louse","floor":4.0,"turns":2.0},{"damage":0.0,"enemies":"3 Sentries","floor":6.0,"turns":1.0},{"damage":8.0,"enemies":"Lagavulin","floor":8.0,"turns":11.0},{"damage":0.0,"enemies":"conspire:RoseBush","floor":11.0,"turns":5.0},{"damage":4,"enemies":"Large Slime","floor":12,"turns":14},{"damage":10,"enemies":"Replay:BlueRogue","floor":14,"turns":10},{"damage":40,"enemies":"Slime Boss","floor":16,"turns":15}],"seed_played":"1457867779752163085","potions_obtained":[{"floor":1.0,"key":"Elixir"},{"floor":4.0,"key":"Toxic Potion"}],"is_trial":false,"path_per_floor":["M","?","?","M","?","E","R","E","T","?","M","M","?","E","R","B"],"character_chosen":"DOCTOR_CLASS","items_purchased":[],"campfire_rested":0,"item_purchase_floors":[],"current_hp_per_floor":[72,72,72,72,72,72,72,64,64,64,64,60,48,38,38,0,0],"gold":244,"neow_bonus":"THREE_ENEMY_KILL","is_daily":false,"chose_seed":false,"campfire_upgraded":1,"win_rate":0.0,"timestamp":1610373108,"path_taken":["M","?","?","M","?","E","R","E","T","?","M","?","?","E","R","BOSS"],"items_purchased_type":[],"build_version":"2020-12-22","purchased_purges":0,"victory":false,"max_hp_per_floor":[72,72,72,72,72,72,72,72,72,72,72,72,72,72,72,72,72],"relic_stats":{"counters":[8,59],"obtain_stats":[{"conspire:Dentures":13,"Replay:Accelerometer":14,"NeowsBlessing":0,"ats:Originium":6,"Oddly Smooth Stone":8,"ats:Sanity":0,"Toxic Egg 2":2,"REME_LimitBreaker":6,"REME_ComplimentaryCards":0},{"conspire:Dentures":6,"Replay:Accelerometer":7,"NeowsBlessing":0,"ats:Originium":3,"Oddly Smooth Stone":4,"ats:Sanity":0,"Toxic Egg 2":1,"REME_LimitBreaker":3,"REME_ComplimentaryCards":0},{"conspire:Dentures":34,"Replay:Accelerometer":44,"NeowsBlessing":0,"ats:Originium":4,"Oddly Smooth Stone":15,"ats:Sanity":0,"Toxic Egg 2":1,"REME_LimitBreaker":4,"REME_ComplimentaryCards":0}]},"card_choices":[{"not_picked":["ats:Childhood Dance","ats:Curse Doll","ats:Revitalization"],"picked":"SKIP","floor":1.0},{"not_picked":["ats:Leaping Hammer","ats:Sword Rain","ats:Explosion Area Strengthen"],"picked":"SKIP","floor":4.0},{"not_picked":["ats:Volcano","ats:Poison Spread"],"picked":"ats:Charging Defense+1","floor":6.0},{"not_picked":["ats:LN2 Cannon","ats:Poison Spread"],"picked":"ats:Thorns","floor":8.0},{"not_picked":["ats:Leaping Hammer","ats:Consecutive Shot Auto","ats:Flexible Camouflage+1"],"picked":"SKIP","floor":11.0},{"not_picked":["ats:LN2 Cannon","ats:Curse Doll+1","ats:Cat Scratch"],"picked":"SKIP","floor":12},{"not_picked":["ats:Poison Spread","ats:Consecutive Shot Auto"],"picked":"ats:Curse Doll+1","floor":14}],"player_experience":829986,"relics_obtained":[{"floor":6.0,"key":"ats:Originium"},{"floor":6.0,"key":"REME_LimitBreaker"},{"floor":8.0,"key":"ats:Originium"},{"floor":8.0,"key":"Oddly Smooth Stone"},{"floor":14,"key":"ats:Originium"},{"floor":14,"key":"Replay:Accelerometer"}],"event_choices":[{"damage_healed":0.0,"max_hp_gain":0.0,"max_hp_loss":0.0,"gold_gain":0.0,"event_name":"conspire:LoneGhost","player_choice":"Disagree","floor":3.0,"gold_loss":0.0,"damage_taken":0.0},{"damage_healed":0.0,"max_hp_gain":0.0,"max_hp_loss":0.0,"gold_gain":0.0,"event_name":"Living Wall","player_choice":"Grow","floor":5.0,"gold_loss":0.0,"damage_taken":0.0,"cards_upgraded":["ats:Emotion Absorption"]},{"damage_healed":0,"gold_gain":0,"player_choice":"Success","damage_taken":12,"relics_obtained":["conspire:Dentures"],"max_hp_gain":0,"max_hp_loss":0,"event_name":"Scrap Ooze","floor":13,"gold_loss":0}],"is_beta":false,"boss_relics":[],"items_purged_floors":[],"is_endless":false,"potions_floor_spawned":[1,4],"killed_by":"Slime Boss","ascension_level":1}}