{"host":"rolltorest","time":1610408672,"event":{"mods":["BaseMod","Minty Spire (QoL Compilation)","Relic Stats","Slay the Relics Exporter","StSLib","The Bladedancer"],"gold_per_floor":[111,129,17,27,39,72,72,24,71,106,106,122,150,166,166,240,240,253,270,15,32,32,32,62,78,78,78,78,112,124,141,141,215,215,225,225,1,15,15,15,49,60,60,110,145,155,182,202,202,202,202,202,31,64,64],"floor_reached":56,"playtime":1743,"items_purged":["blademaster:Strike","blademaster:Strike","blademaster:Strike"],"score":2278,"play_id":"b570f3a1-62f7-46cf-99c8-d35a5733d224","local_time":"20210111154432","is_ascension_mode":true,"campfire_choices":[{"data":"blademaster:RagingBlow","floor":7,"key":"SMITH"},{"data":"blademaster:DaggerAndCloak","floor":11,"key":"SMITH"},{"data":"blademaster:ThunderSlash","floor":15,"key":"SMITH"},{"data":"blademaster:DeadlyDance","floor":23,"key":"SMITH"},{"data":"1","floor":32,"key":"LIFT"},{"data":"blademaster:Blockade","floor":40,"key":"SMITH"},{"floor":49,"key":"RECALL"},{"data":"2","floor":52,"key":"LIFT"}],"circlet_count":0,"master_deck":["AscendersBane","blademaster:Strike+1","blademaster:Defend","blademaster:Defend","blademaster:Defend","blademaster:Defend","blademaster:RagingBlow+1","blademaster:HighVoltage","blademaster:AirSlash","blademaster:DaggerAndCloak+1","blademaster:ThunderingOpener","blademaster:Thrust","blademaster:Safeguard","blademaster:HighVoltage","blademaster:Cut","blademaster:DancingEdge","blademaster:Frontflip","blademaster:ThunderSlash+1","blademaster:ColdBlood","blademaster:DeadlyDance+1","blademaster:LeechingStrike","Shame","blademaster:Empower","blademaster:Flurry","blademaster:FuryOfTheElements","blademaster:Frontflip","blademaster:Stability+1","blademaster:RollingTyphoon","blademaster:Blockade+1","blademaster:Flurry","blademaster:CombatPrep+1","blademaster:AwakeningStrike+1","blademaster:Flash","blademaster:Flurry"],"relics":["blademaster:DancersAmulet","White Beast Statue","Bag of Marbles","Nunchaku","Pen Nib","Philosopher\u0027s Stone","MealTicket","Mercury Hourglass","Orichalcum","Blood Vial","Girya","Coffee Dripper","Bronze Scales","PreservedInsect","Bag of Preparation","StoneCalendar","Regal Pillow","Question Card","Sundial"],"acts_visited":["Exordium","TheCity","TheBeyond","TheEnding"],"potions_floor_usage":[5,10,13,50,55],"damage_taken":[{"damage":5,"enemies":"2 Louse","floor":1,"turns":4},{"damage":0,"enemies":"Small Slimes","floor":2,"turns":3},{"damage":7,"enemies":"Jaw Worm","floor":4,"turns":3},{"damage":5,"enemies":"3 Louse","floor":5,"turns":3},{"damage":23,"enemies":"Lagavulin","floor":6,"turns":6},{"damage":0,"enemies":"Gremlin Nob","floor":10,"turns":3},{"damage":8,"enemies":"Blue Slaver","floor":12,"turns":2},{"damage":0,"enemies":"Lagavulin","floor":13,"turns":6},{"damage":0,"enemies":"Large Slime","floor":14,"turns":2},{"damage":2,"enemies":"Slime Boss","floor":16,"turns":4},{"damage":0,"enemies":"Spheric Guardian","floor":18,"turns":1},{"damage":3,"enemies":"Shell Parasite","floor":19,"turns":2},{"damage":5,"enemies":"3 Cultists","floor":21,"turns":4},{"damage":0,"enemies":"Gremlin Leader","floor":24,"turns":3},{"damage":6,"enemies":"Snake Plant","floor":25,"turns":2},{"damage":10,"enemies":"Slavers","floor":29,"turns":2},{"damage":0,"enemies":"Centurion and Healer","floor":30,"turns":2},{"damage":0,"enemies":"Chosen and Byrds","floor":31,"turns":2},{"damage":0,"enemies":"Champ","floor":33,"turns":4},{"damage":1,"enemies":"3 Darklings","floor":35,"turns":2},{"damage":4,"enemies":"3 Shapes","floor":38,"turns":3},{"damage":12,"enemies":"Nemesis","floor":41,"turns":4},{"damage":3,"enemies":"Sphere and 2 Shapes","floor":42,"turns":2},{"damage":0,"enemies":"2 Orb Walkers","floor":44,"turns":2},{"damage":0,"enemies":"Reptomancer","floor":45,"turns":2},{"damage":3,"enemies":"3 Darklings","floor":46,"turns":3},{"damage":0,"enemies":"Nemesis","floor":47,"turns":3},{"damage":0,"enemies":"Maw","floor":48,"turns":2},{"damage":0,"enemies":"Time Eater","floor":50,"turns":4},{"damage":8,"enemies":"Shield and Spear","floor":54,"turns":2},{"damage":33,"enemies":"The Heart","floor":55,"turns":4}],"seed_played":"747443357043539980","potions_obtained":[{"floor":1,"key":"BlessingOfTheForge"},{"floor":2,"key":"AttackPotion"},{"floor":10,"key":"LiquidMemories"},{"floor":12,"key":"PowerPotion"},{"floor":13,"key":"ColorlessPotion"},{"floor":19,"key":"DistilledChaos"},{"floor":35,"key":"CultistPotion"},{"floor":54,"key":"Energy Potion"}],"is_trial":false,"path_per_floor":["M","M","$","M","M","E","R","$","T","E","R","M","E","M","R","B",null,"M","M","$","M","?","R","E","M","T","?","T","E","M","M","R","B",null,"M","?","$","M","?","R","E","M","T","?","E","M","E","M","R","B",null,"R","$","E","B",null],"character_chosen":"THE_BLADEMASTER","items_purchased":["blademaster:ThunderingOpener","blademaster:Cut","MealTicket","Bronze Scales","blademaster:Blockade","blademaster:Flurry"],"campfire_rested":0,"item_purchase_floors":[3,8,20,37,37,53],"current_hp_per_floor":[63,63,63,56,51,28,28,28,28,28,28,20,20,20,20,18,61,61,58,58,53,53,53,53,47,47,47,47,42,47,49,49,51,69,73,73,75,71,71,71,62,70,70,71,71,71,71,71,71,71,71,71,71,69,44],"gold":64,"neow_bonus":"UPGRADE_CARD","is_daily":false,"chose_seed":false,"campfire_upgraded":5,"win_rate":0.0,"timestamp":1610408672,"path_taken":["M","M","$","M","M","E","R","$","T","E","R","M","E","M","R","BOSS","M","M","$","M","?","R","E","M","T","?","?","E","M","M","R","BOSS","M","?","$","M","?","R","E","M","T","?","E","M","E","M","R","BOSS","R","$","E","BOSS"],"items_purchased_type":["Card","Card","Relic","Relic","Card","Card"],"build_version":"2020-12-18","purchased_purges":3,"victory":true,"max_hp_per_floor":[75,75,75,75,75,75,75,75,75,75,75,75,75,75,75,75,75,75,75,75,75,75,75,75,75,75,75,75,75,75,75,75,75,75,75,75,75,75,71,71,71,71,71,71,71,71,71,71,71,71,71,71,71,71,71],"relic_stats":{"Regal Pillow":0,"counters":[31,91],"StoneCalendar":[0],"Pen Nib":[21],"PreservedInsect":186,"Bag of Preparation":[16],"Orichalcum":[0],"Question Card":5,"Mercury Hourglass":[201],"Blood Vial":15,"Nunchaku":[23],"Sundial":[0],"Bronze Scales":[109],"MealTicket":2,"obtain_stats":[{"Regal Pillow":45,"StoneCalendar":44,"Bag of Preparation":43,"Blood Vial":28,"Nunchaku":10,"Sundial":54,"Philosopher\u0027s Stone":17,"MealTicket":20,"blademaster:LightningChargePerk":47,"blademaster:FinisherDrawCardPerk":10,"blademaster:DextrousPerk":45,"blademaster:BleedingLaceratePerk":24,"Girya":29,"blademaster:StrongPerk":13,"Pen Nib":13,"PreservedInsect":41,"blademaster:RandomBladePerk":6,"Orichalcum":24,"Question Card":47,"White Beast Statue":6,"Mercury Hourglass":22,"blademaster:FuryEveryTurnPerk":44,"Bronze Scales":37,"blademaster:BleedingMoreDamagePerk":29,"Bag of Marbles":9,"Coffee Dripper":34,"blademaster:StanceHealPerk":41,"blademaster:DancersAmulet":0,"blademaster:WindChargePerk":54},{"Regal Pillow":25,"StoneCalendar":24,"Bag of Preparation":23,"Blood Vial":15,"Nunchaku":6,"Sundial":30,"Philosopher\u0027s Stone":10,"MealTicket":12,"blademaster:LightningChargePerk":27,"blademaster:FinisherDrawCardPerk":6,"blademaster:DextrousPerk":25,"blademaster:BleedingLaceratePerk":14,"Girya":16,"blademaster:StrongPerk":8,"Pen Nib":8,"PreservedInsect":22,"blademaster:RandomBladePerk":5,"Orichalcum":14,"Question Card":27,"White Beast Statue":5,"Mercury Hourglass":13,"blademaster:FuryEveryTurnPerk":24,"Bronze Scales":20,"blademaster:BleedingMoreDamagePerk":16,"Bag of Marbles":5,"Coffee Dripper":19,"blademaster:StanceHealPerk":22,"blademaster:DancersAmulet":0,"blademaster:WindChargePerk":30},{"Regal Pillow":73,"StoneCalendar":71,"Bag of Preparation":69,"Blood Vial":48,"Nunchaku":22,"Sundial":87,"Philosopher\u0027s Stone":36,"MealTicket":39,"blademaster:LightningChargePerk":79,"blademaster:FinisherDrawCardPerk":22,"blademaster:DextrousPerk":73,"blademaster:BleedingLaceratePerk":46,"Girya":50,"blademaster:StrongPerk":30,"Pen Nib":30,"PreservedInsect":67,"blademaster:RandomBladePerk":19,"Orichalcum":46,"Question Card":79,"White Beast Statue":19,"Mercury Hourglass":43,"blademaster:FuryEveryTurnPerk":71,"Bronze Scales":60,"blademaster:BleedingMoreDamagePerk":50,"Bag of Marbles":19,"Coffee Dripper":58,"blademaster:StanceHealPerk":67,"blademaster:DancersAmulet":0,"blademaster:WindChargePerk":87}]},"card_choices":[{"not_picked":["blademaster:BladeMastery","blademaster:Sunder"],"picked":"blademaster:AirSlash","floor":1},{"not_picked":["blademaster:Hailwind","blademaster:Sunder"],"picked":"blademaster:DaggerAndCloak","floor":2},{"not_picked":["blademaster:Vortex","blademaster:Quickstep"],"picked":"blademaster:Thrust","floor":4},{"not_picked":["blademaster:LeechingStrike","blademaster:Quickness"],"picked":"blademaster:Safeguard","floor":5},{"not_picked":["blademaster:AwakeningDefend","blademaster:Stormstrike"],"picked":"blademaster:HighVoltage","floor":6},{"not_picked":["blademaster:Stability","blademaster:ThunderingOpener","blademaster:OneTrickPony"],"picked":"SKIP","floor":10},{"not_picked":["blademaster:Overcharge","blademaster:Sharpen"],"picked":"blademaster:DancingEdge","floor":12},{"not_picked":["blademaster:ChargingUp","blademaster:Hailwind"],"picked":"blademaster:Frontflip","floor":13},{"not_picked":["blademaster:Thrust","blademaster:BloodyBlow"],"picked":"blademaster:ThunderSlash","floor":14},{"not_picked":["blademaster:Blindside","blademaster:CloudOfSteel"],"picked":"blademaster:ColdBlood","floor":16},{"not_picked":["blademaster:Hailwind","blademaster:Thrust"],"picked":"blademaster:DeadlyDance","floor":18},{"not_picked":["blademaster:Quickstep+1","blademaster:ParryingStrike"],"picked":"blademaster:LeechingStrike","floor":19},{"not_picked":["blademaster:AspectOfWind","blademaster:Vortex","blademaster:Meditate"],"picked":"SKIP","floor":21},{"not_picked":["blademaster:Sunder","blademaster:AirSlash","blademaster:SlyStabs"],"picked":"SKIP","floor":24},{"not_picked":["blademaster:AspectOfWind+1","blademaster:LeechingStrike"],"picked":"blademaster:Empower","floor":25},{"not_picked":["blademaster:OneTrickPony+1","blademaster:Quickstep"],"picked":"blademaster:FuryOfTheElements","floor":29},{"not_picked":["blademaster:Rupture","blademaster:AspectOfLightning"],"picked":"blademaster:Frontflip","floor":30},{"not_picked":["blademaster:LeechingStrike","blademaster:Frontflip"],"picked":"blademaster:Stability+1","floor":31},{"not_picked":["blademaster:EnchantedCuirass","blademaster:LightningDraw"],"picked":"blademaster:RollingTyphoon","floor":33},{"not_picked":["blademaster:Quickstep+1","blademaster:BloodyBlow","blademaster:Bloodbath"],"picked":"SKIP","floor":35},{"not_picked":["blademaster:CullingStrike","blademaster:ParryingStrike+1"],"picked":"blademaster:Flurry","floor":38},{"not_picked":["blademaster:AwakeningStrike","blademaster:Gust","blademaster:EyeOfTheTornado+1"],"picked":"SKIP","floor":41},{"not_picked":["blademaster:EyeOfTheTornado","blademaster:DeadlyDance","blademaster:Quickstep"],"picked":"SKIP","floor":42},{"not_picked":["blademaster:BrainBloom+1","blademaster:ChargingUp"],"picked":"blademaster:CombatPrep+1","floor":44},{"not_picked":["blademaster:AspectOfLightning+1","blademaster:AncestralHealing","blademaster:Quickness"],"picked":"SKIP","floor":45},{"not_picked":["blademaster:AspectOfWind+1","blademaster:LightningCrash+1","blademaster:Stability"],"picked":"SKIP","floor":46},{"not_picked":["blademaster:CombatPrep+1","blademaster:EyeOfTheTornado"],"picked":"blademaster:AwakeningStrike+1","floor":47},{"not_picked":["blademaster:BloodyBlow","blademaster:AspectOfLightning","blademaster:Safeguard"],"picked":"blademaster:Flash","floor":48},{"not_picked":["blademaster:Reversal","blademaster:Havoc","blademaster:FuriousStrike","blademaster:ThunderingOpener"],"picked":"SKIP","floor":54}],"player_experience":1754021,"relics_obtained":[{"floor":6,"key":"White Beast Statue"},{"floor":6,"key":"blademaster:RandomBladePerk"},{"floor":9,"key":"Bag of Marbles"},{"floor":10,"key":"Nunchaku"},{"floor":10,"key":"blademaster:FinisherDrawCardPerk"},{"floor":13,"key":"Pen Nib"},{"floor":13,"key":"blademaster:StrongPerk"},{"floor":24,"key":"Orichalcum"},{"floor":24,"key":"blademaster:BleedingLaceratePerk"},{"floor":28,"key":"Blood Vial"},{"floor":29,"key":"Girya"},{"floor":29,"key":"blademaster:BleedingMoreDamagePerk"},{"floor":41,"key":"PreservedInsect"},{"floor":41,"key":"blademaster:StanceHealPerk"},{"floor":43,"key":"Bag of Preparation"},{"floor":44,"key":"StoneCalendar"},{"floor":44,"key":"blademaster:FuryEveryTurnPerk"},{"floor":45,"key":"Regal Pillow"},{"floor":45,"key":"blademaster:DextrousPerk"},{"floor":47,"key":"Question Card"},{"floor":47,"key":"blademaster:LightningChargePerk"},{"floor":54,"key":"Sundial"},{"floor":54,"key":"blademaster:WindChargePerk"}],"event_choices":[{"damage_healed":0,"gold_gain":0,"player_choice":"Stole Relic","damage_taken":0,"relics_obtained":["Mercury Hourglass"],"max_hp_gain":0,"max_hp_loss":0,"event_name":"Addict","floor":22,"gold_loss":0,"cards_obtained":["Shame"]},{"damage_healed":0,"gold_gain":0,"player_choice":"Read","damage_taken":0,"max_hp_gain":0,"max_hp_loss":0,"event_name":"The Library","floor":27,"gold_loss":0,"cards_obtained":["blademaster:Flurry"]},{"damage_healed":0,"gold_gain":0,"player_choice":"Ignored","damage_taken":0,"max_hp_gain":0,"max_hp_loss":0,"event_name":"Tomb of Lord Red Mask","floor":36,"gold_loss":0},{"damage_healed":0,"gold_gain":0,"player_choice":"Max HP","damage_taken":0,"max_hp_gain":0,"max_hp_loss":4,"event_name":"Winding Halls","floor":39,"gold_loss":0},{"damage_healed":0,"gold_gain":0,"player_choice":"Fight","damage_taken":0,"max_hp_gain":0,"max_hp_loss":0,"event_name":"Mysterious Sphere","floor":44,"gold_loss":0}],"is_beta":true,"boss_relics":[{"not_picked":["Tiny House","Velvet Choker"],"picked":"Philosopher\u0027s Stone"},{"not_picked":["Empty Cage","Fusion Hammer"],"picked":"Coffee Dripper"}],"items_purged_floors":[3,20,53],"is_endless":false,"potions_floor_spawned":[1,2,10,12,13,14,16,18,19,21,24,25,29,30,31,33,35,38,41,42,44,45,46,47,48,54],"ascension_level":13}}