{"host":"0v07cr0k93jhgkpm","time":1610367810,"event":{"mods":["BaseMod","Colored Map","DeckTracker","Minty Spire (QoL Compilation)","Quick Restart","SuperFastMode"],"gold_per_floor":[113,131,150,130,140,168,168,203,203,203,231,231,129,139,139,212,212,227,243,278,278,278,304,304,304,304,304,304],"floor_reached":27,"playtime":868,"items_purged":["Defend_P"],"score":548,"play_id":"6a931c35-9ec5-46f7-8576-a809688fa56c","local_time":"20210111212330","is_ascension_mode":true,"campfire_choices":[{"data":"TalkToTheHand","floor":7.0,"key":"SMITH"},{"floor":10.0,"key":"REST"},{"data":"TalkToTheHand","floor":12.0,"key":"SMITH"},{"data":"WaveOfTheHand","floor":15,"key":"SMITH"},{"data":"Judgement","floor":25,"key":"SMITH"}],"circlet_count":0,"master_deck":["AscendersBane","Strike_P","Strike_P","Strike_P","Defend_P","Defend_P","Defend_P","Eruption+1","Vigilance","FollowUp","TalkToTheHand+1","BowlingBash","TalkToTheHand+1","ClearTheMind","WaveOfTheHand+1","FlurryOfBlows","EmptyBody","Judgement+1","Vengeance+1","EmptyBody+1","SashWhip+1","DeusExMachina","Writhe"],"relics":["PureWater","Kunai","Incense Burner","Gremlin Horn","The Courier","Sozu","Red Mask","Blue Candle","Oddly Smooth Stone","Nunchaku","Tiny Chest"],"acts_visited":["Exordium","TheCity"],"potions_floor_usage":[16,20],"damage_taken":[{"damage":0.0,"enemies":"Small Slimes","floor":1.0,"turns":2.0},{"damage":0.0,"enemies":"Cultist","floor":2.0,"turns":4.0},{"damage":2.0,"enemies":"Jaw Worm","floor":3.0,"turns":3.0},{"damage":14.0,"enemies":"Exordium Thugs","floor":5.0,"turns":3.0},{"damage":0.0,"enemies":"Lagavulin","floor":6.0,"turns":4.0},{"damage":32.0,"enemies":"3 Sentries","floor":8.0,"turns":7.0},{"damage":6.0,"enemies":"Lagavulin","floor":11.0,"turns":9.0},{"damage":0,"enemies":"3 Louse","floor":14,"turns":2},{"damage":21,"enemies":"Slime Boss","floor":16,"turns":12},{"damage":0,"enemies":"Chosen","floor":18,"turns":3},{"damage":10,"enemies":"2 Thieves","floor":19,"turns":3},{"damage":0,"enemies":"Masked Bandits","floor":20,"turns":3},{"damage":25,"enemies":"Book of Stabbing","floor":23,"turns":6},{"damage":18,"enemies":"Slavers","floor":27,"turns":1}],"seed_played":"900045925369557581","potions_obtained":[{"floor":4.0,"key":"GamblersBrew"},{"floor":5.0,"key":"AttackPotion"},{"floor":6.0,"key":"Energy Potion"},{"floor":16,"key":"BlessingOfTheForge"}],"is_trial":false,"path_per_floor":["M","M","M","?","M","E","R","E","T","R","E","R","$","M","R","B",null,"M","M","?","T","?","E","?","R","T","E"],"character_chosen":"WATCHER","items_purchased":["EmptyBody"],"campfire_rested":1,"item_purchase_floors":[13],"current_hp_per_floor":[61,61,59,59,45,45,45,13,13,33,27,27,27,27,27,6,53,53,43,43,43,43,18,18,18,18,0,0],"gold":304,"neow_bonus":"UPGRADE_CARD","is_daily":false,"chose_seed":false,"campfire_upgraded":4,"win_rate":0.0,"timestamp":1610367810,"path_taken":["M","M","M","?","M","E","R","E","T","R","E","R","?","?","R","BOSS","M","M","?","?","?","E","?","R","T","E"],"items_purchased_type":["Card"],"build_version":"2020-12-22","purchased_purges":1,"victory":false,"max_hp_per_floor":[68,68,68,68,68,68,68,68,68,68,68,68,68,68,68,68,68,68,68,68,68,68,68,68,68,68,68,68],"card_choices":[{"not_picked":["PathToVictory","FlurryOfBlows"],"picked":"FollowUp","floor":1.0},{"not_picked":["BowlingBash","FlyingSleeves"],"picked":"TalkToTheHand","floor":2.0},{"not_picked":["Fasting2","Evaluate"],"picked":"BowlingBash","floor":3.0},{"not_picked":["FlyingSleeves","Evaluate"],"picked":"TalkToTheHand","floor":5.0},{"not_picked":["ThirdEye","FlyingSleeves"],"picked":"ClearTheMind","floor":6.0},{"not_picked":["Judgement","Protect"],"picked":"WaveOfTheHand","floor":8.0},{"not_picked":["JustLucky","Alpha"],"picked":"FlurryOfBlows","floor":11.0},{"not_picked":["PathToVictory","ClearTheMind","LikeWater"],"picked":"SKIP","floor":14},{"not_picked":["Ragnarok","Blasphemy"],"picked":"Judgement","floor":16},{"not_picked":["WheelKick","ReachHeaven"],"picked":"Vengeance+1","floor":18},{"not_picked":["ClearTheMind","PathToVictory"],"picked":"EmptyBody+1","floor":19},{"not_picked":["CrushJoints","EmptyBody"],"picked":"SashWhip+1","floor":20},{"not_picked":["Evaluate","EmptyBody"],"picked":"DeusExMachina","floor":23}],"player_experience":2489332,"relics_obtained":[{"floor":6.0,"key":"Kunai"},{"floor":8.0,"key":"Incense Burner"},{"floor":9.0,"key":"Gremlin Horn"},{"floor":11.0,"key":"The Courier"},{"floor":20,"key":"Red Mask"},{"floor":21,"key":"Blue Candle"},{"floor":23,"key":"Oddly Smooth Stone"},{"floor":26,"key":"Tiny Chest"}],"event_choices":[{"damage_healed":0.0,"max_hp_gain":0.0,"max_hp_loss":0.0,"gold_gain":0.0,"event_name":"The Woman in Blue","player_choice":"Bought 1 Potion","floor":4.0,"gold_loss":0.0,"damage_taken":0.0},{"damage_healed":0,"gold_gain":0,"player_choice":"Fought Bandits","damage_taken":0,"max_hp_gain":0,"max_hp_loss":0,"event_name":"Masked Bandits","floor":20,"gold_loss":0},{"cards_removed":["Strike_P"],"damage_healed":0,"gold_gain":0,"player_choice":"Elegance","damage_taken":0,"max_hp_gain":0,"max_hp_loss":0,"event_name":"Back to Basics","floor":22,"gold_loss":0},{"damage_healed":0,"gold_gain":0,"player_choice":"Opened","damage_taken":0,"relics_obtained":["Nunchaku"],"max_hp_gain":0,"max_hp_loss":0,"event_name":"The Mausoleum","floor":24,"gold_loss":0,"cards_obtained":["Writhe"]}],"is_beta":false,"boss_relics":[{"not_picked":["Ectoplasm","Velvet Choker"],"picked":"Sozu"}],"items_purged_floors":[13],"is_endless":false,"potions_floor_spawned":[5,6,16,18],"killed_by":"Slavers","ascension_level":20}}