{"host":"vfg9szunmpjwj08o","time":1610369030,"event":{"mods":["Act Like it!","BaseMod","Challenge The Spire","Colored Map","Colored Powertips","Minty Spire (QoL Compilation)","StSLib","Waifu the Spire"],"gold_per_floor":[110,121,121,136,17,17,51,51,74,74,85,85,97,97,97,97,97],"floor_reached":16,"playtime":568,"items_purged":["Strike_B"],"score":195,"play_id":"3068919a-f253-435a-9d31-499366e6ecec","local_time":"20210111134350","is_ascension_mode":true,"campfire_choices":[{"data":"Zap","floor":6.0,"key":"SMITH"},{"data":"Dualcast","floor":8.0,"key":"SMITH"},{"data":"Chaos","floor":10.0,"key":"SMITH"},{"data":"Fusion","floor":15,"key":"SMITH"}],"circlet_count":0,"master_deck":["AscendersBane","Strike_B","Strike_B","Strike_B","Defend_B","Defend_B","Defend_B","Defend_B","Zap+1","Dualcast+1","Impatience","Conserve Battery","Chaos+1","FTL","Fusion+1","Glacier","Recycle","Hologram","Hologram","Decay"],"relics":["Cracked Core","Oddly Smooth Stone","Bag of Preparation","Lantern","Shuriken"],"acts_visited":["Exordium"],"potions_floor_usage":[16],"damage_taken":[{"damage":10.0,"enemies":"Small Slimes","floor":1.0,"turns":3.0},{"damage":1.0,"enemies":"Cultist","floor":2.0,"turns":3.0},{"damage":0.0,"enemies":"Jaw Worm","floor":4.0,"turns":5.0},{"damage":14.0,"enemies":"3 Sentries","floor":7.0,"turns":8.0},{"damage":0.0,"enemies":"2 Fungi Beasts","floor":11.0,"turns":2.0},{"damage":0.0,"enemies":"Lots of Slimes","floor":13.0,"turns":4.0},{"damage":40,"enemies":"Hexaghost","floor":16,"turns":9}],"seed_played":"7313163441212945611","potions_obtained":[{"floor":2.0,"key":"Swift Potion"},{"floor":4.0,"key":"AttackPotion"}],"is_trial":false,"path_per_floor":["M","M","?","M","$","R","E","R","T","R","M","?","M","?","R","B"],"character_chosen":"DEFECT","items_purchased":["Fusion"],"campfire_rested":0,"item_purchase_floors":[5],"current_hp_per_floor":[54,53,53,53,53,53,39,39,39,39,39,39,39,39,39,0,0],"gold":97,"neow_bonus":"RANDOM_COLORLESS","is_daily":false,"chose_seed":false,"campfire_upgraded":4,"win_rate":0.0,"timestamp":1610369030,"path_taken":["M","M","?","?","$","R","E","R","T","R","M","?","M","?","R","BOSS"],"items_purchased_type":["Card"],"build_version":"2020-12-22","purchased_purges":1,"victory":false,"max_hp_per_floor":[71,71,71,71,71,71,71,71,71,71,71,71,71,71,71,71,71],"card_choices":[{"not_picked":["Bandage Up","Dramatic Entrance"],"picked":"Impatience","floor":0.0},{"not_picked":["Redo","Ball Lightning"],"picked":"Conserve Battery","floor":1.0},{"not_picked":["Beam Cell","Leap"],"picked":"Chaos","floor":2.0},{"not_picked":["Barrage","Sweeping Beam"],"picked":"FTL","floor":4.0},{"not_picked":["Lockon","Cold Snap"],"picked":"Glacier","floor":7.0},{"not_picked":["Streamline","Steam"],"picked":"Recycle","floor":11.0},{"not_picked":["Redo","Doom and Gloom"],"picked":"Hologram","floor":13}],"player_experience":1052084,"relics_obtained":[{"floor":3.0,"key":"Oddly Smooth Stone"},{"floor":7.0,"key":"Bag of Preparation"},{"floor":9.0,"key":"Lantern"}],"event_choices":[{"damage_healed":0.0,"max_hp_gain":0.0,"max_hp_loss":0.0,"gold_gain":0.0,"event_name":"Wheel of Change","player_choice":"Relic","floor":3.0,"gold_loss":0.0,"damage_taken":0.0},{"damage_healed":0.0,"max_hp_gain":0.0,"max_hp_loss":0.0,"gold_gain":0.0,"event_name":"Dead Adventurer","player_choice":"Searched \u00271\u0027 times","floor":12.0,"gold_loss":0.0,"damage_taken":0.0,"relics_obtained":["Shuriken"]},{"damage_healed":0,"gold_gain":0,"player_choice":"2 cards matched","damage_taken":0,"max_hp_gain":0,"max_hp_loss":0,"event_name":"Match and Keep!","floor":14,"gold_loss":0,"cards_obtained":["Hologram","Decay"]}],"is_beta":false,"boss_relics":[],"items_purged_floors":[5],"is_endless":false,"potions_floor_spawned":[2,4],"killed_by":"Hexaghost","ascension_level":19}}