{"host":"rfd0aujzbne52cnp","time":1610328849,"event":{"mods":["2.2 Compatiblity","BaseMod","Better Match","Better Third Choice","BetterRewards","Colored Powertips","Hermit","Jorbs\u0027s Wanderer Trilogy","Minty Spire (QoL Compilation)","Quick Restart","Shade Mod","Spicy Shops","StSLib","The Bladedancer","The Bug Knight","The Factory","everything is the same but u backflip on backflip"],"gold_per_floor":[114,132,132,132,82,257,296,296,343,343,384,400,416,440,440,559,559,578,778,703,703,703,703,771,771,771,771,771,813,829,863,863,994,994,1008,473,505,28,42,92,114,165,189,189,259,33,0,40,40,47],"floor_reached":51,"playtime":5262,"items_purged":["hermit:Strike_Hermit","hermit:Strike_Hermit"],"score":854,"play_id":"7577f59c-5a9e-44aa-9a11-1f9e1745750e","local_time":"20210110203409","is_ascension_mode":false,"campfire_choices":[{"data":"hermit:GhostlyPresence","floor":8,"key":"SMITH"},{"data":"hermit:Desperado","floor":10,"key":"SMITH"},{"data":"hermit:Determination","floor":15,"key":"SMITH"},{"data":"hermit:GoldenBullet","floor":23,"key":"SMITH"},{"data":"hermit:Determination","floor":25,"key":"SMITH"},{"data":"hermit:Covet","floor":27,"key":"SMITH"},{"data":"hermit:Feint","floor":32,"key":"SMITH"},{"data":"hermit:HeroicBravado","floor":44,"key":"SMITH"},{"data":"hermit:Malice","floor":49,"key":"SMITH"}],"circlet_count":0,"master_deck":["hermit:Snapshot+1","hermit:Covet+1","hermit:Desperado","hermit:Desperado+1","hermit:GhostlyPresence+1","hermit:GoldenBullet+1","hermit:Determination+1","hermit:RoundhouseKick+1","hermit:FatalDesire","hermit:Determination+1","hermit:Malice+1","hermit:Feint+1","hermit:Scavenge+1","hermit:Quickdraw+1","hermit:Glare+1","hermit:HeroicBravado+1","hermit:Enervate+1","Dark Shackles","hermit:ShadowCloak+1","hermit:BodyArmor+1"],"relics":["hermit:Momento","Dead Branch","Sling","Juzu Bracelet","Golden Idol","Kunai","Ancient Tea Set","Ornamental Fan","Pandora\u0027s Box","Sundial","Akabeko","Molten Egg 2","Pantograph","Cursed Key","Whetstone","InkBottle","Omamori","Eternal Feather","Lizard Tail","Toxic Egg 2","Pear","Bag of Marbles","Thread and Needle","Medical Kit","Strawberry","Red Mask","hermit:Spyglass"],"acts_visited":["Exordium","TheCity","TheBeyond"],"potions_floor_usage":[29,35,50],"damage_taken":[{"damage":0,"enemies":"2 Louse","floor":1,"turns":2},{"damage":2,"enemies":"Small Slimes","floor":2,"turns":3},{"damage":14,"enemies":"Gremlin Nob","floor":7,"turns":3},{"damage":8,"enemies":"HollowMod:MossKnight","floor":11,"turns":8},{"damage":0,"enemies":"Cultist","floor":12,"turns":3},{"damage":0,"enemies":"3 Louse","floor":13,"turns":2},{"damage":1,"enemies":"2 Fungi Beasts","floor":14,"turns":2},{"damage":32,"enemies":"Hexaghost","floor":16,"turns":13},{"damage":0,"enemies":"Chosen","floor":18,"turns":4},{"damage":0,"enemies":"Gremlin Leader","floor":24,"turns":7},{"damage":8,"enemies":"Book of Stabbing","floor":29,"turns":4},{"damage":23,"enemies":"Shelled Parasite and Fungi","floor":30,"turns":6},{"damage":6,"enemies":"Snecko","floor":31,"turns":4},{"damage":20,"enemies":"Automaton","floor":33,"turns":8},{"damage":7,"enemies":"3 Darklings","floor":35,"turns":5},{"damage":0,"enemies":"Orb Walker","floor":37,"turns":3},{"damage":12,"enemies":"4 Shapes","floor":39,"turns":4},{"damage":0,"enemies":"HollowMod:StalkingDevout","floor":40,"turns":6},{"damage":1,"enemies":"Spire Growth","floor":41,"turns":3},{"damage":4,"enemies":"Giant Head","floor":42,"turns":8},{"damage":0,"enemies":"Mind Bloom Boss Battle","floor":45,"turns":4},{"damage":13,"enemies":"Nemesis","floor":48,"turns":5},{"damage":7,"enemies":"Donu and Deca","floor":50,"turns":8}],"seed_played":"-4843879449621374534","potions_obtained":[{"floor":11,"key":"SpeedPotion"},{"floor":13,"key":"LiquidMemories"},{"floor":14,"key":"Fire Potion"},{"floor":16,"key":"Dexterity Potion"},{"floor":29,"key":"LiquidBronze"}],"is_trial":false,"path_per_floor":["M","M","?","?","?","?","E","R","T","R","E","M","M","M","R","B",null,"M","?","?","?","?","R","E","R","T","R","?","E","M","M","R","B",null,"M","$","M","$","M","E","M","E","T","R","?","$","?","E","R","B",null],"character_chosen":"HERMIT","items_purchased":["Dead Branch","hermit:Desperado","Sling","Whetstone","InkBottle","Dark Shackles","Omamori","Eternal Feather","Lizard Tail","Medical Kit","Strawberry"],"campfire_rested":0,"item_purchase_floors":[0,0,0,36,36,36,38,38,38,46,46],"current_hp_per_floor":[59,57,57,57,57,57,43,43,43,43,35,35,35,34,34,2,69,69,69,69,69,69,69,69,69,69,69,69,61,38,32,32,37,69,62,62,62,62,50,50,49,55,55,67,79,86,86,73,85,79],"gold":47,"neow_bonus":"","is_daily":false,"chose_seed":false,"campfire_upgraded":9,"win_rate":0.0,"timestamp":1610328849,"path_taken":["M","M","?","?","?","?","E","R","T","R","E","M","M","M","R","BOSS","M","?","?","?","?","R","E","R","T","R","?","E","M","M","R","BOSS","M","$","M","$","M","E","M","E","T","R","?","$","?","E","R","BOSS"],"items_purchased_type":["Relic","Card","Relic","Relic","Relic","Card","Relic","Relic","Relic","Relic","Relic"],"build_version":"2020-12-22","purchased_purges":2,"victory":true,"max_hp_per_floor":[75,75,69,69,69,69,69,69,69,69,69,69,69,69,69,69,69,69,69,69,69,69,69,69,69,69,69,69,69,69,69,69,69,69,69,69,69,69,69,69,69,79,79,79,79,86,86,86,86,86],"card_choices":[{"not_picked":["hermit:Vantage","hermit:Coalescence","hermit:Misfire"],"picked":"SKIP","floor":1},{"not_picked":["hermit:Brawl","hermit:CursedWeapon"],"picked":"hermit:Desperado","floor":2},{"not_picked":["hermit:HighCaliber","hermit:GoldenBullet"],"picked":"hermit:GhostlyPresence","floor":7},{"not_picked":["hermit:Headshot","hermit:FromBeyond"],"picked":"hermit:GoldenBullet","floor":11},{"not_picked":["hermit:BodyArmor","hermit:Horror","hermit:HighCaliber"],"picked":"SKIP","floor":12},{"not_picked":["hermit:Manifest","hermit:HoleUp"],"picked":"hermit:Determination","floor":13},{"not_picked":["hermit:TrackingShot","hermit:HoleUp","hermit:Misfire"],"picked":"SKIP","floor":14},{"not_picked":["hermit:Roughhouse","hermit:FromBeyond"],"picked":"hermit:RoundhouseKick","floor":16},{"not_picked":["hermit:DeadMansHand","hermit:Manifest+1"],"picked":"hermit:Scavenge","floor":18},{"not_picked":["hermit:LoneWolf+1","hermit:Magnum","hermit:CursedWeapon"],"picked":"SKIP","floor":24},{"not_picked":["hermit:PistolWhip+1","hermit:BodyArmor","hermit:Virtue"],"picked":"SKIP","floor":29},{"not_picked":["hermit:CursedWeapon+1","hermit:HighCaliber+1"],"picked":"hermit:Quickdraw+1","floor":30},{"not_picked":["hermit:HighNoon","hermit:WideOpen+1"],"picked":"hermit:Glare+1","floor":31},{"not_picked":["hermit:FromBeyond","hermit:BlackWind+1"],"picked":"hermit:HeroicBravado","floor":33},{"not_picked":["hermit:Feint","hermit:Snipe+1"],"picked":"hermit:Enervate+1","floor":35},{"not_picked":["hermit:Combo+1","hermit:LuckOfTheDraw"],"picked":"hermit:ShadowCloak+1","floor":37},{"not_picked":["hermit:LuckOfTheDraw","hermit:Brawl","hermit:Horror+1"],"picked":"SKIP","floor":39},{"not_picked":["hermit:Gestalt+1","hermit:Combo","hermit:RoundhouseKick+1"],"picked":"SKIP","floor":40},{"not_picked":["hermit:ItchyTrigger+1","hermit:FullyLoaded+1"],"picked":"hermit:BodyArmor+1","floor":41},{"not_picked":["hermit:Headshot+1","hermit:DeadMansHand+1","hermit:Roulette+1"],"picked":"SKIP","floor":42},{"not_picked":["hermit:SprayPray+1","hermit:Headshot+1","hermit:Snipe+1"],"picked":"SKIP","floor":48}],"player_experience":1606171,"relics_obtained":[{"floor":7,"key":"Kunai"},{"floor":9,"key":"Ancient Tea Set"},{"floor":11,"key":"Ornamental Fan"},{"floor":24,"key":"Akabeko"},{"floor":26,"key":"Molten Egg 2"},{"floor":29,"key":"Pantograph"},{"floor":40,"key":"Toxic Egg 2"},{"floor":42,"key":"Pear"},{"floor":43,"key":"Bag of Marbles"},{"floor":45,"key":"Thread and Needle"},{"floor":48,"key":"hermit:Spyglass"}],"event_choices":[{"damage_healed":0,"gold_gain":0,"player_choice":"Lose Max HP","damage_taken":0,"relics_obtained":["Golden Idol"],"max_hp_gain":0,"max_hp_loss":6,"event_name":"Golden Idol","floor":3,"gold_loss":0},{"cards_removed":["hermit:Defend_Hermit"],"damage_healed":0,"gold_gain":0,"player_choice":"Took Card","damage_taken":0,"max_hp_gain":0,"max_hp_loss":0,"event_name":"NoteForYourself","floor":4,"gold_loss":0,"cards_obtained":["HollowMod:NailStrikeStart"]},{"cards_removed":["hermit:Strike_Hermit"],"damage_healed":0,"gold_gain":0,"player_choice":"Card Removal","damage_taken":0,"max_hp_gain":0,"max_hp_loss":0,"event_name":"The Cleric","floor":5,"gold_loss":50},{"damage_healed":0,"gold_gain":175,"player_choice":"AGREE","damage_taken":82,"max_hp_gain":0,"max_hp_loss":0,"event_name":"betterThird:BetterSerpent","floor":6,"gold_loss":0},{"damage_healed":0,"gold_gain":250,"player_choice":"Bet on Owner","damage_taken":0,"max_hp_gain":0,"max_hp_loss":0,"event_name":"The Joust","floor":19,"gold_loss":50},{"cards_removed":["Doubt"],"damage_healed":0,"gold_gain":0,"player_choice":"Gave Gold","damage_taken":0,"max_hp_gain":0,"max_hp_loss":0,"event_name":"Beggar","floor":20,"gold_loss":75},{"damage_healed":0,"gold_gain":0,"player_choice":"Upgraded","damage_taken":0,"max_hp_gain":0,"max_hp_loss":0,"event_name":"Upgrade Shrine","floor":21,"gold_loss":0,"cards_upgraded":["hermit:Scavenge"]},{"damage_healed":0,"gold_gain":0,"player_choice":"Opened","damage_taken":0,"relics_obtained":["Sundial"],"max_hp_gain":0,"max_hp_loss":0,"event_name":"The Mausoleum","floor":22,"gold_loss":0},{"cards_removed":["hermit:FullyLoaded"],"damage_healed":0,"gold_gain":0,"player_choice":"Purged","damage_taken":0,"max_hp_gain":0,"max_hp_loss":0,"event_name":"Purifier","floor":28,"gold_loss":0},{"damage_healed":0,"gold_gain":0,"player_choice":"Fight","damage_taken":0,"max_hp_gain":0,"max_hp_loss":0,"event_name":"MindBloom","floor":45,"gold_loss":0},{"damage_healed":0,"gold_gain":0,"player_choice":"Paid","damage_taken":0,"relics_obtained":["Red Mask"],"max_hp_gain":0,"max_hp_loss":0,"event_name":"Tomb of Lord Red Mask","floor":47,"gold_loss":33}],"is_beta":false,"boss_relics":[{"not_picked":["hermit:ClaspedLocket","hermit:BartenderGlass"],"picked":"Pandora\u0027s Box"},{"not_picked":["Black Star","SlaversCollar"],"picked":"Cursed Key"}],"items_purged_floors":[0,0],"is_endless":false,"potions_floor_spawned":[11,13,14,16,24,29,40,41,42,48],"ascension_level":0}}