{"host":"l4kdldlios54gl54","time":1610333543,"event":{"mods":["AchievementEnabler","BaseMod","Colored Map","Colored Powertips","Minty Spire (QoL Compilation)","Random Character Button"],"gold_per_floor":[212,222,21,21,34,34,34,34,34,59,79,99,117,117,117,210,210,223,248,20,20,20],"floor_reached":21,"playtime":789,"items_purged":["Strike_B","Strike_B"],"score":337,"play_id":"38537e8a-0140-478e-a97d-3535760c655d","local_time":"20210111035223","is_ascension_mode":true,"campfire_choices":[{"data":"Zap","floor":6,"key":"SMITH"},{"data":"Leap","floor":8,"key":"SMITH"},{"data":"Reinforced Body","floor":15,"key":"SMITH"}],"circlet_count":0,"master_deck":["AscendersBane","Strike_B","Strike_B","Defend_B","Defend_B","Defend_B","Zap+1","Dualcast","Leap+1","Gash","Echo Form","Gash","Reinforced Body+1","Thinking Ahead"],"relics":["Cracked Core","Membership Card","Golden Idol","Omamori","Philosopher\u0027s Stone","Oddly Smooth Stone"],"acts_visited":["Exordium","TheCity"],"potions_floor_usage":[10,11,16,19],"damage_taken":[{"damage":1,"enemies":"Cultist","floor":1,"turns":3},{"damage":7,"enemies":"Small Slimes","floor":2,"turns":3},{"damage":0,"enemies":"2 Louse","floor":5,"turns":1},{"damage":0,"enemies":"Large Slime","floor":10,"turns":4},{"damage":1,"enemies":"2 Fungi Beasts","floor":11,"turns":2},{"damage":0,"enemies":"Red Slaver","floor":12,"turns":4},{"damage":4,"enemies":"Exordium Wildlife","floor":13,"turns":4},{"damage":28,"enemies":"Hexaghost","floor":16,"turns":9},{"damage":6,"enemies":"Spheric Guardian","floor":18,"turns":6},{"damage":31,"enemies":"3 Byrds","floor":19,"turns":8},{"damage":49,"enemies":"Cultist and Chosen","floor":21,"turns":5}],"seed_played":"6984125768708137366","potions_obtained":[{"floor":2,"key":"Explosive Potion"},{"floor":5,"key":"Swift Potion"},{"floor":12,"key":"SkillPotion"},{"floor":13,"key":"PotionOfCapacity"},{"floor":16,"key":"EssenceOfSteel"},{"floor":19,"key":"Strength Potion"}],"is_trial":false,"path_per_floor":["M","M","$","?","M","R","?","R","T","M","M","M","M","?","R","B",null,"M","M","$","M"],"character_chosen":"DEFECT","items_purchased":["Membership Card","Oddly Smooth Stone","Thinking Ahead"],"campfire_rested":0,"item_purchase_floors":[3,20,20],"current_hp_per_floor":[63,56,56,56,56,56,56,56,56,56,55,55,51,51,51,23,54,48,17,17,0,0],"gold":20,"neow_bonus":"HUNDRED_GOLD","is_daily":false,"chose_seed":false,"campfire_upgraded":3,"win_rate":0.0,"timestamp":1610333543,"path_taken":["M","M","$","?","?","R","?","R","T","M","M","M","M","?","R","BOSS","M","M","$","M"],"items_purchased_type":["Relic","Relic","Card"],"build_version":"2020-12-22","purchased_purges":2,"victory":false,"max_hp_per_floor":[71,71,71,71,71,71,64,64,64,64,64,64,64,64,64,64,64,64,64,64,64,64],"card_choices":[{"not_picked":["Go for the Eyes","Steam"],"picked":"Leap","floor":1},{"not_picked":["Consume","Compile Driver","Barrage"],"picked":"SKIP","floor":2},{"not_picked":["Streamline","Aggregate"],"picked":"Gash","floor":5},{"not_picked":["Compile Driver","Glacier"],"picked":"Echo Form","floor":10},{"not_picked":["Reinforced Body","Sweeping Beam"],"picked":"Gash","floor":11},{"not_picked":["Loop","Compile Driver","Storm"],"picked":"SKIP","floor":12},{"not_picked":["Gash","Rebound"],"picked":"Reinforced Body","floor":13},{"not_picked":["Doom and Gloom+1","Cold Snap+1","Coolheaded"],"picked":"SKIP","floor":18},{"not_picked":["Redo","Conserve Battery","Coolheaded"],"picked":"SKIP","floor":19}],"player_experience":846074,"relics_obtained":[{"floor":9,"key":"Omamori"}],"event_choices":[{"cards_removed":["Defend_B"],"damage_healed":0,"gold_gain":0,"player_choice":"Purged","damage_taken":0,"max_hp_gain":0,"max_hp_loss":0,"event_name":"Purifier","floor":4,"gold_loss":0},{"damage_healed":0,"gold_gain":0,"player_choice":"Lose Max HP","damage_taken":0,"relics_obtained":["Golden Idol"],"max_hp_gain":0,"max_hp_loss":7,"event_name":"Golden Idol","floor":7,"gold_loss":0},{"damage_healed":0,"gold_gain":0,"player_choice":"Ignored","damage_taken":0,"max_hp_gain":0,"max_hp_loss":0,"event_name":"Liars Game","floor":14,"gold_loss":0}],"is_beta":false,"boss_relics":[{"not_picked":["SlaversCollar","Empty Cage"],"picked":"Philosopher\u0027s Stone"}],"items_purged_floors":[3,20],"is_endless":false,"potions_floor_spawned":[2,5,12,13,16,19],"killed_by":"Cultist and Chosen","ascension_level":19}}