{"host":"5apxsqgkueisybsc","time":1610351136,"event":{"mods":["A Magickal Journey","BaseMod","Better Third Choice","DeckTracker","GungeonMod","Hermit","Hero for Fun","Hubris","Hunter ??","Kratos Character Expansion","Mimic Mod","Minty Spire (QoL Compilation)","Random Character Button","Rare Cards Sparkle","Replay The Spire","Robot Space Explorer","SOS???????","Shade Mod","StSLib","The Blackbeard","The Bladedancer","The Bug Knight","The Clintock","The Cursed","The Disciple","The Dragon Tamer","The Druid","The Exalted","The Forsaken","The Kombatant","The Servant 0.9.4","The Valiant","The Witch","[IsaacMod]????"],"gold_per_floor":[113,123,298,39,52,78,78,26,81,98,98,98,112,112,112,112,112,112],"floor_reached":16,"playtime":819,"items_purged":["Doubt"],"score":100,"play_id":"e5e8c112-f5e4-4225-9ea6-46a0d37a796c","local_time":"20210111024536","is_ascension_mode":false,"metric_token":2195,"campfire_choices":[{"data":"DTMod:ComboAttack","floor":7,"key":"SMITH"},{"floor":11,"key":"REST"},{"data":"DTMod:DragonDance","floor":15,"key":"SMITH"}],"dtmod_dragon_data":[17,50,-1,-1,0,0],"circlet_count":0,"master_deck":["DTMod:Strike","DTMod:Strike","DTMod:Strike","DTMod:Strike","DTMod:DoubleHit","DTMod:TargetDefense","DTMod:TargetDefense","DTMod:TargetDefense","DTMod:TargetDefense","DTMod:SwitchingTactic","DTMod:DeepFocus","DTMod:DragonDance+1","DTMod:CrossStep","DTMod:LightShield","DTMod:ComboAttack+1","DTMod:Observe","DTMod:BlazingStrike","DTMod:BlueScale","Pain","ReplayGash","Immolate"],"relics":["DTMod:PactStone","HushsDoor","KeepersGift","hubris:Reverence","Replay:Mystery Machine","PrismaticShard","Replay:Rubber Ducky","ReplayTheSpireMod:Ninjato"],"acts_visited":["Exordium"],"potions_floor_usage":[10,13,16],"damage_taken":[{"damage":0,"enemies":"Small Slimes","floor":1,"turns":3},{"damage":0,"enemies":"2 Louse","floor":2,"turns":2},{"damage":0,"enemies":"Jaw Worm","floor":5,"turns":5},{"damage":6,"enemies":"Lagavulin","floor":6,"turns":10},{"damage":0,"enemies":"Exordium Wildlife","floor":10,"turns":5},{"damage":0,"enemies":"2 Fungi Beasts","floor":13,"turns":3},{"damage":29,"enemies":"Slime Boss","floor":16,"turns":8}],"seed_played":"3994265486130974715","potions_obtained":[{"floor":5,"key":"GamblersBrew"},{"floor":6,"key":"PowerPotion"},{"floor":10,"key":"Explosive Potion"}],"is_trial":false,"path_per_floor":["M","M","?","$","M","E","R","$","T","M","R","?","M","?","R","B"],"character_chosen":"THE_DT","items_purchased":["DTMod:CrossStep","DTMod:LightShield","DTMod:BlazingStrike"],"campfire_rested":1,"item_purchase_floors":[4,4,8],"current_hp_per_floor":[49,49,49,49,49,43,43,43,43,43,49,49,49,28,28,0,0,0],"gold":112,"neow_bonus":"TEN_PERCENT_HP_BONUS","is_daily":false,"chose_seed":false,"campfire_upgraded":2,"win_rate":0.0,"timestamp":1610351136,"path_taken":["M","M","?","$","M","E","R","?","T","M","R","?","M","?","R","BOSS"],"items_purchased_type":["Card","Card","Card"],"build_version":"2020-12-22","purchased_purges":1,"victory":false,"max_hp_per_floor":[49,49,49,49,49,49,49,49,49,49,49,49,49,49,49,49,49,49],"card_choices":[{"not_picked":["DTMod:MagicField","DTMod:BurningEnergy"],"picked":"DTMod:DeepFocus","floor":1},{"not_picked":["DTMod:BlazingStrike","DTMod:InvisibleFlame"],"picked":"DTMod:DragonDance","floor":2},{"not_picked":["DTMod:BurningForce","DTMod:Threaten"],"picked":"DTMod:ComboAttack","floor":5},{"not_picked":["DTMod:RecklessFlurry","DTMod:LastStand"],"picked":"DTMod:Observe","floor":6},{"not_picked":["DTMod:RecklessFlurry","DTMod:FlameSlash"],"picked":"DTMod:BlueScale","floor":10},{"not_picked":["DemoMod:DirectionalPad","HollowMod:PureNailStrike","Shade:Bonestorm"],"picked":"SKIP","floor":13}],"player_experience":131489,"relics_obtained":[{"floor":6,"key":"hubris:Reverence"},{"floor":9,"key":"Replay:Mystery Machine"}],"event_choices":[{"damage_healed":0,"gold_gain":175,"player_choice":"AGREE","damage_taken":123,"max_hp_gain":0,"max_hp_loss":0,"event_name":"betterThird:BetterSerpent","floor":3,"gold_loss":0}],"is_beta":false,"boss_relics":[],"items_purged_floors":[4],"is_endless":false,"potions_floor_spawned":[5,6,10],"killed_by":"Slime Boss","ascension_level":0}}