{"host":"hve1dyh1ly81yl9f","time":1610381996,"event":{"mods":["BaseMod","Colored Map","DeckTracker","Highlight Path","Keyboard Shortcuts","Minty Spire (QoL Compilation)","Permanent Neow","Quick Restart","StSLib","SuperFastMode"],"gold_per_floor":[416,491,509,474,490,525,140,155,203,203,220,233,233,276,276,406,406,426,426,447,546,546,582,122,122,122],"floor_reached":25,"playtime":668,"items_purged":[],"score":325,"play_id":"fd16c924-7136-4847-a6e4-1793f22c5664","local_time":"20210112011956","is_ascension_mode":true,"campfire_choices":[{"floor":10.0,"key":"REST"},{"floor":15,"key":"REST"}],"circlet_count":0,"master_deck":["Strike_R","Strike_R","Strike_R","Strike_R","Strike_R","Defend_R","Defend_R","Defend_R","Defend_R+1","Bash","Wild Strike","Fire Breathing","Wild Strike","Perfected Strike","Power Through+1","Evolve+1","Injury","Fiend Fire","Shame","Wild Strike+1","Wild Strike","Headbutt","Barricade+1"],"relics":["Burning Blood","Old Coin","Frozen Egg 2","Lizard Tail","War Paint","Golden Idol","Potion Belt","Mark of Pain","Strawberry","Centennial Puzzle","Bronze Scales","Brimstone"],"acts_visited":["Exordium","TheCity"],"potions_floor_usage":[23],"damage_taken":[{"damage":11.0,"enemies":"Small Slimes","floor":1.0,"turns":3.0},{"damage":4.0,"enemies":"2 Louse","floor":3.0,"turns":3.0},{"damage":12.0,"enemies":"Jaw Worm","floor":5.0,"turns":2.0},{"damage":32.0,"enemies":"Gremlin Nob","floor":6.0,"turns":4.0},{"damage":6.0,"enemies":"Exordium Wildlife","floor":8.0,"turns":2.0},{"damage":6.0,"enemies":"2 Fungi Beasts","floor":11.0,"turns":3.0},{"damage":12.0,"enemies":"3 Louse","floor":12.0,"turns":3.0},{"damage":12,"enemies":"3 Sentries","floor":14,"turns":4},{"damage":50,"enemies":"Slime Boss","floor":16,"turns":6},{"damage":23,"enemies":"Shell Parasite","floor":18,"turns":4},{"damage":7,"enemies":"Chosen","floor":20,"turns":3},{"damage":28,"enemies":"Gremlin Leader","floor":23,"turns":4},{"damage":16,"enemies":"Book of Stabbing","floor":25,"turns":2}],"seed_played":"49648432650874372","potions_obtained":[{"floor":3.0,"key":"LiquidBronze"},{"floor":8.0,"key":"EssenceOfSteel"},{"floor":11.0,"key":"SneckoOil"}],"is_trial":false,"path_per_floor":["M","?","M","?","M","E","$","M","T","R","M","M","?","E","R","B",null,"M","?","M","?","?","E","$","E"],"character_chosen":"IRONCLAD","items_purchased":["Lizard Tail","Power Through","Bronze Scales","Brimstone","Headbutt","Barricade+1"],"campfire_rested":2,"item_purchase_floors":[7,7,24,24,24,24],"current_hp_per_floor":[46,35,37,57,51,25,25,25,25,49,49,43,43,37,61,17,64,47,54,53,53,53,31,31,15,15],"gold":122,"neow_bonus":"ONE_RARE_RELIC","is_daily":false,"chose_seed":false,"campfire_upgraded":0,"win_rate":0.0,"timestamp":1610381996,"path_taken":["M","?","M","?","M","E","$","M","T","R","M","M","?","E","R","BOSS","M","?","M","?","?","E","$","E"],"items_purchased_type":["Relic","Card","Relic","Relic","Card","Card"],"build_version":"2020-12-22","purchased_purges":0,"victory":false,"max_hp_per_floor":[80,80,80,80,80,80,80,80,80,80,80,80,80,80,80,80,80,80,87,87,87,87,87,87,87,87],"card_choices":[{"not_picked":["Body Slam","Armaments"],"picked":"Wild Strike","floor":1.0},{"not_picked":["Iron Wave","Clash"],"picked":"Fire Breathing","floor":3.0},{"not_picked":["Pommel Strike","Shrug It Off"],"picked":"Wild Strike","floor":5.0},{"not_picked":["Twin Strike","Intimidate"],"picked":"Perfected Strike","floor":6.0},{"not_picked":["Sword Boomerang","Havoc"],"picked":"Evolve+1","floor":8.0},{"not_picked":["Armaments","Anger","Whirlwind"],"picked":"SKIP","floor":11.0},{"not_picked":["Rage","Sever Soul","Iron Wave"],"picked":"SKIP","floor":12.0},{"not_picked":["Dropkick","Uppercut","Flex"],"picked":"SKIP","floor":14},{"not_picked":["Impervious","Barricade+1"],"picked":"Fiend Fire","floor":16},{"not_picked":["Thunderclap","Heavy Blade","Pummel"],"picked":"SKIP","floor":18},{"not_picked":["Pummel","Clash"],"picked":"Wild Strike+1","floor":20},{"not_picked":["Perfected Strike","Rupture+1"],"picked":"Wild Strike","floor":23}],"player_experience":303423,"relics_obtained":[{"floor":6.0,"key":"Frozen Egg 2"},{"floor":9.0,"key":"War Paint"},{"floor":14,"key":"Potion Belt"},{"floor":23,"key":"Centennial Puzzle"}],"event_choices":[{"damage_healed":0.0,"max_hp_gain":0.0,"max_hp_loss":0.0,"gold_gain":75.0,"event_name":"World of Goop","player_choice":"Gather Gold","floor":2.0,"gold_loss":0.0,"damage_taken":11.0},{"damage_healed":20.0,"max_hp_gain":0.0,"max_hp_loss":0.0,"gold_gain":0.0,"event_name":"The Cleric","player_choice":"Healed","floor":4.0,"gold_loss":35.0,"damage_taken":0.0},{"damage_healed":0.0,"max_hp_gain":0.0,"max_hp_loss":0.0,"gold_gain":0.0,"event_name":"Golden Idol","player_choice":"Take Wound","floor":13.0,"gold_loss":0.0,"damage_taken":0.0,"relics_obtained":["Golden Idol"],"cards_obtained":["Injury"]},{"damage_healed":0,"gold_gain":0,"player_choice":"Stole Relic","damage_taken":0,"relics_obtained":["Strawberry"],"max_hp_gain":0,"max_hp_loss":0,"event_name":"Addict","floor":19,"gold_loss":0,"cards_obtained":["Shame"]},{"damage_healed":0,"gold_gain":99,"player_choice":"Stole From Cult","damage_taken":0,"max_hp_gain":0,"max_hp_loss":0,"event_name":"Nest","floor":21,"gold_loss":0},{"damage_healed":0,"gold_gain":0,"player_choice":"Ignored","damage_taken":0,"max_hp_gain":0,"max_hp_loss":0,"event_name":"Ghosts","floor":22,"gold_loss":0}],"is_beta":false,"boss_relics":[{"not_picked":["SacredBark","Calling Bell"],"picked":"Mark of Pain"}],"items_purged_floors":[],"is_endless":false,"potions_floor_spawned":[3,8,11],"killed_by":"Book of Stabbing","ascension_level":6}}