{"host":"u7y6mp3waw4jt65j","time":1610375287,"event":{"mods":["ATMod(°¢èªMod)","Aspiration","BaseMod","Minty Spire (QoL Compilation)","Replay The Spire","StSLib","¡¾ÒÅÎï¿¨ÅÆ¡¿REMEMod"],"gold_per_floor":[117,167,167,19,29,29,355,355,381,381,381,381],"floor_reached":11,"playtime":408,"items_purged":["Normality"],"score":203,"play_id":"f13cca00-0d77-4535-b29e-6b341f5f18d2","local_time":"20210111222807","is_ascension_mode":true,"campfire_choices":[{"data":"AT_FamilyPortrait","floor":6,"key":"SMITH"},{"data":"AT_DrawKnifeCut","floor":8,"key":"SMITH"}],"circlet_count":0,"master_deck":["Strike_R","Strike_R","Strike_R","Strike_R","Strike_R","Defend_R","Defend_R","Defend_R","Defend_R","Bash","REME_HeartOfCthun","AT_FamilyPortrait+1","Reaper","Anger","ReplayTheSpireMod:IOU","ReplayTheSpireMod:IOU","ReplayTheSpireMod:IOU","Hallucinations","REME_PuzzleBox","Flex","Run Through","REME_CurseOfMatryoshka","ReplayTheSpireMod:Faulty Equipment","AT_DrawKnifeCut+1","ReplayTheSpireMod:Faulty Equipment"],"relics":["Burning Blood","AT_ATBox","REME_ComplimentaryCards","Ring of Hypnosis","Ring of Greed","Replay:Wax Seal","Blue Doll","Membership Card","Torii","Old Coin","Toy Ornithopter"],"acts_visited":["Exordium"],"potions_floor_usage":[10],"damage_taken":[{"damage":0,"enemies":"Jaw Worm","floor":1,"turns":1},{"damage":0,"enemies":"Cultist","floor":5,"turns":1},{"damage":39,"enemies":"Replay:BlueRogue","floor":7,"turns":5},{"damage":0,"enemies":"2 Louse","floor":10,"turns":1},{"damage":39,"enemies":"Gremlin Nob","floor":11,"turns":5}],"seed_played":"4779749357775598787","potions_obtained":[{"floor":1,"key":"SmokeBomb"}],"is_trial":false,"path_per_floor":["M","?","?","$","M","R","E","R","T","M","E"],"character_chosen":"IRONCLAD","items_purchased":["Membership Card","REME_PuzzleBox","Torii","Flex"],"campfire_rested":0,"item_purchase_floors":[4,4,4,4],"current_hp_per_floor":[72,72,65,65,71,71,38,38,38,53,14,14],"gold":381,"neow_bonus":"THREE_RARE_CARDS","is_daily":false,"chose_seed":false,"campfire_upgraded":2,"win_rate":0.0,"timestamp":1610375287,"path_taken":["M","?","?","$","M","R","E","R","T","?","E"],"items_purchased_type":["Relic","Card","Relic","Card"],"build_version":"2020-12-22","purchased_purges":1,"victory":false,"max_hp_per_floor":[72,72,72,72,72,72,72,72,72,72,72,72],"card_choices":[{"not_picked":["Brutality","Replay:Many Hands"],"picked":"Reaper","floor":0},{"not_picked":["Reckless Charge","ReplayTheSpireMod:LeadingStrike"],"picked":"Anger","floor":1},{"not_picked":["Clothesline","ReplayTheSpireMod:Strike From Hell"],"picked":"Run Through","floor":5},{"not_picked":["ReplayTheSpireMod:Muscle Training","Dropkick"],"picked":"AT_DrawKnifeCut","floor":7}],"player_experience":113755,"relics_obtained":[{"floor":2,"key":"Ring of Hypnosis"},{"floor":2,"key":"Ring of Greed"},{"floor":2,"key":"Replay:Wax Seal"},{"floor":2,"key":"Blue Doll"},{"floor":7,"key":"Old Coin"},{"floor":9,"key":"Toy Ornithopter"}],"event_choices":[{"damage_healed":0,"gold_gain":0,"player_choice":"Damaged","damage_taken":7,"max_hp_gain":0,"max_hp_loss":0,"event_name":"Wheel of Change","floor":3,"gold_loss":0}],"is_beta":false,"boss_relics":[],"items_purged_floors":[4],"is_endless":false,"potions_floor_spawned":[1,10],"killed_by":"Gremlin Nob","ascension_level":9}}