{"host":"xwog71r75u8mqwn1","time":1610402195,"event":{"mods":["BaseMod","Evolution","Minty Spire (QoL Compilation)","StSLib"],"gold_per_floor":[119,119,96,106,52,52,65,99,99,99,149,183,144,158,158,158,158],"floor_reached":16,"playtime":537,"items_purged":[],"score":151,"play_id":"0b09d214-3550-494d-98fb-105cf06ed706","local_time":"20210111155635","is_ascension_mode":true,"campfire_choices":[{"data":"Underhanded Strike","floor":6,"key":"SMITH"},{"floor":10,"key":"REST"},{"floor":15,"key":"REST"}],"circlet_count":0,"master_deck":["Strike_G","Strike_G","Strike_G","Strike_G","Strike_G","Defend_G","Defend_G","Defend_G","Defend_G","Defend_G","Survivor","Neutralize+1","Reflex+1","Underhanded Strike","Underhanded Strike+1","Acrobatics","Phantasmal Killer","Setup","Dodge and Roll"],"relics":["Ring of the Snake","EVO:Axolotl","Bottled Flame","Pantograph","Mummified Hand"],"acts_visited":["Exordium"],"potions_floor_usage":[],"damage_taken":[{"damage":5,"enemies":"Cultist","floor":1,"turns":4},{"damage":10,"enemies":"2 Louse","floor":4,"turns":2},{"damage":1,"enemies":"Jaw Worm","floor":7,"turns":3},{"damage":38,"enemies":"Lagavulin","floor":8,"turns":8},{"damage":24,"enemies":"3 Sentries","floor":12,"turns":8},{"damage":0,"enemies":"Blue Slaver","floor":14,"turns":3},{"damage":60,"enemies":"Slime Boss","floor":16,"turns":8}],"seed_played":"-1974845688916291539","potions_obtained":[{"floor":12,"key":"FairyPotion"}],"is_trial":false,"path_per_floor":["M","?","$","M","$","R","M","E","T","R","?","E","?","M","R","B"],"character_chosen":"THE_SILENT","items_purchased":["Underhanded Strike","Underhanded Strike"],"campfire_rested":2,"item_purchase_floors":[3,5],"current_hp_per_floor":[58,58,58,48,48,48,47,9,9,30,30,6,6,6,27,21,21],"gold":158,"neow_bonus":"UPGRADE_CARD","is_daily":false,"chose_seed":false,"campfire_upgraded":1,"win_rate":0.0,"timestamp":1610402195,"path_taken":["M","?","$","M","$","R","M","E","T","R","?","E","?","?","R","BOSS"],"items_purchased_type":["Card","Card"],"build_version":"2020-12-22","purchased_purges":0,"victory":false,"max_hp_per_floor":[70,70,70,70,70,70,70,70,70,70,70,70,70,70,70,70,70],"card_choices":[{"not_picked":["Deflect","Acrobatics"],"picked":"Reflex","floor":1},{"not_picked":["Choke","Deadly Poison","Quick Slash"],"picked":"SKIP","floor":4},{"not_picked":["Quick Slash","Backflip"],"picked":"Acrobatics","floor":7},{"not_picked":["PiercingWail","Poisoned Stab"],"picked":"Phantasmal Killer","floor":8},{"not_picked":["Expertise","Quick Slash"],"picked":"Setup","floor":12},{"not_picked":["Cloak And Dagger","Blade Dance"],"picked":"Dodge and Roll","floor":14}],"player_experience":2439537,"relics_obtained":[{"floor":8,"key":"Bottled Flame"},{"floor":9,"key":"Pantograph"},{"floor":12,"key":"Mummified Hand"}],"event_choices":[{"damage_healed":0,"gold_gain":0,"player_choice":"Grow","damage_taken":0,"max_hp_gain":0,"max_hp_loss":0,"event_name":"Living Wall","floor":2,"gold_loss":0,"cards_upgraded":["Reflex"]},{"damage_healed":0,"gold_gain":50,"player_choice":"Gained Gold","damage_taken":0,"max_hp_gain":0,"max_hp_loss":0,"event_name":"Golden Wing","floor":11,"gold_loss":0},{"damage_healed":0,"gold_gain":0,"player_choice":"Left Gold","damage_taken":0,"max_hp_gain":0,"max_hp_loss":0,"event_name":"World of Goop","floor":13,"gold_loss":39}],"is_beta":false,"boss_relics":[],"items_purged_floors":[],"is_endless":false,"potions_floor_spawned":[12],"killed_by":"Slime Boss","ascension_level":8}}