{"host":"p9t7qd83igtcp2bh","time":1610399156,"event":{"mods":["2.2 Compatiblity","AchievementEnabler","BaseMod","Colored Map","Colored Powertips","Custom Start","DeckTracker","Keyboard Shortcuts","Minty Spire (QoL Compilation)","Permanent Neow","StSLib","SuperFastMode","everything is the same but u backflip on backflip"],"gold_per_floor":[109,125,143,154,167,198,198,2,50,0,14,33,65,2,2,74,74,87,106,106,116,134,134,134,134],"floor_reached":24,"playtime":767,"items_purged":["Dualcast","Zap","Strike_B"],"score":382,"play_id":"3c67d084-36ae-407f-85b2-a7f282b28497","local_time":"20210112060556","is_ascension_mode":true,"campfire_choices":[{"data":"Reprogram","floor":7,"key":"SMITH"},{"floor":15,"key":"REST"},{"floor":23,"key":"REST"}],"circlet_count":0,"master_deck":["AscendersBane","Strike_B","Defend_B","Defend_B","Defend_B","Beam Cell","Rebound","White Noise","Reprogram+1","Undo","Gash","Reboot+1","Go for the Eyes","Fission","Rip and Tear+1","Fusion+1","Beam Cell+1","Compile Driver","Hologram"],"relics":["Cracked Core","Bag of Preparation","Membership Card","Anchor","Sundial","Astrolabe"],"acts_visited":["Exordium","TheCity"],"potions_floor_usage":[16,16,22],"damage_taken":[{"damage":1.0,"enemies":"Cultist","floor":1.0,"turns":4.0},{"damage":0.0,"enemies":"Small Slimes","floor":2.0,"turns":2.0},{"damage":0.0,"enemies":"2 Louse","floor":3.0,"turns":2.0},{"damage":17.0,"enemies":"Exordium Thugs","floor":4.0,"turns":5.0},{"damage":11.0,"enemies":"Looter","floor":5.0,"turns":2.0},{"damage":11,"enemies":"Lagavulin","floor":6,"turns":8},{"damage":0,"enemies":"2 Fungi Beasts","floor":11,"turns":3},{"damage":8,"enemies":"3 Louse","floor":12,"turns":3},{"damage":11,"enemies":"Gremlin Nob","floor":13,"turns":4},{"damage":10,"enemies":"Slime Boss","floor":16,"turns":8},{"damage":2,"enemies":"Chosen","floor":18,"turns":4},{"damage":11,"enemies":"3 Byrds","floor":19,"turns":6},{"damage":29,"enemies":"Cultist and Chosen","floor":21,"turns":7},{"damage":2,"enemies":"Chosen and Byrds","floor":22,"turns":4},{"damage":36,"enemies":"Book of Stabbing","floor":24,"turns":5}],"seed_played":"-5350462317313036793","potions_obtained":[{"floor":3.0,"key":"Explosive Potion"},{"floor":5.0,"key":"PowerPotion"},{"floor":6,"key":"SkillPotion"},{"floor":11,"key":"PowerPotion"},{"floor":16,"key":"ColorlessPotion"},{"floor":22,"key":"PotionOfCapacity"}],"is_trial":false,"path_per_floor":["M","M","M","M","M","E","R","$","T","$","M","M","E","$","R","B",null,"M","M","?","M","M","R","E"],"character_chosen":"DEFECT","items_purchased":["Membership Card"],"campfire_rested":2,"item_purchase_floors":[8],"current_hp_per_floor":[63,63,63,46,35,24,24,24,24,24,24,16,5,5,26,16,57,55,44,44,15,13,34,0,0],"gold":134,"neow_bonus":"THREE_CARDS","is_daily":false,"chose_seed":false,"campfire_upgraded":1,"win_rate":0.0,"timestamp":1610399156,"path_taken":["M","M","M","M","M","E","R","$","T","?","M","M","E","$","R","BOSS","M","M","?","M","?","R","E"],"items_purchased_type":["Relic"],"build_version":"2020-12-22","purchased_purges":3,"victory":false,"max_hp_per_floor":[71,71,71,71,71,71,71,71,71,71,71,71,71,71,71,71,71,71,71,71,71,71,71,71,71],"card_choices":[{"not_picked":["Hologram","Steam"],"picked":"Beam Cell","floor":0.0},{"not_picked":["Coolheaded","Double Energy"],"picked":"Rebound","floor":1.0},{"not_picked":["Steam","Beam Cell"],"picked":"White Noise","floor":2.0},{"not_picked":["Gash","Beam Cell"],"picked":"Reprogram","floor":3.0},{"not_picked":["Sunder","Ball Lightning"],"picked":"Undo","floor":4.0},{"not_picked":["Lockon","Recycle"],"picked":"Gash","floor":5.0},{"not_picked":["Leap","Coolheaded"],"picked":"Reboot","floor":6},{"not_picked":["Barrage","Steam","Ball Lightning"],"picked":"SKIP","floor":11},{"not_picked":["Redo","Gash"],"picked":"Go for the Eyes","floor":12},{"not_picked":["Coolheaded","Compile Driver","Hello World"],"picked":"SKIP","floor":13},{"not_picked":["Multi-Cast","Amplify"],"picked":"Fission","floor":16},{"not_picked":["Double Energy","Gash"],"picked":"Compile Driver","floor":18},{"not_picked":["Stack+1","Compile Driver","Turbo"],"picked":"SKIP","floor":19},{"not_picked":["Chaos","Coolheaded"],"picked":"Hologram","floor":21},{"not_picked":["Compile Driver","Reprogram","Rebound"],"picked":"SKIP","floor":22}],"player_experience":612339,"relics_obtained":[{"floor":6,"key":"Bag of Preparation"},{"floor":9,"key":"Anchor"},{"floor":13,"key":"Sundial"}],"event_choices":[{"damage_healed":0,"gold_gain":0,"player_choice":"Upgraded","damage_taken":0,"max_hp_gain":0,"max_hp_loss":0,"event_name":"Upgrade Shrine","floor":20,"gold_loss":0,"cards_upgraded":["Reboot"]}],"is_beta":false,"boss_relics":[{"not_picked":["FrozenCore","Coffee Dripper"],"picked":"Astrolabe"}],"items_purged_floors":[8,10,14],"is_endless":false,"potions_floor_spawned":[3,5,6,11,13,16,22],"killed_by":"Book of Stabbing","ascension_level":16}}