{"host":"qytbi1suova0trfd","time":1610374881,"event":{"mods":["ATMod(∞¢Ë™Mod)","Act Like it!","BaseMod","Downfall","Energized Spire","Gensokyo","Hallownest","Marisa£®ÏF”Í°°ƒß¿Ì…≥£©","Minty Spire (QoL Compilation)","Reimu£®≤©¿ˆ¡È√Œ£©","StSLib","Td1madao Mod","The Bug Knight"],"gold_per_floor":[99,99,116,127,127,577,577,487,662,587,598,618,648,119,130,130,130,130],"floor_reached":16,"playtime":1003,"items_purged":["Regret","Doubt"],"score":125,"play_id":"b5235537-f7f3-45f9-9fa2-a03351bcd3d1","local_time":"20210111222121","is_ascension_mode":false,"campfire_choices":[{"data":"hexamod:Float","floor":1.0,"key":"SMITH"},{"floor":10,"key":"RECALL"}],"circlet_count":0,"master_deck":["hexamod:Strike","hexamod:Strike","hexamod:Strike","hexamod:Strike","hexamod:Defend","hexamod:Defend","hexamod:Defend+1","hexamod:Defend+1","hexamod:Sear+1","hexamod:Float+1","hexamod:FirstSeal","hexamod:ThirdSeal","Slimebound:Icky","Slimebound:Icky","Slimebound:Icky","hexamod:FourthSeal","hexamod:RadiantFlame","hexamod:ExtraCrispy","hexamod:FourthSeal","hexamod:FourthSeal","expansioncontent:StudyTheSpire"],"relics":["hexamod:SpiritBrand","AT_ATBox","downfall:HeartBlessingBlue","Strawberry","Mummified Hand"],"acts_visited":["Exordium"],"potions_floor_usage":[16,16,16],"damage_taken":[{"damage":2.0,"enemies":"Jaw Worm","floor":3.0,"turns":3.0},{"damage":2.0,"enemies":"2 Louse","floor":4.0,"turns":3.0},{"damage":4,"enemies":"downfall:FleeingMerchant","floor":8,"turns":4},{"damage":0,"enemies":"Small Slimes","floor":11,"turns":3},{"damage":21,"enemies":"3 Louse","floor":12,"turns":6},{"damage":46,"enemies":"3 Sentries","floor":13,"turns":14},{"damage":1,"enemies":"downfall:FleeingMerchant","floor":14,"turns":4},{"damage":10,"enemies":"Exordium Wildlife","floor":15,"turns":4},{"damage":52,"enemies":"downfall:Ironclad","floor":16,"turns":7}],"seed_played":"7621384855956736977","potions_obtained":[{"floor":11,"key":"champ:CounterPotion"},{"floor":12,"key":"Fire Potion"},{"floor":12,"key":"Regen Potion"}],"is_trial":false,"path_per_floor":["R","?","M","M","?","?","T","$","?","R","M","M","E","$","M","B"],"character_chosen":"THE_SPIRIT","items_purchased":["expansioncontent:StudyTheSpire","Mummified Hand"],"campfire_rested":0,"item_purchase_floors":[14,14],"current_hp_per_floor":[77,77,75,77,77,77,77,77,77,87,87,73,41,40,37,0,0,0],"gold":130,"neow_bonus":"TEN_PERCENT_HP_BONUS","is_daily":false,"chose_seed":false,"campfire_upgraded":1,"win_rate":0.0,"timestamp":1610374881,"path_taken":["R","?","M","M","?","?","T","$","?","R","M","M","E","$","M","BOSS"],"items_purchased_type":["Card","Relic"],"build_version":"2020-12-22","purchased_purges":2,"victory":false,"max_hp_per_floor":[77,77,77,77,77,77,77,77,77,87,87,87,94,94,94,94,94,94],"card_choices":[{"not_picked":["hexamod:ThermalTransfer","hexamod:NightmareStrike"],"picked":"hexamod:FirstSeal","floor":3.0},{"not_picked":["hexamod:RainOfEmbers","hexamod:SpectersWail"],"picked":"hexamod:BurningTouch","floor":4.0},{"not_picked":["hexamod:Rewind","hexamod:BurningTouch","hexamod:SwordOfDarkness"],"picked":"SKIP","floor":8},{"not_picked":["hexamod:Haunt","hexamod:EtherealExpedition","hexamod:GhostShield"],"picked":"SKIP","floor":8},{"not_picked":["hexamod:Firestarter","hexamod:AdvancingGuard"],"picked":"hexamod:FourthSeal","floor":11},{"not_picked":["hexamod:StepThrough","hexamod:SwordOfDarkness","hexamod:BurningTouch"],"picked":"SKIP","floor":11},{"not_picked":["hexamod:HeatMetal","hexamod:EtherealExpedition"],"picked":"hexamod:RadiantFlame","floor":12},{"not_picked":["hexamod:ChargedBarrage","hexamod:SwordOfDarkness"],"picked":"hexamod:ExtraCrispy","floor":12},{"not_picked":["hexamod:AdvancingGuard","hexamod:Hexaguard"],"picked":"hexamod:FourthSeal","floor":13},{"not_picked":["hexamod:ParanormalForm","hexamod:EtherealExpedition","hexamod:ShieldOfDarkness"],"picked":"SKIP","floor":13},{"not_picked":["hexamod:HeatShield","hexamod:GhostOfSpirePast"],"picked":"hexamod:FourthSeal","floor":14},{"not_picked":["hexamod:NightmareStrike","hexamod:GhostLash","hexamod:CatchUp"],"picked":"SKIP","floor":14},{"not_picked":["hexamod:SpectersWail","hexamod:SkipABeat","hexamod:Hexaguard"],"picked":"SKIP","floor":15},{"not_picked":["hexamod:InspiringFlames","hexamod:HeatShield","hexamod:NightmareGuise"],"picked":"SKIP","floor":15}],"player_experience":167116,"relics_obtained":[{"floor":13,"key":"Strawberry"}],"event_choices":[],"is_beta":false,"boss_relics":[],"items_purged_floors":[8,14],"is_endless":false,"potions_floor_spawned":[11,12,15],"killed_by":"downfall:Ironclad","ascension_level":0}}