{"host":"3zhcrllo23fhqv4x","time":1610404569,"event":{"mods":["AchievementEnabler","BaseMod","Downfall","Hermit","Jorbs\u0027s Wanderer Trilogy","Marisa????????","Minty Spire (QoL Compilation)","Remilia??????","StSLib","The Cursed","The Disciple","The Hierophant","The Runesmith","The Servant 0.9.4"],"gold_per_floor":[99,113,113,113,113,38,38,56,76,76,90,190,208,218,231,328,328,328,339,439,439,459,486,486,486,486],"floor_reached":25,"playtime":1118,"items_purged":[],"score":213,"play_id":"bc05255d-cba3-4cc0-b0cc-84712abbd6a0","local_time":"20210111173609","is_ascension_mode":false,"campfire_choices":[{"floor":1,"key":"RECALL"},{"data":"Runesmith:Fortify","floor":6,"key":"SMITH"},{"data":"Runesmith:CraftProtectio","floor":10,"key":"SMITH"},{"data":"Runesmith:UnlimitedPower","floor":18,"key":"SMITH"}],"circlet_count":0,"master_deck":["Runesmith:Strike_RS","Runesmith:Strike_RS","Runesmith:Strike_RS","Runesmith:Strike_RS","Runesmith:Defend_RS","Runesmith:Defend_RS","Runesmith:Defend_RS","Runesmith:Defend_RS","Runesmith:CraftFirestone+1","Runesmith:Fortify+1","Runesmith:HammerThrow","Regret","Runesmith:CraftProtectio+1","Runesmith:Discharge","Runesmith:EnergizedChisel","Runesmith:FieryHammer","Runesmith:PerfectChisel","Runesmith:EarthShield","Runesmith:UnlimitedPower+1","Runesmith:Empowerment+1","Pride","Injury","Runesmith:PoweredAnvil","Runesmith:ChiselStab","Normality"],"relics":["Runesmith:BrokenRuby","Runesmith:AutoHammer","Art of War","downfall:HeartBlessingRed","Tiny Chest","Cursed Key","Darkstone Periapt","Boot"],"acts_visited":["Exordium","TheCity"],"potions_floor_usage":[14,15,16,23,25],"damage_taken":[{"damage":0,"enemies":"Jaw Worm","floor":2,"turns":4},{"damage":5,"enemies":"Small Slimes","floor":8,"turns":3},{"damage":3,"enemies":"Cultist","floor":9,"turns":3},{"damage":13,"enemies":"2 Fungi Beasts","floor":11,"turns":5},{"damage":8,"enemies":"3 Louse","floor":13,"turns":3},{"damage":4,"enemies":"Exordium Thugs","floor":14,"turns":5},{"damage":5,"enemies":"Large Slime","floor":15,"turns":5},{"damage":21,"enemies":"downfall:Watcher","floor":16,"turns":15},{"damage":16,"enemies":"3 Byrds","floor":19,"turns":6},{"damage":8,"enemies":"Spheric Guardian","floor":22,"turns":4},{"damage":50,"enemies":"Slavers","floor":23,"turns":8},{"damage":9,"enemies":"Shelled Parasite and Fungi","floor":25,"turns":4}],"seed_played":"5881296797804369440","potions_obtained":[{"floor":8,"key":"PowerPotion"},{"floor":9,"key":"ColorlessPotion"},{"floor":14,"key":"Slimebound:ThreeZeroPotion"},{"floor":19,"key":"PowerPotion"},{"floor":22,"key":"Dexterity Potion"}],"is_trial":false,"path_per_floor":["R","M","?","?","?","R","T","M","M","R","M","?","M","M","M","B",null,"R","M","?","T","M","E","T","M"],"character_chosen":"RUNESMITH_CLASS","items_purchased":[],"campfire_rested":0,"item_purchase_floors":[],"current_hp_per_floor":[77,77,65,65,65,65,65,60,57,57,44,44,36,32,27,6,77,77,61,61,61,53,3,9,0,0],"gold":486,"neow_bonus":"TEN_PERCENT_HP_BONUS","is_daily":false,"chose_seed":false,"campfire_upgraded":3,"win_rate":0.0,"timestamp":1610404569,"path_taken":["R","M","?","?","?","R","T","M","M","R","?","?","M","M","M","BOSS","R","M","?","?","M","E","T","?"],"items_purchased_type":[],"build_version":"2020-12-22","purchased_purges":0,"victory":false,"max_hp_per_floor":[77,77,77,77,77,77,77,77,77,77,77,77,77,77,77,77,77,77,77,77,77,77,77,83,83,83],"card_choices":[{"not_picked":["Runesmith:ShiftingStrike","Runesmith:Repurpose"],"picked":"Runesmith:HammerThrow","floor":2},{"not_picked":["Runesmith:Repurpose","Runesmith:PerfectChisel"],"picked":"Runesmith:CraftProtectio","floor":8},{"not_picked":["Runesmith:RuneHurl","Runesmith:Supernova"],"picked":"Runesmith:Discharge","floor":9},{"not_picked":["Runesmith:StaticCage","Runesmith:UnstableHammer"],"picked":"Runesmith:EnergizedChisel","floor":11},{"not_picked":["Runesmith:Repurpose","Runesmith:DoubleUp"],"picked":"Runesmith:FieryHammer","floor":13},{"not_picked":["Runesmith:HeatExchange","Runesmith:HammerThrow"],"picked":"Runesmith:PerfectChisel","floor":14},{"not_picked":["Runesmith:NegativeSpace","Runesmith:CraftProtectio"],"picked":"Runesmith:EarthShield","floor":15},{"not_picked":["Runesmith:CreatorForm","Runesmith:MetallurgicalResearch"],"picked":"Runesmith:UnlimitedPower","floor":16},{"not_picked":["Runesmith:Overpower","Runesmith:RunicBlueprint"],"picked":"Runesmith:Empowerment+1","floor":19},{"not_picked":["Runesmith:ShiftingStrike+1","Runesmith:Superposition"],"picked":"Runesmith:PoweredAnvil","floor":22},{"not_picked":["Runesmith:UnstableHammer","Runesmith:HammerAndChisel"],"picked":"Runesmith:ChiselStab","floor":23}],"player_experience":293049,"relics_obtained":[{"floor":7,"key":"Tiny Chest"},{"floor":21,"key":"Darkstone Periapt"},{"floor":23,"key":"Boot"}],"event_choices":[{"damage_healed":0,"gold_gain":0,"player_choice":"Success","damage_taken":12,"relics_obtained":["Runesmith:AutoHammer"],"max_hp_gain":0,"max_hp_loss":0,"event_name":"Scrap Ooze","floor":3,"gold_loss":0},{"damage_healed":0,"gold_gain":0,"player_choice":"Box","damage_taken":0,"relics_obtained":["Art of War"],"max_hp_gain":0,"max_hp_loss":0,"event_name":"Big Fish","floor":4,"gold_loss":0,"cards_obtained":["Regret"]},{"damage_healed":0,"gold_gain":0,"player_choice":"Upgraded","damage_taken":0,"max_hp_gain":0,"max_hp_loss":0,"event_name":"Upgrade Shrine","floor":5,"gold_loss":0,"cards_upgraded":["Runesmith:CraftFirestone"]}],"is_beta":false,"boss_relics":[{"not_picked":["Calling Bell","Runic Pyramid"],"picked":"Cursed Key"}],"items_purged_floors":[],"is_endless":false,"potions_floor_spawned":[8,9,14,19,22],"killed_by":"Shelled Parasite and Fungi","ascension_level":0}}