{"host":"sav7uxregyirlf69","time":1610345214,"event":{"mods":["AchievementEnabler","BaseMod","Colored Map","DeckTracker","Keyboard Shortcuts","Minty Spire (QoL Compilation)","READ ME - Guardian Mod","StSLib","SuperFastMode"],"gold_per_floor":[117,131,144,104,119,119,136,136,136,171,171,189,218,231,231,302,302,274,274,124,138,63,63,83,83,106,156,156,174,205,205,205,282,282,296,27,43,43,63,63,63],"floor_reached":40,"playtime":822,"items_purged":["Strike_B","Defend_B"],"score":836,"play_id":"fee29444-e914-4392-b139-0c8b5db0807b","local_time":"20210111150654","is_ascension_mode":true,"campfire_choices":[{"data":"Go for the Eyes","floor":6,"key":"SMITH"},{"data":"Zap","floor":8,"key":"SMITH"},{"data":"Dualcast","floor":11,"key":"SMITH"},{"data":"Chaos","floor":15,"key":"SMITH"},{"data":"Blizzard","floor":23,"key":"SMITH"},{"data":"Barrage","floor":25,"key":"SMITH"},{"data":"Reinforced Body","floor":28,"key":"SMITH"},{"floor":32,"key":"REST"}],"circlet_count":0,"master_deck":["AscendersBane","Defend_B","Zap+1","Dualcast+1","Go for the Eyes+1","Self Repair","Core Surge","Glacier","Barrage+1","Chaos+1","Conserve Battery","Ball Lightning","Reinforced Body+1","Blizzard+1","Chill+1","Meteor Strike","Electrodynamics","Capacitor"],"relics":["FrozenCore","Potion Belt","Pear","StrikeDummy","Happy Flower","Bag of Preparation","InkBottle","Coffee Dripper","Medical Kit"],"acts_visited":["Exordium","TheCity","TheBeyond"],"potions_floor_usage":[10,12,13,13,13,16,16,30,33,33,33,33,40],"damage_taken":[{"damage":0,"enemies":"2 Louse","floor":1,"turns":2},{"damage":0,"enemies":"Cultist","floor":2,"turns":3},{"damage":9,"enemies":"Jaw Worm","floor":3,"turns":4},{"damage":9,"enemies":"Looter","floor":5,"turns":3},{"damage":3,"enemies":"3 Louse","floor":7,"turns":3},{"damage":27,"enemies":"Lagavulin","floor":10,"turns":7},{"damage":40,"enemies":"Exordium Thugs","floor":12,"turns":5},{"damage":4,"enemies":"Gremlin Nob","floor":13,"turns":3},{"damage":4,"enemies":"2 Fungi Beasts","floor":14,"turns":3},{"damage":1,"enemies":"Hexaghost","floor":16,"turns":11},{"damage":15,"enemies":"2 Thieves","floor":18,"turns":4},{"damage":15,"enemies":"Spheric Guardian","floor":21,"turns":6},{"damage":10,"enemies":"Cultist and Chosen","floor":24,"turns":6},{"damage":15,"enemies":"Sentry and Sphere","floor":29,"turns":6},{"damage":24,"enemies":"Book of Stabbing","floor":30,"turns":6},{"damage":65,"enemies":"Automaton","floor":33,"turns":11},{"damage":22,"enemies":"3 Darklings","floor":35,"turns":4},{"damage":0,"enemies":"3 Shapes","floor":37,"turns":4},{"damage":42,"enemies":"Maw","floor":39,"turns":8},{"damage":25,"enemies":"Nemesis","floor":40,"turns":5}],"seed_played":"-702579969103762737","potions_obtained":[{"floor":2,"key":"LiquidBronze"},{"floor":4,"key":"FairyPotion"},{"floor":4,"key":"ColorlessPotion"},{"floor":4,"key":"DistilledChaos"},{"floor":10,"key":"EntropicBrew"},{"floor":14,"key":"LiquidMemories"},{"floor":21,"key":"LiquidBronze"},{"floor":24,"key":"Swift Potion"},{"floor":29,"key":"PowerPotion"},{"floor":39,"key":"Dexterity Potion"}],"is_trial":false,"path_per_floor":["M","M","M","?","M","R","M","R","T","E","R","M","E","M","R","B",null,"M","?","$","M","?","R","M","R","T","?","R","M","E","?","R","B",null,"M","$","M","?","M","E"],"character_chosen":"DEFECT","items_purchased":["Blizzard","Medical Kit"],"campfire_rested":1,"item_purchase_floors":[20,36],"current_hp_per_floor":[64,64,62,62,60,60,64,64,74,54,54,21,24,27,27,33,69,61,61,61,53,53,53,50,50,50,50,50,42,25,25,49,27,68,53,53,60,60,25,0,0],"gold":63,"neow_bonus":"RANDOM_COMMON_RELIC","is_daily":false,"chose_seed":false,"campfire_upgraded":7,"win_rate":0.0,"timestamp":1610345214,"path_taken":["M","M","M","?","?","R","M","R","T","E","R","M","E","M","R","BOSS","M","?","$","M","?","R","M","R","T","?","R","?","E","?","R","BOSS","M","$","M","?","?","E"],"items_purchased_type":["Card","Relic"],"build_version":"2020-12-22","purchased_purges":2,"victory":false,"max_hp_per_floor":[71,71,71,71,71,71,71,71,81,81,81,81,81,81,81,81,81,81,81,81,81,81,81,81,81,81,81,81,81,81,81,81,81,81,81,81,81,81,81,81,81],"card_choices":[{"not_picked":["Rebound","Barrage"],"picked":"Go for the Eyes","floor":1},{"not_picked":["Genetic Algorithm","Go for the Eyes"],"picked":"Self Repair","floor":2},{"not_picked":["Auto Shields","Stack"],"picked":"Core Surge","floor":3},{"not_picked":["Coolheaded","Leap"],"picked":"Glacier","floor":5},{"not_picked":["Hologram","Go for the Eyes"],"picked":"Barrage","floor":7},{"not_picked":["Glacier","Stack","Steam Power"],"picked":"SKIP","floor":10},{"not_picked":["Echo Form","Static Discharge","Redo"],"picked":"SKIP","floor":12},{"not_picked":["Sweeping Beam","Barrage"],"picked":"Chaos","floor":13},{"not_picked":["Lockon","Streamline","Beam Cell"],"picked":"SKIP","floor":14},{"not_picked":["Auto Shields","Sweeping Beam"],"picked":"Conserve Battery","floor":18},{"not_picked":["Beam Cell","Blizzard"],"picked":"Chill+1","floor":21},{"not_picked":["FTL","Sweeping Beam","Self Repair"],"picked":"SKIP","floor":24},{"not_picked":["Sweeping Beam","Reprogram","Genetic Algorithm"],"picked":"SKIP","floor":29},{"not_picked":["Stack","Conserve Battery","Rebound"],"picked":"SKIP","floor":30},{"not_picked":["Buffer","Hyperbeam"],"picked":"Electrodynamics","floor":33},{"not_picked":["Stack","Steam","Rebound"],"picked":"SKIP","floor":35},{"not_picked":["Beam Cell","Leap","Auto Shields+1"],"picked":"SKIP","floor":37},{"not_picked":["Beam Cell+1","Skim"],"picked":"Capacitor","floor":39}],"player_experience":1238895,"relics_obtained":[{"floor":9,"key":"Pear"},{"floor":10,"key":"StrikeDummy"},{"floor":13,"key":"Happy Flower"},{"floor":26,"key":"Bag of Preparation"},{"floor":30,"key":"InkBottle"}],"event_choices":[{"damage_healed":0,"gold_gain":0,"player_choice":"Bought 3 Potions","damage_taken":0,"max_hp_gain":0,"max_hp_loss":0,"event_name":"The Woman in Blue","floor":4,"gold_loss":0},{"damage_healed":0,"gold_gain":0,"cards_transformed":["Strike_B","Strike_B"],"player_choice":"Became Test Subject","damage_taken":0,"max_hp_gain":0,"max_hp_loss":0,"event_name":"Drug Dealer","floor":19,"gold_loss":0,"cards_obtained":["Ball Lightning","Reinforced Body"]},{"cards_removed":["Defend_B"],"damage_healed":0,"gold_gain":0,"player_choice":"Gave Gold","damage_taken":0,"max_hp_gain":0,"max_hp_loss":0,"event_name":"Beggar","floor":22,"gold_loss":75},{"damage_healed":0,"gold_gain":100,"player_choice":"Bet on Murderer","damage_taken":0,"max_hp_gain":0,"max_hp_loss":0,"event_name":"The Joust","floor":27,"gold_loss":50},{"damage_healed":0,"gold_gain":0,"cards_transformed":["Strike_B"],"player_choice":"Transformed","damage_taken":0,"max_hp_gain":0,"max_hp_loss":0,"event_name":"Transmorgrifier","floor":31,"gold_loss":0,"cards_obtained":["Meteor Strike"]},{"cards_removed":["Defend_B"],"damage_healed":0,"gold_gain":0,"player_choice":"Purged","damage_taken":0,"max_hp_gain":0,"max_hp_loss":0,"event_name":"Purifier","floor":38,"gold_loss":0}],"is_beta":false,"boss_relics":[{"not_picked":["Sozu","Runic Dome"],"picked":"FrozenCore"},{"not_picked":["Busted Crown","Astrolabe"],"picked":"Coffee Dripper"}],"items_purged_floors":[20,36],"is_endless":false,"potions_floor_spawned":[2,7,10,14,21,24,29,39],"killed_by":"Nemesis","ascension_level":20}}