{"host":"df48i9djcn92c5sx","time":1610358446,"event":{"mods":["BaseMod","Downfall","Marisa£®ÏF”Í°°ƒß¿Ì…≥£©","Minty Spire (QoL Compilation)","READ ME - Guardian Mod","READ ME - Snecko Mod","Reimu£®≤©¿ˆ¡È√Œ£©","Remilia£®¿Ÿ√◊¿Ú—«£©","Replay The Spire","Shop Mod","StSLib","The Jungle","The Servant 0.9.4"],"gold_per_floor":[111,136,164,193,235,247,285,297,309,321,361,373,58,73,86,187,187,187,197,197,207,307,307,332,358,369,382,482,482,517,477,492,587,587,587,605,705,705],"floor_reached":37,"playtime":2121,"items_purged":[],"score":652,"play_id":"efafe66b-ba6e-4c4b-82f7-ce78a359e2b5","local_time":"20210111174726","is_ascension_mode":true,"campfire_choices":[{"data":"KidneyShot","floor":1.0,"key":"SMITH"},{"data":"WasteNot","floor":8.0,"key":"SMITH"},{"data":"KillingDoll","floor":23,"key":"SMITH"},{"floor":29,"key":"REST"},{"floor":35,"key":"RECALL"}],"circlet_count":0,"master_deck":["Strike_S","Strike_S","Defend_S","Defend_S","Defend_S","KidneyShot+1","Exchange","Contraction+1","WasteNot+1","TheWorld+1","GearUp","Rearm","SilverBlades+1","KillingDoll+1","BottledTime","TrueSight","DancingSilver","Orbit","Sabotage+1","DancingSilver","J.A.X.","ForgedInTime","MurderousAura","Barrier","ReturningBlade+1"],"relics":["Uniform","MawBank","Shuriken","Strawberry","Pear","Runic Pyramid","Nloth\u0027s Gift","RomanBracelet","Replay:Bottled Snecko","Pet Ghost","Chameleon Ring","MutagenicStrength","Girya","ZunR:ReiMu","Honey Jar","Toy Ornithopter"],"acts_visited":["Exordium","TheCity","TheBeyond"],"potions_floor_usage":[25,25,25,28,33],"damage_taken":[{"damage":8.0,"enemies":"2 Louse","floor":2.0,"turns":4.0},{"damage":0.0,"enemies":"Small Slimes","floor":3.0,"turns":3.0},{"damage":0.0,"enemies":"Cultist","floor":4.0,"turns":4.0},{"damage":3.0,"enemies":"Gremlin Nob","floor":11.0,"turns":3.0},{"damage":0.0,"enemies":"downfall:FleeingMerchant","floor":13.0,"turns":4.0},{"damage":0.0,"enemies":"Blue Slaver","floor":14.0,"turns":4.0},{"damage":0.0,"enemies":"3 Louse","floor":15.0,"turns":4.0},{"damage":11.0,"enemies":"downfall:Silent","floor":16.0,"turns":13.0},{"damage":0.0,"enemies":"Spheric Guardian","floor":19.0,"turns":3.0},{"damage":4.0,"enemies":"Shell Parasite","floor":21.0,"turns":4.0},{"damage":33,"enemies":"downfall:Defect","floor":22,"turns":6},{"damage":17,"enemies":"Slavers","floor":25,"turns":4},{"damage":17,"enemies":"3 Cultists","floor":26,"turns":4},{"damage":0,"enemies":"Snecko","floor":27,"turns":3},{"damage":0,"enemies":"downfall:Augmenter","floor":28,"turns":4},{"damage":0,"enemies":"Replay:Snechameleon","floor":30,"turns":4},{"damage":15,"enemies":"Chosen and Byrds","floor":32,"turns":4},{"damage":0,"enemies":"downfall:Watcher","floor":33,"turns":5},{"damage":3,"enemies":"Orb Walker","floor":36,"turns":3},{"damage":0,"enemies":"downfall:LadyInBlue","floor":37,"turns":5}],"seed_played":"4038131578995450261","potions_obtained":[{"floor":2.0,"key":"Strength Potion"},{"floor":3.0,"key":"Fire Potion"},{"floor":15.0,"key":"Explosive Potion"},{"floor":16.0,"key":"Fire Potion"},{"floor":27,"key":"Block Potion"},{"floor":30,"key":"ZuzhouPotion:ReiMu"},{"floor":32,"key":"Strength Potion"},{"floor":33,"key":"Ancient Potion"},{"floor":36,"key":"BlessingOfTheForge"},{"floor":37,"key":"Block Potion"},{"floor":37,"key":"Cursed Concoction"},{"floor":37,"key":"Death Potion"}],"is_trial":false,"path_per_floor":["R","M","M","M","?","?","T","R","?","?","E","?","$","M","M","B",null,"R","M","?","M","?","R","T","E","M","M","?","R","E","?","M","B",null,"R","M","?"],"character_chosen":"THE_SERVANT","items_purchased":["SilverBlades","Pear"],"campfire_rested":1,"item_purchase_floors":[13,13],"current_hp_per_floor":[59,51,51,51,51,51,51,51,51,51,48,48,58,58,58,47,73,82,82,82,78,45,45,45,28,11,11,11,35,35,35,20,20,67,67,64,64,64],"gold":705,"neow_bonus":"RANDOM_COMMON_RELIC","is_daily":false,"chose_seed":false,"campfire_upgraded":3,"win_rate":0.0,"timestamp":1610358446,"path_taken":["R","M","M","M","?","?","T","R","?","?","E","?","$","M","M","BOSS","R","M","?","?","?","R","T","E","M","M","?","R","E","?","M","BOSS","R","M","?"],"items_purchased_type":["Card","Relic"],"build_version":"2020-12-22","purchased_purges":0,"victory":false,"max_hp_per_floor":[65,65,65,65,65,65,65,65,72,72,72,72,82,82,82,82,82,82,82,82,82,82,82,82,82,82,82,82,82,82,82,82,82,82,82,82,82,82],"card_choices":[{"not_picked":["RealityMarble","Potential","TimeTheft"],"picked":"SKIP","floor":2.0},{"not_picked":["Ricochet","Replace"],"picked":"Contraction","floor":3.0},{"not_picked":["Comet","Defy"],"picked":"WasteNot","floor":4.0},{"not_picked":["TimeWarp","FanOfKnives"],"picked":"GearUp","floor":11.0},{"not_picked":["TimeTheft","Starlight"],"picked":"Rearm","floor":13.0},{"not_picked":["Starlight","FastForward"],"picked":"KillingDoll","floor":14.0},{"not_picked":["WasteNot","Replace"],"picked":"BottledTime","floor":15.0},{"not_picked":["TheWorld","PendulumOfEternity"],"picked":"TrueSight","floor":16.0},{"not_picked":["Comet","Desolation+1"],"picked":"DancingSilver","floor":19.0},{"not_picked":["DoubleEdge","Starlight+1"],"picked":"Orbit","floor":21.0},{"not_picked":["Manipulate","Starlight","StarChef"],"picked":"SKIP","floor":25},{"not_picked":["Unruled","FastForward","MoonPhase"],"picked":"SKIP","floor":26},{"not_picked":["Starlight","Potential+1","Rewind"],"picked":"SKIP","floor":27},{"not_picked":["GearUp+1","Misdirection"],"picked":"Sabotage+1","floor":28},{"not_picked":[],"picked":"J.A.X.","floor":28},{"not_picked":["Solidify","Reset"],"picked":"ForgedInTime","floor":30},{"not_picked":["Desolation","Starlight","Alleviate+1"],"picked":"SKIP","floor":32},{"not_picked":["TrueSight","FloweringNight"],"picked":"MurderousAura","floor":33},{"not_picked":["Starlight","Spin","Rewind+1"],"picked":"Barrier","floor":36},{"not_picked":["ShatteredReality","Unruled","Shuttle"],"picked":"ReturningBlade+1","floor":37}],"player_experience":1418878,"relics_obtained":[{"floor":11.0,"key":"ReplayTheSpireMod:Shallot"},{"floor":22,"key":"RomanBracelet"},{"floor":22,"key":"Replay:Bottled Snecko"},{"floor":24,"key":"Pet Ghost"},{"floor":25,"key":"Chameleon Ring"},{"floor":28,"key":"MutagenicStrength"},{"floor":30,"key":"Girya"},{"floor":37,"key":"Toy Ornithopter"}],"event_choices":[{"damage_healed":0.0,"max_hp_gain":0.0,"max_hp_loss":0.0,"gold_gain":0.0,"event_name":"Living Wall","player_choice":"Grow","floor":6.0,"gold_loss":0.0,"damage_taken":0.0,"cards_upgraded":["Contraction"]},{"damage_healed":0.0,"max_hp_gain":0.0,"max_hp_loss":0.0,"gold_gain":0.0,"event_name":"Scrap Ooze","player_choice":"Success","floor":9.0,"gold_loss":0.0,"damage_taken":7.0,"relics_obtained":["Strawberry"]},{"damage_healed":0,"gold_gain":0,"player_choice":"π∫¬Ú…Òæ∆","damage_taken":0,"relics_obtained":["ZunR:ReiMu"],"max_hp_gain":0,"max_hp_loss":0,"event_name":"ZunEvent","floor":31,"gold_loss":40}],"is_beta":false,"boss_relics":[{"not_picked":["MysterySword","Replay:Drink Me"],"picked":"Runic Pyramid"},{"not_picked":["Replay:Wanted Poster","Replay:Fungal Core"],"picked":"Honey Jar"}],"items_purged_floors":[],"is_endless":false,"potions_floor_spawned":[2,3,15,16,19,27,30,32,33,36],"killed_by":"downfall:LadyInBlue","ascension_level":6}}