{"host":"p9t7qd83igtcp2bh","time":1610407880,"event":{"mods":["2.2 Compatiblity","AchievementEnabler","BaseMod","Colored Map","Colored Powertips","Custom Start","DeckTracker","Keyboard Shortcuts","Minty Spire (QoL Compilation)","Permanent Neow","StSLib","SuperFastMode","everything is the same but u backflip on backflip"],"gold_per_floor":[159,159,159,198,70,163,163,259,259,184,184,235,328,215,215,443,443,491,491,596,596,638,638,638,737,737,842,842,357,357,339,339,561,561,618,618,669,720,744,744,819,819,842,923,953,1028,1085,1127,1127,1127,1127,1127,1127,45,138,138],"floor_reached":57,"playtime":1392,"items_purged":["CarveReality","CarveReality+1"],"score":3559,"play_id":"205a70de-e98e-4a5c-92e4-763256690bbc","local_time":"20210112083120","daily_mods":["SealedDeck","Specialized","Vintage","Heirloom","Elite Swarm","Midas"],"is_ascension_mode":true,"campfire_choices":[{"floor":7,"key":"REST"},{"floor":11,"key":"REST"},{"floor":15,"key":"RECALL"},{"floor":23,"key":"REST"},{"floor":28,"key":"REST"},{"floor":30,"key":"REST"},{"floor":32,"key":"REST"},{"floor":40,"key":"REST"},{"floor":42,"key":"REST"},{"floor":49,"key":"REST"},{"floor":53,"key":"REST"}],"circlet_count":0,"master_deck":["AscendersBane","FearNoEvil+1","Scrawl+1","LessonLearned+1","MentalFortress+1","PathToVictory+1","PathToVictory+1","Vault+1","Panache+1","EmptyBody+1","Adaptation+1","MentalFortress+1","Indignation+1"],"relics":["PureWater","Unceasing Top","Nuclear Battery","StrikeDummy","The Courier","Bag of Preparation","HornCleat","Gremlin Horn","Anchor","Centennial Puzzle","PreservedInsect","Fusion Hammer","Art of War","Red Mask","White Beast Statue","MealTicket","Dream Catcher","Membership Card","Singing Bowl","Calipers","SacredBark","Pen Nib","Happy Flower","Smiling Mask","Bag of Marbles","Pear","Bronze Scales","Frozen Egg 2","Omamori","Vajra","Strawberry","Ginger","TeardropLocket","Bottled Tornado","Blood Vial","Nunchaku","FossilizedHelix","Lizard Tail","War Paint","Letter Opener","Kunai","Orichalcum","Blue Candle","Akabeko"],"acts_visited":["Exordium","TheCity","TheBeyond","TheEnding"],"potions_floor_usage":[8,16,56,56],"damage_taken":[{"damage":12,"enemies":"Jaw Worm","floor":1,"turns":2},{"damage":0,"enemies":"Cultist","floor":4,"turns":2},{"damage":20,"enemies":"3 Sentries","floor":6,"turns":4},{"damage":0,"enemies":"Gremlin Nob","floor":8,"turns":2},{"damage":0,"enemies":"2 Louse","floor":12,"turns":2},{"damage":0,"enemies":"3 Sentries","floor":13,"turns":4},{"damage":0,"enemies":"Slime Boss","floor":16,"turns":5},{"damage":7,"enemies":"Shell Parasite","floor":18,"turns":3},{"damage":0,"enemies":"Masked Bandits","floor":20,"turns":3},{"damage":0,"enemies":"Spheric Guardian","floor":22,"turns":3},{"damage":0,"enemies":"Gremlin Leader","floor":25,"turns":1},{"damage":0,"enemies":"Book of Stabbing","floor":27,"turns":2},{"damage":0,"enemies":"Automaton","floor":33,"turns":6},{"damage":0,"enemies":"3 Darklings","floor":35,"turns":3},{"damage":0,"enemies":"Orb Walker","floor":37,"turns":2},{"damage":0,"enemies":"Writhing Mass","floor":38,"turns":3},{"damage":0,"enemies":"Reptomancer","floor":41,"turns":2},{"damage":0,"enemies":"Giant Head","floor":44,"turns":3},{"damage":0,"enemies":"Maw","floor":45,"turns":4},{"damage":0,"enemies":"Nemesis","floor":46,"turns":2},{"damage":0,"enemies":"Transient","floor":47,"turns":6},{"damage":0,"enemies":"Writhing Mass","floor":48,"turns":3},{"damage":2,"enemies":"Awakened One","floor":50,"turns":5},{"damage":12,"enemies":"Time Eater","floor":51,"turns":4},{"damage":0,"enemies":"Shield and Spear","floor":55,"turns":2},{"damage":4,"enemies":"The Heart","floor":56,"turns":6}],"seed_played":"6368749160809192940","potions_obtained":[{"floor":1,"key":"Regen Potion"},{"floor":4,"key":"FearPotion"},{"floor":18,"key":"Ancient Potion"},{"floor":25,"key":"FearPotion"},{"floor":33,"key":"Swift Potion"},{"floor":37,"key":"Swift Potion"}],"is_trial":true,"path_per_floor":["M","?","$","M","$","E","R","E","T","?","R","M","E","$","R","B",null,"M","?","?","?","M","R","?","E","T","E","R","$","R","$","R","B",null,"M","$","M","M","T","R","E","R","T","E","M","E","M","M","R","B","B",null,"R","$","E","B",null],"character_chosen":"WATCHER","items_purchased":["Bag of Preparation","MentalFortress","FearPotion","Membership Card","Panache","EmptyBody","Singing Bowl","Calipers","Adaptation","TeardropLocket","Indignation","Bottled Tornado","Blood Vial","Nunchaku","FossilizedHelix","Lizard Tail","War Paint","Letter Opener","Kunai","Orichalcum","Blue Candle"],"campfire_rested":10,"item_purchase_floors":[5,14,14,29,29,29,29,29,31,54,54,54,54,54,54,54,54,54,54,54,54],"current_hp_per_floor":[49,49,49,49,49,29,49,49,49,49,68,68,68,68,68,68,68,61,61,61,61,61,68,68,68,68,68,68,68,70,70,72,74,74,74,74,74,74,74,76,88,90,90,92,92,94,101,101,103,101,89,100,103,103,105,101],"gold":138,"neow_bonus":"","is_daily":false,"chose_seed":false,"campfire_upgraded":0,"win_rate":0.0,"timestamp":1610407880,"path_taken":["M","?","?","M","$","E","R","E","T","?","R","M","E","$","R","BOSS","M","?","?","?","M","R","?","E","T","E","R","$","R","$","R","BOSS","M","$","?","M","?","R","E","R","T","E","M","E","M","M","R","BOSS","BOSS","R","$","E","BOSS"],"items_purchased_type":["Relic","Card","Potion","Relic","Card","Card","Relic","Relic","Card","Relic","Card","Relic","Relic","Relic","Relic","Relic","Relic","Relic","Relic","Relic","Relic"],"build_version":"2020-12-22","purchased_purges":2,"victory":true,"max_hp_per_floor":[68,68,68,68,68,68,68,68,68,68,68,68,68,68,68,68,68,68,68,68,68,68,68,68,68,68,68,68,68,70,70,72,74,74,74,74,74,74,74,76,88,90,90,92,92,94,101,101,103,103,103,103,103,103,105,105],"card_choices":[{"not_picked":["Judgement","Devotion"],"picked":"Scrawl","floor":6},{"not_picked":["DevaForm","ConjureBlade"],"picked":"LessonLearned","floor":8},{"not_picked":["DevaForm","SpiritShield","Omniscience"],"picked":"SKIP","floor":13},{"not_picked":["CrushJoints","EmptyBody"],"picked":"PathToVictory","floor":20},{"not_picked":["Wish","DeusExMachina"],"picked":"Vault","floor":25},{"not_picked":["Blasphemy","Devotion","Brilliance"],"picked":"SKIP","floor":27},{"not_picked":["Study","Protect","Conclude"],"picked":"Singing Bowl","floor":30},{"not_picked":["PathToVictory","Evaluate","Indignation"],"picked":"Singing Bowl","floor":32},{"not_picked":["ConjureBlade","LessonLearned","Omniscience"],"picked":"Singing Bowl","floor":33},{"not_picked":["ReachHeaven+1","EmptyBody","Crescendo"],"picked":"Singing Bowl","floor":40},{"not_picked":["Ragnarok","Omniscience","Establishment"],"picked":"Singing Bowl","floor":41},{"not_picked":["ReachHeaven","LikeWater","Nirvana"],"picked":"Singing Bowl","floor":42},{"not_picked":["Wish","Blasphemy","MasterReality+1"],"picked":"Singing Bowl","floor":44},{"not_picked":["Establishment+1","Brilliance","Wish"],"picked":"Singing Bowl","floor":46},{"not_picked":["ClearTheMind","Prostrate","SashWhip"],"picked":"Singing Bowl","floor":49},{"not_picked":["ClearTheMind","Halt"],"picked":"MentalFortress+1","floor":53},{"not_picked":["MasterReality+1","Blasphemy","Omniscience"],"picked":"Singing Bowl","floor":55}],"player_experience":618975,"relics_obtained":[{"floor":1,"key":"StrikeDummy"},{"floor":4,"key":"The Courier"},{"floor":6,"key":"HornCleat"},{"floor":8,"key":"Gremlin Horn"},{"floor":9,"key":"Anchor"},{"floor":12,"key":"Centennial Puzzle"},{"floor":13,"key":"PreservedInsect"},{"floor":18,"key":"Art of War"},{"floor":20,"key":"Red Mask"},{"floor":22,"key":"White Beast Statue"},{"floor":25,"key":"MealTicket"},{"floor":27,"key":"Dream Catcher"},{"floor":35,"key":"Pen Nib"},{"floor":37,"key":"Happy Flower"},{"floor":38,"key":"Smiling Mask"},{"floor":39,"key":"Bag of Marbles"},{"floor":41,"key":"Pear"},{"floor":43,"key":"Bronze Scales"},{"floor":44,"key":"Frozen Egg 2"},{"floor":45,"key":"Omamori"},{"floor":46,"key":"Vajra"},{"floor":47,"key":"Strawberry"},{"floor":48,"key":"Ginger"},{"floor":55,"key":"Akabeko"}],"event_choices":[{"damage_healed":0,"gold_gain":0,"cards_transformed":["CarveReality"],"player_choice":"Transformed","damage_taken":0,"max_hp_gain":0,"max_hp_loss":0,"event_name":"Transmorgrifier","floor":2,"gold_loss":0,"cards_obtained":["FearNoEvil"]},{"cards_removed":["CarveReality"],"damage_healed":0,"gold_gain":0,"player_choice":"Card Removal","damage_taken":0,"max_hp_gain":0,"max_hp_loss":0,"event_name":"The Cleric","floor":10,"gold_loss":75},{"damage_healed":0,"gold_gain":0,"player_choice":"Ignored","damage_taken":0,"max_hp_gain":0,"max_hp_loss":0,"event_name":"The Mausoleum","floor":19,"gold_loss":0},{"damage_healed":0,"gold_gain":0,"player_choice":"Fought Bandits","damage_taken":0,"max_hp_gain":0,"max_hp_loss":0,"event_name":"Masked Bandits","floor":20,"gold_loss":0},{"cards_removed":["CarveReality"],"damage_healed":0,"gold_gain":0,"player_choice":"Elegance","damage_taken":0,"max_hp_gain":0,"max_hp_loss":0,"event_name":"Back to Basics","floor":21,"gold_loss":0},{"damage_healed":0,"gold_gain":0,"player_choice":"Copied","damage_taken":0,"max_hp_gain":0,"max_hp_loss":0,"event_name":"Duplicator","floor":24,"gold_loss":0,"cards_obtained":["PathToVictory"]}],"is_beta":false,"boss_relics":[{"not_picked":["Runic Dome","SlaversCollar"],"picked":"Fusion Hammer"},{"not_picked":["Empty Cage","HolyWater"],"picked":"SacredBark"}],"items_purged_floors":[29,54],"is_endless":false,"potions_floor_spawned":[1,4,18,25,27,33,35,37,38,41,44,45,46,47,48,55],"ascension_level":20}}