{"host":"rnys9sj607vajavv","time":1610360403,"event":{"mods":["BaseMod","Colored Map","Downfall","Minty Spire (QoL Compilation)","StSLib"],"gold_per_floor":[99,118,137,137,46,46,73,101,101,132,152,183,196,196,214,313,313,313,330,348,348,358,358,358,374,128,128,155,80,65,96,106,204,204,204,215,233,118,136,168,195,195,207,132,179,210,135,160,178,178,178,208,58,58,58,58,58],"floor_reached":55,"playtime":14171,"items_purged":["Guardian:Strike_Guardian","Guardian:Defend_Guardian","Guardian:Defend_Guardian","Guardian:Defend_Guardian"],"score":1129,"play_id":"3c673260-5aa8-42f3-8186-a808101a1757","local_time":"20210111022003","is_ascension_mode":true,"campfire_choices":[{"data":"Guardian:CurlUp","floor":1.0,"key":"SMITH"},{"data":"Guardian:ShieldSpikes","floor":9.0,"key":"SMITH"},{"data":"Guardian:EvasiveProtocol","floor":18.0,"key":"SMITH"},{"data":"RitualDagger","floor":27,"key":"SMITH"},{"data":"Guardian:SphericShield","floor":29,"key":"SMITH"},{"data":"Guardian:ShieldSpikes","floor":35,"key":"SMITH"},{"floor":42,"key":"RECALL"},{"data":"Guardian:EvasiveProtocol","floor":44,"key":"SMITH"},{"data":"Guardian:TemporalShield","floor":47,"key":"SMITH"},{"floor":54,"key":"REST"}],"circlet_count":0,"master_deck":["Guardian:Strike_Guardian","Guardian:Defend_Guardian","Guardian:CurlUp+1","Guardian:TwinSlam","Guardian:ShieldSpikes+1","Guardian:StasisField","Guardian:ArmoredProtocol","Guardian:TemporalShield+1","Guardian:PiercingHide","Guardian:EvasiveProtocol+1","Guardian:SphericShield+1","RitualDagger+1","Guardian:ShieldSpikes+1","Guardian:TimeSifter","Guardian:PiercingHide+1","Guardian:EvasiveProtocol+1","Guardian:TemporalShield+1"],"relics":["Guardian:ModeShifter","Omamori","Meat on the Bone","Guardian:PocketSentry","Nunchaku","Darkstone Periapt","Sozu","MutagenicStrength","Centennial Puzzle","Lantern","Guardian:StasisCodex","downfall:HeartBlessingGreen","Happy Flower","Empty Cage","Art of War","Bottled Flame","Regal Pillow","downfall:HeartBlessingRed","PreservedInsect","downfall:HeartBlessingBlue","Gremlin Horn","Mercury Hourglass"],"acts_visited":["Exordium","TheCity","TheBeyond","TheEnding"],"potions_floor_usage":[55],"damage_taken":[{"damage":7.0,"enemies":"Small Slimes","floor":2.0,"turns":4.0},{"damage":0.0,"enemies":"2 Louse","floor":3.0,"turns":3.0},{"damage":0.0,"enemies":"downfall:FleeingMerchant","floor":5.0,"turns":4.0},{"damage":43.0,"enemies":"Lagavulin","floor":8.0,"turns":14.0},{"damage":20.0,"enemies":"3 Sentries","floor":10.0,"turns":11.0},{"damage":0.0,"enemies":"Cultist","floor":11.0,"turns":4.0},{"damage":20.0,"enemies":"Lagavulin","floor":12.0,"turns":8.0},{"damage":8.0,"enemies":"Exordium Thugs","floor":13.0,"turns":6.0},{"damage":0.0,"enemies":"3 Louse","floor":15.0,"turns":4.0},{"damage":10.0,"enemies":"downfall:Ironclad","floor":16.0,"turns":11.0},{"damage":8.0,"enemies":"Chosen","floor":19.0,"turns":8.0},{"damage":0.0,"enemies":"Centurion and Healer","floor":20.0,"turns":12.0},{"damage":0.0,"enemies":"Shelled Parasite and Fungi","floor":22.0,"turns":8.0},{"damage":18.0,"enemies":"Cultist and Chosen","floor":25.0,"turns":10.0},{"damage":0.0,"enemies":"downfall:FleeingMerchant","floor":26.0,"turns":4.0},{"damage":15,"enemies":"Book of Stabbing","floor":28,"turns":8},{"damage":0,"enemies":"downfall:FleeingMerchant","floor":30,"turns":4},{"damage":12,"enemies":"Gremlin Leader","floor":31,"turns":7},{"damage":0,"enemies":"Centurion and Healer","floor":32,"turns":20},{"damage":2,"enemies":"downfall:Watcher","floor":33,"turns":17},{"damage":0,"enemies":"Orb Walker","floor":36,"turns":6},{"damage":0,"enemies":"3 Darklings","floor":37,"turns":21},{"damage":0,"enemies":"downfall:FleeingMerchant","floor":38,"turns":4},{"damage":0,"enemies":"downfall:FleeingMerchant","floor":39,"turns":4},{"damage":9,"enemies":"Giant Head","floor":40,"turns":15},{"damage":0,"enemies":"Sphere and 2 Shapes","floor":43,"turns":7},{"damage":33,"enemies":"Reptomancer","floor":46,"turns":11},{"damage":0,"enemies":"Nemesis","floor":48,"turns":7},{"damage":9,"enemies":"4 Shapes","floor":49,"turns":8},{"damage":7,"enemies":"downfall:Silent","floor":50,"turns":12},{"damage":58,"enemies":"downfall:CharBossMerchant","floor":52,"turns":19},{"damage":102,"enemies":"downfall:NeowBoss","floor":55,"turns":45}],"seed_played":"-8712199456994266778","potions_obtained":[{"floor":3.0,"key":"Energy Potion"},{"floor":6.0,"key":"Fruit Juice"},{"floor":6.0,"key":"SteroidPotion"},{"floor":6.0,"key":"Energy Potion"},{"floor":13.0,"key":"champ:CounterPotion"},{"floor":15.0,"key":"Dexterity Potion"}],"is_trial":false,"path_per_floor":["R","M","M","?","$","?","T","E","R","E","M","E","M","T","M","B",null,"R","M","M","?","M","?","T","M","$","R","E","R","$","E","M","B",null,"R","M","M","?","$","E","T","R","M","R","T","E","R","E","M","B",null,"E","$","R","B"],"character_chosen":"GUARDIAN","items_purchased":["Guardian:StasisField","Lantern","Guardian:EvasiveProtocol","Art of War"],"campfire_rested":1,"item_purchase_floors":[5,26,39,39],"current_hp_per_floor":[80,73,73,73,73,78,78,35,35,27,39,31,35,35,47,49,76,76,68,68,68,68,62,62,44,44,44,41,41,53,53,53,51,77,77,77,77,77,77,68,68,68,68,68,68,47,57,57,48,53,85,39,39,82,0,0,0],"gold":58,"neow_bonus":"THREE_CARDS","is_daily":false,"chose_seed":false,"campfire_upgraded":8,"win_rate":0.0,"timestamp":1610360403,"path_taken":["R","M","M","?","$","?","T","E","R","E","M","E","?","?","M","BOSS","R","M","M","?","M","?","T","M","?","R","E","R","$","E","M","BOSS","R","M","M","?","$","E","T","R","M","R","?","E","R","E","M","BOSS","E","$","R","BOSS"],"items_purchased_type":["Card","Relic","Card","Relic"],"build_version":"2020-12-22","purchased_purges":4,"victory":false,"max_hp_per_floor":[80,80,80,80,80,85,85,85,85,85,85,85,85,85,85,85,85,85,85,85,85,85,85,85,85,85,85,85,85,85,85,85,85,85,85,85,85,85,85,85,85,85,85,85,85,85,95,95,95,95,95,95,95,95,95,95,95],"card_choices":[{"not_picked":["Guardian:Recover","Guardian:PrimingBeam"],"picked":"Guardian:Gem_Lightblue","floor":0.0},{"not_picked":["Guardian:Planning","Guardian:Recover"],"picked":"Guardian:Gem_Blue","floor":2.0},{"not_picked":["Guardian:Preprogram","Guardian:TemporalStrike","Guardian:Reroute"],"picked":"SKIP","floor":3.0},{"not_picked":["Guardian:Gem_Yellow","Guardian:ShieldCharger"],"picked":"Guardian:ShieldSpikes","floor":5.0},{"not_picked":["Guardian:GuardianWhirl","Guardian:Gem_Red"],"picked":"Guardian:ArmoredProtocol","floor":8.0},{"not_picked":["Guardian:Gem_Red","Guardian:GuardianWhirl"],"picked":"Guardian:TemporalShield","floor":10.0},{"not_picked":["Guardian:CrystalBeam","Guardian:Reroute","Guardian:PrismaticBarrier"],"picked":"SKIP","floor":11.0},{"not_picked":["Guardian:ChargeCore","Guardian:FierceBash"],"picked":"Guardian:Gem_Cyan","floor":12.0},{"not_picked":["Guardian:Gem_Lightblue","Guardian:SentryBeam"],"picked":"Guardian:PiercingHide","floor":13.0},{"not_picked":["Guardian:PiercingHide","Guardian:MultiBeam"],"picked":"Guardian:EvasiveProtocol","floor":15.0},{"not_picked":["Guardian:CompilePackage","Guardian:ConstructionForm"],"picked":"Guardian:SphericShield","floor":16.0},{"not_picked":["Guardian:Planning+1","Guardian:Gem_Red","Guardian:TimeBomb"],"picked":"SKIP","floor":19.0},{"not_picked":["Guardian:TemporalStrike","Guardian:TimeCapacitor","Guardian:ShieldCharger+1"],"picked":"SKIP","floor":20.0},{"not_picked":["Guardian:ChargeCore","Guardian:WalkerClaw+1"],"picked":"Guardian:Gem_Cyan","floor":22.0},{"not_picked":["Guardian:Suspension","Guardian:GuardianWhirl"],"picked":"Guardian:Gem_Green","floor":25.0},{"not_picked":["Guardian:Suspension","Guardian:Gem_Crimson","Guardian:Gem_Lightblue"],"picked":"SKIP","floor":26.0},{"not_picked":["Guardian:Incinerate","Guardian:Recover+1","Guardian:WalkerClaw"],"picked":"SKIP","floor":28},{"not_picked":["Guardian:Incinerate","Guardian:WalkerClaw"],"picked":"Guardian:ShieldSpikes","floor":30},{"not_picked":["Guardian:Reroute+1","Guardian:GemFire","Guardian:ShieldCharger+1"],"picked":"SKIP","floor":31},{"not_picked":["Guardian:TemporalStrike","Guardian:ArmoredProtocol","Guardian:Gem_Lightblue"],"picked":"SKIP","floor":32},{"not_picked":["Guardian:GemFinder","Guardian:FastForward"],"picked":"Guardian:TimeSifter","floor":33},{"not_picked":["Guardian:ShieldCharger+1","Guardian:Gem_White"],"picked":"Guardian:PiercingHide+1","floor":36},{"not_picked":["Guardian:BronzeOrb+1","Guardian:WalkerClaw+1","Guardian:ChargeCore+1"],"picked":"SKIP","floor":37},{"not_picked":["Guardian:TimeBomb","Guardian:TemporalStrike"],"picked":"Guardian:Gem_Synthetic","floor":38},{"not_picked":["Guardian:PrismaticBeam","Guardian:Reroute+1","Guardian:ShieldCharger"],"picked":"SKIP","floor":39},{"not_picked":["Guardian:Gem_Red","Guardian:Gem_White","Guardian:TimeSifter"],"picked":"SKIP","floor":40},{"not_picked":["Guardian:VentSteam+1","Guardian:TemporalStrike","Guardian:WalkerClaw"],"picked":"SKIP","floor":43},{"not_picked":["Guardian:BaubleBeam","Guardian:BronzeArmor+1"],"picked":"Guardian:TemporalShield+1","floor":46},{"not_picked":["Guardian:TemporalShield","Guardian:ChargeCore","Guardian:SentryBeam+1"],"picked":"SKIP","floor":48},{"not_picked":["Guardian:TemporalShield","Guardian:Incinerate","Guardian:PiercingHide+1"],"picked":"SKIP","floor":49},{"not_picked":["Guardian:Gem_Red","Guardian:Recover+1","Guardian:CrystalBeam+1"],"picked":"SKIP","floor":52}],"player_experience":647087,"relics_obtained":[{"floor":7.0,"key":"Omamori"},{"floor":8.0,"key":"Meat on the Bone"},{"floor":10.0,"key":"Guardian:PocketSentry"},{"floor":12.0,"key":"Nunchaku"},{"floor":14.0,"key":"Darkstone Periapt"},{"floor":24.0,"key":"Centennial Puzzle"},{"floor":28,"key":"Guardian:StasisCodex"},{"floor":31,"key":"Happy Flower"},{"floor":40,"key":"Bottled Flame"},{"floor":41,"key":"Regal Pillow"},{"floor":46,"key":"PreservedInsect"},{"floor":48,"key":"Gremlin Horn"},{"floor":52,"key":"Mercury Hourglass"}],"event_choices":[{"damage_healed":0.0,"max_hp_gain":0.0,"max_hp_loss":0.0,"gold_gain":0.0,"event_name":"Lab","player_choice":"Got Potions","floor":6.0,"gold_loss":0.0,"damage_taken":0.0},{"damage_healed":0.0,"max_hp_gain":0.0,"max_hp_loss":0.0,"gold_gain":0.0,"event_name":"Drug Dealer","player_choice":"Inject Mutagens","floor":21.0,"gold_loss":0.0,"damage_taken":0.0,"relics_obtained":["MutagenicStrength"]}],"is_beta":false,"boss_relics":[{"not_picked":["Pandora\u0027s Box","Tiny House"],"picked":"Sozu"},{"not_picked":["Velvet Choker","Calling Bell"],"picked":"Empty Cage"}],"items_purged_floors":[26,38,39,53],"is_endless":false,"potions_floor_spawned":[3,8,11,12,13,15,20,31,32,33,37,40],"killed_by":"downfall:NeowBoss","ascension_level":5}}