{"host":"uoq8e77duj6rs50g","time":1610401956,"event":{"mods":["BaseMod","Better Altar","Better Match","Better Note","Better Sensory Stone","Better Skull","Better Third Choice","BetterRewards","Block Reminder","ChefMod","Curses Come First","Downfall","Hermit","Hubris","Ironclad Rager","Minty Spire (QoL Compilation)","Relic Stats","Replay The Spire","Shade Mod","StSLib","The Blue Laboratory","The Cursed","The Dragon Tamer","The Exalted","The Judge","The Marked","The Runesmith","The Servant 0.9.4","TheSwordswoman","Uncapped","WarShipGirlsR/????R mod"],"gold_per_floor":[109,109,31,49,63,98,98,114,139,139,139,139,139,156,156,254,254,235,195,162,8,8,33,33,51,51,51,51,51,51,61,61,161,161,256,256,269,269,269,368,387,387,387,417,441,441,474,524,524,67,67,67],"floor_reached":53,"playtime":4124,"items_purged":[],"score":752,"play_id":"422e701d-28ab-4c2d-9aad-a5815175baa7","local_time":"20210111165236","is_ascension_mode":false,"campfire_choices":[{"floor":7.0,"key":"REST"},{"floor":11.0,"key":"REST"},{"data":"rmod:expedition","floor":15.0,"key":"SMITH"},{"floor":24,"key":"REST"},{"floor":29,"key":"REST"},{"floor":34,"key":"REST"},{"floor":42,"key":"REST"},{"data":"rmod:expedition+2","floor":46,"key":"SMITH"},{"data":"rmod:openingtorpedo","floor":49,"key":"SMITH"},{"data":"rmod:secretscript","floor":51,"key":"SMITH"}],"circlet_count":0,"master_deck":["rmod:defend","rmod:defend","rmod:defend","rmod:basicallowance+1","rmod:maingunfire","rmod:secretscript+1","rmod:goodsister","rmod:expedition+3","rmod:supportaircraftcarrier","rmod:ammunitionsupply","rmod:supportaircraftcarrier","rmod:salvage","rmod:intelligenceanalysis","rmod:seals","AbeCurse","rmod:steelsupply+1","rmod:desperatesituation","rmod:fuelsupply+1","rmod:aluminumsupply+1","Bite","Bite","Bite","Bite","Bite","rmod:fletcherpendant","rmod:openingtorpedo+1","rmod:desperatesituation","rmod:fletcherpendant","rmod:intelligenceanalysis+1","rmod:intelligenceanalysis+1","rmod:firesupport+1","rmod:expeditionaryescort","rmod:diaomin+1","expansioncontent:QuickStudy+1","Panache","rmod:unsinkable+1","rmod:aviationdawn+1","rmod:supportaircraftcarrier+1","rmod:mineteam"],"relics":["rmod:firstchargereward","Onion Ring","ReplayFunnel","hubris:Icosahedron","Abe\u0027s Treasure","hubris:SlimyHat","Toxic Egg 2","Ornamental Fan","Bromod:ArcaneAegis","Bromod:ArcaneVictory","hubris:Backtick","Unceasing Top","hubris:Towel","Runesmith:AutoHammer","BranchBurnRelic","ReplayTheSpireMod:Lightbulb","Calipers","rmod:quickrepair"],"acts_visited":["Exordium","TheCity","TheBeyond"],"potions_floor_usage":[33,52],"damage_taken":[{"damage":0.0,"enemies":"2 Louse","floor":1.0,"turns":2.0},{"damage":1.0,"enemies":"Jaw Worm","floor":4.0,"turns":4.0},{"damage":2.0,"enemies":"Small Slimes","floor":5.0,"turns":3.0},{"damage":55.0,"enemies":"3 Sentries","floor":6.0,"turns":12.0},{"damage":12.0,"enemies":"3 Louse","floor":8.0,"turns":3.0},{"damage":0.0,"enemies":"Blue Slaver","floor":14.0,"turns":2.0},{"damage":37.0,"enemies":"Hexaghost","floor":16.0,"turns":9.0},{"damage":24.0,"enemies":"2 Thieves","floor":18.0,"turns":4.0},{"damage":14.0,"enemies":"Shell Parasite","floor":20.0,"turns":6.0},{"damage":46,"enemies":"Book of Stabbing","floor":23,"turns":8},{"damage":20,"enemies":"Centurion and Healer","floor":25,"turns":8},{"damage":42,"enemies":"Sentry and Sphere","floor":31,"turns":8},{"damage":22,"enemies":"Colosseum Slavers","floor":33,"turns":5},{"damage":23,"enemies":"Colosseum Nobs","floor":33,"turns":7},{"damage":55,"enemies":"Automaton","floor":35,"turns":10},{"damage":25,"enemies":"3 Shapes","floor":37,"turns":6},{"damage":0,"enemies":"3 Shapes","floor":38,"turns":2},{"damage":9,"enemies":"Orb Walker","floor":41,"turns":3},{"damage":14,"enemies":"Giant Head","floor":44,"turns":5},{"damage":13,"enemies":"Nemesis","floor":47,"turns":6},{"damage":3,"enemies":"Mind Bloom Boss Battle","floor":48,"turns":5},{"damage":21,"enemies":"Awakened One","floor":52,"turns":8}],"seed_played":"-6053897424269568623","potions_obtained":[{"floor":1.0,"key":"Toxic Potion"},{"floor":8.0,"key":"EssenceOfSteel"},{"floor":14.0,"key":"blueLaboratory:NullPotion"},{"floor":31,"key":"champ:CounterPotion"},{"floor":35,"key":"blueLaboratory:LouseDecoction"},{"floor":48,"key":"blueLaboratory:FruitPunch"}],"is_trial":false,"path_per_floor":["M","?","$","M","M","E","R","M","T","?","R","?","?","M","R","B",null,"M","?","M","$","?","E","R","M","T","PTL","PTL","R","?","M","?","?","R","B",null,"M","?","?","?","M","R","?","E","T","R","E","?","R","$","R","B",null],"character_chosen":"PRAEFECT","items_purchased":["rmod:expedition","hubris:SlimyHat","rmod:quickrepair","rmod:supportaircraftcarrier+1","rmod:mineteam"],"campfire_rested":6,"item_purchase_floors":[3,21,50,50,50],"current_hp_per_floor":[75,68,68,67,65,10,32,20,20,38,60,53,53,53,53,16,72,56,56,42,42,42,34,55,35,35,35,35,56,72,30,30,7,22,4,50,38,45,45,25,21,36,36,41,41,41,50,50,50,50,50,52],"gold":67,"neow_bonus":"TRANSFORM_CARD","is_daily":false,"chose_seed":false,"campfire_upgraded":4,"win_rate":0.0,"timestamp":1610401956,"path_taken":["M","?","$","M","M","E","R","M","T","?","R","?","?","M","R","BOSS","M","?","?","$","?","E","R","M","T","PTL","PTL","R","?","?","?","?","R","BOSS","M","?","?","?","?","R","?","E","T","R","E","?","R","$","R","BOSS"],"items_purchased_type":["Card","Relic","Relic","Card","Card"],"build_version":"2020-12-22","purchased_purges":0,"victory":true,"max_hp_per_floor":[75,75,75,75,75,75,75,75,75,75,75,72,72,72,72,72,72,72,72,72,72,72,72,72,72,72,72,72,72,72,72,50,50,50,50,50,50,50,50,50,50,50,50,50,50,50,50,50,50,50,50,52],"relic_stats":{"counters":[22,126],"Ornamental Fan":[140],"obtain_stats":[{"ReplayFunnel":9,"Calipers":48,"Bromod:ArcaneVictory":33,"Dead Branch":44,"hubris:SlimyHat":21,"hubris:Towel":39,"Bromod:ArcaneAegis":33,"BranchBurnRelic":46,"hubris:Icosahedron":13,"hubris:Backtick":36,"Ornamental Fan":26,"Onion Ring":6,"rmod:quickrepair":50,"rmod:firstchargereward":0,"Runesmith:AutoHammer":45,"Toxic Egg 2":23,"ReplayTheSpireMod:Lightbulb":47,"Abe\u0027s Treasure":17,"Unceasing Top":36},{"ReplayFunnel":5,"Calipers":21,"Bromod:ArcaneVictory":14,"Dead Branch":19,"hubris:SlimyHat":9,"hubris:Towel":17,"Bromod:ArcaneAegis":14,"BranchBurnRelic":19,"hubris:Icosahedron":5,"hubris:Backtick":15,"Ornamental Fan":11,"Onion Ring":4,"rmod:quickrepair":21,"rmod:firstchargereward":0,"Runesmith:AutoHammer":19,"Toxic Egg 2":10,"ReplayTheSpireMod:Lightbulb":20,"Abe\u0027s Treasure":7,"Unceasing Top":15},{"ReplayFunnel":24,"Calipers":118,"Bromod:ArcaneVictory":81,"Dead Branch":107,"hubris:SlimyHat":45,"hubris:Towel":99,"Bromod:ArcaneAegis":81,"BranchBurnRelic":107,"hubris:Icosahedron":24,"hubris:Backtick":91,"Ornamental Fan":61,"Onion Ring":21,"rmod:quickrepair":118,"rmod:firstchargereward":0,"Runesmith:AutoHammer":107,"Toxic Egg 2":53,"ReplayTheSpireMod:Lightbulb":113,"Abe\u0027s Treasure":35,"Unceasing Top":91}],"Unceasing Top":[26]},"card_choices":[{"not_picked":["rmod:fletcherpendant","rmod:tearstotiara"],"picked":"rmod:goodsister","floor":1.0},{"not_picked":["rmod:goodfighter","rmod:expedition"],"picked":"rmod:supportaircraftcarrier","floor":4.0},{"not_picked":["rmod:aluminumsupply","rmod:firesupport"],"picked":"rmod:ammunitionsupply","floor":5.0},{"not_picked":["rmod:intelligenceanalysis","rmod:wolves"],"picked":"rmod:supportaircraftcarrier","floor":6.0},{"not_picked":["rmod:heivgo","rmod:wolves"],"picked":"rmod:salvage","floor":8.0},{"not_picked":["rmod:smokecover","rmod:victimresponsibility"],"picked":"rmod:intelligenceanalysis","floor":14.0},{"not_picked":["rmod:lastglory","rmod:timeschanged"],"picked":"rmod:seals","floor":16.0},{"not_picked":["rmod:circuitoustactics","rmod:generalist"],"picked":"rmod:aluminumsupply","floor":18.0},{"not_picked":["rmod:aluminumsupply+1","rmod:supportescort"],"picked":"rmod:steelsupply+1","floor":20.0},{"not_picked":["rmod:garrisonisland+1","rmod:bulid+1"],"picked":"rmod:desperatesituation","floor":23},{"not_picked":["rmod:unsinkable+1","rmod:launchingtorpedo"],"picked":"rmod:fuelsupply+1","floor":25},{"not_picked":["rmod:ammunitionsupply+1","rmod:tearstotiara+1"],"picked":"rmod:aluminumsupply+1","floor":31},{"not_picked":["rmod:aggressivemary","rmod:unsinkable+1"],"picked":"rmod:openingtorpedo","floor":33},{"not_picked":["rmod:highspeedmaneuver+1","rmod:acesubmarine"],"picked":"rmod:desperatesituation","floor":35},{"not_picked":["rmod:steelsupply+1","rmod:combined+1"],"picked":"rmod:intelligenceanalysis+1","floor":37},{"not_picked":["rmod:aluminumsupply+1","rmod:spoils+1"],"picked":"rmod:intelligenceanalysis+1","floor":40},{"not_picked":["rmod:ring+1","rmod:fuelsupply+1"],"picked":"rmod:firesupport+1","floor":40},{"not_picked":["rmod:overbreakdown+1","rmod:luckystar"],"picked":"rmod:expeditionaryescort","floor":40},{"not_picked":["rmod:diamondstrike","rmod:fletcherpendant"],"picked":"rmod:diaomin+1","floor":41},{"not_picked":["expansioncontent:DarkVoid","Replay:SS_fish_3"],"picked":"expansioncontent:QuickStudy+1","floor":43},{"not_picked":["expansioncontent:PolyBeam","hubris:Insight+1"],"picked":"Panache","floor":43},{"not_picked":["rmod:supportescort+1","rmod:combined"],"picked":"rmod:unsinkable+1","floor":44},{"not_picked":["rmod:generalist+1","rmod:garrisonisland","rmod:capitalist+1"],"picked":"SKIP","floor":47},{"not_picked":["rmod:punchline+1","rmod:steelsupply+1"],"picked":"rmod:aviationdawn+1","floor":48}],"player_experience":475157,"relics_obtained":[{"floor":6.0,"key":"Onion Ring"},{"floor":9.0,"key":"ReplayFunnel"},{"floor":23,"key":"Toxic Egg 2"},{"floor":26,"key":"Ornamental Fan"},{"floor":33,"key":"Bromod:ArcaneAegis"},{"floor":33,"key":"Bromod:ArcaneVictory"},{"floor":44,"key":"Dead Branch"},{"floor":45,"key":"Runesmith:AutoHammer"},{"floor":47,"key":"ReplayTheSpireMod:Lightbulb"},{"floor":48,"key":"Calipers"}],"event_choices":[{"damage_healed":18.0,"max_hp_gain":0.0,"max_hp_loss":0.0,"gold_gain":0.0,"event_name":"Mushrooms","player_choice":"Healed and dodged fight","floor":10.0,"gold_loss":0.0,"damage_taken":0.0,"cards_obtained":["Parasite"]},{"cards_removed":["Parasite"],"damage_healed":0.0,"max_hp_gain":0.0,"max_hp_loss":0.0,"gold_gain":0.0,"event_name":"Golden Wing","player_choice":"Card Removal","floor":12.0,"gold_loss":0.0,"damage_taken":7.0},{"damage_healed":0.0,"max_hp_gain":0.0,"max_hp_loss":0.0,"gold_gain":0.0,"event_name":"Designer","player_choice":"Upgrade","floor":19.0,"gold_loss":40.0,"damage_taken":0.0,"cards_upgraded":["rmod:expedition"]},{"damage_healed":0.0,"max_hp_gain":0.0,"max_hp_loss":0.0,"gold_gain":0.0,"event_name":"betterNote:BetterNote","player_choice":"Ignored","floor":22.0,"gold_loss":0.0,"damage_taken":0.0,"cards_obtained":["TheCursedMod:Strike_TheCursed"]},{"damage_healed":24,"gold_gain":0,"player_choice":"Heal","damage_taken":0,"max_hp_gain":0,"max_hp_loss":0,"event_name":"The Library","floor":30,"gold_loss":0},{"damage_healed":0,"gold_gain":0,"player_choice":"Became a vampire","damage_taken":0,"max_hp_gain":0,"max_hp_loss":22,"event_name":"Vampires","floor":32,"gold_loss":0,"cards_obtained":["Bite","Bite","Bite","Bite","Bite"]},{"damage_healed":0,"gold_gain":0,"player_choice":"Fight","damage_taken":0,"max_hp_gain":0,"max_hp_loss":0,"event_name":"Colosseum","floor":33,"gold_loss":0},{"damage_healed":0,"gold_gain":0,"player_choice":"Fought Nobs","damage_taken":0,"max_hp_gain":0,"max_hp_loss":0,"event_name":"Colosseum","floor":33,"gold_loss":0},{"damage_healed":0,"gold_gain":3,"player_choice":"1","damage_taken":0,"max_hp_gain":0,"max_hp_loss":0,"event_name":"betterStone:BetterStone","floor":43,"gold_loss":0},{"damage_healed":0,"gold_gain":0,"player_choice":"Fight","damage_taken":0,"max_hp_gain":0,"max_hp_loss":0,"event_name":"MindBloom","floor":48,"gold_loss":0}],"is_beta":false,"boss_relics":[{"not_picked":["Runic Pyramid","Empty Cage"],"picked":"Abe\u0027s Treasure"},{"not_picked":["rmod:mogul","Replay:Ancient Bell"],"picked":"hubris:Backtick"}],"items_purged_floors":[],"is_endless":false,"potions_floor_spawned":[1,8,14,31,33,35,47,48],"ascension_level":0}}