{"host":"8i4doyxqctgl5qb0","time":1610403808,"event":{"mods":["AchievementEnabler","BaseMod","Block Reminder","Colored Powertips","Hermit","Minty Spire (QoL Compilation)","Permanent Neow","Potion Indicator Mod","Rare Cards Sparkle","StSLib","SuperFastMode","The Jungle"],"gold_per_floor":[112,112,132,142,159,193,193,204,227,227,6,34,34,34,34,130,180,196,206,239,164,164,164,189,216,242,242,252,281,291,302,302,407,407,417,517,528,544,544,544,554,554,554,67,67,78,78,131,131,131],"floor_reached":51,"playtime":2664,"items_purged":["Strike_R","Strike_R"],"score":946,"play_id":"53709dbe-adf6-4848-bb4d-047a4c66c0b6","local_time":"20210112062327","is_ascension_mode":true,"campfire_choices":[{"data":"Searing Blow","floor":7.0,"key":"SMITH"},{"data":"Searing Blow+1","floor":10.0,"key":"SMITH"},{"data":"Searing Blow+3","floor":15.0,"key":"SMITH"},{"data":"Searing Blow+4","floor":23.0,"key":"SMITH"},{"floor":27.0,"key":"REST"},{"floor":32.0,"key":"REST"},{"data":"Searing Blow+6","floor":40.0,"key":"SMITH"},{"floor":42.0,"key":"REST"},{"data":"Armaments","floor":45.0,"key":"SMITH"},{"data":"Searing Blow+7","floor":49.0,"key":"SMITH"}],"circlet_count":0,"master_deck":["Strike_R","Defend_R","Defend_R","Defend_R","Bash","Shrug It Off","Reaper","Shrug It Off","Clash","Shrug It Off","Searing Blow+8","Headbutt+1","Juggernaut","Bloodletting","Disarm","Barricade","Armaments+1","Whirlwind","Inflame","Battle Trance","Double Tap","Seeing Red","Burning Pact+1","Battle Trance","Warcry+1","Blind","Madness","Deep Breath"],"relics":["Burning Blood","PreservedInsect","Regal Pillow","ClockworkSouvenir","Blood Vial","Nunchaku","Tiny House","Red Mask","MealTicket","Mercury Hourglass","Anchor","Letter Opener","SlaversCollar","CaptainsWheel","HornCleat"],"acts_visited":["Exordium","TheCity","TheBeyond"],"potions_floor_usage":[50,50,50],"damage_taken":[{"damage":6.0,"enemies":"Jaw Worm","floor":1.0,"turns":5.0},{"damage":8.0,"enemies":"Cultist","floor":3.0,"turns":4.0},{"damage":13.0,"enemies":"2 Louse","floor":4.0,"turns":3.0},{"damage":14.0,"enemies":"Large Slime","floor":5.0,"turns":8.0},{"damage":22.0,"enemies":"3 Sentries","floor":6.0,"turns":14.0},{"damage":10.0,"enemies":"3 Louse","floor":8.0,"turns":4.0},{"damage":16.0,"enemies":"Lagavulin","floor":12.0,"turns":6.0},{"damage":57.0,"enemies":"The Guardian","floor":16.0,"turns":12.0},{"damage":23.0,"enemies":"2 Thieves","floor":18.0,"turns":5.0},{"damage":4.0,"enemies":"Chosen","floor":19.0,"turns":5.0},{"damage":26.0,"enemies":"Masked Bandits","floor":20.0,"turns":5.0},{"damage":17.0,"enemies":"Gremlin Leader","floor":25.0,"turns":5.0},{"damage":10.0,"enemies":"Snake Plant","floor":28.0,"turns":3.0},{"damage":10.0,"enemies":"Slavers","floor":29.0,"turns":4.0},{"damage":38.0,"enemies":"Sentry and Sphere","floor":30.0,"turns":4.0},{"damage":16.0,"enemies":"Cultist and Chosen","floor":31.0,"turns":4.0},{"damage":65.0,"enemies":"Automaton","floor":33.0,"turns":11.0},{"damage":12.0,"enemies":"Orb Walker","floor":35.0,"turns":3.0},{"damage":29.0,"enemies":"3 Darklings","floor":37.0,"turns":5.0},{"damage":6.0,"enemies":"4 Shapes","floor":38.0,"turns":5.0},{"damage":50.0,"enemies":"Transient","floor":41.0,"turns":5.0},{"damage":3.0,"enemies":"Spire Growth","floor":46.0,"turns":5.0},{"damage":63,"enemies":"Donu and Deca","floor":50,"turns":8}],"seed_played":"8588124679607183781","potions_obtained":[{"floor":0.0,"key":"HeartOfIron"},{"floor":0.0,"key":"PowerPotion"},{"floor":0.0,"key":"SpeedPotion"},{"floor":3.0,"key":"BloodPotion"},{"floor":16.0,"key":"Ancient Potion"},{"floor":20.0,"key":"SpeedPotion"},{"floor":25.0,"key":"LiquidBronze"},{"floor":35.0,"key":"Weak Potion"}],"is_trial":false,"path_per_floor":["M","?","M","M","M","E","R","M","T","R","$","E","?","?","R","B",null,"M","M","?","?","?","R","T","E","T","R","M","E","M","M","R","B",null,"M","?","M","M","?","R","M","R","T","$","R","M","?","T","R","B",null],"character_chosen":"IRONCLAD","items_purchased":["ClockworkSouvenir","HornCleat","Battle Trance","Energy Potion"],"campfire_rested":3,"item_purchase_floors":[11,44,44,44],"current_hp_per_floor":[72,72,74,75,73,65,65,69,69,69,69,59,59,52,52,19,70,55,63,45,45,45,45,45,45,45,85,81,84,56,48,85,26,70,66,66,45,47,47,47,9,49,49,64,64,73,63,63,63,20],"gold":131,"neow_bonus":"THREE_SMALL_POTIONS","is_daily":false,"chose_seed":false,"campfire_upgraded":7,"win_rate":0.0,"timestamp":1610403807,"path_taken":["M","?","M","M","M","E","R","M","T","R","?","E","?","?","R","BOSS","M","M","?","?","?","R","?","E","T","R","M","E","?","M","R","BOSS","M","?","?","M","?","R","M","R","T","?","R","M","?","?","R","BOSS"],"items_purchased_type":["Relic","Relic","Card","Potion"],"build_version":"2020-12-22","purchased_purges":2,"victory":true,"max_hp_per_floor":[80,80,80,80,80,80,80,80,80,80,80,80,80,80,80,80,85,85,85,85,85,85,85,85,85,85,85,85,85,85,85,85,85,85,85,85,85,85,85,85,85,85,85,85,85,85,85,85,85,85],"card_choices":[{"not_picked":["Battle Trance","Fire Breathing"],"picked":"Shrug It Off","floor":1.0},{"not_picked":["Power Through","Second Wind"],"picked":"Shrug It Off","floor":3.0},{"not_picked":["Seeing Red","Second Wind"],"picked":"Clash","floor":4.0},{"not_picked":["Pommel Strike","Corruption"],"picked":"Shrug It Off","floor":5.0},{"not_picked":["Dropkick","Sever Soul"],"picked":"Searing Blow","floor":6.0},{"not_picked":["Iron Wave","Clash","Thunderclap"],"picked":"SKIP","floor":8.0},{"not_picked":["Sword Boomerang","Body Slam"],"picked":"Headbutt","floor":12.0},{"not_picked":["Barricade","Limit Break"],"picked":"Juggernaut","floor":16.0},{"not_picked":["Warcry","Havoc"],"picked":"Bloodletting","floor":17.0},{"not_picked":["Heavy Blade+1","Carnage","Hemokinesis"],"picked":"SKIP","floor":18.0},{"not_picked":["Iron Wave+1","Havoc"],"picked":"Disarm","floor":19.0},{"not_picked":["Clash","Pommel Strike"],"picked":"Barricade","floor":20.0},{"not_picked":["Power Through","Cleave"],"picked":"Armaments","floor":25.0},{"not_picked":["Thunderclap","Blood for Blood+1"],"picked":"Whirlwind","floor":28.0},{"not_picked":["Havoc+1","Feed"],"picked":"Inflame","floor":29.0},{"not_picked":["Body Slam","Thunderclap","Rage"],"picked":"SKIP","floor":30.0},{"not_picked":["Blood for Blood","Reckless Charge"],"picked":"Battle Trance","floor":31.0},{"not_picked":["Exhume","Offering"],"picked":"Double Tap","floor":33.0},{"not_picked":["Body Slam+1","Havoc+1"],"picked":"Seeing Red","floor":35.0},{"not_picked":["Rage+1","Havoc+1","Pommel Strike+1"],"picked":"SKIP","floor":37.0},{"not_picked":["Wild Strike+1","Heavy Blade+1","Perfected Strike+1"],"picked":"SKIP","floor":38.0},{"not_picked":["Headbutt","Wild Strike+1"],"picked":"Burning Pact+1","floor":41.0},{"not_picked":["Clash","Rupture"],"picked":"Warcry+1","floor":46.0},{"not_picked":["The Bomb","Enlightenment"],"picked":"Blind","floor":47.0},{"not_picked":["Metamorphosis","Impatience"],"picked":"Madness","floor":47.0},{"not_picked":["Good Instincts","Forethought"],"picked":"Deep Breath","floor":47.0}],"player_experience":105383,"relics_obtained":[{"floor":6.0,"key":"PreservedInsect"},{"floor":9.0,"key":"Regal Pillow"},{"floor":12.0,"key":"Blood Vial"},{"floor":20.0,"key":"Red Mask"},{"floor":24.0,"key":"MealTicket"},{"floor":25.0,"key":"Mercury Hourglass"},{"floor":26.0,"key":"Anchor"},{"floor":29.0,"key":"Letter Opener"},{"floor":43.0,"key":"CaptainsWheel"}],"event_choices":[{"damage_healed":0.0,"max_hp_gain":0.0,"max_hp_loss":0.0,"gold_gain":0.0,"cards_transformed":["Defend_R"],"event_name":"Transmorgrifier","player_choice":"Transformed","floor":2.0,"gold_loss":0.0,"damage_taken":0.0,"cards_obtained":["Reaper"]},{"damage_healed":0.0,"max_hp_gain":0.0,"max_hp_loss":0.0,"gold_gain":0.0,"event_name":"Living Wall","player_choice":"Grow","floor":13.0,"gold_loss":0.0,"damage_taken":0.0,"cards_upgraded":["Searing Blow"]},{"damage_healed":0.0,"max_hp_gain":0.0,"max_hp_loss":0.0,"gold_gain":0.0,"event_name":"Scrap Ooze","player_choice":"Success","floor":14.0,"gold_loss":0.0,"damage_taken":7.0,"relics_obtained":["Nunchaku"]},{"damage_healed":0.0,"max_hp_gain":0.0,"max_hp_loss":0.0,"gold_gain":0.0,"event_name":"Masked Bandits","player_choice":"Fought Bandits","floor":20.0,"gold_loss":0.0,"damage_taken":0.0},{"cards_removed":["Strike_R"],"damage_healed":0.0,"max_hp_gain":0.0,"max_hp_loss":0.0,"gold_gain":0.0,"event_name":"Beggar","player_choice":"Gave Gold","floor":21.0,"gold_loss":75.0,"damage_taken":0.0},{"cards_removed":["Strike_R"],"damage_healed":0.0,"max_hp_gain":0.0,"max_hp_loss":0.0,"gold_gain":0.0,"event_name":"Back to Basics","player_choice":"Elegance","floor":22.0,"gold_loss":0.0,"damage_taken":0.0},{"damage_healed":0.0,"max_hp_gain":0.0,"max_hp_loss":0.0,"gold_gain":100.0,"event_name":"Golden Shrine","player_choice":"Pray","floor":36.0,"gold_loss":0.0,"damage_taken":0.0},{"damage_healed":0.0,"max_hp_gain":0.0,"max_hp_loss":0.0,"gold_gain":0.0,"event_name":"Accursed Blacksmith","player_choice":"Forge","floor":39.0,"gold_loss":0.0,"damage_taken":0.0,"cards_upgraded":["Searing Blow"]},{"damage_healed":0.0,"max_hp_gain":0.0,"max_hp_loss":0.0,"gold_gain":0.0,"event_name":"SensoryStone","player_choice":"Memory 3","floor":47.0,"gold_loss":0.0,"damage_taken":10.0}],"is_beta":false,"boss_relics":[{"not_picked":["Ectoplasm","Snecko Eye"],"picked":"Tiny House"},{"not_picked":["Sozu","Runic Pyramid"],"picked":"SlaversCollar"}],"items_purged_floors":[11,44],"is_endless":false,"potions_floor_spawned":[3,4,12,16,18,20,25,35,37],"ascension_level":6}}