{"host":"zex3ujd3lwod1gma","time":1610390273,"event":{"mods":["BaseMod","Better Vampires","Better-Laid Plans","Custom Start","Minty Spire (QoL Compilation)","Quick Restart","Relic Stats","StSLib","[地精首领爬塔]The Maniac","篝火指南"],"gold_per_floor":[116,135,155,172,188,216,216,251,329,329,346,346,346,346],"floor_reached":13,"playtime":547,"items_purged":[],"score":102,"play_id":"c6a8c2f6-2a17-41da-9c68-2a556125cdfc","local_time":"20210112023753","is_ascension_mode":true,"campfire_choices":[{"floor":7,"key":"REST"},{"floor":12,"key":"REST"}],"circlet_count":0,"master_deck":["maniac:Strike","maniac:Strike","maniac:Strike","maniac:Defend","maniac:Defend","maniac:Defend","maniac:BurnBlood","maniac:AbyssShackle","maniac:SpectralKnives","maniac:Reforge"],"relics":["maniac:DamagedAnvil","maniac:BrokenHorn","Mummified Hand","Blood Vial","Matryoshka"],"acts_visited":["Exordium"],"potions_floor_usage":[6,8],"damage_taken":[{"damage":0,"enemies":"Small Slimes","floor":1,"turns":3},{"damage":2,"enemies":"Cultist","floor":2,"turns":3},{"damage":0,"enemies":"2 Louse","floor":3,"turns":2},{"damage":10,"enemies":"Red Slaver","floor":4,"turns":3},{"damage":15,"enemies":"Blue Slaver","floor":5,"turns":4},{"damage":25,"enemies":"Lagavulin","floor":6,"turns":4},{"damage":7,"enemies":"Gremlin Nob","floor":8,"turns":3},{"damage":15,"enemies":"Exordium Thugs","floor":11,"turns":4},{"damage":35,"enemies":"Lagavulin","floor":13,"turns":5}],"seed_played":"-8245249965554132517","potions_obtained":[{"floor":2,"key":"BlessingOfTheForge"},{"floor":4,"key":"SneckoOil"},{"floor":6,"key":"Dexterity Potion"}],"is_trial":false,"path_per_floor":["M","M","M","M","M","E","R","E","T","?","M","R","E"],"character_chosen":"THE_MANIAC","items_purchased":[],"campfire_rested":2,"item_purchase_floors":[],"current_hp_per_floor":[56,54,54,44,29,4,28,21,21,21,8,32,0,0],"gold":346,"neow_bonus":"REMOVE_TWO","is_daily":false,"chose_seed":false,"campfire_upgraded":0,"win_rate":0.0,"timestamp":1610390273,"path_taken":["M","M","M","M","M","E","R","E","T","?","M","R","E"],"items_purchased_type":[],"build_version":"2020-12-22","purchased_purges":0,"victory":false,"max_hp_per_floor":[80,80,80,80,80,80,80,80,80,80,80,80,80,80],"relic_stats":{"Blood Vial":4,"counters":[9,31],"Mummified Hand":[0],"obtain_stats":[{"Blood Vial":8,"maniac:DamagedAnvil":0,"maniac:BrokenHorn":0,"Matryoshka":9,"Mummified Hand":6},{"Blood Vial":7,"maniac:DamagedAnvil":0,"maniac:BrokenHorn":0,"Matryoshka":7,"Mummified Hand":6},{"Blood Vial":22,"maniac:DamagedAnvil":0,"maniac:BrokenHorn":0,"Matryoshka":22,"Mummified Hand":19}]},"card_choices":[{"not_picked":["maniac:SpectralKnives","maniac:DashForward","maniac:SorceryHour"],"picked":"SKIP","floor":1},{"not_picked":["maniac:MeleeStrike","maniac:Infuriate","maniac:SeeingDetails"],"picked":"SKIP","floor":2},{"not_picked":["maniac:FindAShortcut","maniac:UndyingDesire","maniac:Confront"],"picked":"SKIP","floor":3},{"not_picked":["maniac:Precision","maniac:DashForward","maniac:Traceback"],"picked":"SKIP","floor":4},{"not_picked":["maniac:SeeingDetails","maniac:Intimidate"],"picked":"maniac:SpectralKnives","floor":5},{"not_picked":["maniac:UndyingDesire","maniac:BladeShoot","maniac:Precision"],"picked":"SKIP","floor":6},{"not_picked":["maniac:UndyingDesire","maniac:PanickyParry"],"picked":"maniac:Reforge","floor":8},{"not_picked":["maniac:UndyingDesire","maniac:SpectralKnives","maniac:ShadowContact"],"picked":"SKIP","floor":11}],"player_experience":1248271,"relics_obtained":[{"floor":6,"key":"Mummified Hand"},{"floor":8,"key":"Blood Vial"},{"floor":9,"key":"Matryoshka"}],"event_choices":[{"cards_removed":["maniac:Strike"],"damage_healed":0,"gold_gain":0,"player_choice":"Purged","damage_taken":0,"max_hp_gain":0,"max_hp_loss":0,"event_name":"Purifier","floor":10,"gold_loss":0}],"is_beta":false,"boss_relics":[],"items_purged_floors":[],"is_endless":false,"potions_floor_spawned":[2,4,6],"killed_by":"Lagavulin","ascension_level":1}}