{"host":"h7phgxvratutj9mx","time":1610332653,"event":{"mods":["BaseMod","Highlight Path","Minty Spire (QoL Compilation)","Quick Restart"],"gold_per_floor":[111,123,223,237,256,288,288,31,55,88,88,103,103,103,103,202,202,220,220,47,66,66,98,98,98,125,140,140,156,175,175,175],"floor_reached":31,"playtime":1405,"items_purged":["Strike_P","Writhe"],"score":265,"play_id":"78296f68-7e8a-4af8-878f-8a1feb4edb86","local_time":"25640111093733","is_ascension_mode":false,"campfire_choices":[{"floor":7,"key":"REST"},{"data":"Establishment","floor":11,"key":"SMITH"},{"floor":13,"key":"REST"},{"data":"EmptyBody","floor":15,"key":"SMITH"},{"data":"Ragnarok","floor":24,"key":"SMITH"}],"circlet_count":0,"master_deck":["Strike_P","Strike_P","Strike_P","Defend_P","Defend_P","Defend_P","Defend_P","Eruption","Vigilance","ClearTheMind","CarveReality","EmptyFist","Establishment+1","BowlingBash","EmptyBody+1","WindmillStrike+1","Ragnarok+1","SandsOfTime","Tantrum","Evaluate","FlyingSleeves+1","Wallop","Ragnarok+1","EmptyBody+1"],"relics":["Snecko Eye","Boot","Sling","Smiling Mask","Toy Ornithopter","VioletLotus","Blue Candle","Gremlin Horn","Vajra","Dream Catcher"],"acts_visited":["Exordium","TheCity"],"potions_floor_usage":[5,23,29],"damage_taken":[{"damage":0,"enemies":"Small Slimes","floor":1,"turns":4},{"damage":0,"enemies":"Cultist","floor":2,"turns":4},{"damage":4,"enemies":"2 Louse","floor":4,"turns":3},{"damage":4,"enemies":"2 Fungi Beasts","floor":5,"turns":3},{"damage":23,"enemies":"Lagavulin","floor":6,"turns":5},{"damage":10,"enemies":"3 Sentries","floor":10,"turns":6},{"damage":7,"enemies":"Blue Slaver","floor":12,"turns":3},{"damage":34,"enemies":"Hexaghost","floor":16,"turns":10},{"damage":5,"enemies":"Spheric Guardian","floor":18,"turns":3},{"damage":0,"enemies":"Chosen","floor":21,"turns":3},{"damage":17,"enemies":"Gremlin Leader","floor":23,"turns":3},{"damage":18,"enemies":"Shelled Parasite and Fungi","floor":27,"turns":3},{"damage":13,"enemies":"Centurion and Healer","floor":29,"turns":4},{"damage":26,"enemies":"Snake Plant","floor":30,"turns":3},{"damage":0,"enemies":"Snecko","floor":31,"turns":2}],"seed_played":"3673027199784475144","potions_obtained":[{"floor":4,"key":"Fire Potion"},{"floor":5,"key":"SteroidPotion"},{"floor":12,"key":"GamblersBrew"},{"floor":16,"key":"Dexterity Potion"},{"floor":18,"key":"SteroidPotion"},{"floor":30,"key":"Ancient Potion"}],"is_trial":false,"path_per_floor":["M","M","?","M","M","E","R","$","T","E","R","M","R","?","R","B",null,"M","?","$","M","?","E","R","?","T","M","T","M","M","M"],"character_chosen":"WATCHER","items_purchased":["Sling","BowlingBash","Tantrum","Evaluate"],"campfire_rested":2,"item_purchase_floors":[8,8,20,20],"current_hp_per_floor":[72,72,72,68,64,41,62,62,62,52,52,45,66,66,66,32,72,67,67,67,67,67,55,55,55,55,37,37,29,3,3,3],"gold":175,"neow_bonus":"BOSS_RELIC","is_daily":false,"chose_seed":false,"campfire_upgraded":3,"win_rate":0.0,"timestamp":1610332653,"path_taken":["M","M","?","M","M","E","R","$","T","E","R","?","R","?","R","BOSS","M","?","$","M","?","E","R","?","T","?","?","?","M","M"],"items_purchased_type":["Relic","Card","Card","Card"],"build_version":"2020-12-22","purchased_purges":2,"victory":false,"max_hp_per_floor":[72,72,72,72,72,72,72,72,72,72,72,72,72,72,72,72,72,72,72,72,72,72,72,72,72,72,72,72,72,72,72,72],"card_choices":[{"not_picked":["Weave","Protect"],"picked":"ClearTheMind","floor":1},{"not_picked":["Protect","EmptyMind"],"picked":"CarveReality","floor":2},{"not_picked":["Protect","Meditate"],"picked":"EmptyFist","floor":4},{"not_picked":["Conclude","Wireheading","MentalFortress"],"picked":"SKIP","floor":5},{"not_picked":["FlurryOfBlows","BattleHymn"],"picked":"Establishment","floor":6},{"not_picked":["Pray","Weave"],"picked":"EmptyBody","floor":10},{"not_picked":["Conclude","ClearTheMind"],"picked":"WindmillStrike","floor":12},{"not_picked":["MasterReality","DeusExMachina"],"picked":"Ragnarok","floor":16},{"not_picked":["CrushJoints","Halt"],"picked":"SandsOfTime","floor":18},{"not_picked":["Halt","Vengeance+1"],"picked":"FlyingSleeves+1","floor":21},{"not_picked":["FollowUp","CarveReality"],"picked":"Wallop","floor":23},{"not_picked":["Protect","ClearTheMind","Pray"],"picked":"SKIP","floor":27},{"not_picked":["TalkToTheHand","Weave","WheelKick"],"picked":"SKIP","floor":29},{"not_picked":["TalkToTheHand","WheelKick+1"],"picked":"EmptyBody+1","floor":30}],"player_experience":368926,"relics_obtained":[{"floor":6,"key":"Boot"},{"floor":9,"key":"Smiling Mask"},{"floor":10,"key":"Toy Ornithopter"},{"floor":23,"key":"Gremlin Horn"},{"floor":26,"key":"Vajra"},{"floor":28,"key":"Dream Catcher"}],"event_choices":[{"damage_healed":0,"gold_gain":100,"player_choice":"Pray","damage_taken":0,"max_hp_gain":0,"max_hp_loss":0,"event_name":"Golden Shrine","floor":3,"gold_loss":0},{"damage_healed":0,"gold_gain":0,"player_choice":"Grow","damage_taken":0,"max_hp_gain":0,"max_hp_loss":0,"event_name":"Living Wall","floor":14,"gold_loss":0,"cards_upgraded":["WindmillStrike"]},{"damage_healed":0,"gold_gain":0,"player_choice":"Opened","damage_taken":0,"relics_obtained":["Blue Candle"],"max_hp_gain":0,"max_hp_loss":0,"event_name":"The Mausoleum","floor":19,"gold_loss":0,"cards_obtained":["Writhe"]},{"damage_healed":0,"gold_gain":0,"player_choice":"Ignored","damage_taken":0,"max_hp_gain":0,"max_hp_loss":0,"event_name":"Ghosts","floor":22,"gold_loss":0},{"damage_healed":0,"gold_gain":0,"player_choice":"Copied","damage_taken":0,"max_hp_gain":0,"max_hp_loss":0,"event_name":"Duplicator","floor":25,"gold_loss":0,"cards_obtained":["Ragnarok"]}],"is_beta":false,"boss_relics":[{"not_picked":["Cursed Key","Runic Pyramid"],"picked":"VioletLotus"}],"items_purged_floors":[8,20],"is_endless":false,"potions_floor_spawned":[4,5,12,16,18,30],"killed_by":"Snecko","ascension_level":0}}