{"host":"opg65mucj6ra7dr1","time":1610349608,"event":{"mods":["BaseMod","DeckTracker","Keyboard Shortcuts","Minty Spire (QoL Compilation)","Permanent Neow","Quick Restart","everything is the same but u backflip on backflip"],"gold_per_floor":[109,109,122,136,150,150,193,193,241,241,241,282,86,106,106,225,225,238,163,163,188,188,188,223,246,273,273,273,273,289,307,307,438,438,456,456,519,543,71,106,24,44,71,71,110,110,110,126,126,126,126,126,89,123,123],"floor_reached":56,"playtime":1650,"items_purged":["Strike_B"],"score":1373,"play_id":"7db5d260-5def-40f9-87df-652ff0f978ad","local_time":"20210111162008","is_ascension_mode":true,"campfire_choices":[{"data":"Zap","floor":6.0,"key":"SMITH"},{"data":"Dualcast","floor":8.0,"key":"SMITH"},{"data":"Buffer","floor":11.0,"key":"SMITH"},{"data":"Loop","floor":15.0,"key":"SMITH"},{"data":"Lockon","floor":23.0,"key":"SMITH"},{"data":"Stack","floor":27.0,"key":"SMITH"},{"data":"Storm","floor":32.0,"key":"SMITH"},{"data":"Defragment","floor":44.0,"key":"SMITH"},{"floor":46.0,"key":"RECALL"},{"data":"Creative AI","floor":49.0,"key":"SMITH"},{"data":"Reboot","floor":52.0,"key":"SMITH"}],"circlet_count":0,"master_deck":["Strike_B","Strike_B","Defend_B","Defend_B","Defend_B","Zap+1","Dualcast+1","Seek","Hologram","Leap","Storm+1","Ball Lightning","Buffer+1","Conserve Battery","Loop+1","Stack+1","Lockon+1","Reboot+1","Coolheaded","Capacitor+1","Auto Shields","Stack+1","Self Repair","Electrodynamics","BootSequence","Creative AI+1","Static Discharge+1","Turbo","Hologram+1","Defragment+1","Self Repair","Self Repair+1","Aggregate+1","Heatsinks","Auto Shields+1"],"relics":["Cracked Core","Golden Idol","InkBottle","Bronze Scales","Anchor","Sozu","Bag of Preparation","Pocketwatch","SlaversCollar","Incense Burner","Bottled Flame","DataDisk","Eternal Feather","Bag of Marbles","Nunchaku","Shuriken"],"acts_visited":["Exordium","TheCity","TheBeyond","TheEnding"],"potions_floor_usage":[],"damage_taken":[{"damage":0.0,"enemies":"Small Slimes","floor":1.0,"turns":2.0},{"damage":2.0,"enemies":"Jaw Worm","floor":3.0,"turns":4.0},{"damage":5.0,"enemies":"2 Louse","floor":4.0,"turns":2.0},{"damage":8.0,"enemies":"Large Slime","floor":5.0,"turns":6.0},{"damage":27.0,"enemies":"3 Sentries","floor":7.0,"turns":6.0},{"damage":15.0,"enemies":"Lagavulin","floor":12.0,"turns":4.0},{"damage":0.0,"enemies":"Exordium Wildlife","floor":14.0,"turns":3.0},{"damage":17.0,"enemies":"Hexaghost","floor":16.0,"turns":8.0},{"damage":15.0,"enemies":"2 Thieves","floor":18.0,"turns":4.0},{"damage":0.0,"enemies":"Spheric Guardian","floor":21.0,"turns":4.0},{"damage":12.0,"enemies":"Book of Stabbing","floor":24.0,"turns":5.0},{"damage":11.0,"enemies":"Shelled Parasite and Fungi","floor":25.0,"turns":3.0},{"damage":0.0,"enemies":"Slavers","floor":29.0,"turns":1.0},{"damage":12.0,"enemies":"Centurion and Healer","floor":30.0,"turns":7.0},{"damage":0.0,"enemies":"Snecko","floor":31.0,"turns":4.0},{"damage":24.0,"enemies":"Automaton","floor":33.0,"turns":9.0},{"damage":7.0,"enemies":"3 Shapes","floor":35.0,"turns":5.0},{"damage":0.0,"enemies":"Mind Bloom Boss Battle","floor":37.0,"turns":4.0},{"damage":24.0,"enemies":"Orb Walker","floor":38.0,"turns":3.0},{"damage":25.0,"enemies":"Reptomancer","floor":40.0,"turns":3.0},{"damage":6.0,"enemies":"Spire Growth","floor":42.0,"turns":4.0},{"damage":12.0,"enemies":"Nemesis","floor":45.0,"turns":4.0},{"damage":13.0,"enemies":"4 Shapes","floor":48.0,"turns":3.0},{"damage":25.0,"enemies":"Donu and Deca","floor":50.0,"turns":6.0},{"damage":0.0,"enemies":"Shield and Spear","floor":54.0,"turns":2.0},{"damage":73,"enemies":"The Heart","floor":55,"turns":6}],"seed_played":"-5769837320194531474","potions_obtained":[{"floor":1.0,"key":"SmokeBomb"},{"floor":4.0,"key":"FairyPotion"},{"floor":7.0,"key":"DistilledChaos"},{"floor":12.0,"key":"Dexterity Potion"},{"floor":14.0,"key":"Fruit Juice"}],"is_trial":false,"path_per_floor":["M","?","M","M","M","R","E","R","T","?","R","E","$","M","R","B",null,"M","?","?","M","T","R","E","M","T","R","?","E","M","M","R","B",null,"M","?","?","M","$","E","$","M","T","R","E","R","?","M","R","B",null,"R","$","E","B",null],"character_chosen":"DEFECT","items_purchased":["Loop","Stack","Bottled Flame","DataDisk","Defragment","Self Repair","Heatsinks"],"campfire_rested":0,"item_purchase_floors":[13,13,39,39,39,41,53],"current_hp_per_floor":[75,57,55,50,42,42,15,15,15,8,8,22,22,27,27,10,80,65,65,65,65,65,65,53,42,42,42,42,42,37,37,37,20,80,80,80,80,63,63,45,45,46,46,64,66,80,76,70,76,68,76,76,76,76,27],"gold":123,"neow_bonus":"ONE_RANDOM_RARE_CARD","is_daily":false,"chose_seed":false,"campfire_upgraded":10,"win_rate":0.0,"timestamp":1610349608,"path_taken":["M","?","M","M","M","R","E","R","T","?","R","E","$","?","R","BOSS","M","?","?","M","?","R","E","M","T","R","?","E","M","M","R","BOSS","M","?","?","M","$","E","$","M","T","R","E","R","?","M","R","BOSS","R","$","E","BOSS"],"items_purchased_type":["Card","Card","Relic","Relic","Card","Card","Card"],"build_version":"2020-12-22","purchased_purges":1,"victory":true,"max_hp_per_floor":[75,75,75,75,75,75,75,75,75,75,75,75,75,80,80,80,80,80,80,80,80,80,80,80,80,80,80,80,80,80,80,80,80,80,80,80,80,80,80,80,80,80,80,80,80,80,76,76,76,76,76,76,76,76,76],"card_choices":[{"not_picked":["Chaos","Streamline"],"picked":"Hologram","floor":1.0},{"not_picked":["Rebound","Compile Driver"],"picked":"Leap","floor":3.0},{"not_picked":["Double Energy","Coolheaded"],"picked":"Storm","floor":4.0},{"not_picked":["Steam","Storm"],"picked":"Ball Lightning","floor":5.0},{"not_picked":["Gash","Hologram"],"picked":"Buffer","floor":7.0},{"not_picked":["Gash","Barrage"],"picked":"Conserve Battery","floor":12.0},{"not_picked":["Redo","Cold Snap"],"picked":"Lockon","floor":14.0},{"not_picked":["Rainbow","Meteor Strike"],"picked":"Reboot","floor":16.0},{"not_picked":["Beam Cell","Lockon"],"picked":"Coolheaded","floor":18.0},{"not_picked":["Steam","Rebound"],"picked":"Capacitor+1","floor":21.0},{"not_picked":["Doom and Gloom","Chaos"],"picked":"Auto Shields","floor":24.0},{"not_picked":["Rebound","Capacitor"],"picked":"Stack+1","floor":25.0},{"not_picked":["Turbo","Coolheaded"],"picked":"Electrodynamics","floor":30.0},{"not_picked":["Go for the Eyes+1","Gash"],"picked":"BootSequence","floor":31.0},{"not_picked":["Electrodynamics","Reboot"],"picked":"Creative AI","floor":33.0},{"not_picked":["Lockon","Steam"],"picked":"Static Discharge+1","floor":35.0},{"not_picked":["Rebound+1","Stack"],"picked":"Turbo","floor":37.0},{"not_picked":["Streamline","Compile Driver+1"],"picked":"Hologram+1","floor":38.0},{"not_picked":["Lockon+1","Ball Lightning","Hologram+1"],"picked":"SKIP","floor":40.0},{"not_picked":["Barrage+1","Ball Lightning+1","Darkness+1"],"picked":"SKIP","floor":42.0},{"not_picked":["FTL+1","Hologram"],"picked":"Self Repair+1","floor":45.0},{"not_picked":["Coolheaded+1","Redo"],"picked":"Aggregate+1","floor":48.0},{"not_picked":["Redo+1","Compile Driver"],"picked":"Auto Shields+1","floor":54.0}],"player_experience":86642,"relics_obtained":[{"floor":7.0,"key":"InkBottle"},{"floor":9.0,"key":"Bronze Scales"},{"floor":12.0,"key":"Anchor"},{"floor":22.0,"key":"Bag of Preparation"},{"floor":24.0,"key":"Pocketwatch"},{"floor":37.0,"key":"Incense Burner"},{"floor":40.0,"key":"Eternal Feather"},{"floor":43.0,"key":"Bag of Marbles"},{"floor":45.0,"key":"Nunchaku"},{"floor":54.0,"key":"Shuriken"}],"event_choices":[{"damage_healed":0.0,"max_hp_gain":0.0,"max_hp_loss":0.0,"gold_gain":0.0,"event_name":"Golden Idol","player_choice":"Take Damage","floor":2.0,"gold_loss":0.0,"damage_taken":18.0,"relics_obtained":["Golden Idol"]},{"cards_removed":["Strike_B"],"damage_healed":0.0,"max_hp_gain":0.0,"max_hp_loss":0.0,"gold_gain":0.0,"event_name":"Golden Wing","player_choice":"Card Removal","floor":10.0,"gold_loss":0.0,"damage_taken":7.0},{"cards_removed":["Defend_B"],"damage_healed":0.0,"max_hp_gain":0.0,"max_hp_loss":0.0,"gold_gain":0.0,"event_name":"Beggar","player_choice":"Gave Gold","floor":19.0,"gold_loss":75.0,"damage_taken":0.0},{"damage_healed":0.0,"max_hp_gain":0.0,"max_hp_loss":0.0,"gold_gain":0.0,"event_name":"Ghosts","player_choice":"Ignored","floor":20.0,"gold_loss":0.0,"damage_taken":0.0},{"damage_healed":0.0,"max_hp_gain":0.0,"max_hp_loss":0.0,"gold_gain":0.0,"event_name":"The Library","player_choice":"Read","floor":28.0,"gold_loss":0.0,"damage_taken":0.0,"cards_obtained":["Self Repair"]},{"damage_healed":0.0,"max_hp_gain":0.0,"max_hp_loss":0.0,"gold_gain":0.0,"event_name":"Tomb of Lord Red Mask","player_choice":"Ignored","floor":36.0,"gold_loss":0.0,"damage_taken":0.0},{"damage_healed":0.0,"max_hp_gain":0.0,"max_hp_loss":0.0,"gold_gain":0.0,"event_name":"MindBloom","player_choice":"Fight","floor":37.0,"gold_loss":0.0,"damage_taken":0.0},{"damage_healed":0.0,"max_hp_gain":0.0,"max_hp_loss":4.0,"gold_gain":0.0,"event_name":"Winding Halls","player_choice":"Max HP","floor":47.0,"gold_loss":0.0,"damage_taken":0.0}],"is_beta":false,"boss_relics":[{"not_picked":["Fusion Hammer","Runic Dome"],"picked":"Sozu"},{"not_picked":["SacredBark","Cursed Key"],"picked":"SlaversCollar"}],"items_purged_floors":[13],"is_endless":false,"potions_floor_spawned":[1,4,7,12,14,18,24,25,30,38],"ascension_level":2}}