{"host":"dm4yvegl9um2tlqd","time":1610369007,"event":{"mods":["2.2 Compatiblity","AchievementEnabler","BaseMod","Colored Map","DeckTracker","Highlight Path","KOR Keyword Fix","Keyboard Shortcuts","Minty Spire (QoL Compilation)","Permanent Neow","Quick Restart","Random Character Button","StSLib","SuperFastMode","everything is the same but u backflip on backflip"],"gold_per_floor":[113,38,56,131,145,145,172,172,225,245,0,19,19,30,30,134,134,148,247,265,283,297,297,331,331,331,343,39,39,39,55,55,55,55],"floor_reached":33,"playtime":1347,"items_purged":["Strike_B","Strike_B","Strike_B"],"score":309,"play_id":"b1cee4b4-e00f-45ae-84ea-0ee54da5296d","local_time":"20210111214327","is_ascension_mode":true,"campfire_choices":[{"data":"Sunder","floor":6,"key":"SMITH"},{"data":"Recycle","floor":8,"key":"SMITH"},{"floor":13,"key":"REST"},{"data":"Hologram","floor":15,"key":"SMITH"},{"data":"Creative AI","floor":23,"key":"SMITH"},{"data":"Doom and Gloom","floor":25,"key":"SMITH"},{"data":"Beam Cell","floor":29,"key":"SMITH"},{"data":"Sweeping Beam","floor":32,"key":"SMITH"}],"circlet_count":0,"master_deck":["Strike_B","Defend_B","Defend_B+1","Defend_B","Defend_B","Zap+1","Dualcast+1","Ball Lightning","Sunder+1","Recycle+1","Sweeping Beam+1","Hologram+1","Cold Snap","Creative AI+1","Undo+1","Gash","Doom and Gloom+1","Beam Cell+1","The Bomb"],"relics":["Cracked Core","War Paint","Vajra","Centennial Puzzle","Coffee Dripper","Oddly Smooth Stone","CaptainsWheel","Ice Cream"],"acts_visited":["Exordium","TheCity"],"potions_floor_usage":[22,24,33,33,33],"damage_taken":[{"damage":2,"enemies":"Jaw Worm","floor":1,"turns":3},{"damage":2,"enemies":"Small Slimes","floor":3,"turns":3},{"damage":3,"enemies":"2 Louse","floor":5,"turns":2},{"damage":30,"enemies":"Lagavulin","floor":7,"turns":5},{"damage":11,"enemies":"Exordium Thugs","floor":10,"turns":3},{"damage":6,"enemies":"3 Louse","floor":12,"turns":2},{"damage":0,"enemies":"2 Fungi Beasts","floor":14,"turns":2},{"damage":6,"enemies":"Hexaghost","floor":16,"turns":9},{"damage":20,"enemies":"2 Thieves","floor":18,"turns":3},{"damage":0,"enemies":"Chosen","floor":20,"turns":5},{"damage":1,"enemies":"Snecko","floor":21,"turns":5},{"damage":14,"enemies":"Snake Plant","floor":22,"turns":3},{"damage":35,"enemies":"Book of Stabbing","floor":24,"turns":6},{"damage":0,"enemies":"Centurion and Healer","floor":27,"turns":6},{"damage":0,"enemies":"Snecko","floor":31,"turns":4},{"damage":5,"enemies":"Champ","floor":33,"turns":6}],"seed_played":"-852540026101650916","potions_obtained":[{"floor":5,"key":"Strength Potion"},{"floor":7,"key":"Energy Potion"},{"floor":12,"key":"Fire Potion"},{"floor":18,"key":"EssenceOfDarkness"},{"floor":22,"key":"ColorlessPotion"},{"floor":27,"key":"GamblersBrew"}],"is_trial":false,"path_per_floor":["M","$","M","?","M","R","E","R","T","M","$","M","R","M","R","B",null,"M","?","M","M","M","R","E","R","T","M","$","R","T","M","R","B"],"character_chosen":"DEFECT","items_purchased":["Centennial Puzzle","The Bomb"],"campfire_rested":1,"item_purchase_floors":[11,28],"current_hp_per_floor":[73,73,71,60,57,57,27,27,27,16,16,10,32,32,32,26,75,55,55,55,54,40,40,5,5,5,5,5,5,5,5,5,0,0],"gold":55,"neow_bonus":"UPGRADE_CARD","is_daily":false,"chose_seed":false,"campfire_upgraded":7,"win_rate":0.0,"timestamp":1610369007,"path_taken":["M","$","M","?","M","R","E","R","T","M","$","M","R","M","R","BOSS","M","?","M","M","M","R","E","R","T","M","$","R","?","M","R","BOSS"],"items_purchased_type":["Relic","Card"],"build_version":"2020-12-22","purchased_purges":3,"victory":false,"max_hp_per_floor":[75,75,75,75,75,75,75,75,75,75,75,75,75,75,75,75,75,75,75,75,75,75,75,75,75,75,75,75,75,75,75,75,75,75],"card_choices":[{"not_picked":["Turbo","Aggregate","Rebound"],"picked":"SKIP","floor":1},{"not_picked":["Cold Snap","White Noise"],"picked":"Ball Lightning","floor":3},{"not_picked":["Skim","Beam Cell"],"picked":"Sunder","floor":5},{"not_picked":["Storm","Loop"],"picked":"Recycle","floor":7},{"not_picked":["Stack","Turbo"],"picked":"Sweeping Beam","floor":10},{"not_picked":["Leap","Conserve Battery"],"picked":"Hologram","floor":12},{"not_picked":["Storm","White Noise"],"picked":"Cold Snap","floor":14},{"not_picked":["All For One","Fission"],"picked":"Creative AI","floor":16},{"not_picked":["Gash","Self Repair"],"picked":"Undo+1","floor":18},{"not_picked":["Reprogram","Sunder","Scrape"],"picked":"SKIP","floor":20},{"not_picked":["Melter+1","Redo"],"picked":"Gash","floor":21},{"not_picked":["Rebound","Redo","Cold Snap"],"picked":"SKIP","floor":22},{"not_picked":["Leap","Static Discharge"],"picked":"Doom and Gloom","floor":24},{"not_picked":["Ball Lightning","Go for the Eyes+1"],"picked":"Beam Cell","floor":27},{"not_picked":["Rip and Tear","Darkness","Stack+1"],"picked":"SKIP","floor":31}],"player_experience":24506,"relics_obtained":[{"floor":7,"key":"War Paint"},{"floor":9,"key":"Vajra"},{"floor":24,"key":"Oddly Smooth Stone"},{"floor":26,"key":"CaptainsWheel"},{"floor":30,"key":"Ice Cream"}],"event_choices":[{"damage_healed":0,"gold_gain":75,"player_choice":"Gather Gold","damage_taken":11,"max_hp_gain":0,"max_hp_loss":0,"event_name":"World of Goop","floor":4,"gold_loss":0},{"damage_healed":0,"gold_gain":99,"player_choice":"Stole From Cult","damage_taken":0,"max_hp_gain":0,"max_hp_loss":0,"event_name":"Nest","floor":19,"gold_loss":0}],"is_beta":false,"boss_relics":[{"not_picked":["Runic Dome","Nuclear Battery"],"picked":"Coffee Dripper"}],"items_purged_floors":[2,11,28],"is_endless":false,"potions_floor_spawned":[5,7,12,18,22,27],"killed_by":"Champ","ascension_level":3}}