{"host":"p25bz88bsavvfmyg","time":1610401646,"event":{"mods":["BaseMod","Minty Spire (QoL Compilation)","Permanent Neow","StSLib"],"gold_per_floor":[115,115,115,135,145,172,172,201,201,276,301,312,312,325,325,424,424,379,379,379,379,379,379,294,294,294,294,72,72,72,72,72,72,72,72,72,72,72,72,72,72,72,72,72,72,72,72,72],"floor_reached":47,"playtime":1514,"items_purged":["Strike_B"],"score":770,"play_id":"30d093d2-fe56-497b-b631-fe3546e657bd","local_time":"20210111224726","is_ascension_mode":true,"campfire_choices":[{"data":"Coolheaded","floor":7,"key":"SMITH"},{"data":"Buffer","floor":13,"key":"SMITH"},{"data":"Rainbow","floor":15,"key":"SMITH"},{"data":"Loop","floor":32,"key":"SMITH"},{"data":"Electrodynamics","floor":40,"key":"SMITH"}],"circlet_count":0,"master_deck":["Strike_B+1","Strike_B+1","Defend_B","Defend_B","Defend_B","Zap+1","Dualcast","Buffer+1","Rip and Tear","Coolheaded+1","Ball Lightning","Glacier","Rainbow+1","Ball Lightning+1","Electrodynamics+1","Coolheaded","Genetic Algorithm+1","Genetic Algorithm+1","Core Surge+1","Loop+1","Core Surge+1","Capacitor+1"],"relics":["Cracked Core","Strawberry","Molten Egg 2","Happy Flower","Oddly Smooth Stone","Ectoplasm","Bronze Scales","Boot","Whetstone","Gremlin Horn","DollysMirror","StoneCalendar","Sozu","Pocketwatch","Pantograph","Ancient Tea Set"],"acts_visited":["Exordium","TheCity","TheBeyond"],"potions_floor_usage":[11,23,27,30,44],"damage_taken":[{"damage":0,"enemies":"Small Slimes","floor":1,"turns":3},{"damage":7,"enemies":"Jaw Worm","floor":4,"turns":3},{"damage":0,"enemies":"Cultist","floor":5,"turns":2},{"damage":21,"enemies":"3 Sentries","floor":6,"turns":8},{"damage":0,"enemies":"Gremlin Nob","floor":8,"turns":3},{"damage":4,"enemies":"3 Sentries","floor":11,"turns":7},{"damage":0,"enemies":"Looter","floor":12,"turns":3},{"damage":0,"enemies":"Large Slime","floor":14,"turns":3},{"damage":8,"enemies":"Hexaghost","floor":16,"turns":9},{"damage":0,"enemies":"2 Thieves","floor":18,"turns":3},{"damage":0,"enemies":"Spheric Guardian","floor":19,"turns":3},{"damage":14,"enemies":"3 Cultists","floor":21,"turns":4},{"damage":10,"enemies":"Snake Plant","floor":22,"turns":4},{"damage":8,"enemies":"Slavers","floor":23,"turns":6},{"damage":20,"enemies":"Gremlin Leader","floor":25,"turns":6},{"damage":0,"enemies":"Cultist and Chosen","floor":27,"turns":5},{"damage":1,"enemies":"3 Cultists","floor":29,"turns":4},{"damage":0,"enemies":"Book of Stabbing","floor":30,"turns":5},{"damage":8,"enemies":"Snake Plant","floor":31,"turns":3},{"damage":2,"enemies":"Collector","floor":33,"turns":7},{"damage":0,"enemies":"Orb Walker","floor":35,"turns":3},{"damage":34,"enemies":"Mind Bloom Boss Battle","floor":36,"turns":6},{"damage":0,"enemies":"3 Shapes","floor":38,"turns":4},{"damage":0,"enemies":"Jaw Worm Horde","floor":41,"turns":4},{"damage":0,"enemies":"Nemesis","floor":42,"turns":7},{"damage":9,"enemies":"Reptomancer","floor":44,"turns":6},{"damage":0,"enemies":"Maw","floor":45,"turns":7},{"damage":41,"enemies":"Giant Head","floor":47,"turns":8}],"seed_played":"1937348637442117900","potions_obtained":[{"floor":5,"key":"LiquidMemories"},{"floor":6,"key":"Explosive Potion"},{"floor":12,"key":"Regen Potion"},{"floor":19,"key":"GamblersBrew"},{"floor":23,"key":"FearPotion"},{"floor":27,"key":"Block Potion"},{"floor":31,"key":"AttackPotion"}],"is_trial":false,"path_per_floor":["M","?","?","M","M","E","R","E","T","?","E","M","R","M","R","B",null,"M","M","?","M","M","E","?","E","T","M","$","M","E","M","R","B",null,"M","?","?","M","$","R","M","E","T","E","M","?","E"],"character_chosen":"DEFECT","items_purchased":["DollysMirror"],"campfire_rested":0,"item_purchase_floors":[28],"current_hp_per_floor":[75,75,75,68,68,54,54,54,54,43,39,39,39,39,39,31,82,82,82,82,68,58,50,50,30,30,44,44,43,43,35,35,33,82,82,48,48,48,48,48,48,48,48,39,39,39,0,0],"gold":72,"neow_bonus":"ONE_RANDOM_RARE_CARD","is_daily":false,"chose_seed":false,"campfire_upgraded":5,"win_rate":0.0,"timestamp":1610401646,"path_taken":["M","?","?","?","M","E","R","E","T","?","E","M","R","M","R","BOSS","M","M","?","M","M","E","?","E","T","M","?","M","E","M","R","BOSS","M","?","?","M","?","R","?","E","T","E","M","?","E"],"items_purchased_type":["Relic"],"build_version":"2020-12-22","purchased_purges":1,"victory":false,"max_hp_per_floor":[75,75,75,75,75,82,82,82,82,82,82,82,82,82,82,82,82,82,82,82,82,82,82,82,82,82,82,82,82,82,82,82,82,82,82,82,82,82,82,82,82,82,82,82,82,82,82,82],"card_choices":[{"not_picked":["Steam","Rebound"],"picked":"Rip and Tear","floor":1},{"not_picked":["Redo","Streamline","Heatsinks"],"picked":"SKIP","floor":4},{"not_picked":["Melter","Barrage"],"picked":"Coolheaded","floor":5},{"not_picked":["Streamline","Beam Cell"],"picked":"Ball Lightning","floor":6},{"not_picked":["Doom and Gloom+1","Sunder+1"],"picked":"Glacier","floor":8},{"not_picked":["Barrage+1","Steam"],"picked":"Rainbow","floor":11},{"not_picked":["Blizzard+1","Leap"],"picked":"Ball Lightning+1","floor":12},{"not_picked":["Stack","Sweeping Beam+1","Chaos"],"picked":"SKIP","floor":14},{"not_picked":["Fission","Hyperbeam+1"],"picked":"Electrodynamics","floor":16},{"not_picked":["Compile Driver+1","Redo"],"picked":"Coolheaded","floor":18},{"not_picked":["Go for the Eyes+1","Darkness"],"picked":"Genetic Algorithm+1","floor":19},{"not_picked":["Conserve Battery","Rainbow","Leap"],"picked":"SKIP","floor":21},{"not_picked":["Hello World","Hologram","Beam Cell+1"],"picked":"SKIP","floor":22},{"not_picked":["Beam Cell+1","Cold Snap+1","Gash+1"],"picked":"SKIP","floor":23},{"not_picked":["Cold Snap+1","Leap+1","Redo+1"],"picked":"SKIP","floor":25},{"not_picked":["Sunder+1","Cold Snap+1","Turbo+1"],"picked":"SKIP","floor":27},{"not_picked":["Doom and Gloom+1","Steam Power","Force Field"],"picked":"SKIP","floor":29},{"not_picked":["Machine Learning","Amplify"],"picked":"Core Surge+1","floor":30},{"not_picked":["Redo","Leap"],"picked":"Loop","floor":31},{"not_picked":["Rainbow","Seek"],"picked":"Core Surge+1","floor":33},{"not_picked":["Stack","Consume","Turbo"],"picked":"SKIP","floor":35},{"not_picked":["Streamline+1","Leap","Barrage+1"],"picked":"SKIP","floor":38},{"not_picked":["Storm+1","Beam Cell+1"],"picked":"Capacitor+1","floor":41},{"not_picked":["Gash+1","Reinforced Body","Leap"],"picked":"SKIP","floor":42},{"not_picked":["Barrage+1","Streamline+1","Fusion+1"],"picked":"SKIP","floor":44},{"not_picked":["Gash+1","Redo","Leap+1"],"picked":"SKIP","floor":45}],"player_experience":472905,"relics_obtained":[{"floor":6,"key":"Strawberry"},{"floor":8,"key":"Molten Egg 2"},{"floor":9,"key":"Happy Flower"},{"floor":11,"key":"Oddly Smooth Stone"},{"floor":23,"key":"Bronze Scales"},{"floor":25,"key":"Whetstone"},{"floor":26,"key":"Gremlin Horn"},{"floor":30,"key":"StoneCalendar"},{"floor":36,"key":"Pocketwatch"},{"floor":42,"key":"Pantograph"},{"floor":44,"key":"Ancient Tea Set"}],"event_choices":[{"damage_healed":0,"gold_gain":0,"player_choice":"Grow","damage_taken":0,"max_hp_gain":0,"max_hp_loss":0,"event_name":"Living Wall","floor":2,"gold_loss":0,"cards_upgraded":["Zap"]},{"cards_removed":["Strike_B"],"damage_healed":0,"gold_gain":0,"player_choice":"Offered Basic","damage_taken":0,"max_hp_gain":0,"max_hp_loss":0,"event_name":"Bonfire Elementals","floor":3,"gold_loss":0},{"damage_healed":0,"gold_gain":75,"player_choice":"Gather Gold","damage_taken":11,"max_hp_gain":0,"max_hp_loss":0,"event_name":"World of Goop","floor":10,"gold_loss":0},{"damage_healed":0,"gold_gain":0,"player_choice":"Ignored","damage_taken":0,"max_hp_gain":0,"max_hp_loss":0,"event_name":"Ghosts","floor":20,"gold_loss":0},{"damage_healed":0,"gold_gain":0,"player_choice":"Obtained Relic","damage_taken":0,"relics_obtained":["Boot"],"max_hp_gain":0,"max_hp_loss":0,"event_name":"Addict","floor":24,"gold_loss":85},{"damage_healed":0,"gold_gain":0,"player_choice":"Fight","damage_taken":0,"max_hp_gain":0,"max_hp_loss":0,"event_name":"MindBloom","floor":36,"gold_loss":0},{"damage_healed":0,"gold_gain":0,"player_choice":"Memory 1","damage_taken":0,"max_hp_gain":0,"max_hp_loss":0,"event_name":"SensoryStone","floor":37,"gold_loss":0},{"cards_removed":["Defend_B"],"damage_healed":0,"gold_gain":0,"player_choice":"Removed Skill","damage_taken":0,"max_hp_gain":0,"max_hp_loss":0,"event_name":"Falling","floor":46,"gold_loss":0}],"is_beta":false,"boss_relics":[{"not_picked":["Black Star","Tiny House"],"picked":"Ectoplasm"},{"not_picked":["Calling Bell","Nuclear Battery"],"picked":"Sozu"}],"items_purged_floors":[28],"is_endless":false,"potions_floor_spawned":[5,6,12,19,23,25,27,31,33,42,44,45],"killed_by":"Giant Head","ascension_level":4}}