{"host":"i5mpj6c318yblse4","time":1610365151,"event":{"mods":["AchievementEnabler","BaseMod","Colored Map","Minty Spire (QoL Compilation)","Shop Mod","StSLib","SuperFastMode"],"gold_per_floor":[114,114,126,141,141,171,171,171,171],"floor_reached":8,"playtime":119,"items_purged":[],"score":62,"play_id":"13e7bea6-30cc-4763-9d93-8d1d7828449d","local_time":"20210111203911","is_ascension_mode":true,"campfire_choices":[{"data":"Eruption","floor":7,"key":"SMITH"}],"circlet_count":0,"master_deck":["Strike_P","Strike_P","Strike_P","Defend_P","Defend_P","Defend_P","Defend_P","Eruption+1","Vigilance","WindmillStrike","Conclude","ConjureBlade"],"relics":["PureWater","NeowsBlessing","FaceOfCleric","CaptainsWheel"],"acts_visited":["Exordium"],"potions_floor_usage":[],"damage_taken":[{"damage":0,"enemies":"Small Slimes","floor":1,"turns":1},{"damage":0,"enemies":"Cultist","floor":3,"turns":1},{"damage":0,"enemies":"2 Louse","floor":4,"turns":1},{"damage":46,"enemies":"Lagavulin","floor":6,"turns":5},{"damage":35,"enemies":"Gremlin Nob","floor":8,"turns":2}],"seed_played":"3422566092578523462","potions_obtained":[{"floor":1,"key":"SneckoOil"},{"floor":6,"key":"Weak Potion"}],"is_trial":false,"path_per_floor":["M","?","M","M","?","E","R","E"],"character_chosen":"WATCHER","items_purchased":[],"campfire_rested":0,"item_purchase_floors":[],"current_hp_per_floor":[72,72,72,72,72,27,27,0,0],"gold":171,"neow_bonus":"THREE_ENEMY_KILL","is_daily":false,"chose_seed":false,"campfire_upgraded":1,"win_rate":0.0,"timestamp":1610365151,"path_taken":["M","?","M","?","?","E","R","E"],"items_purchased_type":[],"build_version":"2020-12-22","purchased_purges":0,"victory":false,"max_hp_per_floor":[72,72,72,72,72,73,73,73,73],"card_choices":[{"not_picked":["CutThroughFate","LikeWater"],"picked":"WindmillStrike","floor":1},{"not_picked":["WheelKick","Consecrate"],"picked":"Conclude","floor":3},{"not_picked":["FlurryOfBlows","ThirdEye","Crescendo"],"picked":"SKIP","floor":4},{"not_picked":["BowlingBash","Meditate"],"picked":"ConjureBlade","floor":6}],"player_experience":361288,"relics_obtained":[{"floor":6,"key":"CaptainsWheel"}],"event_choices":[{"cards_removed":["Strike_P"],"damage_healed":0,"gold_gain":0,"player_choice":"Offered Basic","damage_taken":0,"max_hp_gain":0,"max_hp_loss":0,"event_name":"Bonfire Elementals","floor":2,"gold_loss":0},{"damage_healed":0,"gold_gain":0,"player_choice":"Trade","damage_taken":0,"relics_obtained":["FaceOfCleric"],"max_hp_gain":0,"max_hp_loss":0,"event_name":"FaceTrader","floor":5,"gold_loss":0}],"is_beta":false,"boss_relics":[],"items_purged_floors":[],"is_endless":false,"potions_floor_spawned":[1,6],"killed_by":"Gremlin Nob","ascension_level":2}}