{"host":"ji1fk25fd1ga4ji1","time":1610381247,"event":{"mods":["2.2 Compatiblity","BaseMod","Colored Map","DeckTracker","Minty Spire (QoL Compilation)","Permanent Neow","Quick Restart","StSLib","SuperFastMode"],"gold_per_floor":[118,43,55,71,85,114,114,146,146,171,171,71,11,22,22,130,130,141,141,16,25,47,78,78,113,113,113,136,164,188,219,219,314,314,339,134,159,180,180,216,216,252,252,252,252,252,252,272,272,272,272],"floor_reached":50,"playtime":1217,"items_purged":["Strike_P","Defend_P","Defend_P"],"score":611,"play_id":"b7760f9b-306e-43aa-873e-b7c710c68af4","local_time":"20210112010727","is_ascension_mode":true,"campfire_choices":[{"data":"EmptyFist","floor":7.0,"key":"SMITH"},{"data":"Consecrate","floor":15.0,"key":"SMITH"},{"floor":24.0,"key":"REST"},{"floor":27.0,"key":"REST"},{"floor":32.0,"key":"REST"},{"floor":41.0,"key":"REST"},{"floor":47.0,"key":"REST"},{"floor":49,"key":"REST"}],"circlet_count":0,"master_deck":["Strike_P+1","Strike_P+1","Defend_P+1","Defend_P+1","Eruption+1","EmptyFist+1","Consecrate+1","Halt+1","LessonLearned+1","Evaluate+1","Evaluate+1","LessonLearned+1","Halt+1","EmptyBody","BattleHymn+1","EmptyFist+1","EmptyFist","InnerPeace+1","BattleHymn","Tantrum+1","BattleHymn"],"relics":["PureWater","Juzu Bracelet","Girya","Pear","Pantograph","CeramicFish","Fusion Hammer","Mango","Bag of Marbles","Shovel","Red Mask","Cursed Key","Omamori","Molten Egg 2"],"acts_visited":["Exordium","TheCity","TheBeyond"],"potions_floor_usage":[50,50,50],"damage_taken":[{"damage":0.0,"enemies":"Cultist","floor":1.0,"turns":2.0},{"damage":1.0,"enemies":"Jaw Worm","floor":3.0,"turns":4.0},{"damage":0.0,"enemies":"2 Louse","floor":4.0,"turns":1.0},{"damage":0.0,"enemies":"Red Slaver","floor":5.0,"turns":3.0},{"damage":25.0,"enemies":"3 Sentries","floor":6.0,"turns":7.0},{"damage":6.0,"enemies":"Lagavulin","floor":8.0,"turns":4.0},{"damage":5.0,"enemies":"3 Sentries","floor":10.0,"turns":7.0},{"damage":0.0,"enemies":"Blue Slaver","floor":14.0,"turns":3.0},{"damage":65.0,"enemies":"Slime Boss","floor":16.0,"turns":7.0},{"damage":0.0,"enemies":"Spheric Guardian","floor":18.0,"turns":3.0},{"damage":0.0,"enemies":"Chosen","floor":22.0,"turns":4.0},{"damage":35.0,"enemies":"Gremlin Leader","floor":23.0,"turns":8.0},{"damage":67.0,"enemies":"Book of Stabbing","floor":25.0,"turns":10.0},{"damage":7.0,"enemies":"3 Cultists","floor":28.0,"turns":5.0},{"damage":16.0,"enemies":"Cultist and Chosen","floor":29.0,"turns":9.0},{"damage":0.0,"enemies":"Snecko","floor":30.0,"turns":3.0},{"damage":0.0,"enemies":"Masked Bandits","floor":31.0,"turns":1.0},{"damage":33.0,"enemies":"Champ","floor":33.0,"turns":11.0},{"damage":7.0,"enemies":"3 Darklings","floor":35.0,"turns":6.0},{"damage":7.0,"enemies":"Orb Walker","floor":37.0,"turns":4.0},{"damage":0.0,"enemies":"Transient","floor":38.0,"turns":5.0},{"damage":23.0,"enemies":"Reptomancer","floor":40.0,"turns":4.0},{"damage":53.0,"enemies":"Nemesis","floor":42.0,"turns":7.0},{"damage":14,"enemies":"Writhing Mass","floor":48,"turns":7},{"damage":90,"enemies":"Time Eater","floor":50,"turns":7}],"seed_played":"-1633786580848178251","potions_obtained":[{"floor":1.0,"key":"StancePotion"},{"floor":5.0,"key":"SkillPotion"},{"floor":8.0,"key":"Explosive Potion"},{"floor":14.0,"key":"Ancient Potion"},{"floor":18.0,"key":"DistilledChaos"},{"floor":22.0,"key":"PowerPotion"},{"floor":31.0,"key":"Explosive Potion"},{"floor":40.0,"key":"BottledMiracle"},{"floor":42.0,"key":"BlessingOfTheForge"},{"floor":48,"key":"FearPotion"}],"is_trial":false,"path_per_floor":["M","$","M","M","M","E","R","E","T","E","?","$","?","M","R","B",null,"M","?","$","?","M","E","R","E","T","R","M","M","M","?","R","B",null,"M","$","M","M","?","E","R","E","T","?","?","?","R","M","R","B"],"character_chosen":"WATCHER","items_purchased":["FearPotion","Omamori"],"campfire_rested":6,"item_purchase_floors":[36,36],"current_hp_per_floor":[72,72,71,71,71,46,46,40,50,45,45,45,45,45,45,5,82,82,82,82,82,82,61,89,22,22,50,43,27,27,27,55,47,96,89,89,82,82,82,59,87,34,34,34,34,34,61,47,74,1,1],"gold":272,"neow_bonus":"UPGRADE_CARD","is_daily":false,"chose_seed":false,"campfire_upgraded":2,"win_rate":0.0,"timestamp":1610381247,"path_taken":["M","$","M","M","M","E","R","E","T","E","?","$","?","M","R","BOSS","M","?","$","?","M","E","R","E","T","R","M","M","M","?","R","BOSS","M","$","M","M","?","E","R","E","T","?","?","?","R","M","R","BOSS"],"items_purchased_type":["Potion","Relic"],"build_version":"2020-12-22","purchased_purges":3,"victory":false,"max_hp_per_floor":[72,72,72,72,72,72,72,72,82,82,82,82,82,82,82,82,82,82,82,82,82,82,96,96,96,96,96,96,96,96,96,96,96,96,96,96,96,96,96,96,96,96,96,96,96,91,91,91,91,91,91],"card_choices":[{"not_picked":["Wireheading","EmptyMind"],"picked":"EmptyFist","floor":1.0},{"not_picked":["BowlingBash","SignatureMove"],"picked":"Consecrate","floor":3.0},{"not_picked":["Pray","InnerPeace","PathToVictory"],"picked":"SKIP","floor":4.0},{"not_picked":["Prostrate","Study"],"picked":"Halt","floor":5.0},{"not_picked":["ConjureBlade","Meditate","Sanctity"],"picked":"SKIP","floor":6.0},{"not_picked":["Prostrate","Consecrate","CutThroughFate"],"picked":"SKIP","floor":8.0},{"not_picked":["Study","Pray","CrushJoints"],"picked":"SKIP","floor":10.0},{"not_picked":["Pray","Vengeance","Collect"],"picked":"SKIP","floor":14.0},{"not_picked":["Vault","Ragnarok"],"picked":"LessonLearned","floor":16.0},{"not_picked":["WreathOfFlame","CrushJoints","CutThroughFate+1"],"picked":"SKIP","floor":18.0},{"not_picked":["WindmillStrike","Prostrate"],"picked":"Evaluate+1","floor":22.0},{"not_picked":["Devotion","Fasting2","Pray"],"picked":"SKIP","floor":23.0},{"not_picked":["WaveOfTheHand+1","DevaForm"],"picked":"LessonLearned","floor":25.0},{"not_picked":["Protect","Study"],"picked":"Halt","floor":28.0},{"not_picked":["BowlingBash","WheelKick"],"picked":"EmptyBody","floor":29.0},{"not_picked":["Study","Adaptation"],"picked":"BattleHymn","floor":30.0},{"not_picked":["JustLucky","FollowUp"],"picked":"EmptyFist+1","floor":35.0},{"not_picked":["EmptyBody","ClearTheMind"],"picked":"EmptyFist","floor":37.0},{"not_picked":["Fasting2+1","Halt+1"],"picked":"InnerPeace+1","floor":38.0},{"not_picked":["EmptyBody+1","ThirdEye+1"],"picked":"BattleHymn","floor":40.0},{"not_picked":["MasterReality","PathToVictory"],"picked":"Tantrum+1","floor":42.0},{"not_picked":["FlurryOfBlows+1","Crescendo+1"],"picked":"BattleHymn","floor":48}],"player_experience":470499,"relics_obtained":[{"floor":6.0,"key":"Juzu Bracelet"},{"floor":8.0,"key":"Girya"},{"floor":9.0,"key":"Pear"},{"floor":10.0,"key":"Pantograph"},{"floor":23.0,"key":"Mango"},{"floor":25.0,"key":"Bag of Marbles"},{"floor":26.0,"key":"Shovel"},{"floor":31.0,"key":"Red Mask"},{"floor":40.0,"key":"Molten Egg 2"}],"event_choices":[{"damage_healed":0.0,"max_hp_gain":0.0,"max_hp_loss":0.0,"gold_gain":0.0,"event_name":"Liars Game","player_choice":"Ignored","floor":11.0,"gold_loss":0.0,"damage_taken":0.0},{"damage_healed":0.0,"max_hp_gain":0.0,"max_hp_loss":0.0,"gold_gain":0.0,"event_name":"WeMeetAgain","player_choice":"Paid Gold","floor":13.0,"gold_loss":60.0,"damage_taken":0.0,"relics_obtained":["CeramicFish"]},{"damage_healed":0.0,"max_hp_gain":0.0,"max_hp_loss":0.0,"gold_gain":0.0,"event_name":"Cursed Tome","player_choice":"Ignored","floor":19.0,"gold_loss":0.0,"damage_taken":0.0},{"damage_healed":0.0,"max_hp_gain":0.0,"max_hp_loss":0.0,"gold_gain":0.0,"cards_transformed":["Strike_P"],"event_name":"Transmorgrifier","player_choice":"Transformed","floor":21.0,"gold_loss":0.0,"damage_taken":0.0,"cards_obtained":["Evaluate"]},{"damage_healed":0.0,"max_hp_gain":0.0,"max_hp_loss":0.0,"gold_gain":0.0,"event_name":"Masked Bandits","player_choice":"Fought Bandits","floor":31.0,"gold_loss":0.0,"damage_taken":0.0},{"damage_healed":0.0,"max_hp_gain":0.0,"max_hp_loss":0.0,"gold_gain":0.0,"event_name":"SensoryStone","player_choice":"Memory 1","floor":39.0,"gold_loss":0.0,"damage_taken":0.0},{"cards_removed":["Vigilance"],"damage_healed":0.0,"max_hp_gain":0.0,"max_hp_loss":0.0,"gold_gain":0.0,"event_name":"Falling","player_choice":"Removed Skill","floor":44.0,"gold_loss":0.0,"damage_taken":0.0},{"damage_healed":0.0,"max_hp_gain":0.0,"max_hp_loss":0.0,"gold_gain":0.0,"event_name":"Match and Keep!","player_choice":"0 cards matched","floor":45.0,"gold_loss":0.0,"damage_taken":0.0,"cards_obtained":[]},{"damage_healed":0.0,"max_hp_gain":0.0,"max_hp_loss":5.0,"gold_gain":0.0,"event_name":"Winding Halls","player_choice":"Max HP","floor":46.0,"gold_loss":0.0,"damage_taken":0.0}],"is_beta":false,"boss_relics":[{"not_picked":["Ectoplasm","Empty Cage"],"picked":"Fusion Hammer"},{"not_picked":["Calling Bell","Busted Crown"],"picked":"Cursed Key"}],"items_purged_floors":[2,12,20],"is_endless":false,"potions_floor_spawned":[1,5,8,14,18,22,31,40,42,48],"killed_by":"Time Eater","ascension_level":1}}