{"host":"1c17lcvl7acx821p","time":1610382786,"event":{"mods":["AchievementEnabler","BaseMod","Colored Map","Minty Spire (QoL Compilation)","StSLib"],"gold_per_floor":[362,362,382,26,44,73,248,248,274,294,323,323,323,356,356,457,457,471,380,380,400,419,419,344,344,370,103,103,202,202,215,215,317,317,328,328,344,207,226,226,272,59,59,94,94,113,113,15,15,15],"floor_reached":51,"playtime":3202,"items_purged":[],"score":1179,"play_id":"68779791-b87c-4c7e-b0e8-03f78843a6c3","local_time":"20210111183306","is_ascension_mode":true,"campfire_choices":[{"data":"True Grit","floor":8.0,"key":"SMITH"},{"data":"True Grit","floor":13.0,"key":"SMITH"},{"floor":15.0,"key":"DIG"},{"floor":23,"key":"DIG"},{"floor":25,"key":"DIG"},{"floor":30,"key":"DIG"},{"floor":32,"key":"DIG"},{"floor":40,"key":"DIG"},{"floor":47,"key":"DIG"},{"floor":49,"key":"DIG"}],"circlet_count":0,"master_deck":["AscendersBane","Defend_R+1","Defend_R+1","Defend_R+1","Defend_R","True Grit+1","Headbutt","Immolate+1","Thunderclap","Dark Embrace","True Grit+1","Sentinel","Barricade","Berserk","Cleave+1","Dark Shackles","Second Wind+1","Pommel Strike","Evolve","Intimidate+1","Bite+1","Bite","Bite","Bite","Bite","Power Through+1","Demon Form","Battle Trance+1","Power Through+1","Metallicize","Impervious+1","Feel No Pain","Sever Soul+1","Heavy Blade+1","Dark Shackles+1"],"relics":["Burning Blood","Sling","Boot","War Paint","Potion Belt","Shovel","FossilizedHelix","Coffee Dripper","Pear","Toxic Egg 2","Bag of Marbles","Oddly Smooth Stone","Pocketwatch","Gambling Chip","Runic Cube","MawBank","Orichalcum","ClockworkSouvenir","Red Skull","Dream Catcher","Self Forming Clay","Whetstone"],"acts_visited":["Exordium","TheCity","TheBeyond"],"potions_floor_usage":[41,41,41,50,50,50,50,50],"damage_taken":[{"damage":7.0,"enemies":"2 Louse","floor":1.0,"turns":4.0},{"damage":8.0,"enemies":"Small Slimes","floor":3.0,"turns":3.0},{"damage":12.0,"enemies":"Jaw Worm","floor":5.0,"turns":3.0},{"damage":14.0,"enemies":"Lagavulin","floor":6.0,"turns":5.0},{"damage":9.0,"enemies":"Large Slime","floor":10.0,"turns":3.0},{"damage":13.0,"enemies":"3 Sentries","floor":11.0,"turns":4.0},{"damage":31.0,"enemies":"Gremlin Nob","floor":14.0,"turns":5.0},{"damage":40.0,"enemies":"Slime Boss","floor":16.0,"turns":18.0},{"damage":20.0,"enemies":"Shell Parasite","floor":18.0,"turns":7.0},{"damage":0.0,"enemies":"Masked Bandits","floor":20.0,"turns":1.0},{"damage":17.0,"enemies":"3 Byrds","floor":21.0,"turns":5.0},{"damage":0,"enemies":"Snecko","floor":22,"turns":7},{"damage":19,"enemies":"Centurion and Healer","floor":31,"turns":4},{"damage":46,"enemies":"Collector","floor":33,"turns":24},{"damage":0,"enemies":"3 Shapes","floor":35,"turns":5},{"damage":28,"enemies":"Orb Walker","floor":37,"turns":5},{"damage":11,"enemies":"Sphere and 2 Shapes","floor":39,"turns":8},{"damage":38,"enemies":"Reptomancer","floor":41,"turns":12},{"damage":0,"enemies":"Nemesis","floor":44,"turns":15},{"damage":6,"enemies":"Jaw Worm Horde","floor":46,"turns":6},{"damage":24,"enemies":"Awakened One","floor":50,"turns":14}],"seed_played":"8265413270055459866","potions_obtained":[{"floor":3.0,"key":"EntropicBrew"},{"floor":6.0,"key":"GamblersBrew"},{"floor":10.0,"key":"Dexterity Potion"},{"floor":31,"key":"SpeedPotion"},{"floor":35,"key":"EntropicBrew"},{"floor":44,"key":"AttackPotion"}],"is_trial":false,"path_per_floor":["M","?","M","$","M","E","?","R","T","M","E","?","R","E","R","B",null,"M","$","?","M","M","R","?","R","T","$","?","?","R","M","R","B",null,"M","?","M","$","M","R","E","$","T","E","?","M","R","$","R","B",null],"character_chosen":"IRONCLAD","items_purchased":["Immolate","Sling","Thunderclap","Dark Shackles","Oddly Smooth Stone","Evolve","Intimidate+1","Power Through+1","Metallicize","Feel No Pain","ClockworkSouvenir","Dark Shackles+1"],"campfire_rested":0,"item_purchase_floors":[4,4,4,19,27,27,27,38,38,42,42,48],"current_hp_per_floor":[71,57,55,55,49,41,41,41,41,38,31,55,55,44,44,10,57,43,43,49,38,44,54,54,54,54,54,54,54,54,51,51,57,57,57,57,47,47,54,54,34,34,34,56,57,57,57,57,57,44],"gold":15,"neow_bonus":"TWO_FIFTY_GOLD","is_daily":false,"chose_seed":false,"campfire_upgraded":2,"win_rate":0.0,"timestamp":1610382786,"path_taken":["M","?","M","$","M","E","?","R","T","M","E","?","R","E","R","BOSS","M","$","?","M","M","R","?","R","T","$","?","?","R","M","R","BOSS","M","?","M","?","?","R","E","$","T","E","?","M","R","$","R","BOSS"],"items_purchased_type":["Card","Relic","Card","Card","Relic","Card","Card","Card","Card","Card","Relic","Card"],"build_version":"2020-12-22","purchased_purges":0,"victory":true,"max_hp_per_floor":[72,72,72,72,72,72,72,72,72,72,72,72,72,72,72,72,72,72,72,72,72,72,82,82,82,82,82,57,57,57,57,57,57,57,57,57,57,57,57,57,57,57,57,57,57,57,57,57,57,57],"card_choices":[{"not_picked":["Clash","Seeing Red"],"picked":"True Grit","floor":1.0},{"not_picked":["Iron Wave","Dual Wield"],"picked":"Headbutt","floor":3.0},{"not_picked":["Armaments","Thunderclap"],"picked":"Dark Embrace","floor":5.0},{"not_picked":["Pommel Strike","Anger"],"picked":"True Grit","floor":6.0},{"not_picked":["Inflame","Flame Barrier"],"picked":"Sentinel","floor":10.0},{"not_picked":["Whirlwind","Armaments"],"picked":"Barricade","floor":11.0},{"not_picked":["Exhume","Pummel","Infernal Blade"],"picked":"SKIP","floor":14.0},{"not_picked":["Limit Break","Barricade"],"picked":"Berserk","floor":16.0},{"not_picked":["Heavy Blade+1","Perfected Strike"],"picked":"Cleave+1","floor":18.0},{"not_picked":["Armaments","True Grit"],"picked":"Second Wind+1","floor":21.0},{"not_picked":["Thunderclap","True Grit"],"picked":"Pommel Strike","floor":22},{"not_picked":["Wild Strike","Pommel Strike+1"],"picked":"Power Through+1","floor":31},{"not_picked":["Feed","Barricade"],"picked":"Demon Form","floor":33},{"not_picked":["Sword Boomerang","Thunderclap+1"],"picked":"Battle Trance+1","floor":35},{"not_picked":["Armaments+1","Rage+1","Inflame"],"picked":"SKIP","floor":37},{"not_picked":["Dual Wield+1","Thunderclap+1","Dark Embrace"],"picked":"SKIP","floor":39},{"not_picked":["Sword Boomerang+1","Perfected Strike"],"picked":"Impervious+1","floor":41},{"not_picked":["Blood for Blood","Thunderclap"],"picked":"Sever Soul+1","floor":44},{"not_picked":["Flex+1","Ghostly Armor+1"],"picked":"Heavy Blade+1","floor":46}],"player_experience":47763,"relics_obtained":[{"floor":6.0,"key":"Boot"},{"floor":9.0,"key":"War Paint"},{"floor":11.0,"key":"Potion Belt"},{"floor":14.0,"key":"Shovel"},{"floor":15.0,"key":"FossilizedHelix"},{"floor":23,"key":"Pear"},{"floor":25,"key":"Toxic Egg 2"},{"floor":26,"key":"Bag of Marbles"},{"floor":30,"key":"Pocketwatch"},{"floor":32,"key":"Gambling Chip"},{"floor":40,"key":"MawBank"},{"floor":41,"key":"Orichalcum"},{"floor":43,"key":"Red Skull"},{"floor":44,"key":"Dream Catcher"},{"floor":47,"key":"Self Forming Clay"},{"floor":49,"key":"Whetstone"}],"event_choices":[{"damage_healed":0.0,"max_hp_gain":0.0,"max_hp_loss":0.0,"gold_gain":0.0,"event_name":"Shining Light","player_choice":"Entered Light","floor":2.0,"gold_loss":0.0,"damage_taken":14.0,"cards_upgraded":["Defend_R","Strike_R"]},{"damage_healed":0.0,"max_hp_gain":0.0,"max_hp_loss":0.0,"gold_gain":175.0,"event_name":"Liars Game","player_choice":"AGREE","floor":7.0,"gold_loss":0.0,"damage_taken":0.0,"cards_obtained":["Doubt"]},{"damage_healed":24.0,"max_hp_gain":0.0,"max_hp_loss":0.0,"gold_gain":0.0,"event_name":"Big Fish","player_choice":"Banana","floor":12.0,"gold_loss":0.0,"damage_taken":0.0},{"damage_healed":0.0,"max_hp_gain":0.0,"max_hp_loss":0.0,"gold_gain":0.0,"event_name":"Masked Bandits","player_choice":"Fought Bandits","floor":20.0,"gold_loss":0.0,"damage_taken":0.0},{"cards_removed":["Doubt"],"damage_healed":0,"gold_gain":0,"player_choice":"Gave Gold","damage_taken":0,"max_hp_gain":0,"max_hp_loss":0,"event_name":"Beggar","floor":24,"gold_loss":75},{"damage_healed":0,"gold_gain":0,"player_choice":"Became a vampire","damage_taken":0,"max_hp_gain":0,"max_hp_loss":25,"event_name":"Vampires","floor":28,"gold_loss":0,"cards_obtained":["Bite","Bite","Bite","Bite","Bite"]},{"damage_healed":0,"gold_gain":99,"player_choice":"Stole From Cult","damage_taken":0,"max_hp_gain":0,"max_hp_loss":0,"event_name":"Nest","floor":29,"gold_loss":0},{"cards_removed":["Bash"],"damage_healed":0,"gold_gain":0,"player_choice":"Offered Basic","damage_taken":0,"max_hp_gain":0,"max_hp_loss":0,"event_name":"Bonfire Elementals","floor":36,"gold_loss":0},{"damage_healed":1,"gold_gain":0,"player_choice":"Full Heal","damage_taken":0,"max_hp_gain":0,"max_hp_loss":0,"event_name":"Wheel of Change","floor":45,"gold_loss":0}],"is_beta":false,"boss_relics":[{"not_picked":["Ectoplasm","SlaversCollar"],"picked":"Coffee Dripper"},{"not_picked":["Runic Pyramid","Black Blood"],"picked":"Runic Cube"}],"items_purged_floors":[],"is_endless":false,"potions_floor_spawned":[3,6,10,31,35,44,46],"ascension_level":10}}