{"host":"bq4pt811tk9yrmjl","time":1610385322,"event":{"mods":["AchievementEnabler","BaseMod","Colored Map","Colored Powertips","Defuse TimeMaze Blight","Hermit","Minty Spire (QoL Compilation)","StSLib","SuperFastMode"],"gold_per_floor":[111,111,111,168,187,220,220,220,269,284,299,331,350,360,360,464,464,483,492,507,516,615,615,166,166,191,206,239,239,250,264,264,365,365,365,365],"floor_reached":35,"playtime":2316,"items_purged":[],"score":433,"play_id":"4b3fea4a-a95d-4717-956d-35ef71bc371c","local_time":"20210111151522","is_ascension_mode":true,"campfire_choices":[{"data":"hermit:Shortfuse","floor":8.0,"key":"SMITH"},{"floor":15.0,"key":"REST"},{"floor":23,"key":"RECALL"},{"data":"hermit:Maintenance","floor":25,"key":"SMITH"},{"floor":32,"key":"REST"}],"circlet_count":0,"master_deck":["hermit:Strike_Hermit","hermit:Strike_Hermit","hermit:Strike_Hermit","hermit:Strike_Hermit","hermit:Defend_Hermit","hermit:Defend_Hermit","hermit:Defend_Hermit","hermit:Defend_Hermit","hermit:Snapshot","hermit:Covet","hermit:Shortfuse+1","hermit:Vantage","Decay","hermit:Maintenance+1"],"relics":["hermit:Momento","NeowsBlessing","Pantograph","hermit:Horseshoe","CeramicFish","Busted Crown","OrangePellets","Regal Pillow","Pen Nib","Boot","Meat on the Bone","Black Star"],"acts_visited":["Exordium","TheCity","TheBeyond"],"potions_floor_usage":[27,30,31,33],"damage_taken":[{"damage":0.0,"enemies":"Jaw Worm","floor":1.0,"turns":1.0},{"damage":0.0,"enemies":"Cultist","floor":5.0,"turns":1.0},{"damage":0.0,"enemies":"Gremlin Nob","floor":6.0,"turns":1.0},{"damage":0.0,"enemies":"Small Slimes","floor":10.0,"turns":2.0},{"damage":1.0,"enemies":"Blue Slaver","floor":11.0,"turns":2.0},{"damage":35.0,"enemies":"3 Sentries","floor":12.0,"turns":11.0},{"damage":0.0,"enemies":"2 Fungi Beasts","floor":13.0,"turns":3.0},{"damage":0.0,"enemies":"Exordium Wildlife","floor":14.0,"turns":3.0},{"damage":40.0,"enemies":"Hexaghost","floor":16.0,"turns":14.0},{"damage":11.0,"enemies":"2 Thieves","floor":18.0,"turns":4.0},{"damage":5,"enemies":"3 Byrds","floor":20,"turns":7},{"damage":4,"enemies":"Cultist and Chosen","floor":27,"turns":7},{"damage":21,"enemies":"Gremlin Leader","floor":28,"turns":9},{"damage":16,"enemies":"Snecko","floor":30,"turns":7},{"damage":19,"enemies":"3 Cultists","floor":31,"turns":6},{"damage":37,"enemies":"Collector","floor":33,"turns":13},{"damage":0,"enemies":"3 Darklings","floor":35,"turns":1}],"seed_played":"6678386683116557738","potions_obtained":[{"floor":1.0,"key":"BlessingOfTheForge"},{"floor":6.0,"key":"SkillPotion"},{"floor":13.0,"key":"hermit:BlackBile"},{"floor":20,"key":"SkillPotion"},{"floor":28,"key":"LiquidMemories"},{"floor":30,"key":"GamblersBrew"},{"floor":31,"key":"Strength Potion"}],"is_trial":false,"path_per_floor":["M","?","$","?","M","E","T","R","T","M","M","E","M","M","R","B",null,"M","?","M","?","?","R","$","R","T","M","E","?","M","M","R","B",null,"M"],"character_chosen":"HERMIT","items_purchased":["OrangePellets","Regal Pillow","Pen Nib"],"campfire_rested":2,"item_purchase_floors":[24,24,24],"current_hp_per_floor":[75,75,75,75,75,75,75,75,75,75,74,39,39,39,61,35,75,64,64,59,59,59,59,59,59,59,55,34,34,30,23,60,38,75,75,75],"gold":365,"neow_bonus":"THREE_ENEMY_KILL","is_daily":false,"chose_seed":false,"campfire_upgraded":2,"win_rate":0.0,"timestamp":1610385322,"path_taken":["M","?","$","?","M","E","?","R","T","?","M","E","M","M","R","BOSS","M","?","M","?","?","R","?","R","T","M","E","?","?","M","R","BOSS","M"],"items_purchased_type":["Relic","Relic","Relic"],"build_version":"2020-12-22","purchased_purges":0,"victory":false,"max_hp_per_floor":[75,75,75,75,75,75,75,75,75,75,75,75,75,75,75,75,75,75,75,75,75,75,75,75,75,75,75,75,75,75,75,75,75,75,75,75],"card_choices":[{"not_picked":["hermit:Deadeye","hermit:TrackingShot"],"picked":"hermit:Shortfuse","floor":1.0},{"not_picked":["hermit:Shortfuse","hermit:Manifest","hermit:Gestalt"],"picked":"SKIP","floor":5.0},{"not_picked":["hermit:HoleUp","hermit:Headshot"],"picked":"hermit:Vantage","floor":6.0},{"not_picked":["hermit:Purgatory","hermit:DeadMansHand","hermit:HighCaliber"],"picked":"SKIP","floor":10.0},{"not_picked":["hermit:Manifest","hermit:Roulette","hermit:LowProfile"],"picked":"SKIP","floor":11.0},{"not_picked":["hermit:LuckOfTheDraw","hermit:Cheat","hermit:LowProfile"],"picked":"SKIP","floor":12.0},{"not_picked":["hermit:Dive","hermit:Vantage","hermit:Snipe"],"picked":"SKIP","floor":13.0},{"not_picked":["hermit:Glare","hermit:ItchyTrigger","hermit:Spite"],"picked":"SKIP","floor":14.0},{"not_picked":["hermit:HoleUp"],"picked":"SKIP","floor":18.0},{"not_picked":["hermit:Manifest"],"picked":"SKIP","floor":20},{"not_picked":["hermit:Misfire"],"picked":"SKIP","floor":27},{"not_picked":["hermit:Cheat"],"picked":"SKIP","floor":28},{"not_picked":["hermit:Desperado"],"picked":"SKIP","floor":30},{"not_picked":["hermit:ItchyTrigger+1"],"picked":"SKIP","floor":31}],"player_experience":150648,"relics_obtained":[{"floor":6.0,"key":"Pantograph"},{"floor":7.0,"key":"hermit:Horseshoe"},{"floor":12.0,"key":"CeramicFish"},{"floor":26,"key":"Boot"},{"floor":28,"key":"Meat on the Bone"}],"event_choices":[{"damage_healed":0.0,"max_hp_gain":0.0,"max_hp_loss":0.0,"gold_gain":0.0,"event_name":"The Cleric","player_choice":"Leave","floor":2.0,"gold_loss":0.0,"damage_taken":0.0},{"damage_healed":0.0,"max_hp_gain":0.0,"max_hp_loss":0.0,"gold_gain":57.0,"event_name":"Golden Wing","player_choice":"Gained Gold","floor":4.0,"gold_loss":0.0,"damage_taken":0.0},{"damage_healed":0,"gold_gain":0,"player_choice":"Smashed Altar","damage_taken":0,"max_hp_gain":0,"max_hp_loss":0,"event_name":"Forgotten Altar","floor":19,"gold_loss":0,"cards_obtained":["Decay"]},{"damage_healed":0,"gold_gain":0,"player_choice":"Read","damage_taken":0,"max_hp_gain":0,"max_hp_loss":0,"event_name":"The Library","floor":21,"gold_loss":0,"cards_obtained":["hermit:Maintenance"]},{"damage_healed":0,"gold_gain":99,"player_choice":"Stole From Cult","damage_taken":0,"max_hp_gain":0,"max_hp_loss":0,"event_name":"Nest","floor":22,"gold_loss":0},{"damage_healed":0,"gold_gain":0,"player_choice":"Ignored","damage_taken":0,"max_hp_gain":0,"max_hp_loss":0,"event_name":"Vampires","floor":29,"gold_loss":0}],"is_beta":false,"boss_relics":[{"not_picked":["Fusion Hammer","SlaversCollar"],"picked":"Busted Crown"},{"not_picked":["Runic Dome","Coffee Dripper"],"picked":"Black Star"}],"items_purged_floors":[],"is_endless":false,"potions_floor_spawned":[1,6,13,20,28,30,31],"killed_by":"3 Darklings","ascension_level":1}}