{"host":"hve1dyh1ly81yl9f","time":1610383861,"event":{"mods":["BaseMod","Colored Map","DeckTracker","Highlight Path","Keyboard Shortcuts","Minty Spire (QoL Compilation)","Permanent Neow","Quick Restart","StSLib","SuperFastMode"],"gold_per_floor":[10,10,10,20,195,221,231,244,290,310,90,15,15,32,32,136,136,149,167,167,180,180,180,30,50,102,114,114,145,145,145,145,249,549,569,1568,1582,1597,734,734,754,773,773,78,78,78,78,97,97,97],"floor_reached":51,"playtime":1759,"items_purged":["Strike_R","Barricade","Entrench"],"score":1130,"play_id":"0b139348-81d3-4f32-a211-4984605648c0","local_time":"20210112015101","is_ascension_mode":true,"campfire_choices":[{"data":"Feed","floor":13.0,"key":"SMITH"},{"floor":15.0,"key":"REST"},{"floor":23.0,"key":"REST"},{"data":"Feed","floor":28.0,"key":"SMITH"},{"floor":30.0,"key":"REST"},{"floor":32.0,"key":"REST"},{"floor":40.0,"key":"REST"},{"data":"Wild Strike","floor":45,"key":"SMITH"},{"floor":49,"key":"REST"}],"circlet_count":0,"master_deck":["Bash","Feed+1","Wild Strike+1","Feed+1","Doubt","Sever Soul","Wild Strike","Wild Strike","Evolve","Feed+1","Feed","Shockwave","Dark Embrace","Reaper","Thunderclap","Warcry","Disarm","Feel No Pain+1","Pain","Headbutt","True Grit","Evolve","Spot Weakness","Inflame","Impervious","CurseOfTheBell","Disarm","Normality","Normality","Wild Strike+1","Parasite","Sword Boomerang+1","Flex","Combust","True Grit+1","Uppercut+1","Flex","Feel No Pain","Sentinel","Flash of Steel","Feel No Pain"],"relics":["Burning Blood","Darkstone Periapt","Ancient Tea Set","Vajra","Pandora\u0027s Box","WarpedTongs","Red Skull","Tiny Chest","Paper Frog","Calling Bell","Regal Pillow","White Beast Statue","Old Coin","Champion Belt","Brimstone","Orichalcum","Anchor","Mummified Hand","Bag of Preparation","Nunchaku"],"acts_visited":["Exordium","TheCity","TheBeyond"],"potions_floor_usage":[50,50,50],"damage_taken":[{"damage":8.0,"enemies":"2 Louse","floor":1.0,"turns":3.0},{"damage":12.0,"enemies":"Jaw Worm","floor":4.0,"turns":2.0},{"damage":37.0,"enemies":"Gremlin Nob","floor":6.0,"turns":5.0},{"damage":6.0,"enemies":"Cultist","floor":7.0,"turns":3.0},{"damage":11.0,"enemies":"Looter","floor":8.0,"turns":2.0},{"damage":16.0,"enemies":"Exordium Wildlife","floor":10.0,"turns":4.0},{"damage":9.0,"enemies":"2 Fungi Beasts","floor":14.0,"turns":2.0},{"damage":62.0,"enemies":"Slime Boss","floor":16.0,"turns":8.0},{"damage":62.0,"enemies":"3 Byrds","floor":18.0,"turns":7.0},{"damage":33.0,"enemies":"2 Thieves","floor":19.0,"turns":4.0},{"damage":18.0,"enemies":"Chosen and Byrds","floor":21.0,"turns":5.0},{"damage":39.0,"enemies":"3 Cultists","floor":25.0,"turns":5.0},{"damage":23.0,"enemies":"Cultist and Chosen","floor":27.0,"turns":6.0},{"damage":64.0,"enemies":"Book of Stabbing","floor":29.0,"turns":5.0},{"damage":156.0,"enemies":"Collector","floor":33.0,"turns":13.0},{"damage":31.0,"enemies":"Orb Walker","floor":35.0,"turns":3.0},{"damage":50.0,"enemies":"3 Shapes","floor":37.0,"turns":4.0},{"damage":68.0,"enemies":"Writhing Mass","floor":38.0,"turns":7.0},{"damage":29,"enemies":"Sphere and 2 Shapes","floor":41,"turns":4},{"damage":35,"enemies":"4 Shapes","floor":42,"turns":4},{"damage":17,"enemies":"Writhing Mass","floor":48,"turns":4},{"damage":91,"enemies":"Time Eater","floor":50,"turns":9}],"seed_played":"3537056883358129407","potions_obtained":[{"floor":4.0,"key":"LiquidBronze"},{"floor":7.0,"key":"Block Potion"},{"floor":14.0,"key":"FearPotion"},{"floor":21.0,"key":"DuplicationPotion"},{"floor":25.0,"key":"FearPotion"},{"floor":27.0,"key":"FearPotion"},{"floor":33.0,"key":"Weak Potion"},{"floor":35.0,"key":"PowerPotion"},{"floor":37.0,"key":"Weak Potion"},{"floor":38.0,"key":"Block Potion"}],"is_trial":false,"path_per_floor":["M","?","?","M","?","E","M","M","T","M","$","$","R","M","R","B",null,"M","M","?","M","?","R","$","M","T","M","R","E","R","?","R","B",null,"M","?","M","M","$","R","M","M","T","$","R","?","T","M","R","B",null],"character_chosen":"IRONCLAD","items_purchased":["Vajra","Evolve","Headbutt","True Grit","Evolve","Flex","Champion Belt","Brimstone","Combust","Orichalcum","Fire Potion","Flex","Feel No Pain","Mummified Hand","Bag of Preparation","Sentinel"],"campfire_rested":6,"item_purchase_floors":[11,11,24,24,24,39,39,39,39,39,39,44,44,44,44,44],"current_hp_per_floor":[73,73,73,71,71,44,48,47,47,44,44,44,44,45,78,22,88,52,29,29,25,31,72,72,77,77,77,77,41,88,88,135,24,131,110,122,96,44,44,117,102,149,149,149,149,149,149,138,211,137],"gold":97,"neow_bonus":"THREE_RARE_CARDS","is_daily":false,"chose_seed":false,"campfire_upgraded":3,"win_rate":0.0,"timestamp":1610383861,"path_taken":["M","?","?","?","?","E","M","M","T","M","?","$","R","M","R","BOSS","M","M","?","M","?","R","$","M","T","?","R","E","R","?","R","BOSS","M","?","M","M","$","R","M","M","T","$","R","?","?","M","R","BOSS"],"items_purchased_type":["Relic","Card","Card","Card","Card","Card","Relic","Relic","Card","Relic","Potion","Card","Card","Relic","Relic","Card"],"build_version":"2020-12-22","purchased_purges":3,"victory":true,"max_hp_per_floor":[83,83,83,87,87,91,95,99,99,106,106,106,106,110,110,110,110,121,125,125,133,139,139,139,147,147,155,155,159,159,159,159,159,165,169,181,185,195,195,195,203,211,211,211,211,211,211,211,211,211],"card_choices":[{"not_picked":["Brutality","Berserk"],"picked":"Feed","floor":0.0},{"not_picked":["Twin Strike","Sword Boomerang"],"picked":"Wild Strike","floor":1.0},{"not_picked":["Armaments","Disarm","Pommel Strike"],"picked":"SKIP","floor":4.0},{"not_picked":["True Grit","Intimidate"],"picked":"Sever Soul","floor":6.0},{"not_picked":["Shrug It Off","Pommel Strike"],"picked":"Wild Strike","floor":7.0},{"not_picked":["Searing Blow","Perfected Strike"],"picked":"Wild Strike","floor":8.0},{"not_picked":["Bludgeon","Heavy Blade","Clash"],"picked":"SKIP","floor":10.0},{"not_picked":["Cleave","Havoc","Perfected Strike"],"picked":"SKIP","floor":14.0},{"not_picked":["Reaper","Berserk"],"picked":"Feed","floor":16.0},{"not_picked":["Shrug It Off","Warcry+1","Dropkick"],"picked":"SKIP","floor":18.0},{"not_picked":["Shrug It Off","Warcry+1","Dropkick"],"picked":"SKIP","floor":18.0},{"not_picked":["Dual Wield+1","Cleave+1"],"picked":"Entrench","floor":19.0},{"not_picked":["Cleave+1","Iron Wave"],"picked":"Feel No Pain+1","floor":21.0},{"not_picked":["Clothesline+1","Shrug It Off","Perfected Strike"],"picked":"SKIP","floor":25.0},{"not_picked":["Thunderclap+1","Impervious"],"picked":"Spot Weakness","floor":27.0},{"not_picked":["Clash","Entrench"],"picked":"Inflame","floor":29.0},{"not_picked":["Brutality","Berserk"],"picked":"Impervious","floor":33.0},{"not_picked":["Pummel+1","Perfected Strike"],"picked":"Disarm","floor":35.0},{"not_picked":["Infernal Blade+1","Sword Boomerang+1"],"picked":"Wild Strike+1","floor":37.0},{"not_picked":["Anger+1","Pommel Strike"],"picked":"Sword Boomerang+1","floor":38.0},{"not_picked":["Clash","Barricade"],"picked":"True Grit+1","floor":41},{"not_picked":["Sword Boomerang+1","Pommel Strike"],"picked":"Uppercut+1","floor":42},{"not_picked":["Transmutation","HandOfGreed"],"picked":"Flash of Steel","floor":46},{"not_picked":["Thunderclap+1","Sword Boomerang+1"],"picked":"Feel No Pain","floor":48}],"player_experience":303423,"relics_obtained":[{"floor":6.0,"key":"Darkstone Periapt"},{"floor":9.0,"key":"Ancient Tea Set"},{"floor":26.0,"key":"Red Skull"},{"floor":29.0,"key":"Tiny Chest"},{"floor":34.0,"key":"Regal Pillow"},{"floor":34.0,"key":"White Beast Statue"},{"floor":34.0,"key":"Old Coin"},{"floor":43,"key":"Anchor"},{"floor":47,"key":"Nunchaku"}],"event_choices":[{"damage_healed":0.0,"max_hp_gain":0.0,"max_hp_loss":0.0,"gold_gain":0.0,"event_name":"Living Wall","player_choice":"Grow","floor":2.0,"gold_loss":0.0,"damage_taken":0.0,"cards_upgraded":["Feed"]},{"damage_healed":0.0,"max_hp_gain":0.0,"max_hp_loss":0.0,"gold_gain":0.0,"event_name":"Match and Keep!","player_choice":"1 cards matched","floor":3.0,"gold_loss":0.0,"damage_taken":0.0,"cards_obtained":["Feed"]},{"damage_healed":0.0,"max_hp_gain":0.0,"max_hp_loss":0.0,"gold_gain":175.0,"event_name":"Liars Game","player_choice":"AGREE","floor":5.0,"gold_loss":0.0,"damage_taken":0.0,"cards_obtained":["Doubt"]},{"damage_healed":0.0,"max_hp_gain":0.0,"max_hp_loss":0.0,"gold_gain":0.0,"event_name":"Ghosts","player_choice":"Ignored","floor":20.0,"gold_loss":0.0,"damage_taken":0.0},{"damage_healed":0.0,"max_hp_gain":0.0,"max_hp_loss":0.0,"gold_gain":0.0,"event_name":"Accursed Blacksmith","player_choice":"Rummage","floor":22.0,"gold_loss":0.0,"damage_taken":0.0,"relics_obtained":["WarpedTongs"],"cards_obtained":["Pain"]},{"damage_healed":0.0,"max_hp_gain":0.0,"max_hp_loss":0.0,"gold_gain":0.0,"event_name":"The Mausoleum","player_choice":"Opened","floor":31.0,"gold_loss":0.0,"damage_taken":0.0,"relics_obtained":["Paper Frog"]},{"damage_healed":0.0,"max_hp_gain":0.0,"max_hp_loss":0.0,"gold_gain":999.0,"event_name":"MindBloom","player_choice":"Gold","floor":36.0,"gold_loss":0.0,"damage_taken":0.0,"cards_obtained":["Normality","Normality"]},{"damage_healed":0,"gold_gain":0,"player_choice":"Memory 1","damage_taken":0,"max_hp_gain":0,"max_hp_loss":0,"event_name":"SensoryStone","floor":46,"gold_loss":0}],"is_beta":false,"boss_relics":[{"not_picked":["Busted Crown","Runic Dome"],"picked":"Pandora\u0027s Box"},{"not_picked":["Tiny House","Runic Cube"],"picked":"Calling Bell"}],"items_purged_floors":[12,39,44],"is_endless":false,"potions_floor_spawned":[4,7,14,16,21,25,27,33,35,37,38,41,42,48],"ascension_level":6}}