{"host":"llpusn9usp8rznkj","time":1610332826,"event":{"mods":["2.2 Compatiblity","Aspiration","BaseMod","Colored Map","Colored Powertips","Conspire","Hubris","Minty Spire (QoL Compilation)","Quick Restart","Rare Cards Sparkle","Replay The Spire","StSLib","The Cursed"],"gold_per_floor":[111,111,54,54,67,67,98,98,98,98,54,54,73,73,73,105,105,105,105],"floor_reached":18,"playtime":386,"items_purged":[],"score":282,"play_id":"57983369-034a-4b49-b8c4-520e8c10bdae","local_time":"20210110214026","is_ascension_mode":true,"campfire_choices":[{"data":"Zap","floor":6,"key":"SMITH"},{"data":"Dualcast","floor":8,"key":"SMITH"},{"data":"Redo","floor":10,"key":"SMITH"},{"data":"BasicCrystalCard","floor":17,"key":"SMITH"}],"circlet_count":0,"master_deck":["AscendersBane","Strike_B","Strike_B","Strike_B","Defend_B","Defend_B","Defend_B","Defend_B","Zap+1","Dualcast+1","Coolheaded","BasicCrystalCard+1","Crystallizer","Redo+1","Storm","Crystallizer","Auto Shields"],"relics":["Cracked Core","NeowsBlessing","Ancient Tea Set","aspiration:FaultyCoupler","Nunchaku"],"acts_visited":["Exordium"],"potions_floor_usage":[18],"damage_taken":[{"damage":0,"enemies":"Small Slimes","floor":1,"turns":1},{"damage":0,"enemies":"2 Louse","floor":5,"turns":1},{"damage":0,"enemies":"Gremlin Nob","floor":7,"turns":1},{"damage":7,"enemies":"Jaw Worm","floor":13,"turns":3},{"damage":20,"enemies":"3 Sentries","floor":16,"turns":6},{"damage":42,"enemies":"Fading Forest","floor":18,"turns":7}],"seed_played":"1076878835851160743","potions_obtained":[{"floor":7,"key":"Toxic Potion"}],"is_trial":false,"path_per_floor":["M","?","$","?","M","R","E","R","T","R","$","$","M","PTL","PTL","E","R","B"],"character_chosen":"DEFECT","items_purchased":["BasicCrystalCard","Storm"],"campfire_rested":0,"item_purchase_floors":[3,11],"current_hp_per_floor":[64,57,57,57,57,57,57,57,57,57,57,57,50,50,50,30,30,0,0],"gold":105,"neow_bonus":"THREE_ENEMY_KILL","is_daily":false,"chose_seed":false,"campfire_upgraded":4,"win_rate":0.0,"timestamp":1610332826,"path_taken":["M","?","$","?","M","R","E","R","T","R","?","$","M","PTL","PTL","E","R","BOSS"],"items_purchased_type":["Card","Card"],"build_version":"2020-12-22","purchased_purges":0,"victory":false,"max_hp_per_floor":[71,71,71,71,71,71,71,71,71,71,71,71,71,71,71,71,71,71,71],"card_choices":[{"not_picked":["ReplaySort","Conserve Battery"],"picked":"Coolheaded","floor":1},{"not_picked":["BasicCrystalCard","Leap"],"picked":"Crystallizer","floor":5},{"not_picked":["Steam Power","conspire:Rain"],"picked":"Redo","floor":7},{"not_picked":["Stack","Double Energy"],"picked":"Crystallizer","floor":13},{"not_picked":["hubris:SpecializedCircuitry","Double Energy"],"picked":"Auto Shields","floor":16}],"player_experience":1137285,"relics_obtained":[{"floor":7,"key":"Ancient Tea Set"},{"floor":9,"key":"aspiration:FaultyCoupler"},{"floor":16,"key":"Nunchaku"}],"event_choices":[{"cards_removed":["Strike_B"],"damage_healed":0,"gold_gain":0,"player_choice":"Card Removal","damage_taken":7,"max_hp_gain":0,"max_hp_loss":0,"event_name":"Golden Wing","floor":2,"gold_loss":0},{"damage_healed":0,"gold_gain":0,"player_choice":"Ignored","damage_taken":0,"max_hp_gain":0,"max_hp_loss":0,"event_name":"Liars Game","floor":4,"gold_loss":0}],"is_beta":false,"boss_relics":[],"items_purged_floors":[],"is_endless":false,"potions_floor_spawned":[7],"killed_by":"Fading Forest","ascension_level":20}}