{"host":"uy3vg6glkp8m6iit","time":1610350439,"event":{"mods":["AchievementEnabler","BaseMod","Colored Map","DeckTracker","Highlight Path","Keyboard Shortcuts","Minty Spire (QoL Compilation)","Quick Restart","Random Character Button","Rare Cards Sparkle","Relic Stats","StSLib","everything is the same but u backflip on backflip"],"gold_per_floor":[114,39,39,39,57,57,79,79,79,79,79,91,109,109,109,206,206,217,42,56,70,86,86,116,116,116,38,50,50,104,122,122,223,223,242,261,276,296,315,315,344,344,344,361,361,374,400,410,410,410,410,410,31,66,66],"floor_reached":56,"playtime":2429,"items_purged":["Strike_G","Defend_G","Well Laid Plans"],"score":1766,"play_id":"2a9b055c-f863-4d68-81ea-5ef04a17423f","local_time":"20210111163359","is_ascension_mode":true,"campfire_choices":[{"data":"Crippling Poison","floor":6.0,"key":"SMITH"},{"data":"Dagger Spray","floor":10.0,"key":"SMITH"},{"data":"Tactician","floor":15.0,"key":"SMITH"},{"floor":23.0,"key":"REST"},{"floor":29.0,"key":"REST"},{"floor":32.0,"key":"REST"},{"data":"Expertise","floor":40.0,"key":"SMITH"},{"floor":45.0,"key":"RECALL"},{"floor":49.0,"key":"REST"},{"data":"Wraith Form v2","floor":52.0,"key":"SMITH"}],"circlet_count":0,"master_deck":["AscendersBane","Strike_G","Strike_G","Strike_G","Defend_G","Defend_G","Defend_G","Survivor","Neutralize+1","Crippling Poison+1","Dagger Spray+1","PiercingWail","Tactician+1","After Image","Acrobatics+1","Escape Plan","Grand Finale","Expertise+1","Wraith Form v2+1","Prepared+1","Terror","Grand Finale","Backflip","Purity"],"relics":["Ring of the Snake","Odd Mushroom","Mercury Hourglass","StrikeDummy","Philosopher\u0027s Stone","Bag of Preparation","Bottled Flame","Dream Catcher","Runic Pyramid","Omamori","TungstenRod","Centennial Puzzle"],"acts_visited":["Exordium","TheCity","TheBeyond","TheEnding"],"potions_floor_usage":[55],"damage_taken":[{"damage":4.0,"enemies":"Small Slimes","floor":1.0,"turns":5.0},{"damage":0.0,"enemies":"Cultist","floor":5.0,"turns":5.0},{"damage":13.0,"enemies":"The Mushroom Lair","floor":7.0,"turns":4.0},{"damage":0.0,"enemies":"2 Louse","floor":12.0,"turns":2.0},{"damage":0.0,"enemies":"Blue Slaver","floor":13.0,"turns":4.0},{"damage":7.0,"enemies":"The Guardian","floor":16.0,"turns":11.0},{"damage":14.0,"enemies":"2 Thieves","floor":18.0,"turns":4.0},{"damage":0.0,"enemies":"3 Byrds","floor":20.0,"turns":4.0},{"damage":5.0,"enemies":"Cultist and Chosen","floor":21.0,"turns":5.0},{"damage":10.0,"enemies":"Sentry and Sphere","floor":22.0,"turns":5.0},{"damage":10.0,"enemies":"Slavers","floor":24.0,"turns":4.0},{"damage":20.0,"enemies":"Chosen and Byrds","floor":28.0,"turns":7.0},{"damage":0.0,"enemies":"Shelled Parasite and Fungi","floor":31.0,"turns":4.0},{"damage":48.0,"enemies":"Collector","floor":33.0,"turns":10.0},{"damage":0.0,"enemies":"Orb Walker","floor":35.0,"turns":3.0},{"damage":0.0,"enemies":"3 Darklings","floor":36.0,"turns":3.0},{"damage":3.0,"enemies":"Jaw Worm Horde","floor":37.0,"turns":3.0},{"damage":3.0,"enemies":"4 Shapes","floor":38.0,"turns":5.0},{"damage":0.0,"enemies":"Sphere and 2 Shapes","floor":39.0,"turns":3.0},{"damage":11.0,"enemies":"Reptomancer","floor":41.0,"turns":5.0},{"damage":0.0,"enemies":"Spire Growth","floor":44.0,"turns":5.0},{"damage":1.0,"enemies":"Writhing Mass","floor":46.0,"turns":6.0},{"damage":0.0,"enemies":"Nemesis","floor":47.0,"turns":7.0},{"damage":17.0,"enemies":"Jaw Worm Horde","floor":48.0,"turns":3.0},{"damage":3.0,"enemies":"Time Eater","floor":50.0,"turns":9.0},{"damage":0.0,"enemies":"Shield and Spear","floor":54.0,"turns":4.0},{"damage":39,"enemies":"The Heart","floor":55,"turns":8}],"seed_played":"-8395383152045815998","potions_obtained":[{"floor":1.0,"key":"Weak Potion"},{"floor":7.0,"key":"CultistPotion"},{"floor":18.0,"key":"SpeedPotion"},{"floor":21.0,"key":"AttackPotion"},{"floor":33.0,"key":"SmokeBomb"},{"floor":35.0,"key":"Block Potion"},{"floor":38.0,"key":"LiquidMemories"}],"is_trial":false,"path_per_floor":["M","$","?","$","M","R","?","?","T","R","$","M","M","T","R","B",null,"M","$","M","M","M","R","E","?","T","$","M","R","T","M","R","B",null,"M","M","M","M","M","R","E","?","T","M","R","M","E","M","R","B",null,"R","$","E","B",null],"character_chosen":"THE_SILENT","items_purchased":["Well Laid Plans","Grand Finale","Ancient Potion","Backflip","Purity","Weak Potion"],"campfire_rested":4,"item_purchase_floors":[19,27,53,53,53,53],"current_hp_per_floor":[59,59,59,59,59,59,46,46,46,46,46,46,46,46,46,39,57,43,43,43,38,28,46,36,33,33,33,13,31,31,31,49,1,48,48,48,45,42,42,42,31,31,31,31,31,30,30,13,31,28,54,54,54,54,15],"gold":66,"neow_bonus":"REMOVE_TWO","is_daily":false,"chose_seed":false,"campfire_upgraded":5,"win_rate":0.0,"timestamp":1610350439,"path_taken":["M","$","?","?","?","R","?","?","T","R","$","M","M","?","R","BOSS","M","$","M","M","?","R","E","?","T","$","?","R","?","M","R","BOSS","BOSS","M","M","M","M","M","R","E","?","T","M","R","M","E","M","R","BOSS","R","$","E","BOSS"],"items_purchased_type":["Card","Card","Potion","Card","Card","Potion"],"build_version":"2020-12-22","purchased_purges":3,"victory":true,"max_hp_per_floor":[63,63,63,63,63,63,63,63,63,63,63,63,63,63,63,63,63,63,63,63,63,63,63,63,63,63,63,63,63,63,63,63,63,63,63,63,63,63,63,63,63,63,63,63,63,63,63,63,63,63,63,63,63,63,63],"relic_stats":{"Dream Catcher":2,"Centennial Puzzle":[3],"counters":[27,137],"Bag of Preparation":[32],"obtain_stats":[{"Bottled Flame":26,"Dream Catcher":30,"Centennial Puzzle":54,"Philosopher\u0027s Stone":17,"Bag of Preparation":24,"Omamori":41,"Odd Mushroom":7,"StrikeDummy":14,"TungstenRod":47,"Ring of the Snake":0,"Mercury Hourglass":9,"Runic Pyramid":34},{"Bottled Flame":11,"Dream Catcher":12,"Centennial Puzzle":26,"Philosopher\u0027s Stone":6,"Bag of Preparation":11,"Omamori":20,"Odd Mushroom":3,"StrikeDummy":5,"TungstenRod":23,"Ring of the Snake":0,"Mercury Hourglass":3,"Runic Pyramid":14},{"Bottled Flame":52,"Dream Catcher":59,"Centennial Puzzle":129,"Philosopher\u0027s Stone":30,"Bag of Preparation":52,"Omamori":95,"Odd Mushroom":14,"StrikeDummy":19,"TungstenRod":113,"Ring of the Snake":0,"Mercury Hourglass":14,"Runic Pyramid":73}],"TungstenRod":23,"Ring of the Snake":[54],"Mercury Hourglass":[500]},"card_choices":[{"not_picked":["Distraction","Flying Knee","Setup"],"picked":"SKIP","floor":1.0},{"not_picked":["Flying Knee","Dagger Throw"],"picked":"Crippling Poison","floor":5.0},{"not_picked":["Concentrate","Flechettes"],"picked":"Dagger Spray","floor":7.0},{"not_picked":["Crippling Poison","Choke"],"picked":"PiercingWail","floor":12.0},{"not_picked":["Endless Agony","Deflect"],"picked":"Tactician","floor":13.0},{"not_picked":["Night Terror","Burst"],"picked":"After Image","floor":16.0},{"not_picked":["Slice","Outmaneuver"],"picked":"Acrobatics","floor":18.0},{"not_picked":["Predator","Masterful Stab+1","Outmaneuver"],"picked":"SKIP","floor":20.0},{"not_picked":["Dagger Spray","Concentrate"],"picked":"Escape Plan","floor":21.0},{"not_picked":["Dash+1","Predator","Flechettes"],"picked":"SKIP","floor":22.0},{"not_picked":["Infinite Blades","Noxious Fumes","Dodge and Roll"],"picked":"SKIP","floor":24.0},{"not_picked":["Poisoned Stab+1","Dodge and Roll","Underhanded Strike"],"picked":"SKIP","floor":28.0},{"not_picked":["Cloak And Dagger","Sucker Punch+1","Blade Dance"],"picked":"SKIP","floor":31.0},{"not_picked":["Flying Knee","Quick Slash+1"],"picked":"Expertise","floor":32.0},{"not_picked":["Malaise","Phantasmal Killer"],"picked":"Wraith Form v2","floor":33.0},{"not_picked":["Dagger Spray","Masterful Stab","All Out Attack"],"picked":"SKIP","floor":35.0},{"not_picked":["Underhanded Strike","Skewer","Riddle With Holes"],"picked":"SKIP","floor":36.0},{"not_picked":["Expertise","Blur+1"],"picked":"Prepared+1","floor":37.0},{"not_picked":["Outmaneuver","Sucker Punch","Deflect+1"],"picked":"SKIP","floor":38.0},{"not_picked":["Setup","PiercingWail+1","Flying Knee"],"picked":"SKIP","floor":39.0},{"not_picked":["Dagger Spray","PiercingWail+1","Prepared"],"picked":"SKIP","floor":41.0},{"not_picked":["Underhanded Strike+1","Flying Knee","Sucker Punch+1"],"picked":"SKIP","floor":44.0},{"not_picked":["Cloak And Dagger+1","Bane+1","Blade Dance+1"],"picked":"SKIP","floor":46.0},{"not_picked":["Expertise","Choke"],"picked":"Terror","floor":47.0},{"not_picked":["Catalyst","Deflect+1","Cloak And Dagger"],"picked":"SKIP","floor":48.0},{"not_picked":["Sucker Punch","Dodge and Roll"],"picked":"Grand Finale","floor":49.0},{"not_picked":["Prepared+1","Predator+1","Flying Knee+1"],"picked":"SKIP","floor":54.0}],"player_experience":1467521,"relics_obtained":[{"floor":7.0,"key":"Odd Mushroom"},{"floor":9.0,"key":"Mercury Hourglass"},{"floor":14.0,"key":"StrikeDummy"},{"floor":24.0,"key":"Bag of Preparation"},{"floor":26.0,"key":"Bottled Flame"},{"floor":30.0,"key":"Dream Catcher"},{"floor":41.0,"key":"Omamori"},{"floor":47.0,"key":"TungstenRod"},{"floor":54.0,"key":"Centennial Puzzle"}],"event_choices":[{"damage_healed":0.0,"max_hp_gain":0.0,"max_hp_loss":0.0,"gold_gain":0.0,"event_name":"Upgrade Shrine","player_choice":"Upgraded","floor":3.0,"gold_loss":0.0,"damage_taken":0.0,"cards_upgraded":["Neutralize"]},{"damage_healed":0.0,"max_hp_gain":0.0,"max_hp_loss":0.0,"gold_gain":0.0,"event_name":"Mushrooms","player_choice":"Fought Mushrooms","floor":7.0,"gold_loss":0.0,"damage_taken":0.0},{"damage_healed":0.0,"max_hp_gain":0.0,"max_hp_loss":0.0,"gold_gain":0.0,"event_name":"Scrap Ooze","player_choice":"Fled","floor":8.0,"gold_loss":0.0,"damage_taken":0.0},{"damage_healed":0.0,"max_hp_gain":0.0,"max_hp_loss":0.0,"gold_gain":0.0,"event_name":"Designer","player_choice":"Punched","floor":25.0,"gold_loss":0.0,"damage_taken":3.0},{"damage_healed":0.0,"max_hp_gain":0.0,"max_hp_loss":0.0,"gold_gain":0.0,"event_name":"Accursed Blacksmith","player_choice":"Forge","floor":42.0,"gold_loss":0.0,"damage_taken":0.0,"cards_upgraded":["Acrobatics"]}],"is_beta":false,"boss_relics":[{"not_picked":["Tiny House","Snecko Eye"],"picked":"Philosopher\u0027s Stone"},{"not_picked":["Busted Crown","Pandora\u0027s Box"],"picked":"Runic Pyramid"}],"items_purged_floors":[2,19,53],"is_endless":false,"potions_floor_spawned":[1,7,18,21,33,35,37,38,44,54],"ascension_level":11}}