{"host":"u1dfzl6o6mfmauc3","time":1610406827,"event":{"mods":["2.2 Compatiblity","AchievementEnabler","BaseMod","Better Debug","Block Reminder","Challenge The Spire","Dark Map","Hermit","Minty Spire (QoL Compilation)","Relic Stats","Robot Space Explorer","StSLib","The Disciple"],"gold_per_floor":[115,115,75,89,18,18,46,46,46,63,79,108,108,120,120,215,215,140,140],"floor_reached":18,"playtime":1076,"items_purged":[],"score":195,"play_id":"edd89feb-49b4-4d56-9f32-89ee0fd353b2","local_time":"20210111181347","is_ascension_mode":false,"campfire_choices":[{"data":"RobotSpaceExplorer:Electroshield","floor":6,"key":"SMITH"},{"data":"RobotSpaceExplorer:TurboDodge","floor":8,"key":"SMITH"},{"data":"RobotSpaceExplorer:Accelerator","floor":15,"key":"SMITH"}],"circlet_count":0,"master_deck":["RobotSpaceExplorer:Strike","RobotSpaceExplorer:Strike","RobotSpaceExplorer:Strike","RobotSpaceExplorer:Strike","RobotSpaceExplorer:Defend","RobotSpaceExplorer:Defend","RobotSpaceExplorer:Defend","RobotSpaceExplorer:Defend","RobotSpaceExplorer:Scan+1","RobotSpaceExplorer:MiniLasers","RobotSpaceExplorer:StunGrenade+1","RobotSpaceExplorer:Electroshield+1","RobotSpaceExplorer:Discharger","RobotSpaceExplorer:TurboDodge+1","RobotSpaceExplorer:SurgingStrike","RobotSpaceExplorer:FranticSearch","RobotSpaceExplorer:Calculate","RobotSpaceExplorer:Accelerator+1","RobotSpaceExplorer:ShockMissile"],"relics":["RobotSpaceExplorer:RoboCore","NeowsBlessing","Meat on the Bone","Potion Belt","Dream Catcher","RobotSpaceExplorer:SearchSpecs"],"acts_visited":["Exordium","TheCity"],"potions_floor_usage":[12,14,16],"damage_taken":[{"damage":0,"enemies":"2 Louse","floor":1,"turns":1},{"damage":0,"enemies":"Cultist","floor":4,"turns":1},{"damage":0,"enemies":"Lagavulin","floor":7,"turns":1},{"damage":3,"enemies":"Jaw Worm","floor":10,"turns":5},{"damage":0,"enemies":"3 Louse","floor":11,"turns":3},{"damage":4,"enemies":"3 Sentries","floor":12,"turns":6},{"damage":0,"enemies":"Gremlin Gang","floor":14,"turns":5},{"damage":50,"enemies":"Slime Boss","floor":16,"turns":15},{"damage":20,"enemies":"2 Thieves","floor":18,"turns":5}],"seed_played":"-7492024379891236275","potions_obtained":[{"floor":3,"key":"Fire Potion"},{"floor":3,"key":"SpeedPotion"},{"floor":3,"key":"ColorlessPotion"},{"floor":10,"key":"Strength Potion"},{"floor":16,"key":"FearPotion"}],"is_trial":false,"path_per_floor":["M","?","?","M","$","R","E","R","T","M","M","E","?","M","R","B",null,"M"],"character_chosen":"RobotSpaceExplorer","items_purchased":["RobotSpaceExplorer:Discharger"],"campfire_rested":0,"item_purchase_floors":[5],"current_hp_per_floor":[75,60,60,60,60,60,60,60,60,57,57,53,53,53,53,15,75,55,55],"gold":140,"neow_bonus":"THREE_ENEMY_KILL","is_daily":false,"chose_seed":false,"campfire_upgraded":3,"win_rate":0.0,"timestamp":1610406827,"path_taken":["M","?","?","M","$","R","E","R","T","M","?","E","?","M","R","BOSS","M"],"items_purchased_type":["Card"],"build_version":"2020-12-22","purchased_purges":0,"victory":false,"max_hp_per_floor":[75,75,75,75,75,75,75,75,75,75,75,75,75,75,75,75,75,75,75],"relic_stats":{"Dream Catcher":0,"counters":[9,42],"obtain_stats":[{"Potion Belt":9,"Dream Catcher":12,"NeowsBlessing":0,"RobotSpaceExplorer:RoboCore":0,"RobotSpaceExplorer:SearchSpecs":17,"Meat on the Bone":7},{"Potion Belt":3,"Dream Catcher":6,"NeowsBlessing":0,"RobotSpaceExplorer:RoboCore":0,"RobotSpaceExplorer:SearchSpecs":8,"Meat on the Bone":3},{"Potion Belt":3,"Dream Catcher":17,"NeowsBlessing":0,"RobotSpaceExplorer:RoboCore":0,"RobotSpaceExplorer:SearchSpecs":37,"Meat on the Bone":3}],"Meat on the Bone":12},"card_choices":[{"not_picked":["RobotSpaceExplorer:SurgingStrike","RobotSpaceExplorer:ShovelStrike"],"picked":"RobotSpaceExplorer:StunGrenade","floor":1},{"not_picked":["RobotSpaceExplorer:ScrapMissile","RobotSpaceExplorer:SlimeMissile"],"picked":"RobotSpaceExplorer:Electroshield","floor":4},{"not_picked":["RobotSpaceExplorer:SlimeMissile","RobotSpaceExplorer:DualCore"],"picked":"RobotSpaceExplorer:TurboDodge","floor":7},{"not_picked":["RobotSpaceExplorer:Smokescreen","RobotSpaceExplorer:GlueSpray"],"picked":"RobotSpaceExplorer:SurgingStrike","floor":10},{"not_picked":["RobotSpaceExplorer:ImprovisedAttack","RobotSpaceExplorer:PlasmaMissile"],"picked":"RobotSpaceExplorer:FranticSearch","floor":11},{"not_picked":["RobotSpaceExplorer:JunkDive","RobotSpaceExplorer:Ammunition"],"picked":"RobotSpaceExplorer:Calculate","floor":12},{"not_picked":["RobotSpaceExplorer:Counterblock","RobotSpaceExplorer:Smokescreen"],"picked":"RobotSpaceExplorer:Accelerator","floor":14},{"not_picked":["RobotSpaceExplorer:Comet","RobotSpaceExplorer:Explosion"],"picked":"RobotSpaceExplorer:ShockMissile","floor":16}],"player_experience":60131,"relics_obtained":[{"floor":7,"key":"Meat on the Bone"},{"floor":9,"key":"Potion Belt"},{"floor":12,"key":"Dream Catcher"}],"event_choices":[{"damage_healed":0,"gold_gain":0,"player_choice":"Entered Light","damage_taken":15,"max_hp_gain":0,"max_hp_loss":0,"event_name":"Shining Light","floor":2,"gold_loss":0,"cards_upgraded":["RobotSpaceExplorer:Scan","RobotSpaceExplorer:StunGrenade"]},{"damage_healed":0,"gold_gain":0,"player_choice":"Bought 3 Potions","damage_taken":0,"max_hp_gain":0,"max_hp_loss":0,"event_name":"The Woman in Blue","floor":3,"gold_loss":0},{"damage_healed":0,"gold_gain":0,"player_choice":"Ignored","damage_taken":0,"max_hp_gain":0,"max_hp_loss":0,"event_name":"Liars Game","floor":13,"gold_loss":0}],"is_beta":false,"boss_relics":[{"not_picked":["Fusion Hammer","RobotSpaceExplorer:Reprocessor"],"picked":"RobotSpaceExplorer:SearchSpecs"}],"items_purged_floors":[],"is_endless":false,"potions_floor_spawned":[10,16],"killed_by":"2 Thieves","ascension_level":0}}