{"host":"exy3zpg5dyhzfzxn","time":1610399273,"event":{"mods":["2.2 Compatiblity","Aspiration","BaseMod","Better Third Choice","BetterRewards","Energized Spire","GifTheSpireLib","Hubris","Infinite Spire","Jedi Mod","Minty Spire (QoL Compilation)","Replay The Spire","StSLib","vexMod"],"gold_per_floor":[117,117,137,137,157,157,157],"floor_reached":6,"playtime":295,"items_purged":["Berserk"],"score":54,"play_id":"999b3748-7f49-4aea-9443-0af441207657","local_time":"20210112000753","is_ascension_mode":true,"campfire_choices":[],"circlet_count":0,"master_deck":["AscendersBane","Strike_R","Strike_R","Strike_R","Strike_R","Strike_R","Defend_R","Defend_R","Defend_R","Defend_R","Shockwave","infinitespire:Fortify","Cleave","Replay:Undeath\u0027s Touch"],"relics":["Burning Blood","aspiration:TomeofQuesting","hubris:EmptyBottle","Garlic"],"acts_visited":["Exordium"],"potions_floor_usage":[6,6],"damage_taken":[{"damage":3,"enemies":"Small Slimes","floor":1,"turns":4},{"damage":4,"enemies":"Jaw Worm","floor":3,"turns":4},{"damage":0,"enemies":"Cultist","floor":5,"turns":3},{"damage":26,"enemies":"Lagavulin","floor":6,"turns":5}],"seed_played":"-1693637254263607529","potions_obtained":[{"floor":5,"key":"SkillPotion"}],"is_trial":false,"path_per_floor":["M","?","M","?","M","E"],"character_chosen":"IRONCLAD","items_purchased":["aspiration:TomeofQuesting","hubris:EmptyBottle","Garlic"],"campfire_rested":0,"item_purchase_floors":[0,0,0],"current_hp_per_floor":[40,20,22,14,20,0,0],"gold":157,"neow_bonus":"","is_daily":false,"chose_seed":false,"campfire_upgraded":0,"win_rate":0.0,"timestamp":1610399273,"path_taken":["M","?","M","?","M","E"],"items_purchased_type":["Relic","Relic","Relic"],"build_version":"2020-12-22","purchased_purges":1,"victory":false,"max_hp_per_floor":[80,80,80,80,80,80,80],"card_choices":[{"not_picked":["jedi:MakeshiftSword","Shrug It Off"],"picked":"Shockwave","floor":1},{"not_picked":["infinitespire:FinalStrike","hubris:Fate"],"picked":"infinitespire:Fortify","floor":2},{"not_picked":["Perfected Strike","Warcry"],"picked":"Cleave","floor":3},{"not_picked":["Clash","ReplayTheSpireMod:LeadingStrike"],"picked":"Replay:Undeath\u0027s Touch","floor":5}],"player_experience":341420,"relics_obtained":[],"event_choices":[{"damage_healed":0,"gold_gain":0,"player_choice":"Damaged","damage_taken":8,"max_hp_gain":0,"max_hp_loss":0,"event_name":"Wheel of Change","floor":4,"gold_loss":0}],"is_beta":false,"boss_relics":[],"items_purged_floors":[0],"is_endless":false,"potions_floor_spawned":[5],"killed_by":"Lagavulin","ascension_level":10}}