{"host":"g200jza2br9hmesm","time":1610331308,"event":{"mods":["AchievementEnabler","BaseMod","Colored Map","Downfall","Minty Spire (QoL Compilation)","Quick Restart","Relic Stats","StSLib"],"gold_per_floor":[112,112,127,77,52,79,99,0,0,0,0],"floor_reached":10,"playtime":378,"items_purged":["Strike_R"],"score":137,"play_id":"dd2f3a8f-6804-4db8-90da-6e28a059df9e","local_time":"20210110211508","is_ascension_mode":true,"campfire_choices":[],"circlet_count":0,"master_deck":["AscendersBane","Strike_R","Strike_R","Strike_R","Strike_R","Defend_R","Defend_R","Defend_R","Defend_R","Entrench+1","Havoc+1","Corruption","Shrug It Off+1"],"relics":["Burning Blood","NeowsBlessing","Toxic Egg 2","Incense Burner","Centennial Puzzle"],"acts_visited":["Exordium"],"potions_floor_usage":[10],"damage_taken":[{"damage":0,"enemies":"Small Slimes","floor":1,"turns":1},{"damage":0,"enemies":"2 Louse","floor":3,"turns":1},{"damage":0,"enemies":"Lagavulin","floor":6,"turns":2},{"damage":11,"enemies":"Jaw Worm","floor":7,"turns":5},{"damage":65,"enemies":"3 Sentries","floor":10,"turns":10}],"seed_played":"-6409915512112556365","potions_obtained":[{"floor":3,"key":"DistilledChaos"},{"floor":6,"key":"Energy Potion"}],"is_trial":false,"path_per_floor":["M","?","M","?","$","E","M","$","T","E"],"character_chosen":"IRONCLAD","items_purchased":["Havoc+1","Shrug It Off+1"],"campfire_rested":0,"item_purchase_floors":[5,8],"current_hp_per_floor":[78,60,66,66,66,72,67,67,67,2,2],"gold":0,"neow_bonus":"THREE_ENEMY_KILL","is_daily":false,"chose_seed":false,"campfire_upgraded":0,"win_rate":0.0,"timestamp":1610331308,"path_taken":["M","?","M","?","$","E","M","$","T","E"],"items_purchased_type":["Card","Card"],"build_version":"2020-12-22","purchased_purges":1,"victory":false,"max_hp_per_floor":[80,80,80,80,80,80,80,80,80,80,80],"relic_stats":{"Centennial Puzzle":[3],"counters":[5,19],"obtain_stats":[{"Centennial Puzzle":9,"NeowsBlessing":0,"Incense Burner":6,"Toxic Egg 2":2,"Burning Blood":0},{"Centennial Puzzle":4,"NeowsBlessing":0,"Incense Burner":3,"Toxic Egg 2":1,"Burning Blood":0},{"Centennial Puzzle":9,"NeowsBlessing":0,"Incense Burner":4,"Toxic Egg 2":1,"Burning Blood":0}],"Burning Blood":24},"card_choices":[{"not_picked":["Shrug It Off","Pommel Strike","Fire Breathing"],"picked":"SKIP","floor":1},{"not_picked":["Twin Strike","Flex+1"],"picked":"Entrench+1","floor":3},{"not_picked":["Pommel Strike","Bloodletting+1","Clothesline"],"picked":"SKIP","floor":6},{"not_picked":["Wild Strike","Perfected Strike"],"picked":"Corruption","floor":7}],"player_experience":511097,"relics_obtained":[{"floor":6,"key":"Incense Burner"},{"floor":9,"key":"Centennial Puzzle"}],"event_choices":[{"damage_healed":0,"gold_gain":0,"player_choice":"Success","damage_taken":18,"relics_obtained":["Toxic Egg 2"],"max_hp_gain":0,"max_hp_loss":0,"event_name":"Scrap Ooze","floor":2,"gold_loss":0},{"cards_removed":["Bash"],"damage_healed":0,"gold_gain":0,"player_choice":"Card Removal","damage_taken":0,"max_hp_gain":0,"max_hp_loss":0,"event_name":"The Cleric","floor":4,"gold_loss":50}],"is_beta":false,"boss_relics":[],"items_purged_floors":[8],"is_endless":false,"potions_floor_spawned":[3,6],"killed_by":"3 Sentries","ascension_level":10}}