{"host":"vrsxkkch9ccrec7k","time":1610373430,"event":{"mods":["Act Like it!","BaseMod","Bestiary","Better Third Choice","Better Vampires","Minty Spire (QoL Compilation)","Permanent Neow","Relic Stats","Spicy Shops","StSLib","The Runesmith"],"gold_per_floor":[117,117,133,133,133,133,168,186,234,234,252,252,264,290,290,390,390,405,13,33,33,33,67,67,85,85,98,98,197,207,241,241,336,336,355,368,383,428,438,452,67,67,67,85,85,99,99,1,1,1],"floor_reached":51,"playtime":6304,"items_purged":["Runesmith:UnstableHammer"],"score":724,"play_id":"3812f8a4-9018-4d19-a398-6fb9fff964eb","local_time":"20210111085710","is_ascension_mode":false,"campfire_choices":[{"data":"Runesmith:ChiselStab","floor":6,"key":"SMITH"},{"data":"Runesmith:Fortify","floor":10,"key":"SMITH"},{"data":"Runesmith:CraftFirestone","floor":12,"key":"SMITH"},{"data":"Runesmith:DuctTape","floor":15,"key":"SMITH"},{"data":"Runesmith:ReplicatingBarrier","floor":24,"key":"SMITH"},{"data":"Runesmith:CraftMagma","floor":28,"key":"SMITH"},{"floor":32,"key":"REST"},{"floor":42,"key":"REST"},{"floor":45,"key":"REST"},{"floor":49,"key":"REST"}],"circlet_count":0,"master_deck":["Runesmith:Defend_RS","Runesmith:Defend_RS","Runesmith:Defend_RS","Runesmith:Defend_RS","Runesmith:CraftFirestone+1","Runesmith:Fortify+1","Runesmith:Refine","Runesmith:ChiselStab+1","Apotheosis+1","Runesmith:CraftMagma+1","Runesmith:NanitesCloud","Runesmith:DuctTape+1","Runesmith:Repurpose","Runesmith:ReplicatingBarrier+1","Runesmith:EnergizedChisel","Runesmith:LithiumIon+1","Runesmith:Empowerment","Runesmith:LithiumIon+1","Runesmith:Refine+1","Runesmith:UnlimitedPower+1","Runesmith:ElementalConversion+1","Runesmith:OneForEveryone+1","Runesmith:Permafrost+1","Runesmith:ArcReactor+1","Runesmith:EnergizedChisel+1"],"relics":["Runesmith:BrokenRuby","Nunchaku","Happy Flower","Toy Ornithopter","Empty Cage","Frozen Egg 2","Pen Nib","Bottled Lightning","Velvet Choker","Runesmith:Locket","Chemical X"],"acts_visited":["Exordium","TheCity","TheBeyond"],"potions_floor_usage":[16,23,23,23,31,38,40,40,46,50,50,50,50,50],"damage_taken":[{"damage":0,"enemies":"Cultist","floor":1,"turns":4},{"damage":0,"enemies":"2 Louse","floor":3,"turns":4},{"damage":3,"enemies":"3 Sentries","floor":7,"turns":7},{"damage":0,"enemies":"Small Slimes","floor":8,"turns":3},{"damage":0,"enemies":"3 Louse","floor":11,"turns":4},{"damage":0,"enemies":"Looter","floor":13,"turns":3},{"damage":0,"enemies":"Lagavulin","floor":14,"turns":6},{"damage":7,"enemies":"Hexaghost","floor":16,"turns":12},{"damage":2,"enemies":"Chosen","floor":18,"turns":6},{"damage":0,"enemies":"Spheric Guardian","floor":20,"turns":6},{"damage":34,"enemies":"Gremlin Leader","floor":23,"turns":13},{"damage":2,"enemies":"Centurion and Healer","floor":25,"turns":6},{"damage":0,"enemies":"Chosen and Byrds","floor":27,"turns":8},{"damage":12,"enemies":"Shelled Parasite and Fungi","floor":30,"turns":6},{"damage":0,"enemies":"Book of Stabbing","floor":31,"turns":5},{"damage":41,"enemies":"Automaton","floor":33,"turns":9},{"damage":7,"enemies":"Orb Walker","floor":35,"turns":6},{"damage":5,"enemies":"3 Darklings","floor":36,"turns":5},{"damage":6,"enemies":"Transient","floor":37,"turns":5},{"damage":34,"enemies":"2 Orb Walkers","floor":38,"turns":5},{"damage":1,"enemies":"Maw","floor":39,"turns":8},{"damage":25,"enemies":"4 Shapes","floor":40,"turns":5},{"damage":16,"enemies":"Spire Growth","floor":44,"turns":6},{"damage":3,"enemies":"Jaw Worm Horde","floor":46,"turns":7},{"damage":29,"enemies":"Donu and Deca","floor":50,"turns":6}],"seed_played":"4190320854512002393","potions_obtained":[{"floor":1,"key":"Dexterity Potion"},{"floor":7,"key":"Dexterity Potion"},{"floor":13,"key":"SmokeBomb"},{"floor":14,"key":"SneckoOil"},{"floor":27,"key":"LiquidBronze"},{"floor":30,"key":"DuplicationPotion"},{"floor":31,"key":"Ancient Potion"},{"floor":38,"key":"DuplicationPotion"},{"floor":39,"key":"DuplicationPotion"},{"floor":40,"key":"Explosive Potion"}],"is_trial":false,"path_per_floor":["M","?","M","?","?","R","E","M","T","R","M","R","M","E","R","B",null,"M","$","M","?","?","E","R","M","T","M","R","?","M","E","R","B",null,"M","M","M","?","M","M","$","R","T","M","R","M","?","$","R","B",null],"character_chosen":"RUNESMITH_CLASS","items_purchased":["Frozen Egg 2","Runesmith:LithiumIon+1","Swift Potion","Runesmith:Permafrost+1","Chemical X","DuplicationPotion","EntropicBrew"],"campfire_rested":4,"item_purchase_floors":[19,19,19,41,41,41,48],"current_hp_per_floor":[70,70,70,70,63,63,60,60,60,60,60,60,60,60,60,58,70,68,68,68,68,68,44,44,42,42,42,42,42,30,35,56,15,70,63,58,52,23,22,7,7,28,28,12,33,35,35,35,56,52],"gold":1,"neow_bonus":"RANDOM_COMMON_RELIC","is_daily":false,"chose_seed":false,"campfire_upgraded":6,"win_rate":0.0,"timestamp":1610373430,"path_taken":["M","?","M","?","?","R","E","M","T","R","M","R","M","E","R","BOSS","M","$","M","?","?","E","R","M","T","M","R","?","M","E","R","BOSS","M","M","M","?","M","M","$","R","T","M","R","M","?","$","R","BOSS"],"items_purchased_type":["Relic","Card","Potion","Card","Relic","Potion","Potion"],"build_version":"2020-12-22","purchased_purges":1,"victory":true,"max_hp_per_floor":[70,70,70,70,70,70,70,70,70,70,70,70,70,70,70,70,70,70,70,70,70,70,70,70,70,70,70,70,70,70,70,70,70,70,70,70,70,70,70,70,70,70,70,70,70,70,70,70,70,70],"relic_stats":{"Nunchaku":[11],"Happy Flower":[45],"counters":[25,155],"Pen Nib":[7],"Chemical X":[9],"obtain_stats":[{"Runesmith:BrokenRuby":0,"Dream Catcher":0,"Nunchaku":7,"Happy Flower":9,"Velvet Choker":34,"Runesmith:Locket":38,"Pen Nib":23,"Bottled Lightning":26,"Chemical X":41,"Frozen Egg 2":19,"Empty Cage":17,"Toy Ornithopter":14},{"Runesmith:BrokenRuby":0,"Dream Catcher":0,"Nunchaku":3,"Happy Flower":4,"Velvet Choker":16,"Runesmith:Locket":20,"Pen Nib":11,"Bottled Lightning":12,"Chemical X":22,"Frozen Egg 2":9,"Empty Cage":8,"Toy Ornithopter":7},{"Runesmith:BrokenRuby":0,"Dream Catcher":0,"Nunchaku":15,"Happy Flower":18,"Velvet Choker":102,"Runesmith:Locket":123,"Pen Nib":68,"Bottled Lightning":74,"Chemical X":136,"Frozen Egg 2":49,"Empty Cage":43,"Toy Ornithopter":31}],"Toy Ornithopter":65},"card_choices":[{"not_picked":["Runesmith:CraftProtectio","Runesmith:MakeshiftArmor"],"picked":"Runesmith:Refine","floor":1},{"not_picked":["Runesmith:EnergizedChisel","Runesmith:BackupBattery"],"picked":"Runesmith:ChiselStab","floor":3},{"not_picked":["Runesmith:RuneHurl","Runesmith:RunicBlueprint"],"picked":"Runesmith:CraftMagma","floor":7},{"not_picked":["Runesmith:Malloc","Runesmith:BackupBattery"],"picked":"Runesmith:NanitesCloud","floor":8},{"not_picked":["Runesmith:CraftMagma","Runesmith:OneForEveryone"],"picked":"Runesmith:UnstableHammer","floor":11},{"not_picked":["Runesmith:ChiselStab","Runesmith:Overpower"],"picked":"Runesmith:DuctTape","floor":13},{"not_picked":["Runesmith:ElementalConversion","Runesmith:Augment"],"picked":"Runesmith:Repurpose","floor":14},{"not_picked":["Runesmith:MetallurgicalResearch","Runesmith:LastStand"],"picked":"Runesmith:ReplicatingBarrier","floor":16},{"not_picked":["Runesmith:NegativeSpace+1","Runesmith:OneForEveryone"],"picked":"Runesmith:EnergizedChisel","floor":18},{"not_picked":["Runesmith:Repurpose","Runesmith:HammerThrow","Runesmith:CraftPrismatica"],"picked":"SKIP","floor":20},{"not_picked":["Runesmith:CraftIncendium","Runesmith:Malloc+1"],"picked":"Runesmith:ChaoticBlast","floor":23},{"not_picked":["Runesmith:EnergizedChisel+1","Runesmith:OneForEveryone"],"picked":"Runesmith:Empowerment","floor":25},{"not_picked":["Runesmith:UnstableHammer","Runesmith:Electrocute+1"],"picked":"Runesmith:LithiumIon+1","floor":27},{"not_picked":["Runesmith:RuneHurl","Runesmith:ElementalConversion","Runesmith:EarthShield"],"picked":"SKIP","floor":30},{"not_picked":["Runesmith:NanitesCloud+1","Runesmith:HammerTime"],"picked":"Runesmith:Refine+1","floor":31},{"not_picked":["Runesmith:ReplicatingBarrier+1","Runesmith:CraftMedicinae"],"picked":"Runesmith:UnlimitedPower+1","floor":33},{"not_picked":["Runesmith:DoubleUp+1","Runesmith:StaticCage","Runesmith:EarthShield"],"picked":"SKIP","floor":35},{"not_picked":["Runesmith:RuneHurl+1","Runesmith:CraftMagma+1","Runesmith:MakeshiftArmor"],"picked":"SKIP","floor":36},{"not_picked":["Runesmith:HammerAndChisel+1","Runesmith:Repurpose"],"picked":"Runesmith:ElementalConversion+1","floor":37},{"not_picked":["Runesmith:EarthShield","Runesmith:DoubleUp+1"],"picked":"Runesmith:OneForEveryone+1","floor":39},{"not_picked":["Runesmith:MakeshiftArmor","Runesmith:Refine","Runesmith:Repurpose"],"picked":"SKIP","floor":40},{"not_picked":["Runesmith:MakeshiftArmor","Runesmith:UnstableHammer+1"],"picked":"Runesmith:ArcReactor+1","floor":44},{"not_picked":["Runesmith:MakeshiftArmor+1","Runesmith:BackupBattery+1"],"picked":"Runesmith:EnergizedChisel+1","floor":46}],"player_experience":1341339,"relics_obtained":[{"floor":7,"key":"Nunchaku"},{"floor":9,"key":"Happy Flower"},{"floor":14,"key":"Toy Ornithopter"},{"floor":23,"key":"Pen Nib"},{"floor":26,"key":"Bottled Lightning"},{"floor":38,"key":"Runesmith:Locket"}],"event_choices":[{"cards_removed":["Runesmith:Strike_RS"],"damage_healed":0,"gold_gain":0,"player_choice":"Forget","damage_taken":0,"max_hp_gain":0,"max_hp_loss":0,"event_name":"Living Wall","floor":2,"gold_loss":0},{"damage_healed":70,"gold_gain":0,"player_choice":"Protect","damage_taken":0,"max_hp_gain":0,"max_hp_loss":70,"event_name":"betterThird:BetterShining","floor":4,"gold_loss":1},{"cards_removed":["Runesmith:Strike_RS"],"damage_healed":0,"gold_gain":0,"player_choice":"Card Removal","damage_taken":7,"max_hp_gain":0,"max_hp_loss":0,"event_name":"Golden Wing","floor":5,"gold_loss":0},{"damage_healed":0,"gold_gain":0,"player_choice":"Ignored","damage_taken":0,"max_hp_gain":0,"max_hp_loss":0,"event_name":"Ghosts","floor":21,"gold_loss":0},{"damage_healed":0,"gold_gain":0,"player_choice":"Ignored","damage_taken":0,"max_hp_gain":0,"max_hp_loss":0,"event_name":"The Mausoleum","floor":22,"gold_loss":0},{"damage_healed":0,"gold_gain":99,"player_choice":"Steal","damage_taken":0,"max_hp_gain":0,"max_hp_loss":0,"event_name":"betterThird:BetterNest","floor":29,"gold_loss":0},{"damage_healed":0,"gold_gain":0,"player_choice":"Fight","damage_taken":0,"max_hp_gain":0,"max_hp_loss":0,"event_name":"Mysterious Sphere","floor":38,"gold_loss":0},{"cards_removed":["Runesmith:ChaoticBlast"],"damage_healed":0,"gold_gain":0,"player_choice":"Removed Attack","damage_taken":0,"max_hp_gain":0,"max_hp_loss":0,"event_name":"Falling","floor":47,"gold_loss":0}],"is_beta":false,"boss_relics":[{"not_picked":["Ectoplasm","Runic Dome"],"picked":"Empty Cage"},{"not_picked":["Black Star","SacredBark"],"picked":"Velvet Choker"}],"items_purged_floors":[41],"is_endless":false,"potions_floor_spawned":[1,7,13,14,27,30,31,38,39,40,44],"ascension_level":0}}