{"host":"u5p72gjg7qm9i6r4","time":1610327497,"event":{"mods":["AchievementEnabler","BaseMod","Minty Spire (QoL Compilation)","Rare Cards Sparkle"],"gold_per_floor":[16,16,16,34,109,109,152,165,165,178,193,193,118,151,151,274,274,274,274,274,274,28,28,28,28,28,28,28,28,28,28,28,28,28,28,28,0,0,0,0,0,0,0,0,0,0,0,0,0,0],"floor_reached":51,"playtime":2761,"items_purged":["Strike_R"],"score":994,"play_id":"e0fefeb1-eafc-487a-b873-82c228cf21ad","local_time":"20210110191137","is_ascension_mode":true,"campfire_choices":[{"data":"Demon Form","floor":6.0,"key":"SMITH"},{"data":"True Grit","floor":12.0,"key":"SMITH"},{"data":"Shrug It Off","floor":15.0,"key":"SMITH"},{"data":"Limit Break","floor":23.0,"key":"SMITH"},{"data":"Heavy Blade","floor":25.0,"key":"SMITH"},{"data":"Bash","floor":30.0,"key":"SMITH"},{"data":"Disarm","floor":32.0,"key":"SMITH"},{"data":"Sword Boomerang","floor":41.0,"key":"SMITH"},{"floor":49,"key":"REST"}],"circlet_count":0,"master_deck":["Defend_R","Defend_R","Defend_R","Bash+1","Seeing Red","Demon Form+1","Jack Of All Trades","Headbutt","Heavy Blade+1","True Grit+1","Shrug It Off+1","Twin Strike","Limit Break+1","Headbutt+1","Pummel","Whirlwind+1","Seeing Red","Exhume","Disarm+1","Shrug It Off+1","Exhume","Searing Blow+1","Cleave+1","Ghostly Armor+1","Headbutt","Sword Boomerang+1","Whirlwind+1","Pummel","Enlightenment","Headbutt"],"relics":["Burning Blood","Golden Idol","HornCleat","Pen Nib","Ectoplasm","Eternal Feather","Juzu Bracelet","Gremlin Horn","Red Skull","Astrolabe","Red Mask","StoneCalendar","Bag of Marbles","Omamori","Dead Branch","Blood Vial"],"acts_visited":["Exordium","TheCity","TheBeyond"],"potions_floor_usage":[],"damage_taken":[{"damage":1.0,"enemies":"2 Louse","floor":1.0,"turns":5.0},{"damage":4.0,"enemies":"Jaw Worm","floor":4.0,"turns":3.0},{"damage":5.0,"enemies":"Lagavulin","floor":7.0,"turns":5.0},{"damage":0.0,"enemies":"Cultist","floor":8.0,"turns":3.0},{"damage":8.0,"enemies":"3 Louse","floor":10.0,"turns":3.0},{"damage":15.0,"enemies":"Exordium Thugs","floor":11.0,"turns":7.0},{"damage":10.0,"enemies":"3 Sentries","floor":14.0,"turns":5.0},{"damage":40.0,"enemies":"Slime Boss","floor":16.0,"turns":9.0},{"damage":5.0,"enemies":"Shell Parasite","floor":18.0,"turns":4.0},{"damage":23.0,"enemies":"3 Byrds","floor":19.0,"turns":4.0},{"damage":11.0,"enemies":"Centurion and Healer","floor":20.0,"turns":7.0},{"damage":19.0,"enemies":"Snake Plant","floor":21.0,"turns":4.0},{"damage":41.0,"enemies":"Slavers","floor":24.0,"turns":5.0},{"damage":4.0,"enemies":"3 Cultists","floor":27.0,"turns":3.0},{"damage":0.0,"enemies":"Snecko","floor":28.0,"turns":3.0},{"damage":30.0,"enemies":"Book of Stabbing","floor":29.0,"turns":5.0},{"damage":7.0,"enemies":"Snake Plant","floor":31.0,"turns":3.0},{"damage":19.0,"enemies":"Automaton","floor":33.0,"turns":6.0},{"damage":11.0,"enemies":"Orb Walker","floor":35.0,"turns":3.0},{"damage":2.0,"enemies":"3 Darklings","floor":38.0,"turns":5.0},{"damage":34.0,"enemies":"2 Orb Walkers","floor":39.0,"turns":4.0},{"damage":21.0,"enemies":"Nemesis","floor":40.0,"turns":7.0},{"damage":21.0,"enemies":"Sphere and 2 Shapes","floor":42.0,"turns":6.0},{"damage":0.0,"enemies":"Mind Bloom Boss Battle","floor":45.0,"turns":3.0},{"damage":0.0,"enemies":"Giant Head","floor":46.0,"turns":1.0},{"damage":27.0,"enemies":"Writhing Mass","floor":47.0,"turns":6.0},{"damage":0,"enemies":"Reptomancer","floor":48,"turns":2},{"damage":86,"enemies":"Time Eater","floor":50,"turns":10}],"seed_played":"-5952694922609673752","potions_obtained":[{"floor":7.0,"key":"FearPotion"},{"floor":8.0,"key":"Fire Potion"},{"floor":11.0,"key":"BloodPotion"},{"floor":18.0,"key":"CultistPotion"},{"floor":20.0,"key":"FairyPotion"},{"floor":31.0,"key":"Block Potion"},{"floor":35.0,"key":"ColorlessPotion"},{"floor":39.0,"key":"Block Potion"},{"floor":42.0,"key":"SmokeBomb"},{"floor":48,"key":"FearPotion"}],"is_trial":false,"path_per_floor":["M","?","?","M","?","R","E","M","T","M","M","R","$","E","R","B",null,"M","M","M","M","$","R","E","R","T","M","M","E","R","M","R","B",null,"M","?","?","M","?","E","R","M","T","?","?","E","M","E","R","B",null],"character_chosen":"IRONCLAD","items_purchased":["Eternal Feather"],"campfire_rested":1,"item_purchase_floors":[22],"current_hp_per_floor":[80,60,60,62,51,51,52,58,58,56,47,47,47,43,43,9,80,80,63,58,45,45,57,38,50,50,52,58,34,46,45,57,44,80,75,75,75,79,51,36,51,36,36,36,42,48,27,33,75,30],"gold":0,"neow_bonus":"REMOVE_TWO","is_daily":false,"chose_seed":false,"campfire_upgraded":8,"win_rate":0.0,"timestamp":1610327497,"path_taken":["M","?","?","?","?","R","E","M","T","M","M","R","?","E","R","BOSS","M","M","M","M","$","R","E","R","T","M","M","E","R","M","R","BOSS","M","?","?","M","?","E","R","M","T","?","?","E","M","E","R","BOSS"],"items_purchased_type":["Relic"],"build_version":"2020-12-22","purchased_purges":1,"victory":true,"max_hp_per_floor":[80,80,80,80,80,80,80,80,80,80,80,80,80,80,80,80,80,80,80,80,80,80,80,80,80,80,80,80,80,80,80,80,80,80,80,80,80,80,80,80,80,80,80,80,80,80,80,80,80,80],"card_choices":[{"not_picked":["Flex","Havoc"],"picked":"Seeing Red","floor":1.0},{"not_picked":["Havoc","Shrug It Off"],"picked":"Headbutt","floor":4.0},{"not_picked":["Clothesline","Body Slam"],"picked":"Heavy Blade","floor":7.0},{"not_picked":["Flex","Perfected Strike"],"picked":"True Grit","floor":8.0},{"not_picked":["Rampage","Double Tap"],"picked":"Shrug It Off","floor":10.0},{"not_picked":["True Grit","Sword Boomerang"],"picked":"Twin Strike","floor":11.0},{"not_picked":["Carnage","Searing Blow","Anger"],"picked":"SKIP","floor":14.0},{"not_picked":["Offering","Double Tap"],"picked":"Limit Break","floor":16.0},{"not_picked":["Perfected Strike","Thunderclap+1"],"picked":"Headbutt+1","floor":18.0},{"not_picked":["Flex+1","Sword Boomerang"],"picked":"Pummel","floor":19.0},{"not_picked":["Thunderclap","Shrug It Off"],"picked":"Whirlwind+1","floor":20.0},{"not_picked":["Shockwave","Sword Boomerang"],"picked":"Seeing Red","floor":21.0},{"not_picked":["Warcry","Demon Form"],"picked":"Exhume","floor":24.0},{"not_picked":["Evolve+1","Iron Wave"],"picked":"Disarm","floor":27.0},{"not_picked":["Sword Boomerang","Clash"],"picked":"Shrug It Off+1","floor":28.0},{"not_picked":["Shrug It Off","Searing Blow","Warcry"],"picked":"SKIP","floor":29.0},{"not_picked":["Juggernaut","Body Slam","Power Through+1"],"picked":"SKIP","floor":31.0},{"not_picked":["Immolate","Fiend Fire"],"picked":"Exhume","floor":33.0},{"not_picked":["Second Wind+1","Clothesline+1"],"picked":"Ghostly Armor+1","floor":35.0},{"not_picked":["Wild Strike+1","Thunderclap","Rage"],"picked":"SKIP","floor":38.0},{"not_picked":["Burning Pact","Sword Boomerang+1"],"picked":"Headbutt","floor":39.0},{"not_picked":["Clothesline+1","Corruption"],"picked":"Sword Boomerang","floor":40.0},{"not_picked":["True Grit+1","Combust"],"picked":"Whirlwind+1","floor":42.0},{"not_picked":["Ghostly Armor+1","Fire Breathing"],"picked":"Headbutt","floor":45.0},{"not_picked":["Armaments+1","Entrench+1","True Grit"],"picked":"SKIP","floor":47.0},{"not_picked":["Anger+1","Sword Boomerang","Metallicize"],"picked":"SKIP","floor":48}],"player_experience":100249,"relics_obtained":[{"floor":7.0,"key":"HornCleat"},{"floor":14.0,"key":"Pen Nib"},{"floor":24.0,"key":"Juzu Bracelet"},{"floor":26.0,"key":"Gremlin Horn"},{"floor":29.0,"key":"Red Skull"},{"floor":39.0,"key":"StoneCalendar"},{"floor":40.0,"key":"Bag of Marbles"},{"floor":43.0,"key":"Omamori"},{"floor":45.0,"key":"Dead Branch"},{"floor":48,"key":"Blood Vial"}],"event_choices":[{"damage_healed":0.0,"max_hp_gain":0.0,"max_hp_loss":0.0,"gold_gain":0.0,"event_name":"Golden Idol","player_choice":"Take Damage","floor":2.0,"gold_loss":0.0,"damage_taken":20.0,"relics_obtained":["Golden Idol"]},{"damage_healed":0.0,"max_hp_gain":0.0,"max_hp_loss":0.0,"gold_gain":0.0,"event_name":"Match and Keep!","player_choice":"2 cards matched","floor":3.0,"gold_loss":0.0,"damage_taken":0.0,"cards_obtained":["Demon Form","Jack Of All Trades"]},{"damage_healed":0.0,"max_hp_gain":0.0,"max_hp_loss":0.0,"gold_gain":75.0,"event_name":"World of Goop","player_choice":"Gather Gold","floor":5.0,"gold_loss":0.0,"damage_taken":11.0},{"cards_removed":["Juggernaut"],"damage_healed":0.0,"max_hp_gain":0.0,"max_hp_loss":0.0,"gold_gain":0.0,"event_name":"Falling","player_choice":"Removed Power","floor":36.0,"gold_loss":0.0,"damage_taken":0.0},{"damage_healed":0.0,"max_hp_gain":0.0,"max_hp_loss":0.0,"gold_gain":0.0,"event_name":"Tomb of Lord Red Mask","player_choice":"Paid","floor":37.0,"gold_loss":28.0,"damage_taken":0.0,"relics_obtained":["Red Mask"]},{"damage_healed":0.0,"max_hp_gain":0.0,"max_hp_loss":0.0,"gold_gain":0.0,"event_name":"Mysterious Sphere","player_choice":"Fight","floor":39.0,"gold_loss":0.0,"damage_taken":0.0},{"damage_healed":0.0,"max_hp_gain":0.0,"max_hp_loss":0.0,"gold_gain":0.0,"event_name":"Match and Keep!","player_choice":"2 cards matched","floor":44.0,"gold_loss":0.0,"damage_taken":0.0,"cards_obtained":["Pummel","Enlightenment"]},{"damage_healed":0.0,"max_hp_gain":0.0,"max_hp_loss":0.0,"gold_gain":0.0,"event_name":"MindBloom","player_choice":"Fight","floor":45.0,"gold_loss":0.0,"damage_taken":0.0}],"is_beta":false,"boss_relics":[{"not_picked":["Cursed Key","SacredBark"],"picked":"Ectoplasm"},{"not_picked":["Pandora\u0027s Box","Snecko Eye"],"picked":"Astrolabe"}],"items_purged_floors":[13],"is_endless":false,"potions_floor_spawned":[7,8,11,18,19,20,31,35,39,42,48],"ascension_level":4}}