{"host":"7l2t4psy44vpcd9q","time":1610389426,"event":{"mods":["AchievementEnabler","BaseMod","DeckTracker","Minty Spire (QoL Compilation)","SuperFastMode"],"gold_per_floor":[116,131,151,151,171,171,171,205,205,231,249,265,265,285,285,364,364,381,381,400,156,167,202,202,227,250,109,109,77,77,94,94,167,167,177,177,177,190,209,209,241,254,277,290,316,21,39,39,39,39,39],"floor_reached":52,"playtime":4087,"items_purged":["Defend_P","Strike_P","Strike_P+1"],"score":2078,"play_id":"3c6431db-6932-4935-a07a-c87ffb7f93e1","local_time":"20210112032346","is_ascension_mode":true,"campfire_choices":[{"data":"Eruption","floor":6.0,"key":"SMITH"},{"data":"SashWhip","floor":13.0,"key":"SMITH"},{"data":"Vault","floor":15.0,"key":"SMITH"},{"floor":24.0,"key":"REST"},{"floor":28.0,"key":"REST"},{"data":"TalkToTheHand","floor":30.0,"key":"SMITH"},{"data":"EmptyFist","floor":32.0,"key":"SMITH"},{"floor":40.0,"key":"REST"},{"floor":49,"key":"REST"}],"circlet_count":0,"master_deck":["AscendersBane","Strike_P+1","Defend_P+1","Eruption+1","Vigilance+1","EmptyFist+1","Conclude+1","EmptyMind+1","TalkToTheHand+1","Vault+1","TalkToTheHand+1","CarveReality+1","SashWhip+1","InnerPeace+1","LessonLearned","Scrawl","Perseverance+1","Adaptation+1","MentalFortress+1","WreathOfFlame+1","EmptyBody+1","Conclude+1","MentalFortress+1","Crescendo+1","MentalFortress+1","Adaptation+1"],"relics":["Velvet Choker","Du-Vu Doll","Mercury Hourglass","Frozen Egg 2","Omamori","Runic Pyramid","Lee\u0027s Waffle","The Courier","Whetstone","Juzu Bracelet","Astrolabe","FossilizedHelix","Anchor","Ginger","Bag of Preparation"],"acts_visited":["Exordium","TheCity","TheBeyond"],"potions_floor_usage":[42],"damage_taken":[{"damage":0.0,"enemies":"Cultist","floor":1.0,"turns":2.0},{"damage":0.0,"enemies":"Jaw Worm","floor":2.0,"turns":2.0},{"damage":0.0,"enemies":"2 Louse","floor":3.0,"turns":2.0},{"damage":0.0,"enemies":"2 Fungi Beasts","floor":5.0,"turns":2.0},{"damage":0.0,"enemies":"Gremlin Nob","floor":8.0,"turns":3.0},{"damage":0.0,"enemies":"3 Sentries","floor":10.0,"turns":3.0},{"damage":0.0,"enemies":"Gremlin Gang","floor":11.0,"turns":1.0},{"damage":6.0,"enemies":"3 Louse","floor":12.0,"turns":3.0},{"damage":0.0,"enemies":"2 Fungi Beasts","floor":14.0,"turns":2.0},{"damage":2.0,"enemies":"The Guardian","floor":16.0,"turns":9.0},{"damage":8.0,"enemies":"2 Thieves","floor":18.0,"turns":3.0},{"damage":22.0,"enemies":"Spheric Guardian","floor":20.0,"turns":5.0},{"damage":21.0,"enemies":"Centurion and Healer","floor":22.0,"turns":4.0},{"damage":30.0,"enemies":"Book of Stabbing","floor":23.0,"turns":6.0},{"damage":12.0,"enemies":"Slavers","floor":25.0,"turns":2.0},{"damage":0.0,"enemies":"Shelled Parasite and Fungi","floor":31.0,"turns":4.0},{"damage":29.0,"enemies":"Champ","floor":33.0,"turns":16.0},{"damage":15.0,"enemies":"3 Darklings","floor":35.0,"turns":4.0},{"damage":8.0,"enemies":"Orb Walker","floor":38.0,"turns":2.0},{"damage":1.0,"enemies":"Spire Growth","floor":39.0,"turns":5.0},{"damage":9.0,"enemies":"Giant Head","floor":41.0,"turns":10.0},{"damage":9,"enemies":"Jaw Worm Horde","floor":42,"turns":3},{"damage":0,"enemies":"4 Shapes","floor":44,"turns":3},{"damage":0,"enemies":"Nemesis","floor":45,"turns":10},{"damage":0,"enemies":"Transient","floor":47,"turns":7},{"damage":9,"enemies":"Awakened One","floor":50,"turns":26},{"damage":0,"enemies":"Donu and Deca","floor":51,"turns":15}],"seed_played":"10875995644487756","potions_obtained":[{"floor":3.0,"key":"EssenceOfSteel"},{"floor":8.0,"key":"BlessingOfTheForge"},{"floor":10.0,"key":"LiquidBronze"},{"floor":22.0,"key":"Explosive Potion"},{"floor":23.0,"key":"Explosive Potion"},{"floor":35.0,"key":"Swift Potion"},{"floor":38.0,"key":"BlessingOfTheForge"},{"floor":47,"key":"SpeedPotion"}],"is_trial":false,"path_per_floor":["M","M","M","T","M","R","?","E","T","E","M","M","R","M","R","B",null,"M","?","M","$","M","E","R","E","T","$","R","$","R","M","R","B",null,"M","?","?","M","M","R","E","M","T","M","E","$","M","$","R","B","B",null],"character_chosen":"WATCHER","items_purchased":["Lee\u0027s Waffle","Adaptation+1","MentalFortress+1","Bag of Preparation","Adaptation+1"],"campfire_rested":4,"item_purchase_floors":[21,27,29,46,46],"current_hp_per_floor":[61,61,61,61,61,61,61,61,61,61,61,55,55,55,55,53,64,56,56,34,75,54,24,46,34,34,34,56,56,56,56,56,27,63,48,48,48,40,39,61,52,43,43,43,43,43,43,43,65,56,56],"gold":39,"neow_bonus":"BOSS_RELIC","is_daily":false,"chose_seed":false,"campfire_upgraded":5,"win_rate":0.0,"timestamp":1610389426,"path_taken":["M","?","M","?","M","R","?","E","T","E","M","M","R","M","R","BOSS","M","?","M","$","?","E","R","E","T","?","R","$","R","M","R","BOSS","M","?","?","M","M","R","E","M","T","M","E","$","M","$","R","BOSS","BOSS"],"items_purchased_type":["Relic","Card","Card","Relic","Card"],"build_version":"2020-12-22","purchased_purges":3,"victory":true,"max_hp_per_floor":[68,68,68,68,68,68,68,68,68,68,68,68,68,68,68,68,68,68,68,68,75,75,75,75,75,75,75,75,75,75,75,75,75,75,75,75,75,75,75,75,75,75,75,75,75,75,75,75,75,75,75],"card_choices":[{"not_picked":["ClearTheMind","Fasting2"],"picked":"EmptyFist","floor":1.0},{"not_picked":["CutThroughFate","WindmillStrike"],"picked":"Conclude","floor":2.0},{"not_picked":["CrushJoints","FlyingSleeves"],"picked":"EmptyMind","floor":3.0},{"not_picked":["EmptyFist","CarveReality"],"picked":"TalkToTheHand","floor":5.0},{"not_picked":["FlurryOfBlows","EmptyFist"],"picked":"TalkToTheHand","floor":8.0},{"not_picked":["EmptyFist","ReachHeaven"],"picked":"DevaForm+1","floor":10.0},{"not_picked":["SignatureMove","FollowUp"],"picked":"CarveReality","floor":11.0},{"not_picked":["CrushJoints","Crescendo"],"picked":"SashWhip","floor":12.0},{"not_picked":["JustLucky","DeceiveReality"],"picked":"InnerPeace","floor":14.0},{"not_picked":["Blasphemy","Brilliance"],"picked":"LessonLearned","floor":16.0},{"not_picked":["TalkToTheHand","JustLucky","Crescendo"],"picked":"SKIP","floor":18.0},{"not_picked":["Consecrate","FearNoEvil","EmptyBody"],"picked":"SKIP","floor":20.0},{"not_picked":["Worship+1","Prostrate","Consecrate"],"picked":"SKIP","floor":22.0},{"not_picked":["ThirdEye","DeceiveReality"],"picked":"Scrawl","floor":23.0},{"not_picked":["Halt","FlyingSleeves"],"picked":"Perseverance","floor":25.0},{"not_picked":["BattleHymn+1","Halt","Consecrate"],"picked":"SKIP","floor":31.0},{"not_picked":["FlurryOfBlows","ForeignInfluence","CarveReality+1"],"picked":"SKIP","floor":35.0},{"not_picked":["FollowUp","PathToVictory","BowlingBash"],"picked":"SKIP","floor":38.0},{"not_picked":["FlurryOfBlows+1","WheelKick","FollowUp"],"picked":"SKIP","floor":39.0},{"not_picked":["BowlingBash","Scrawl","Meditate"],"picked":"SKIP","floor":41.0},{"not_picked":["EmptyBody+1","Crescendo"],"picked":"MentalFortress+1","floor":42},{"not_picked":["Swivel","Worship"],"picked":"Crescendo+1","floor":44},{"not_picked":["Wish","Prostrate+1"],"picked":"MentalFortress+1","floor":45},{"not_picked":["Crescendo+1","Consecrate+1","PathToVictory"],"picked":"SKIP","floor":47}],"player_experience":1202274,"relics_obtained":[{"floor":4.0,"key":"Du-Vu Doll"},{"floor":8.0,"key":"Mercury Hourglass"},{"floor":9.0,"key":"Frozen Egg 2"},{"floor":10.0,"key":"Omamori"},{"floor":23.0,"key":"The Courier"},{"floor":25.0,"key":"Whetstone"},{"floor":26.0,"key":"Juzu Bracelet"},{"floor":41.0,"key":"FossilizedHelix"},{"floor":43,"key":"Anchor"},{"floor":45,"key":"Ginger"}],"event_choices":[{"damage_healed":0.0,"max_hp_gain":0.0,"max_hp_loss":0.0,"gold_gain":0.0,"cards_transformed":["Strike_P"],"event_name":"Transmorgrifier","player_choice":"Transformed","floor":7.0,"gold_loss":0.0,"damage_taken":0.0,"cards_obtained":["Vault"]},{"damage_healed":0.0,"max_hp_gain":0.0,"max_hp_loss":0.0,"gold_gain":0.0,"event_name":"Accursed Blacksmith","player_choice":"Forge","floor":19.0,"gold_loss":0.0,"damage_taken":0.0,"cards_upgraded":["EmptyMind"]},{"damage_healed":0.0,"max_hp_gain":0.0,"max_hp_loss":0.0,"gold_gain":0.0,"event_name":"Tomb of Lord Red Mask","player_choice":"Ignored","floor":36.0,"gold_loss":0.0,"damage_taken":0.0},{"damage_healed":0.0,"max_hp_gain":0.0,"max_hp_loss":0.0,"gold_gain":0.0,"event_name":"Transmorgrifier","player_choice":"Ignored","floor":37.0,"gold_loss":0.0,"damage_taken":0.0}],"is_beta":false,"boss_relics":[{"not_picked":["VioletLotus","Runic Dome"],"picked":"Runic Pyramid"},{"not_picked":["Busted Crown","Black Star"],"picked":"Astrolabe"}],"items_purged_floors":[21,27,46],"is_endless":false,"potions_floor_spawned":[3,8,10,12,22,23,35,38,47],"ascension_level":20}}