{"host":"kdt6w7ix8lwe69i9","time":1610364378,"event":{"mods":["100% Spire Juice","Bartender","BaseMod","ChefMod","Downfall","Evolution","Fiend Mod","Jorbs\u0027s Wanderer Trilogy","Minty Spire (QoL Compilation)","Reimu（博丽灵梦）","Robot Space Explorer","Shade Mod","StSLib","The Caster","The Cursed","The Disciple","The Dragon Tamer","The Druid","The Fake Hero","The Forsaken","The Gatherer","The Marked","TheBandit","TheSwordswoman"],"gold_per_floor":[512,527,527,10,26,59,59,59,83,83,113,128,142,142,142,142,142],"floor_reached":16,"playtime":918,"items_purged":[],"score":110,"play_id":"7b6f74b2-b20e-49b8-835e-aa45a2097cdf","local_time":"20210111062618","is_ascension_mode":false,"campfire_choices":[{"data":"luka_mod:Meditation","floor":7,"key":"SMITH"},{"data":"luka_mod:Edging","floor":10,"key":"SMITH"},{"floor":15,"key":"REST"}],"circlet_count":0,"master_deck":["luka_mod:StrikeLukaOne","luka_mod:StrikeLukaTwo","luka_mod:StrikeLukaThree","luka_mod:StrikeLukaFour","luka_mod:StrikeLukaFive","luka_mod:StrikeLukaSix","luka_mod:Salt","luka_mod:Guard","luka_mod:Wait","luka_mod:Edging+1","luka_mod:FlailWildly","luka_mod:Meditation+1","luka_mod:Surrender","luka_mod:PrayToIlias","luka_mod:BladeOfRagingFire","luka_mod:Ora","luka_mod:Salamander","luka_mod:Gnome","luka_mod:RestrictedStrike","luka_mod:WindSlash","luka_mod:CriticalHit","luka_mod:Tamamo"],"relics":["luka_mod:KeepsakeRing","EVO:Axolotl","NeowsBlessing","Juzu Bracelet","Lee\u0027s Waffle","Nunchaku","Happy Flower","theForsaken:Kindling"],"acts_visited":["Exordium"],"potions_floor_usage":[6,16],"damage_taken":[{"damage":0,"enemies":"Small Slimes","floor":1,"turns":1},{"damage":0,"enemies":"Jaw Worm","floor":2,"turns":1},{"damage":6,"enemies":"2 Louse","floor":5,"turns":2},{"damage":14,"enemies":"3 Sentries","floor":6,"turns":5},{"damage":24,"enemies":"Gremlin Nob","floor":11,"turns":4},{"damage":6,"enemies":"Exordium Wildlife","floor":12,"turns":2},{"damage":0,"enemies":"3 Louse","floor":13,"turns":3},{"damage":3,"enemies":"The Guardian","floor":16,"turns":3}],"seed_played":"2325353152674823723","potions_obtained":[{"floor":5,"key":"SkillPotion"},{"floor":6,"key":"sneckomod:MuddlingPotion"},{"floor":12,"key":"sneckomod:MuddlingPotion"},{"floor":13,"key":"PowerPotion"}],"is_trial":false,"path_per_floor":["M","M","?","$","M","E","R","?","T","R","E","M","M","?","R","B"],"character_chosen":"LUKA_CLASS","items_purchased":["Juzu Bracelet","luka_mod:Ora","luka_mod:Salamander","Lee\u0027s Waffle"],"campfire_rested":1,"item_purchase_floors":[4,4,4,4],"current_hp_per_floor":[40,40,40,47,41,27,27,42,42,42,10,4,4,1,20,0,0],"gold":142,"neow_bonus":"THREE_ENEMY_KILL","is_daily":false,"chose_seed":false,"campfire_upgraded":2,"win_rate":0.0,"timestamp":1610364378,"path_taken":["M","M","?","?","M","E","R","?","T","R","E","M","M","?","R","BOSS"],"items_purchased_type":["Relic","Card","Card","Relic"],"build_version":"2020-12-22","purchased_purges":0,"victory":false,"max_hp_per_floor":[40,40,40,47,47,47,47,47,47,47,49,49,49,49,54,54,54],"card_choices":[{"not_picked":["luka_mod:StressRelief","luka_mod:Overexert"],"picked":"luka_mod:PrayToIlias","floor":1},{"not_picked":["luka_mod:Request","luka_mod:NotVerySharp"],"picked":"luka_mod:BladeOfRagingFire","floor":2},{"not_picked":["luka_mod:IliasesJudgement","luka_mod:Feel"],"picked":"luka_mod:Gnome","floor":5},{"not_picked":["luka_mod:BegIlias","luka_mod:Undine"],"picked":"luka_mod:RestrictedStrike","floor":6},{"not_picked":["luka_mod:Calm","luka_mod:HeroicStrike"],"picked":"luka_mod:WindSlash","floor":11},{"not_picked":["luka_mod:Salamander","luka_mod:ThunderThrust"],"picked":"luka_mod:CriticalHit","floor":12},{"not_picked":["luka_mod:WindSlash","luka_mod:GuardedStrike"],"picked":"luka_mod:Tamamo","floor":13}],"player_experience":1734692,"relics_obtained":[{"floor":6,"key":"Nunchaku"},{"floor":9,"key":"Happy Flower"},{"floor":11,"key":"theForsaken:Kindling"}],"event_choices":[{"damage_healed":0,"gold_gain":0,"player_choice":"Ignored","damage_taken":0,"max_hp_gain":0,"max_hp_loss":0,"event_name":"Golden Wing","floor":3,"gold_loss":0},{"damage_healed":15,"gold_gain":0,"player_choice":"Banana","damage_taken":0,"max_hp_gain":0,"max_hp_loss":0,"event_name":"Big Fish","floor":8,"gold_loss":0},{"damage_healed":0,"gold_gain":0,"player_choice":"Fled","damage_taken":3,"max_hp_gain":0,"max_hp_loss":0,"event_name":"Scrap Ooze","floor":14,"gold_loss":0}],"is_beta":false,"boss_relics":[],"items_purged_floors":[],"is_endless":false,"potions_floor_spawned":[5,6,12,13],"killed_by":"The Guardian","ascension_level":0}}