{"host":"066y5nba5qw19k68","time":1610334624,"event":{"mods":["BaseMod","Colored Powertips","Downfall","Minty Spire (QoL Compilation)","Replay The Spire","Shop Mod","StSLib"],"gold_per_floor":[113,133,153,169,184,211,211,226,226,45,45,45,79,96,96,96,96],"floor_reached":16,"playtime":770,"items_purged":[],"score":125,"play_id":"2023c9c9-d5f5-44fc-8e4f-6485ffb056e0","local_time":"20210111111024","is_ascension_mode":true,"campfire_choices":[{"data":"Eruption","floor":7.0,"key":"SMITH"},{"floor":11.0,"key":"REST"},{"floor":15.0,"key":"DIG"}],"circlet_count":0,"master_deck":["Strike_P","Strike_P","Defend_P","Defend_P","Defend_P","Defend_P","Eruption+1","Vigilance","Fasting2","FlurryOfBlows","Adaptation+1","Wallop"],"relics":["Empty Cage","Oddly Smooth Stone","Quantum Egg","Dream Catcher","Pocketwatch","Strawberry"],"acts_visited":["Exordium"],"potions_floor_usage":[],"damage_taken":[{"damage":12.0,"enemies":"Cultist","floor":1.0,"turns":3.0},{"damage":5.0,"enemies":"2 Louse","floor":2.0,"turns":4.0},{"damage":2.0,"enemies":"Small Slimes","floor":3.0,"turns":4.0},{"damage":5.0,"enemies":"Blue Slaver","floor":4.0,"turns":5.0},{"damage":13.0,"enemies":"2 Fungi Beasts","floor":5.0,"turns":5.0},{"damage":28.0,"enemies":"Replay:BlueRogue","floor":6.0,"turns":5.0},{"damage":1.0,"enemies":"Red Slaver","floor":8.0,"turns":6.0},{"damage":16.0,"enemies":"Gremlin Nob","floor":13.0,"turns":4.0},{"damage":4.0,"enemies":"Exordium Thugs","floor":14.0,"turns":3.0},{"damage":29,"enemies":"The Guardian","floor":16,"turns":9}],"seed_played":"1588712161216524710","potions_obtained":[{"floor":2.0,"key":"hexamod:EctoCoolerPotion"},{"floor":5.0,"key":"LiquidBronze"},{"floor":6.0,"key":"Strength Potion"},{"floor":13.0,"key":"StancePotion"}],"is_trial":false,"path_per_floor":["M","M","M","M","M","E","R","M","T","$","R","?","E","M","R","B"],"character_chosen":"WATCHER","items_purchased":["Adaptation","Dream Catcher"],"campfire_rested":1,"item_purchase_floors":[10,10],"current_hp_per_floor":[60,55,53,48,35,7,7,6,6,6,27,27,11,7,14,0,0],"gold":96,"neow_bonus":"BOSS_RELIC","is_daily":false,"chose_seed":false,"campfire_upgraded":1,"win_rate":0.0,"timestamp":1610334624,"path_taken":["M","M","M","?","M","E","R","M","T","$","R","?","E","M","R","BOSS"],"items_purchased_type":["Card","Relic"],"build_version":"2020-12-22","purchased_purges":0,"victory":false,"max_hp_per_floor":[72,72,72,72,72,72,72,72,72,72,72,72,72,72,79,79,79],"card_choices":[{"not_picked":["EmptyFist","Crescendo","ForeignInfluence"],"picked":"SKIP","floor":1.0},{"not_picked":["Sanctity","Replay:Hum"],"picked":"Fasting2","floor":2.0},{"not_picked":["JustLucky","ThirdEye"],"picked":"FlurryOfBlows","floor":3.0},{"not_picked":["Halt","ForeignInfluence","ReachHeaven"],"picked":"SKIP","floor":4.0},{"not_picked":["EmptyBody","Replay:Battleflow","Halt"],"picked":"SKIP","floor":5.0},{"not_picked":["Replay:ManipulateFuture","Establishment","Halt"],"picked":"SKIP","floor":6.0},{"not_picked":["ThirdEye","Consecrate","Replay:Anticipation"],"picked":"SKIP","floor":8.0},{"not_picked":["Consecrate","MentalFortress"],"picked":"Wallop","floor":13.0},{"not_picked":["Evaluate","WreathOfFlame","Replay:LoomingThreat"],"picked":"SKIP","floor":14.0}],"player_experience":99592,"relics_obtained":[{"floor":6.0,"key":"Oddly Smooth Stone"},{"floor":9.0,"key":"Quantum Egg"},{"floor":13.0,"key":"Pocketwatch"},{"floor":15.0,"key":"Strawberry"}],"event_choices":[{"damage_healed":0.0,"max_hp_gain":0.0,"max_hp_loss":0.0,"gold_gain":0.0,"event_name":"Accursed Blacksmith","player_choice":"Forge","floor":12.0,"gold_loss":0.0,"damage_taken":0.0,"cards_upgraded":["Adaptation"]}],"is_beta":false,"boss_relics":[],"items_purged_floors":[],"is_endless":false,"potions_floor_spawned":[2,5,6,13],"killed_by":"The Guardian","ascension_level":2}}