{"host":"68ypu360vyldwzrz","time":1610394974,"event":{"mods":["Act Like it!","BaseMod","Better Note","Better Third Choice","Better Vampires","BetterRewards","CapriCore","Downfall","Friendly Minions","GifTheSpireLib","Hermit","Hubris","Jorbs\u0027s Wanderer Trilogy","Luminous","Marisa????????","Minty Spire (QoL Compilation)","Quick Restart","Rare Cards Sparkle","Relic Stats","Remilia??????","Shade Mod","Shop Mod","StSLib","Td1madao Mod","The Administrix","The Alterego","The Cursed","The Hierophant","The Immortal","The Necromancer","The Senshi","The Servant 0.9.4","TheVacant","Wandering Minibosses"],"gold_per_floor":[118,118,118,132,146,146,162,176,202,202,202,73,88,35,35,133,133,143,218,62,62,81,114,114,12,12,212,113,113,113,71,71,166,166,176,193,209,229,83,108,126,126,126,126,145,178,178,178,178,178],"floor_reached":51,"playtime":4687,"items_purged":[],"score":813,"play_id":"1afe5db5-ae98-4c90-b682-9def17f8688c","local_time":"20210111135614","is_ascension_mode":false,"campfire_choices":[{"data":"Requiem","floor":6.0,"key":"SMITH"},{"data":"Corrupt","floor":10.0,"key":"SMITH"},{"data":"Negative_Energy_Shield","floor":15.0,"key":"SMITH"},{"data":"Cloudkill","floor":24.0,"key":"SMITH"},{"data":"hubris:DuctTapeCard","floor":30.0,"key":"SMITH"},{"data":"Cloudkill","floor":32.0,"key":"SMITH"},{"data":"Summon_Undead_Army","floor":42,"key":"SMITH"},{"data":"Summon_Undead_Army","floor":44,"key":"SMITH"},{"data":"Detonate_Bones","floor":47,"key":"SMITH"},{"data":"Whirlwind_of_Bones","floor":49,"key":"SMITH"}],"circlet_count":0,"master_deck":["Strike_W","Strike_W","Defend_W","Defend_W","Defend_W","Defend_W","Negative_Energy_Arrows","Bone_Wall","Requiem+1","Negative_Energy_Javelin","Bone_Shift","Death_March_Dance","Negative_Energy_Javelin","Death_Knell+1","Corrupt+1","Stop_Heart+1","Death_March_Dance","Negative_Energy_Javelin","Negative_Energy_Shield+1","Acid_Javelin","Consume_Illness","Blood_Is_Power","Cloudkill+1","Shackles_Of_Pain","Summon_Undead_Army+1","Cloudkill+1","Deep Breath","hubris:DuctTapeCard","Detonate_Bones+1","Negative_Energy_Shield+1","Vampiric_Strike+1","Summon_Vampire_Lady","Negative_Energy_Sphere+1","Flesh_Made_Foul+1","Vampiric_Strike+1","Blood_Curse+1","Scare+1","Grasp_Heart","Summon_Undead_Army+1","Cloudkill","Uncharnel+1","Bone_Prison+1","Acid_Javelin+1","Whirlwind_of_Bones+1"],"relics":["Vampire_Amulet","hubris:Towel","Bronze Scales","hubris:ScarierMask","Membership Card","Unceasing Top","Blood Vial","hubris:DuctTape","hubris:BlackHole","Orrery","hubris:FunFungus","White Beast Statue","War Paint","Lizard Tail"],"acts_visited":["Exordium","TheCity","TheBeyond"],"potions_floor_usage":[33,33,50,50],"damage_taken":[{"damage":0.0,"enemies":"Jaw Worm","floor":1.0,"turns":5.0},{"damage":0.0,"enemies":"Cultist","floor":4.0,"turns":4.0},{"damage":10.0,"enemies":"Small Slimes","floor":5.0,"turns":5.0},{"damage":18.0,"enemies":"Exordium Thugs","floor":7.0,"turns":4.0},{"damage":5.0,"enemies":"Looter","floor":8.0,"turns":3.0},{"damage":0.0,"enemies":"Exordium Wildlife","floor":13.0,"turns":7.0},{"damage":13.0,"enemies":"Hexaghost","floor":16.0,"turns":8.0},{"damage":35.0,"enemies":"Spheric Guardian","floor":18.0,"turns":6.0},{"damage":0.0,"enemies":"3 Byrds","floor":22.0,"turns":2.0},{"damage":2.0,"enemies":"Gremlin Leader","floor":23.0,"turns":8.0},{"damage":74,"enemies":"Champ","floor":33,"turns":9},{"damage":0,"enemies":"3 Darklings","floor":35,"turns":2},{"damage":10,"enemies":"3 Shapes","floor":36,"turns":2},{"damage":3,"enemies":"Jaw Worm Horde","floor":37,"turns":2},{"damage":52,"enemies":"Transient","floor":38,"turns":8},{"damage":4,"enemies":"Giant Head","floor":40,"turns":5},{"damage":2,"enemies":"Writhing Mass","floor":41,"turns":3},{"damage":2,"enemies":"Maw","floor":45,"turns":5},{"damage":4,"enemies":"Nemesis","floor":46,"turns":1},{"damage":32,"enemies":"hubris:GrandSnecko","floor":50,"turns":7}],"seed_played":"-5429719221571545097","potions_obtained":[{"floor":5.0,"key":"GamblersBrew"},{"floor":23.0,"key":"SteroidPotion"},{"floor":33,"key":"Fruit Juice"},{"floor":37,"key":"Dexterity Potion"},{"floor":41,"key":"LiquidMemories"},{"floor":45,"key":"AttackPotion"},{"floor":46,"key":"Fire Potion"}],"is_trial":false,"path_per_floor":["M","?","?","M","M","R","M","M","T","R","?","$","M","$","R","B",null,"M","?","$","?","M","E","R","$","T","?","$","?","R","$","R","B",null,"M","M","M","M","$","E","M","R","T","R","M","E","R","?","R","B",null],"character_chosen":"NECROMANCER","items_purchased":["Stop_Heart","Death_March_Dance","Negative_Energy_Shield","Membership Card","Blood Vial","Shackles_Of_Pain","Summon_Undead_Army","Cloudkill","Deep Breath","Orrery","Summon_Undead_Army","Cloudkill"],"campfire_rested":0,"item_purchase_floors":[12,12,14,20,25,25,28,28,31,39,39,39],"current_hp_per_floor":[75,75,75,75,65,65,51,48,48,48,48,48,52,52,52,41,75,48,41,41,41,45,75,75,75,75,75,75,75,75,75,75,11,80,80,74,78,50,50,77,80,80,80,80,80,78,78,78,78,80],"gold":178,"neow_bonus":"ONE_RANDOM_RARE_CARD","is_daily":false,"chose_seed":false,"campfire_upgraded":10,"win_rate":0.0,"timestamp":1610394974,"path_taken":["M","?","?","?","M","R","M","M","T","R","?","$","M","?","R","BOSS","M","?","$","?","M","E","R","$","T","?","$","?","R","?","R","BOSS","M","?","M","M","$","E","M","R","T","R","?","E","R","?","R","BOSS"],"items_purchased_type":["Card","Card","Card","Relic","Relic","Card","Card","Card","Card","Relic","Card","Card"],"build_version":"2020-12-22","purchased_purges":0,"victory":true,"max_hp_per_floor":[75,75,75,75,75,75,75,75,75,75,75,75,75,75,75,75,75,75,75,75,75,75,75,75,75,75,75,75,75,75,75,75,80,80,80,80,80,80,80,80,80,80,80,80,80,80,80,80,80,80],"relic_stats":{"Blood Vial":10,"Lizard Tail":0,"counters":[20,96],"Bronze Scales":[199],"War Paint":["Stop_Heart","Negative_Energy_Shield"],"obtain_stats":[{"hubris:DuctTape":26,"hubris:Towel":2,"War Paint":46,"White Beast Statue":43,"Blood Vial":25,"hubris:BlackHole":34,"Lizard Tail":48,"Bronze Scales":9,"hubris:ScarierMask":17,"Orrery":39,"Vampire_Amulet":0,"hubris:FunFungus":40,"Membership Card":20,"Unceasing Top":23},{"hubris:DuctTape":10,"hubris:Towel":1,"War Paint":19,"White Beast Statue":17,"Blood Vial":10,"hubris:BlackHole":11,"Lizard Tail":19,"Bronze Scales":5,"hubris:ScarierMask":7,"Orrery":15,"Vampire_Amulet":0,"hubris:FunFungus":16,"Membership Card":8,"Unceasing Top":10},{"hubris:DuctTape":52,"hubris:Towel":5,"War Paint":89,"White Beast Statue":83,"Blood Vial":52,"hubris:BlackHole":61,"Lizard Tail":89,"Bronze Scales":21,"hubris:ScarierMask":36,"Orrery":75,"Vampire_Amulet":0,"hubris:FunFungus":80,"Membership Card":42,"Unceasing Top":52}],"Unceasing Top":[104]},"card_choices":[{"not_picked":["Necromantic_Selection","Consume_Illness"],"picked":"Negative_Energy_Javelin","floor":1.0},{"not_picked":["Epidemic","Thousand_Bone_Knives"],"picked":"Death_March_Dance","floor":4.0},{"not_picked":["Bone_Bullets","Epidemic"],"picked":"Negative_Energy_Javelin","floor":5.0},{"not_picked":["Blood_Curse","Finger_Of_Death"],"picked":"Death_Knell","floor":7.0},{"not_picked":["Blood_Curse","Blood_Whip"],"picked":"Corrupt","floor":8.0},{"not_picked":["Necromantic_Selection","Bones_to_Steel"],"picked":"Negative_Energy_Javelin","floor":13.0},{"not_picked":["Requiem","Blood_Wake"],"picked":"Summon_Vampire_Lady","floor":16.0},{"not_picked":["Violent_Necrosis","Stop_Heart"],"picked":"Acid_Javelin","floor":18.0},{"not_picked":["Bone_Spikes","Negative_Energy_Javelin"],"picked":"Blood_Is_Power","floor":22.0},{"not_picked":["Death_Coil","Bones_to_Steel"],"picked":"Cloudkill","floor":23.0},{"not_picked":["Blood_Wake","Negative_Energy_Bomb"],"picked":"Detonate_Bones","floor":33},{"not_picked":["Exploit","Bone_Armor+1"],"picked":"Negative_Energy_Shield","floor":35},{"not_picked":["Blood_Shield","Exploit+1"],"picked":"Vampiric_Strike+1","floor":36},{"not_picked":["Finger_Of_Death+1","Death_March_Dance"],"picked":"Summon_Vampire_Lady","floor":37},{"not_picked":["Bone_Shift+1","Siphon_Strength"],"picked":"Negative_Energy_Sphere+1","floor":38},{"not_picked":["Death_March_Dance+1","Blood_Is_Power+1"],"picked":"Flesh_Made_Foul+1","floor":39},{"not_picked":["Death_March_Dance+1","Requiem"],"picked":"Vampiric_Strike+1","floor":39},{"not_picked":["Bone_Armor+1","Detonate_Bones"],"picked":"Blood_Curse+1","floor":39},{"not_picked":["Blood_Whip+1","Bone_Armor"],"picked":"Scare+1","floor":39},{"not_picked":["Life_Tap+1","Epidemic"],"picked":"Grasp_Heart","floor":39},{"not_picked":["Death_Coil+1","Thousand_Bone_Knives"],"picked":"Uncharnel+1","floor":40},{"not_picked":["Shade_Step","Chill_Blood"],"picked":"Bone_Prison+1","floor":41},{"not_picked":["Spectral_Walk","Bones_to_Steel"],"picked":"Acid_Javelin+1","floor":45},{"not_picked":["Negative_Energy_Mist","Epidemic+1"],"picked":"Whirlwind_of_Bones","floor":46}],"player_experience":378596,"relics_obtained":[{"floor":9.0,"key":"Bronze Scales"},{"floor":23.0,"key":"Unceasing Top"},{"floor":26.0,"key":"hubris:DuctTape"},{"floor":40,"key":"hubris:FunFungus"},{"floor":43,"key":"White Beast Statue"},{"floor":46,"key":"War Paint"}],"event_choices":[{"damage_healed":0.0,"max_hp_gain":0.0,"max_hp_loss":0.0,"gold_gain":0.0,"cards_transformed":["Strike_W"],"event_name":"Transmorgrifier","player_choice":"Transformed","floor":3.0,"gold_loss":0.0,"damage_taken":0.0,"cards_obtained":["Bone_Shift"]},{"damage_healed":0.0,"max_hp_gain":0.0,"max_hp_loss":0.0,"gold_gain":0.0,"event_name":"Upgrade Shrine","player_choice":"Upgraded","floor":11.0,"gold_loss":0.0,"damage_taken":0.0,"cards_upgraded":["Death_Knell"]},{"damage_healed":0.0,"max_hp_gain":0.0,"max_hp_loss":0.0,"gold_gain":75.0,"event_name":"FaceTrader","player_choice":"Touch","floor":19.0,"gold_loss":0.0,"damage_taken":7.0},{"damage_healed":0.0,"max_hp_gain":0.0,"max_hp_loss":0.0,"gold_gain":0.0,"cards_transformed":["Strike_W"],"event_name":"Transmorgrifier","player_choice":"Transformed","floor":21.0,"gold_loss":0.0,"damage_taken":0.0,"cards_obtained":["Consume_Illness"]},{"damage_healed":0.0,"max_hp_gain":0.0,"max_hp_loss":0.0,"gold_gain":200.0,"event_name":"Wheel of Change","player_choice":"Gold","floor":27.0,"gold_loss":0.0,"damage_taken":0.0},{"damage_healed":0.0,"max_hp_gain":0.0,"max_hp_loss":0.0,"gold_gain":0.0,"event_name":"Ghosts","player_choice":"Ignored","floor":29.0,"gold_loss":0.0,"damage_taken":0.0},{"damage_healed":0,"gold_gain":0,"player_choice":"Gave Potion","damage_taken":0,"relics_obtained":["Lizard Tail"],"max_hp_gain":0,"max_hp_loss":0,"event_name":"WeMeetAgain","floor":48,"gold_loss":0}],"is_beta":false,"boss_relics":[{"not_picked":["hubris:VirtuousBlindfold","hubris:CrackedHourglass"],"picked":"hubris:ScarierMask"},{"not_picked":["Velvet Choker","Astrolabe"],"picked":"hubris:BlackHole"}],"items_purged_floors":[],"is_endless":false,"potions_floor_spawned":[5,23,33,37,41,45,46],"ascension_level":0}}