{"host":"u7lm8z2rvb4dg2oo","time":1610339439,"event":{"mods":["AchievementEnabler","BaseMod","Colored Map","Colored Powertips","Curses Come First","Googly Eyes","Highlight Path","Minty Spire (QoL Compilation)","Quick Restart","StSLib"],"gold_per_floor":[114,37,2,2,2,27,40,40,40,74,145,161,161,171,171,266,266,284,209,224,204,220,249,249,277,304,74,74,90,109,120,120,216,216,231,241,256,107,120,120,139,151,151,151,180,180,180,215,215,215],"floor_reached":51,"playtime":3634,"items_purged":["Strike_G","Strike_G"],"score":757,"play_id":"7fc6a222-e55a-434f-b5cf-cd9378ad93ff","local_time":"20210110233039","is_ascension_mode":false,"campfire_choices":[{"data":"Accuracy","floor":13.0,"key":"SMITH"},{"data":"Blade Dance","floor":15.0,"key":"SMITH"},{"data":"Cloak And Dagger","floor":24.0,"key":"SMITH"},{"data":"Terror","floor":32.0,"key":"SMITH"},{"data":"Finisher","floor":40.0,"key":"SMITH"},{"data":"Envenom","floor":44,"key":"SMITH"},{"data":"Footwork","floor":46,"key":"SMITH"},{"floor":49,"key":"REST"}],"circlet_count":0,"master_deck":["Strike_G","Defend_G","Defend_G","Defend_G","Defend_G","Defend_G","Survivor","Neutralize","Crippling Poison","Footwork+1","Masterful Stab","Masterful Stab","Blade Dance+1","Accuracy+1","Finisher+1","After Image","Cloak And Dagger+1","Backstab","Terror+1","Blade Dance+1","Blade Dance","Envenom+1","PiercingWail","Accuracy+1"],"relics":["Ring of the Snake","NeowsBlessing","Pantograph","Blue Candle","Peace Pipe","Bottled Lightning","Philosopher\u0027s Stone","Art of War","Anchor","Strawberry","Medical Kit","MutagenicStrength","Runic Pyramid","Prayer Wheel","Akabeko","Juzu Bracelet"],"acts_visited":["Exordium","TheCity","TheBeyond"],"potions_floor_usage":[42,42,50],"damage_taken":[{"damage":0.0,"enemies":"Jaw Worm","floor":1.0,"turns":1.0},{"damage":0.0,"enemies":"Lagavulin","floor":6.0,"turns":1.0},{"damage":0.0,"enemies":"Small Slimes","floor":7.0,"turns":1.0},{"damage":1.0,"enemies":"Gremlin Nob","floor":10.0,"turns":4.0},{"damage":0.0,"enemies":"2 Louse","floor":12.0,"turns":1.0},{"damage":0.0,"enemies":"Large Slime","floor":14.0,"turns":4.0},{"damage":43.0,"enemies":"Hexaghost","floor":16.0,"turns":10.0},{"damage":0.0,"enemies":"Spheric Guardian","floor":18.0,"turns":3.0},{"damage":1.0,"enemies":"Chosen","floor":20.0,"turns":6.0},{"damage":0.0,"enemies":"Centurion and Healer","floor":22.0,"turns":7.0},{"damage":6.0,"enemies":"Book of Stabbing","floor":23.0,"turns":3.0},{"damage":3.0,"enemies":"Gremlin Leader","floor":25.0,"turns":4.0},{"damage":3.0,"enemies":"Chosen and Byrds","floor":29.0,"turns":3.0},{"damage":13.0,"enemies":"Snake Plant","floor":30.0,"turns":4.0},{"damage":0.0,"enemies":"3 Cultists","floor":31.0,"turns":4.0},{"damage":41.0,"enemies":"Champ","floor":33.0,"turns":8.0},{"damage":6.0,"enemies":"3 Shapes","floor":35.0,"turns":3.0},{"damage":0.0,"enemies":"3 Darklings","floor":36.0,"turns":4.0},{"damage":6.0,"enemies":"Spire Growth","floor":37.0,"turns":3.0},{"damage":4.0,"enemies":"Maw","floor":39.0,"turns":5.0},{"damage":0.0,"enemies":"4 Shapes","floor":41.0,"turns":5.0},{"damage":11,"enemies":"Writhing Mass","floor":42,"turns":5},{"damage":0,"enemies":"Reptomancer","floor":45,"turns":5},{"damage":18,"enemies":"Nemesis","floor":48,"turns":3},{"damage":16,"enemies":"Time Eater","floor":50,"turns":4}],"seed_played":"-3906346288470992830","potions_obtained":[{"floor":1.0,"key":"Block Potion"},{"floor":14.0,"key":"AttackPotion"},{"floor":16.0,"key":"Swift Potion"},{"floor":18.0,"key":"FearPotion"},{"floor":20.0,"key":"AttackPotion"},{"floor":21.0,"key":"Weak Potion"},{"floor":25.0,"key":"AttackPotion"},{"floor":30.0,"key":"PowerPotion"},{"floor":35.0,"key":"CunningPotion"},{"floor":36.0,"key":"Explosive Potion"},{"floor":37.0,"key":"Regen Potion"},{"floor":45,"key":"Poison Potion"},{"floor":48,"key":"SteroidPotion"}],"is_trial":false,"path_per_floor":["M","$","?","?","?","E","M","?","T","E","T","M","R","M","R","B",null,"M","$","M","?","M","E","R","E","T","$","?","M","M","M","R","B",null,"M","M","M","$","M","R","M","M","T","R","E","R","?","E","R","B",null],"character_chosen":"THE_SILENT","items_purchased":["Footwork","Terror","Medical Kit","PiercingWail"],"campfire_rested":1,"item_purchase_floors":[2,27,27,38],"current_hp_per_floor":[70,70,70,75,68,68,68,68,68,67,67,67,67,67,67,32,75,75,75,74,74,74,68,68,65,72,72,72,69,56,56,56,40,82,76,76,70,70,78,78,78,67,67,67,67,67,67,49,73,66],"gold":215,"neow_bonus":"THREE_ENEMY_KILL","is_daily":false,"chose_seed":false,"campfire_upgraded":7,"win_rate":0.0,"timestamp":1610339439,"path_taken":["M","$","?","?","?","E","M","?","T","E","?","M","R","M","R","BOSS","M","$","M","?","M","E","R","E","T","?","?","?","M","M","R","BOSS","M","M","M","$","M","R","M","M","T","R","E","R","?","E","R","BOSS"],"items_purchased_type":["Card","Card","Relic","Card"],"build_version":"2020-12-22","purchased_purges":2,"victory":true,"max_hp_per_floor":[70,70,70,75,75,75,75,75,75,75,75,75,75,75,75,75,75,75,75,75,75,75,75,75,75,82,82,82,82,82,82,82,82,82,82,82,82,82,82,82,82,82,82,82,82,82,82,82,82,82],"card_choices":[{"not_picked":["Sucker Punch","Flying Knee"],"picked":"Crippling Poison","floor":1.0},{"not_picked":["Choke","Dodge and Roll","Blade Dance"],"picked":"SKIP","floor":6.0},{"not_picked":["PiercingWail","Blur"],"picked":"Masterful Stab","floor":7.0},{"not_picked":["Calculated Gamble","Quick Slash"],"picked":"Blade Dance","floor":10.0},{"not_picked":["Dagger Spray","Skewer"],"picked":"Accuracy","floor":12.0},{"not_picked":["Outmaneuver","Dagger Throw"],"picked":"Finisher","floor":14.0},{"not_picked":["Wraith Form v2","Tools of the Trade"],"picked":"After Image","floor":16.0},{"not_picked":["Blur","Leg Sweep"],"picked":"Cloak And Dagger","floor":18.0},{"not_picked":["Infinite Blades","Blur"],"picked":"Backstab","floor":20.0},{"not_picked":["Dagger Spray","Eviscerate+1","Skewer"],"picked":"SKIP","floor":22.0},{"not_picked":["Heel Hook","Outmaneuver"],"picked":"Blade Dance","floor":23.0},{"not_picked":["Skewer","Deflect","Noxious Fumes"],"picked":"SKIP","floor":25.0},{"not_picked":["Setup","PiercingWail"],"picked":"Blade Dance+1","floor":29.0},{"not_picked":["Sucker Punch+1","Dodge and Roll"],"picked":"Blade Dance","floor":30.0},{"not_picked":["Sucker Punch","Bane+1","Dagger Throw+1"],"picked":"SKIP","floor":31.0},{"not_picked":["Venomology","Die Die Die"],"picked":"Envenom","floor":33.0},{"not_picked":["Dodge and Roll+1","Poisoned Stab+1","Flying Knee"],"picked":"SKIP","floor":35.0},{"not_picked":["Quick Slash+1","Dash","Escape Plan"],"picked":"SKIP","floor":36.0},{"not_picked":["Riddle With Holes","Dodge and Roll+1","Outmaneuver"],"picked":"SKIP","floor":37.0},{"not_picked":["Bane","Well Laid Plans","Skewer"],"picked":"SKIP","floor":39.0},{"not_picked":["All Out Attack+1","Deadly Poison+1","Backflip+1"],"picked":"SKIP","floor":41.0},{"not_picked":["Footwork+1","Backflip","Sucker Punch+1"],"picked":"SKIP","floor":42},{"not_picked":["Footwork","Corpse Explosion","Die Die Die"],"picked":"SKIP","floor":45},{"not_picked":["Skewer+1","Backstab+1"],"picked":"Accuracy+1","floor":48}],"player_experience":933662,"relics_obtained":[{"floor":6.0,"key":"Pantograph"},{"floor":9.0,"key":"Blue Candle"},{"floor":10.0,"key":"Peace Pipe"},{"floor":11.0,"key":"Bottled Lightning"},{"floor":23.0,"key":"Art of War"},{"floor":25.0,"key":"Anchor"},{"floor":26.0,"key":"Strawberry"},{"floor":43,"key":"Prayer Wheel"},{"floor":45,"key":"Akabeko"},{"floor":48,"key":"Juzu Bracelet"}],"event_choices":[{"damage_healed":17.0,"max_hp_gain":0.0,"max_hp_loss":0.0,"gold_gain":0.0,"event_name":"The Cleric","player_choice":"Healed","floor":3.0,"gold_loss":35.0,"damage_taken":0.0},{"damage_healed":0.0,"max_hp_gain":5.0,"max_hp_loss":0.0,"gold_gain":0.0,"event_name":"Big Fish","player_choice":"Donut","floor":4.0,"gold_loss":0.0,"damage_taken":0.0},{"cards_removed":["Strike_G"],"damage_healed":0.0,"max_hp_gain":0.0,"max_hp_loss":0.0,"gold_gain":0.0,"event_name":"Golden Wing","player_choice":"Card Removal","floor":5.0,"gold_loss":0.0,"damage_taken":7.0},{"damage_healed":0.0,"max_hp_gain":0.0,"max_hp_loss":0.0,"gold_gain":0.0,"cards_transformed":["Strike_G"],"event_name":"Living Wall","player_choice":"Change","floor":8.0,"gold_loss":0.0,"damage_taken":0.0,"cards_obtained":["Masterful Stab"]},{"damage_healed":0.0,"max_hp_gain":0.0,"max_hp_loss":0.0,"gold_gain":0.0,"event_name":"The Woman in Blue","player_choice":"Bought 1 Potion","floor":21.0,"gold_loss":0.0,"damage_taken":0.0},{"damage_healed":0.0,"max_hp_gain":0.0,"max_hp_loss":0.0,"gold_gain":0.0,"event_name":"Drug Dealer","player_choice":"Inject Mutagens","floor":28.0,"gold_loss":0.0,"damage_taken":0.0,"relics_obtained":["MutagenicStrength"]},{"cards_removed":["Blade Dance"],"damage_healed":0,"gold_gain":0,"player_choice":"Removed Skill","damage_taken":0,"max_hp_gain":0,"max_hp_loss":0,"event_name":"Falling","floor":47,"gold_loss":0}],"is_beta":false,"boss_relics":[{"not_picked":["Ring of the Serpent","Ectoplasm"],"picked":"Philosopher\u0027s Stone"},{"not_picked":["Cursed Key","Empty Cage"],"picked":"Runic Pyramid"}],"items_purged_floors":[19,38],"is_endless":false,"potions_floor_spawned":[1,14,16,18,20,25,30,35,36,37,45,48],"ascension_level":0}}