{"host":"dwppbb1tkuy5qbmv","time":1610371105,"event":{"mods":["AchievementEnabler","BaseMod","Better Third Choice","BetterRewards","Minty Spire (QoL Compilation)","Shop Mod","StSLib","UnlockEverythingMod"],"gold_per_floor":[115,130,140,157,167,167,167,167,167,180,180,198,198,72,72,146,146,162,176,187,204,214,224,242,262,287,287,298,313,323,341,341,412,462,478,478,242,297,22,22,22,22,70,82,121,133,159,200,212,224,236],"floor_reached":52,"playtime":4981,"items_purged":["Regret"],"score":2124,"play_id":"aceaba55-e58c-4683-bc29-112b0f072126","local_time":"20210111211825","daily_mods":["SealedDeck","Specialized","Vintage","Heirloom","Time Dilation","Flight","DeadlyEvents","Elite Swarm","Night Terrors","Binary"],"is_ascension_mode":true,"campfire_choices":[{"data":"Concentrate","floor":6.0,"key":"SMITH"},{"data":"Acrobatics","floor":7.0,"key":"SMITH"},{"data":"Infinite Blades","floor":8.0,"key":"SMITH"},{"data":"Prepared","floor":13.0,"key":"SMITH"},{"data":"Prepared","floor":15.0,"key":"SMITH"},{"floor":27,"key":"REST"},{"floor":32,"key":"RECALL"},{"data":"Acrobatics","floor":40,"key":"SMITH"},{"data":"Deflect","floor":41,"key":"SMITH"},{"data":"Reflex","floor":42,"key":"SMITH"},{"data":"Escape Plan","floor":44,"key":"SMITH"},{"data":"1","floor":49,"key":"LIFT"}],"circlet_count":0,"master_deck":["AscendersBane","Dagger Spray","Dagger Spray","Dagger Spray+1","Dagger Spray","Dagger Spray","Prepared+1","Prepared+1","Outmaneuver","Infinite Blades+1","Cloak And Dagger","Escape Plan+1","Acrobatics+1","Escape Plan","Concentrate+1","Reflex+1","Backflip","Acrobatics+1","Deflect+1"],"relics":["Unceasing Top","Busted Crown","Turnip","PreservedInsect","Bottled Lightning","Ice Cream","Centennial Puzzle","Blue Candle","Pen Nib","Pantograph","MerchantsRug","HoveringKite","CeramicFish","Vajra","Snake Skull","Bottled Flame","Tiny Chest","Akabeko","Letter Opener","Girya","Mummified Hand","Matryoshka","Tingsha","The Courier","Kunai","Ornamental Fan","Gambling Chip","Thread and Needle","MawBank","Ancient Tea Set","The Specimen","Omamori","Paper Crane","InkBottle","Question Card"],"acts_visited":["Exordium","TheCity","TheBeyond"],"potions_floor_usage":[23,50],"damage_taken":[{"damage":0.0,"enemies":"Small Slimes","floor":1.0,"turns":2.0},{"damage":6.0,"enemies":"Jaw Worm","floor":2.0,"turns":3.0},{"damage":1.0,"enemies":"2 Louse","floor":3.0,"turns":2.0},{"damage":4.0,"enemies":"Blue Slaver","floor":4.0,"turns":2.0},{"damage":5.0,"enemies":"Red Slaver","floor":5.0,"turns":2.0},{"damage":0.0,"enemies":"3 Louse","floor":10.0,"turns":1.0},{"damage":0.0,"enemies":"Large Slime","floor":12.0,"turns":2.0},{"damage":24.0,"enemies":"Hexaghost","floor":16.0,"turns":3.0},{"damage":2,"enemies":"Spheric Guardian","floor":18,"turns":3},{"damage":13,"enemies":"2 Thieves","floor":19,"turns":2},{"damage":0,"enemies":"Cultist and Chosen","floor":20,"turns":2},{"damage":17,"enemies":"Centurion and Healer","floor":21,"turns":2},{"damage":0,"enemies":"3 Cultists","floor":22,"turns":2},{"damage":0,"enemies":"Sentry and Sphere","floor":23,"turns":3},{"damage":0,"enemies":"Chosen and Byrds","floor":24,"turns":2},{"damage":1,"enemies":"Centurion and Healer","floor":25,"turns":1},{"damage":0,"enemies":"Cultist and Chosen","floor":28,"turns":2},{"damage":0,"enemies":"Snake Plant","floor":29,"turns":1},{"damage":0,"enemies":"Chosen and Byrds","floor":30,"turns":1},{"damage":0,"enemies":"Shelled Parasite and Fungi","floor":31,"turns":1},{"damage":22,"enemies":"Collector","floor":33,"turns":4},{"damage":0,"enemies":"3 Darklings","floor":35,"turns":1},{"damage":0,"enemies":"2 Orb Walkers","floor":38,"turns":1},{"damage":0,"enemies":"Nemesis","floor":45,"turns":2},{"damage":0,"enemies":"3 Shapes","floor":47,"turns":1},{"damage":1,"enemies":"Giant Head","floor":48,"turns":1},{"damage":0,"enemies":"Awakened One","floor":50,"turns":2},{"damage":21,"enemies":"Time Eater","floor":51,"turns":9}],"seed_played":"-2252041202599442338","potions_obtained":[{"floor":1.0,"key":"BlessingOfTheForge"},{"floor":3.0,"key":"DistilledChaos"},{"floor":19,"key":"Block Potion"},{"floor":20,"key":"SteroidPotion"},{"floor":24,"key":"EssenceOfSteel"},{"floor":25,"key":"SkillPotion"},{"floor":33,"key":"CunningPotion"},{"floor":34,"key":"Strength Potion"},{"floor":47,"key":"SteroidPotion"}],"is_trial":true,"path_per_floor":["M","M","M","M","M","R","R","R","T","M","?","M","R","$","R","B",null,"M","M","M","M","M","M","M","M","T","R","M","M","M","M","R","B",null,"M","?","$","?","$","R","R","R","T","R","E","T","M","E","R","B","B",null],"character_chosen":"THE_SILENT","items_purchased":["MerchantsRug","Ornamental Fan","Backflip","Acrobatics","Deflect","Thread and Needle"],"campfire_rested":1,"item_purchase_floors":[14,37,37,37,37,39],"current_hp_per_floor":[59,53,52,48,43,43,43,43,43,43,50,50,50,50,50,49,67,65,52,52,35,35,35,35,34,34,68,68,68,68,68,68,46,68,68,58,58,58,58,58,58,58,58,58,58,58,58,57,57,73,52],"gold":248,"neow_bonus":"","is_daily":false,"chose_seed":false,"campfire_upgraded":9,"win_rate":0.0,"timestamp":1610371105,"path_taken":["M","M","M","M","M","R","R","R","T","M","?","M","R","$","R","BOSS","M","M","M","M","M","M","M","M","T","R","M","M","M","M","R","BOSS","M","?","$","?","$","R","R","R","T","R","?","?","M","E","R","BOSS","BOSS"],"items_purchased_type":["Relic","Relic","Card","Card","Card","Relic"],"build_version":"2020-12-22","purchased_purges":1,"victory":true,"max_hp_per_floor":[66,66,66,66,66,66,66,66,66,66,73,73,73,73,73,73,73,73,73,73,73,73,73,73,73,73,68,68,68,68,68,68,68,73,73,73,73,73,73,73,73,73,73,73,73,73,73,73,73,73,73],"card_choices":[],"player_experience":107376,"relics_obtained":[{"floor":1.0,"key":"PreservedInsect"},{"floor":2.0,"key":"Bottled Lightning"},{"floor":3.0,"key":"Ice Cream"},{"floor":4.0,"key":"Centennial Puzzle"},{"floor":5.0,"key":"Blue Candle"},{"floor":9.0,"key":"Pen Nib"},{"floor":10.0,"key":"Pantograph"},{"floor":12.0,"key":"Dream Catcher"},{"floor":18,"key":"CeramicFish"},{"floor":19,"key":"Vajra"},{"floor":20,"key":"Snake Skull"},{"floor":21,"key":"Bottled Flame"},{"floor":22,"key":"Tiny Chest"},{"floor":23,"key":"Akabeko"},{"floor":24,"key":"Letter Opener"},{"floor":25,"key":"Girya"},{"floor":28,"key":"Mummified Hand"},{"floor":29,"key":"Matryoshka"},{"floor":30,"key":"Tingsha"},{"floor":31,"key":"The Courier"},{"floor":35,"key":"Kunai"},{"floor":38,"key":"Gambling Chip"},{"floor":43,"key":"MawBank"},{"floor":43,"key":"Ancient Tea Set"},{"floor":45,"key":"The Specimen"},{"floor":46,"key":"Omamori"},{"floor":46,"key":"Paper Crane"},{"floor":47,"key":"InkBottle"},{"floor":48,"key":"Question Card"}],"event_choices":[{"damage_healed":0.0,"max_hp_gain":0.0,"max_hp_loss":0.0,"gold_gain":0.0,"event_name":"Big Fish","player_choice":"Box","floor":11.0,"gold_loss":0.0,"damage_taken":0.0,"relics_obtained":["Strawberry"],"cards_obtained":["Regret"]},{"damage_healed":0,"gold_gain":0,"player_choice":"Memory 3","damage_taken":10,"max_hp_gain":0,"max_hp_loss":0,"event_name":"SensoryStone","floor":36,"gold_loss":0},{"damage_healed":0,"gold_gain":0,"player_choice":"Fight","damage_taken":0,"max_hp_gain":0,"max_hp_loss":0,"event_name":"Mysterious Sphere","floor":38,"gold_loss":0}],"is_beta":false,"boss_relics":[{"not_picked":["Philosopher\u0027s Stone","Empty Cage"],"picked":"HoveringKite"},{"not_picked":["Velvet Choker","Cursed Key"],"picked":"Tiny House"}],"items_purged_floors":[37],"is_endless":false,"potions_floor_spawned":[1,3,12,19,20,24,25,28,33,35,47],"ascension_level":20}}