{"host":"khm4we1ijduz33xh","time":1610382356,"event":{"mods":["AchievementEnabler","BaseMod","Colored Map","Minty Spire (QoL Compilation)","Rare Cards Sparkle","StSLib","SuperFastMode"],"gold_per_floor":[113,133,146,158,233,233,268,285,310,310,345,295,295,316,316,427,427,454,463,491,16,36,36,36,61,61,61,100,116,116,138,138,249,249,268,168,182,27,51,51,64,99,99,99,38,50,62,62,62,62,62],"floor_reached":50,"playtime":2143,"items_purged":["Writhe","Strike_R","Strike_R"],"score":604,"play_id":"1a4a2ff1-64b7-49c3-be85-849c5e95bea2","local_time":"20210112012556","is_ascension_mode":true,"campfire_choices":[{"data":"True Grit","floor":6.0,"key":"SMITH"},{"data":"Uppercut","floor":10.0,"key":"SMITH"},{"floor":15.0,"key":"REST"},{"data":"Rupture","floor":23.0,"key":"SMITH"},{"floor":27.0,"key":"REST"},{"floor":30.0,"key":"REST"},{"data":"Berserk","floor":32.0,"key":"SMITH"},{"floor":40.0,"key":"REST"},{"floor":44.0,"key":"RECALL"},{"floor":49,"key":"REST"}],"circlet_count":0,"master_deck":["Strike_R+1","Strike_R+1","Defend_R+1","Defend_R+1","Defend_R+1","Defend_R+1","Bash+1","Rage+1","Uppercut+1","True Grit+1","Shrug It Off+1","Headbutt+1","Flex+1","Hemokinesis+1","Inflame+1","Reaper+1","Rupture+1","Flex+1","Inflame+1","Berserk+1","Pommel Strike+1","Limit Break+1","Inflame+1","Dark Embrace+1","Heavy Blade+1","Exhume+1"],"relics":["Black Blood","NeowsBlessing","Happy Flower","CeramicFish","Boot","Bag of Marbles","Medical Kit","HornCleat","Pantograph","Pocketwatch","Letter Opener","Omamori","Fusion Hammer","Nunchaku","Molten Egg 2","Mark of the Bloom"],"acts_visited":["Exordium","TheCity","TheBeyond"],"potions_floor_usage":[50],"damage_taken":[{"damage":0.0,"enemies":"Small Slimes","floor":1.0,"turns":1.0},{"damage":0.0,"enemies":"Jaw Worm","floor":2.0,"turns":1.0},{"damage":0.0,"enemies":"Cultist","floor":3.0,"turns":1.0},{"damage":0.0,"enemies":"Lots of Slimes","floor":4.0,"turns":5.0},{"damage":22.0,"enemies":"3 Sentries","floor":7.0,"turns":14.0},{"damage":0.0,"enemies":"Red Slaver","floor":8.0,"turns":3.0},{"damage":11.0,"enemies":"Lagavulin","floor":11.0,"turns":6.0},{"damage":0.0,"enemies":"Looter","floor":14.0,"turns":3.0},{"damage":44.0,"enemies":"Hexaghost","floor":16.0,"turns":10.0},{"damage":8.0,"enemies":"Chosen","floor":18.0,"turns":4.0},{"damage":26.0,"enemies":"Spheric Guardian","floor":20.0,"turns":4.0},{"damage":42.0,"enemies":"Centurion and Healer","floor":22.0,"turns":7.0},{"damage":78.0,"enemies":"Book of Stabbing","floor":25.0,"turns":7.0},{"damage":58.0,"enemies":"Slavers","floor":28.0,"turns":5.0},{"damage":33.0,"enemies":"Snake Plant","floor":29.0,"turns":4.0},{"damage":31.0,"enemies":"3 Cultists","floor":31.0,"turns":5.0},{"damage":60.0,"enemies":"Automaton","floor":33.0,"turns":10.0},{"damage":21.0,"enemies":"3 Shapes","floor":35.0,"turns":6.0},{"damage":11.0,"enemies":"Orb Walker","floor":37.0,"turns":3.0},{"damage":38.0,"enemies":"4 Shapes","floor":39.0,"turns":7.0},{"damage":38.0,"enemies":"Spire Growth","floor":41.0,"turns":4.0},{"damage":36.0,"enemies":"Nemesis","floor":42.0,"turns":5.0},{"damage":25.0,"enemies":"Transient","floor":46.0,"turns":5.0},{"damage":33,"enemies":"Sphere and 2 Shapes","floor":47,"turns":7},{"damage":70,"enemies":"Time Eater","floor":50,"turns":4}],"seed_played":"-1702857651306575599","potions_obtained":[{"floor":3.0,"key":"EntropicBrew"},{"floor":4.0,"key":"PowerPotion"},{"floor":7.0,"key":"AttackPotion"},{"floor":8.0,"key":"FairyPotion"},{"floor":11.0,"key":"FairyPotion"},{"floor":28.0,"key":"BloodPotion"},{"floor":31.0,"key":"Block Potion"},{"floor":33.0,"key":"BloodPotion"},{"floor":35.0,"key":"Weak Potion"},{"floor":42.0,"key":"Weak Potion"},{"floor":46.0,"key":"DuplicationPotion"}],"is_trial":false,"path_per_floor":["M","M","M","M","?","R","E","M","T","R","E","?","?","M","R","B",null,"M","?","M","$","M","R","?","E","T","R","E","M","R","M","R","B",null,"M","$","M","$","M","R","M","E","T","R","$","M","M","?","R","B"],"character_chosen":"IRONCLAD","items_purchased":["Medical Kit","HornCleat","Inflame","Exhume"],"campfire_rested":5,"item_purchase_floors":[21,21,38,45],"current_hp_per_floor":[80,80,80,80,69,69,53,59,59,59,54,54,38,44,68,30,80,80,80,70,70,45,45,45,13,13,37,34,13,37,43,43,32,80,80,80,80,80,74,80,54,76,76,76,76,80,59,59,59,0,0],"gold":62,"neow_bonus":"THREE_ENEMY_KILL","is_daily":false,"chose_seed":false,"campfire_upgraded":4,"win_rate":0.0,"timestamp":1610382356,"path_taken":["M","M","M","M","?","R","E","M","T","R","E","?","?","M","R","BOSS","M","?","M","$","M","R","?","E","T","R","E","?","R","M","R","BOSS","M","$","M","?","M","R","M","E","T","R","$","M","?","?","R","BOSS"],"items_purchased_type":["Relic","Relic","Card","Card"],"build_version":"2020-12-22","purchased_purges":3,"victory":false,"max_hp_per_floor":[80,80,80,80,80,80,80,80,80,80,80,80,80,80,80,80,80,80,80,80,80,80,80,80,80,80,80,80,80,80,80,80,80,80,80,80,80,80,80,80,80,80,80,80,80,80,80,80,80,80,80],"card_choices":[{"not_picked":["Clothesline","Twin Strike"],"picked":"Rage","floor":1.0},{"not_picked":["Cleave","Inflame"],"picked":"Uppercut","floor":2.0},{"not_picked":["Evolve","Burning Pact"],"picked":"True Grit","floor":3.0},{"not_picked":["Ghostly Armor","Flex"],"picked":"Shrug It Off","floor":4.0},{"not_picked":["Reaper","Iron Wave"],"picked":"Headbutt","floor":7.0},{"not_picked":["Perfected Strike","Wild Strike"],"picked":"Flex","floor":8.0},{"not_picked":["Pummel","True Grit"],"picked":"Hemokinesis","floor":11.0},{"not_picked":["Armaments","Headbutt"],"picked":"Inflame","floor":14.0},{"not_picked":["Exhume","Offering"],"picked":"Reaper","floor":16.0},{"not_picked":["Armaments","Entrench"],"picked":"Rupture","floor":18.0},{"not_picked":["Uppercut","Disarm"],"picked":"Flex","floor":20.0},{"not_picked":["Carnage","Iron Wave"],"picked":"Inflame","floor":22.0},{"not_picked":["Pommel Strike","Cleave","Anger+1"],"picked":"SKIP","floor":25.0},{"not_picked":["Feel No Pain","Pommel Strike"],"picked":"Berserk","floor":28.0},{"not_picked":["Warcry","Clash+1","Iron Wave"],"picked":"SKIP","floor":29.0},{"not_picked":["Thunderclap","Shockwave"],"picked":"Pommel Strike","floor":31.0},{"not_picked":["Offering","Reaper"],"picked":"Limit Break","floor":33.0},{"not_picked":["True Grit","Fire Breathing","Sword Boomerang"],"picked":"SKIP","floor":35.0},{"not_picked":["Perfected Strike","Wild Strike+1","Carnage"],"picked":"SKIP","floor":37.0},{"not_picked":["Cleave","Metallicize+1"],"picked":"Dark Embrace+1","floor":39.0},{"not_picked":["Anger+1","Shrug It Off","Clothesline"],"picked":"SKIP","floor":41.0},{"not_picked":["Disarm+1","Power Through"],"picked":"Heavy Blade","floor":42.0},{"not_picked":["Infernal Blade+1","Cleave+1","Pummel+1"],"picked":"SKIP","floor":46.0},{"not_picked":["Sword Boomerang+1","Wild Strike+1","Anger+1"],"picked":"SKIP","floor":47}],"player_experience":199436,"relics_obtained":[{"floor":7.0,"key":"Happy Flower"},{"floor":9.0,"key":"CeramicFish"},{"floor":11.0,"key":"Boot"},{"floor":24.0,"key":"Pantograph"},{"floor":25.0,"key":"Pocketwatch"},{"floor":26.0,"key":"Letter Opener"},{"floor":28.0,"key":"Omamori"},{"floor":42.0,"key":"Nunchaku"},{"floor":43.0,"key":"Molten Egg 2"}],"event_choices":[{"damage_healed":0.0,"max_hp_gain":0.0,"max_hp_loss":0.0,"gold_gain":75.0,"event_name":"World of Goop","player_choice":"Gather Gold","floor":5.0,"gold_loss":0.0,"damage_taken":11.0},{"cards_removed":["Strike_R"],"damage_healed":0.0,"max_hp_gain":0.0,"max_hp_loss":0.0,"gold_gain":0.0,"event_name":"The Cleric","player_choice":"Card Removal","floor":12.0,"gold_loss":50.0,"damage_taken":0.0},{"damage_healed":0.0,"max_hp_gain":0.0,"max_hp_loss":0.0,"gold_gain":0.0,"event_name":"Shining Light","player_choice":"Entered Light","floor":13.0,"gold_loss":0.0,"damage_taken":16.0,"cards_upgraded":["Headbutt","Hemokinesis"]},{"damage_healed":0.0,"max_hp_gain":0.0,"max_hp_loss":0.0,"gold_gain":0.0,"event_name":"The Mausoleum","player_choice":"Opened","floor":19.0,"gold_loss":0.0,"damage_taken":0.0,"relics_obtained":["Bag of Marbles"],"cards_obtained":["Writhe"]},{"damage_healed":0.0,"max_hp_gain":0.0,"max_hp_loss":0.0,"gold_gain":0.0,"event_name":"Wheel of Change","player_choice":"Relic","floor":24.0,"gold_loss":0.0,"damage_taken":0.0},{"damage_healed":0,"gold_gain":0,"player_choice":"Upgrade","damage_taken":0,"relics_obtained":["Mark of the Bloom"],"max_hp_gain":0,"max_hp_loss":0,"event_name":"MindBloom","floor":48,"gold_loss":0,"cards_upgraded":["Strike_R","Strike_R","Defend_R","Defend_R","Defend_R","Defend_R","Bash","Rage","Shrug It Off","Flex","Inflame","Reaper","Flex","Inflame","Pommel Strike","Limit Break","Inflame","Heavy Blade","Exhume"]}],"is_beta":false,"boss_relics":[{"not_picked":["Tiny House","Runic Dome"],"picked":"Black Blood"},{"not_picked":["Sozu","Calling Bell"],"picked":"Fusion Hammer"}],"items_purged_floors":[21,36,38],"is_endless":false,"potions_floor_spawned":[3,4,7,8,11,16,20,28,31,33,35,39,42,46],"killed_by":"Time Eater","ascension_level":2}}