{"host":"a1u4jo6xlg3w0wsm","time":1610362545,"event":{"mods":["BaseMod","Better Third Choice","DeckTracker","Downfall","Hermit","Hubris","Minty Spire (QoL Compilation)","Rare Cards Sparkle","Replay The Spire","StSLib","The Cursed"],"gold_per_floor":[117,117,0,92,41,72,72,89,116,116,116,143,143,175,175,278,278,289,259,285,301,2,2,2,32,32,32,48,48,48,58,58,155,155,169,183,198,248,248,277,293,593,669,669,725,231,231,231,231,271],"floor_reached":51,"playtime":2844,"items_purged":["Strike_G","Strike_G"],"score":871,"play_id":"d2d2de5e-1bd1-4b43-a68b-0b4be4ee965b","local_time":"20210111235545","is_ascension_mode":true,"campfire_choices":[{"data":"Blade Dance","floor":7,"key":"SMITH"},{"floor":13,"key":"REST"},{"floor":15,"key":"REST"},{"data":"Noxious Fumes","floor":23,"key":"SMITH"},{"data":"Corpse Explosion","floor":27,"key":"SMITH"},{"data":"Caltrops","floor":29,"key":"SMITH"},{"data":"Blade Dance","floor":32,"key":"SMITH"},{"floor":44,"key":"RECALL"},{"data":"A Thousand Cuts","floor":49,"key":"SMITH"}],"circlet_count":0,"master_deck":["Choke+1","Strike_G","Strike_G","Strike_G","Defend_G","Defend_G","Defend_G","Defend_G","Defend_G","Survivor+1","Neutralize","Poisoned Stab","Poisoned Stab","Enlightenment","All Out Attack","Quick Slash","Blade Dance+1","Cloak And Dagger","Finisher","Noxious Fumes+1","Dagger Throw","Corpse Explosion+1","PiercingWail+1","Blade Dance+1","Caltrops+1","Night Terror","Blade Dance+1","Prepared+1","Cloak And Dagger","Backflip","A Thousand Cuts+1","CurseOfTheBell","CurseOfTheBell","hubris:Wrath","Cloak And Dagger+1","Outmaneuver+1","Crippling Poison","ReplayTheSpireMod:Shiv Toss+1","Poisoned Stab","Toxin Wave+1","Cloak And Dagger+1","Fluid Movement","Fluid Movement","Pot Of Greed","Pot Of Greed","Pot Of Greed","Pot Of Greed"],"relics":["Ring of the Snake","NeowsBlessing","Replay:Rubber Ducky","Shuriken","Tiny Chest","Mummified Hand","Snake Skull","Bird Faced Urn","hubris:GrandSneckoEye","ReplayTheSpireMod:TigerMarble","Bag of Preparation","Mango","Prayer Wheel","Kunai","Replay:Ancient Bell","hubris:ToyBattleship","ReplayTheSpireMod:Ninjato","hubris:CuriousFeather","Torii","Matryoshka","Smiling Mask","Old Coin","Replay:Bandana","Snack Pack","ReplayTheSpireMod:Shallot","Grinning Jar","hubris:MysteriousPyramids","Ring of Misfortune","hubris:Icosahedron"],"acts_visited":["Exordium","TheCity","TheBeyond"],"potions_floor_usage":[14,25,28,40,40,50],"damage_taken":[{"damage":0,"enemies":"Small Slimes","floor":1,"turns":1},{"damage":0,"enemies":"Lagavulin","floor":6,"turns":1},{"damage":0,"enemies":"2 Louse","floor":8,"turns":1},{"damage":17,"enemies":"Gremlin Nob","floor":12,"turns":4},{"damage":9,"enemies":"3 Sentries","floor":14,"turns":4},{"damage":32,"enemies":"Hexaghost","floor":16,"turns":7},{"damage":18,"enemies":"2 Thieves","floor":18,"turns":2},{"damage":0,"enemies":"Shell Parasite","floor":21,"turns":3},{"damage":7,"enemies":"Gremlin Leader","floor":25,"turns":4},{"damage":0,"enemies":"Centurion and Healer","floor":28,"turns":3},{"damage":0,"enemies":"3 Cultists","floor":31,"turns":2},{"damage":8,"enemies":"Automaton","floor":33,"turns":5},{"damage":4,"enemies":"Orb Walker","floor":35,"turns":3},{"damage":3,"enemies":"3 Darklings","floor":36,"turns":2},{"damage":17,"enemies":"4 Shapes","floor":37,"turns":3},{"damage":0,"enemies":"Mind Bloom Boss Battle","floor":38,"turns":1},{"damage":0,"enemies":"Giant Head","floor":40,"turns":2},{"damage":0,"enemies":"Maw","floor":41,"turns":4},{"damage":26,"enemies":"Nemesis","floor":45,"turns":5},{"damage":53,"enemies":"Replay:Hell Engine","floor":50,"turns":7}],"seed_played":"-1668757987534161993","potions_obtained":[{"floor":12,"key":"AttackPotion"},{"floor":14,"key":"Guardian:BlockOnCardUsePotion"},{"floor":19,"key":"Venom Potion"},{"floor":19,"key":"Swift Potion"},{"floor":21,"key":"Fire Potion"},{"floor":28,"key":"SkillPotion"},{"floor":33,"key":"LiquidMemories"},{"floor":37,"key":"CunningPotion"},{"floor":40,"key":"Languid Potion"},{"floor":45,"key":"Dexterity Potion"}],"is_trial":false,"path_per_floor":["M","?","?","?","$","E","R","M","T","?","T","E","R","E","R","B",null,"M","?","T","M","$","R","$","E","T","R","M","R","T","M","R","B",null,"M","M","M","?","$","E","M","T","T","R","E","$","?","?","R","B",null],"character_chosen":"THE_SILENT","items_purchased":["Blade Dance","Bag of Preparation","Caltrops","Fluid Movement","Grinning Jar","hubris:MysteriousPyramids"],"campfire_rested":2,"item_purchase_floors":[5,22,22,46,46,46],"current_hp_per_floor":[70,70,76,46,46,46,46,46,46,46,46,29,51,42,64,34,76,58,58,58,60,60,60,60,69,69,69,69,69,69,71,71,67,90,88,87,75,79,79,90,90,90,90,90,70,70,70,70,70,37],"gold":271,"neow_bonus":"THREE_ENEMY_KILL","is_daily":false,"chose_seed":false,"campfire_upgraded":6,"win_rate":0.0,"timestamp":1610362545,"path_taken":["M","?","?","?","?","E","R","M","T","?","?","E","R","E","R","BOSS","M","?","?","?","$","R","$","E","T","R","M","R","?","M","R","BOSS","M","M","M","?","$","E","M","?","T","R","E","$","?","?","R","BOSS"],"items_purchased_type":["Card","Relic","Card","Card","Relic","Relic"],"build_version":"2020-12-13","purchased_purges":2,"victory":true,"max_hp_per_floor":[70,70,76,76,76,76,76,76,76,76,76,76,76,76,76,76,76,76,76,76,76,76,76,76,90,90,90,90,90,90,90,90,90,90,90,90,90,90,90,90,90,90,90,90,90,90,90,90,90,90],"card_choices":[{"not_picked":["Tactician","Endless Agony"],"picked":"Poisoned Stab","floor":1},{"not_picked":["Poisoned Stab","Leg Sweep"],"picked":"All Out Attack","floor":4},{"not_picked":["Concentrate","Prepared"],"picked":"Quick Slash","floor":4},{"not_picked":["Outmaneuver","Reflex"],"picked":"Cloak And Dagger","floor":6},{"not_picked":["Dodge and Roll","Sucker Punch"],"picked":"Finisher","floor":8},{"not_picked":["Dagger Spray","Flying Knee"],"picked":"Noxious Fumes","floor":12},{"not_picked":["Heel Hook","Escape Plan"],"picked":"Dagger Throw","floor":14},{"not_picked":["Storm of Steel","Unload"],"picked":"Corpse Explosion","floor":16},{"not_picked":["Dodge and Roll+1","Hidden Blade+1"],"picked":"PiercingWail+1","floor":18},{"not_picked":["Sucker Punch","Slice+1"],"picked":"Blade Dance","floor":21},{"not_picked":["hubris:SlightOfHand","Draining Mist+1"],"picked":"Night Terror","floor":25},{"not_picked":["Acrobatics","Eviscerate"],"picked":"Blade Dance+1","floor":28},{"not_picked":["ReplayTheSpireMod:Tripwire+1","ReplayTheSpireMod:Exploit Weakness"],"picked":"Prepared+1","floor":28},{"not_picked":["Poisoned Stab+1","Deadly Poison"],"picked":"Cloak And Dagger","floor":31},{"not_picked":["Reflex","hubris:TrickCloak+1"],"picked":"Backflip","floor":31},{"not_picked":["Unload","Glass Knife"],"picked":"A Thousand Cuts","floor":33},{"not_picked":["ReplayTheSpireMod:Splinters","hubris:Envy"],"picked":"CurseOfTheBell","floor":34},{"not_picked":["Amnesia","Delirium"],"picked":"CurseOfTheBell","floor":34},{"not_picked":["hubris:Despair","Replay:Hysterical Blindness"],"picked":"hubris:Wrath","floor":34},{"not_picked":["hubris:SlightOfHand+1","Dagger Throw+1"],"picked":"Cloak And Dagger+1","floor":35},{"not_picked":["Unload","Poisoned Stab","Hidden Blade"],"picked":"SKIP","floor":35},{"not_picked":["Expertise","Poisoned Stab+1"],"picked":"Outmaneuver+1","floor":36},{"not_picked":["Sucker Punch+1","Draining Mist","ReplayTheSpireMod:From All Sides"],"picked":"SKIP","floor":36},{"not_picked":["Calculated Gamble","Distraction+1"],"picked":"Crippling Poison","floor":37},{"not_picked":["Calculated Gamble","Endless Agony+1","Escape Plan+1"],"picked":"SKIP","floor":37},{"not_picked":["Distraction+1","Flying Knee"],"picked":"ReplayTheSpireMod:Shiv Toss+1","floor":38},{"not_picked":["Riddle With Holes+1","Dash"],"picked":"Poisoned Stab","floor":40},{"not_picked":["Cloak And Dagger+1","Deflect+1"],"picked":"Toxin Wave+1","floor":41},{"not_picked":["PiercingWail+1","Acrobatics"],"picked":"Cloak And Dagger+1","floor":41},{"not_picked":["Underhanded Strike","Calculated Gamble+1","Deadly Poison"],"picked":"SKIP","floor":45}],"player_experience":324315,"relics_obtained":[{"floor":4,"key":"Replay:Rubber Ducky"},{"floor":6,"key":"Shuriken"},{"floor":9,"key":"Tiny Chest"},{"floor":11,"key":"Mummified Hand"},{"floor":12,"key":"Snake Skull"},{"floor":14,"key":"Bird Faced Urn"},{"floor":20,"key":"ReplayTheSpireMod:TigerMarble"},{"floor":25,"key":"Mango"},{"floor":26,"key":"Prayer Wheel"},{"floor":30,"key":"Kunai"},{"floor":38,"key":"Torii"},{"floor":40,"key":"Matryoshka"},{"floor":42,"key":"Smiling Mask"},{"floor":42,"key":"Old Coin"},{"floor":43,"key":"Replay:Bandana"},{"floor":43,"key":"Snack Pack"},{"floor":45,"key":"ReplayTheSpireMod:Shallot"},{"floor":47,"key":"Ring of Misfortune"}],"event_choices":[{"damage_healed":0,"gold_gain":0,"player_choice":"RENOUNCE","damage_taken":117,"max_hp_gain":0,"max_hp_loss":0,"event_name":"betterThird:BetterSerpent","floor":3,"gold_loss":117,"cards_obtained":["Enlightenment"]},{"damage_healed":0,"gold_gain":0,"player_choice":"Bought 2 Potions","damage_taken":0,"max_hp_gain":0,"max_hp_loss":0,"event_name":"The Woman in Blue","floor":19,"gold_loss":0},{"damage_healed":0,"gold_gain":0,"player_choice":"Fight","damage_taken":0,"max_hp_gain":0,"max_hp_loss":0,"event_name":"MindBloom","floor":38,"gold_loss":0}],"is_beta":false,"boss_relics":[{"not_picked":["ReplayTheSpireMod:DimensionalGlitch","Snecko Eye"],"picked":"hubris:GrandSneckoEye"},{"not_picked":["Ring of Chaos","hubris:Stopwatch"],"picked":"Replay:Ancient Bell"},{"not_picked":["Blue Doll","Boot"],"picked":"hubris:ToyBattleship"},{"not_picked":["Pear","Darkstone Periapt"],"picked":"ReplayTheSpireMod:Ninjato"},{"not_picked":["hubris:Potato","hubris:Zylophone"],"picked":"hubris:CuriousFeather"}],"items_purged_floors":[22,46],"is_endless":false,"potions_floor_spawned":[12,14,21,28,33,37,40,45],"ascension_level":2}}