{"host":"zk71suw73lg2r165","time":1610329231,"event":{"mods":["BaseMod","Colored Map","Minty Spire (QoL Compilation)","Permanent Neow","Relic Stats","StSLib"],"gold_per_floor":[111,129,74,224,224,258,258,283,329,329,343,376,376,376,376,376,376],"floor_reached":16,"playtime":280,"items_purged":[],"score":266,"play_id":"28b7bec9-430f-461a-9f79-31c7a1312d7e","local_time":"20210110204031","is_ascension_mode":true,"campfire_choices":[{"data":"Consume","floor":7,"key":"SMITH"},{"floor":10,"key":"REST"},{"floor":15,"key":"REST"}],"circlet_count":0,"master_deck":["AscendersBane","Strike_B","Strike_B","Strike_B","Strike_B","Defend_B","Defend_B","Defend_B","Defend_B","Zap","Dualcast","Consume+1","Ball Lightning","Compile Driver","Doubt","Core Surge","Hologram","Darkness","FTL"],"relics":["Cracked Core","NeowsBlessing","StrikeDummy","Ice Cream","Odd Mushroom","Toy Ornithopter","Tiny Chest","Girya"],"acts_visited":["Exordium"],"potions_floor_usage":[8,14],"damage_taken":[{"damage":0,"enemies":"2 Louse","floor":1,"turns":1},{"damage":0,"enemies":"Jaw Worm","floor":2,"turns":1},{"damage":0,"enemies":"3 Sentries","floor":6,"turns":1},{"damage":14,"enemies":"The Mushroom Lair","floor":8,"turns":3},{"damage":1,"enemies":"Cultist","floor":11,"turns":3},{"damage":36,"enemies":"Gremlin Nob","floor":12,"turns":4},{"damage":0,"enemies":"Lots of Slimes","floor":14,"turns":1},{"damage":40,"enemies":"Hexaghost","floor":16,"turns":8}],"seed_played":"-647632220494489528","potions_obtained":[{"floor":1,"key":"Explosive Potion"},{"floor":8,"key":"SmokeBomb"},{"floor":11,"key":"FocusPotion"}],"is_trial":false,"path_per_floor":["M","M","$","?","?","E","R","?","T","R","M","E","T","M","R","B"],"character_chosen":"DEFECT","items_purchased":["Compile Driver"],"campfire_rested":2,"item_purchase_floors":[3],"current_hp_per_floor":[64,64,64,64,38,38,38,24,24,45,44,8,8,13,34,0,0],"gold":376,"neow_bonus":"THREE_ENEMY_KILL","is_daily":false,"chose_seed":false,"campfire_upgraded":1,"win_rate":0.0,"timestamp":1610329231,"path_taken":["M","M","$","?","?","E","R","?","T","R","?","E","?","?","R","BOSS"],"items_purchased_type":["Card"],"build_version":"2020-12-22","purchased_purges":0,"victory":false,"max_hp_per_floor":[71,71,71,71,71,71,71,71,71,71,71,71,71,71,71,71,71],"relic_stats":{"counters":[8,22],"Tiny Chest":0,"obtain_stats":[{"Ice Cream":6,"Girya":13,"NeowsBlessing":0,"Tiny Chest":12,"Odd Mushroom":8,"Cracked Core":0,"StrikeDummy":5,"Toy Ornithopter":9},{"Ice Cream":3,"Girya":6,"NeowsBlessing":0,"Tiny Chest":6,"Odd Mushroom":4,"Cracked Core":0,"StrikeDummy":2,"Toy Ornithopter":4},{"Ice Cream":3,"Girya":13,"NeowsBlessing":0,"Tiny Chest":13,"Odd Mushroom":6,"Cracked Core":0,"StrikeDummy":2,"Toy Ornithopter":6}],"Toy Ornithopter":5},"card_choices":[{"not_picked":["Chill","White Noise"],"picked":"Consume","floor":1},{"not_picked":["Conserve Battery","Auto Shields"],"picked":"Ball Lightning","floor":2},{"not_picked":["Rebound","Chill"],"picked":"Core Surge","floor":6},{"not_picked":["Scrape","Rebound"],"picked":"Hologram","floor":8},{"not_picked":["Blizzard","Steam"],"picked":"Darkness","floor":11},{"not_picked":["Hologram","Streamline"],"picked":"FTL","floor":12}],"player_experience":1333862,"relics_obtained":[{"floor":6,"key":"Ice Cream"},{"floor":8,"key":"Odd Mushroom"},{"floor":9,"key":"Toy Ornithopter"},{"floor":12,"key":"Tiny Chest"},{"floor":13,"key":"Girya"}],"event_choices":[{"damage_healed":0,"gold_gain":150,"player_choice":"AGREE","damage_taken":0,"max_hp_gain":0,"max_hp_loss":0,"event_name":"Liars Game","floor":4,"gold_loss":0,"cards_obtained":["Doubt"]},{"damage_healed":0,"gold_gain":0,"player_choice":"Success","damage_taken":26,"relics_obtained":["StrikeDummy"],"max_hp_gain":0,"max_hp_loss":0,"event_name":"Scrap Ooze","floor":5,"gold_loss":0},{"damage_healed":0,"gold_gain":0,"player_choice":"Fought Mushrooms","damage_taken":0,"max_hp_gain":0,"max_hp_loss":0,"event_name":"Mushrooms","floor":8,"gold_loss":0}],"is_beta":false,"boss_relics":[],"items_purged_floors":[],"is_endless":false,"potions_floor_spawned":[1,8,11,14],"killed_by":"Hexaghost","ascension_level":20}}