{"host":"bpkhhmvsfrvlto2l","time":1610395550,"event":{"mods":["2.2 Compatiblity","AchievementEnabler","Act Like it!","AlwaysNeverKeys","Aspiration","BaseMod","Better Silent Start","Challenge The Spire","Colored Map","Colored Powertips","Custom Start","Downfall","Energized Spire","Friendly Minions","GifTheSpireLib","Halation","Hubris","Infinite Spire","Ironclad Rager","Mimic Mod","Minty Spire (QoL Compilation)","Permanent Neow","Quick Restart","Random Character Button","Relic Sorter","Replay The Spire","Spikes Relics","StSLib","Stuff the Spire","Swap Starting Deck Mod","Trackpad"],"gold_per_floor":[113,113,130,140,61,96,108,122,122,122,154,154,154,172,172,269,269,284,299,224,237,237,237],"floor_reached":22,"playtime":619,"items_purged":["Strike_B"],"score":248,"play_id":"89b793ba-fb2f-4ee0-8c35-020b7a46f2ae","local_time":"20210111150550","is_ascension_mode":true,"campfire_choices":[{"floor":10.0,"key":"REST"},{"floor":12.0,"key":"REST"},{"data":"Genetic Algorithm","floor":15,"key":"SMITH"}],"circlet_count":0,"master_deck":["Strike_B","Strike_B","Defend_B","Defend_B","Defend_B","Defend_B","Zap","Dualcast","Genetic Algorithm","Genetic Algorithm+1","Static Discharge","Ball Lightning","Strike_B","Self Repair","Echo Form","Clumsy","ReplayTheSpireMod:Splinters","StuffTheSpire:Synthwave"],"relics":["Cracked Core","hubris:Icosahedron","StuffTheSpire:Mouthbags","trackpad:RapidFire","StuffTheSpire:MayFlowers","Replay:Ancient Bell","hubris:BallOfYels","trackpad:WondrousWand","Shovel"],"acts_visited":["Exordium","TheCity"],"potions_floor_usage":[],"damage_taken":[{"damage":1.0,"enemies":"Cultist","floor":1.0,"turns":4.0},{"damage":17.0,"enemies":"Jaw Worm","floor":3.0,"turns":4.0},{"damage":5.0,"enemies":"Small Slimes","floor":4.0,"turns":3.0},{"damage":27.0,"enemies":"Gremlin Nob","floor":6.0,"turns":4.0},{"damage":8.0,"enemies":"3 Louse","floor":7.0,"turns":3.0},{"damage":9.0,"enemies":"Large Slime","floor":8.0,"turns":5.0},{"damage":5.0,"enemies":"Lagavulin","floor":11.0,"turns":5.0},{"damage":0,"enemies":"Exordium Thugs","floor":14,"turns":3},{"damage":21,"enemies":"The Guardian","floor":16,"turns":9},{"damage":21,"enemies":"3 Byrds","floor":18,"turns":4},{"damage":12,"enemies":"Chosen","floor":19,"turns":2},{"damage":29,"enemies":"Shelled Parasite and Fungi","floor":21,"turns":5},{"damage":183,"enemies":"Snake Plant","floor":22,"turns":4}],"seed_played":"2714269292556126476","potions_obtained":[{"floor":1.0,"key":"Explosive Potion"},{"floor":3.0,"key":"Reflective Coating"},{"floor":6.0,"key":"Weak Potion"},{"floor":19,"key":"Explosive Potion"}],"is_trial":false,"path_per_floor":["M","$","M","M","$","E","M","M","T","R","E","R","?","M","R","B",null,"M","M","$","M","M"],"character_chosen":"DEFECT","items_purchased":["Static Discharge"],"campfire_rested":2,"item_purchase_floors":[5],"current_hp_per_floor":[74,74,57,52,52,25,17,8,8,30,25,47,47,47,47,39,66,52,47,47,32,0,0],"gold":237,"neow_bonus":"RANDOM_COMMON_RELIC","is_daily":false,"chose_seed":false,"campfire_upgraded":1,"win_rate":0.0,"timestamp":1610395550,"path_taken":["M","$","?","?","?","E","M","M","T","R","E","R","?","M","R","BOSS","M","M","$","M","M"],"items_purchased_type":["Card"],"build_version":"2020-12-22","purchased_purges":1,"victory":false,"max_hp_per_floor":[75,75,75,75,75,75,75,75,75,75,75,75,75,75,75,75,75,75,75,75,75,75,75],"card_choices":[{"not_picked":["BasicCrystalCard","Coolheaded"],"picked":"Genetic Algorithm","floor":1.0},{"not_picked":["Coolheaded","Conserve Battery"],"picked":"Genetic Algorithm","floor":4.0},{"not_picked":["Doom and Gloom","Conserve Battery","Cold Snap"],"picked":"SKIP","floor":8.0},{"not_picked":["hubris:PowerSurge","ReplayTheSpireMod:Calculation Training"],"picked":"Ball Lightning","floor":11.0},{"not_picked":["Steam","Hello World"],"picked":"Self Repair","floor":14},{"not_picked":["hubris:DoWhile","Creative AI"],"picked":"Echo Form","floor":16},{"not_picked":["hubris:Despair","ReplayTheSpireMod:Faulty Equipment"],"picked":"Clumsy","floor":17},{"not_picked":["Hatred","Spreading Infection"],"picked":"ReplayTheSpireMod:Splinters","floor":17},{"not_picked":["Decay","StuffTheSpire:GnomedCurse"],"picked":"ReplayTheSpireMod:Doomed","floor":17},{"not_picked":["Sweeping Beam","Steam"],"picked":"StuffTheSpire:Synthwave","floor":18},{"not_picked":["Beam Cell+1","Chaos","Genetic Algorithm"],"picked":"SKIP","floor":21}],"player_experience":68994,"relics_obtained":[{"floor":6.0,"key":"trackpad:RapidFire"},{"floor":11.0,"key":"StuffTheSpire:MayFlowers"}],"event_choices":[],"is_beta":false,"boss_relics":[{"not_picked":["Velvet Choker","aspiration:FutureDiary"],"picked":"Replay:Ancient Bell"},{"not_picked":["trackpad:IceCube","infinitespire:Satchel"],"picked":"hubris:BallOfYels"},{"not_picked":["StuffTheSpire:Rhapsscallions","hubris:Metronome"],"picked":"trackpad:WondrousWand"},{"not_picked":["Old Coin","BicycleWheel"],"picked":"Shovel"}],"items_purged_floors":[20],"is_endless":false,"potions_floor_spawned":[1,3,6,19],"killed_by":"Snake Plant","ascension_level":5}}