{"host":"fx1msjnmzlhlr397","time":1610384054,"event":{"mods":["AchievementEnabler","Act Like it!","Astrologer","BaseMod","Better Third Choice","Colored Map","Colored Powertips","Downfall","Duelist Mod","Friendly Minions","Gensokyo","GifTheSpireLib","Googly Eyes","Hermit","Highlight Path","LagranYue(???·?)","Marisa????????","Minty Spire (QoL Compilation)","Permanent Neow","Prisma Mod","Quick Restart","Rare Cards Sparkle","Replay The Spire","SOS???????","Shop Mod","StSLib","SuperFastMode","Td1madao Mod","The Alterego","The Animator","The Hierophant","The Jungle","The Wild Card"],"gold_per_floor":[153,153,328,403,403,403,420,109,156,124,68,68,68],"floor_reached":12,"playtime":352,"items_purged":[],"score":101,"play_id":"270ac69a-8cf6-4bae-8c85-4dd20bb30de2","local_time":"20210111115414","is_ascension_mode":false,"campfire_choices":[{"data":"Attack_a","floor":6,"key":"SMITH"}],"circlet_count":0,"master_deck":["Attack_a+1","Attack_a","Attack_b","Shoot","Shoot","Provocation","Defend_Dante","Defend_Dante","Defend_Dante","Defend_Dante","Redorb","Blueorb","Honeycombofire","Doubt","Dash1","Gilgamesh","hexamod:Haunted","Swordcombo","Swordmaster","expansioncontent:Corrupt","LucifercomboC","Stylechange","Kick13"],"relics":["SSS","Combocheck","LagranYue:RandomDrawCardRelic","ReplayTheSpireMod:CursedCoin","Toy Ornithopter","Gremlin Food"],"acts_visited":["Exordium"],"potions_floor_usage":[],"damage_taken":[{"damage":10,"enemies":"2 Louse","floor":1,"turns":3},{"damage":4,"enemies":"Small Slimes","floor":7,"turns":3},{"damage":53,"enemies":"3 Sentries","floor":10,"turns":9},{"damage":1,"enemies":"Cultist","floor":11,"turns":3},{"damage":6,"enemies":"Gremlin Nob","floor":12,"turns":2}],"seed_played":"7688357138810554128","potions_obtained":[{"floor":11,"key":"SpeedPotion"}],"is_trial":false,"path_per_floor":["M","?","?","?","?","R","M","$","T","E","M","E"],"character_chosen":"DANTE","items_purchased":["ReplayTheSpireMod:CursedCoin","Swordcombo","Swordmaster","expansioncontent:Corrupt","LucifercomboC"],"campfire_rested":0,"item_purchase_floors":[8,8,8,8,8],"current_hp_per_floor":[70,75,75,64,64,64,60,60,60,7,6,0,0],"gold":68,"neow_bonus":"ONE_RANDOM_RARE_CARD","is_daily":false,"chose_seed":false,"campfire_upgraded":1,"win_rate":0.0,"timestamp":1610384054,"path_taken":["M","?","?","?","?","R","M","$","T","E","M","E"],"items_purchased_type":["Relic","Card","Card","Card","Card"],"build_version":"2020-12-22","purchased_purges":0,"victory":false,"max_hp_per_floor":[80,85,85,85,85,85,85,85,85,95,105,105,105],"card_choices":[{"not_picked":["Weaponupgrade","Dash1"],"picked":"Honeycombofire","floor":1},{"not_picked":["Whiteorb","Weaponupgrade"],"picked":"Gilgamesh","floor":7},{"not_picked":["Blueorb","Whiteorb"],"picked":"Stylechange","floor":10},{"not_picked":["DevilstarS","VitalstarS"],"picked":"Kick13","floor":11}],"player_experience":11480,"relics_obtained":[{"floor":9,"key":"Toy Ornithopter"},{"floor":10,"key":"Gremlin Food"}],"event_choices":[{"damage_healed":0,"gold_gain":0,"player_choice":"Donut","damage_taken":0,"max_hp_gain":5,"max_hp_loss":0,"event_name":"Big Fish","floor":2,"gold_loss":0},{"damage_healed":0,"gold_gain":175,"player_choice":"AGREE","damage_taken":153,"max_hp_gain":0,"max_hp_loss":0,"event_name":"betterThird:BetterSerpent","floor":3,"gold_loss":0},{"damage_healed":0,"gold_gain":75,"player_choice":"Gold","damage_taken":11,"max_hp_gain":0,"max_hp_loss":0,"event_name":"betterThird:BetterGoop","floor":4,"gold_loss":0},{"damage_healed":0,"gold_gain":0,"player_choice":"1 cards matched","damage_taken":0,"max_hp_gain":0,"max_hp_loss":0,"event_name":"Match and Keep!","floor":5,"gold_loss":0,"cards_obtained":["Dash1"]}],"is_beta":false,"boss_relics":[],"items_purged_floors":[],"is_endless":false,"potions_floor_spawned":[11],"killed_by":"Gremlin Nob","ascension_level":0}}