{"host":"kh6fvhxn285ncg0o","time":1610347789,"event":{"mods":["Act Like it!","BaseMod","Colored Map","Friendly Minions","Keyboard Shortcuts","Minty Spire (QoL Compilation)","Quick Restart","Relic Stats","StSLib","SuperFastMode"],"gold_per_floor":[112,112,128,128,88,118,118,136,208,224,224,8,42,42,42,123,195,206,218,218,218],"floor_reached":20,"playtime":585,"items_purged":["Shame"],"score":364,"play_id":"5f7c8b6f-28b6-4234-ad4a-c66a2ca29c6a","local_time":"20210111154949","is_ascension_mode":true,"campfire_choices":[{"floor":7.0,"key":"REST"},{"floor":11,"key":"REST"},{"data":"Meditate","floor":15,"key":"SMITH"}],"circlet_count":0,"master_deck":["AscendersBane","Eruption","Vigilance","InnerPeace","SandsOfTime","Meditate+1","FlurryOfBlows","DeusExMachina","MasterReality","MasterReality","Collect","Ragnarok","DeceiveReality","Protect","BowlingBash","Worship"],"relics":["Cursed Key","Smiling Mask","Bird Faced Urn","Orrery","CeramicFish","Pandora\u0027s Box"],"acts_visited":["Exordium","TheCity"],"potions_floor_usage":[10,16],"damage_taken":[{"damage":0.0,"enemies":"Small Slimes","floor":1.0,"turns":2.0},{"damage":0.0,"enemies":"Jaw Worm","floor":3.0,"turns":2.0},{"damage":40.0,"enemies":"3 Sentries","floor":6.0,"turns":12.0},{"damage":0.0,"enemies":"Cultist","floor":8.0,"turns":3.0},{"damage":0,"enemies":"Blue Slaver","floor":10,"turns":2},{"damage":30,"enemies":"Lagavulin","floor":13,"turns":6},{"damage":45,"enemies":"Hexaghost","floor":16,"turns":6},{"damage":15,"enemies":"Shell Parasite","floor":18,"turns":3},{"damage":10,"enemies":"Spheric Guardian","floor":19,"turns":4},{"damage":46,"enemies":"Cultist and Chosen","floor":20,"turns":6}],"seed_played":"-2074002650120666733","potions_obtained":[{"floor":3.0,"key":"Energy Potion"},{"floor":5.0,"key":"SteroidPotion"},{"floor":5.0,"key":"BottledMiracle"},{"floor":6.0,"key":"AttackPotion"},{"floor":13,"key":"DuplicationPotion"}],"is_trial":false,"path_per_floor":["M","?","M","T","?","E","R","M","T","M","R","$","E","?","R","B",null,"M","M","M"],"character_chosen":"WATCHER","items_purchased":["Orrery"],"campfire_rested":2,"item_purchase_floors":[12],"current_hp_per_floor":[61,43,43,43,43,3,23,23,23,23,43,43,13,68,68,23,57,42,36,0,0],"gold":218,"neow_bonus":"BOSS_RELIC","is_daily":false,"chose_seed":false,"campfire_upgraded":1,"win_rate":0.0,"timestamp":1610347789,"path_taken":["M","?","M","?","?","E","R","M","T","?","R","$","E","?","R","BOSS","M","?","M"],"items_purchased_type":["Relic"],"build_version":"2020-12-22","purchased_purges":1,"victory":false,"max_hp_per_floor":[68,68,68,68,68,68,68,68,68,68,68,68,68,68,68,68,68,68,68,68,68],"relic_stats":{"counters":[10,46],"Bird Faced Urn":[8],"CeramicFish":81,"Pandora\u0027s Box":["MasterReality","MasterReality","Collect","Ragnarok","DeceiveReality","Protect","BowlingBash","Worship"],"Cursed Key":1,"Smiling Mask":25,"obtain_stats":[{"Bird Faced Urn":6,"CeramicFish":13,"Orrery":12,"Pandora\u0027s Box":17,"PureWater":0,"Cursed Key":0,"Smiling Mask":2},{"Bird Faced Urn":3,"CeramicFish":6,"Orrery":5,"Pandora\u0027s Box":7,"PureWater":0,"Cursed Key":0,"Smiling Mask":1},{"Bird Faced Urn":16,"CeramicFish":27,"Orrery":21,"Pandora\u0027s Box":33,"PureWater":0,"Cursed Key":0,"Smiling Mask":2}]},"card_choices":[{"not_picked":["Protect","SignatureMove"],"picked":"InnerPeace","floor":1.0},{"not_picked":["FlyingSleeves","ClearTheMind","Prostrate"],"picked":"SKIP","floor":6.0},{"not_picked":["EmptyFist","Protect"],"picked":"SandsOfTime","floor":12},{"not_picked":["Vengeance","CrushJoints"],"picked":"Meditate","floor":12},{"not_picked":["EmptyFist","Sanctity"],"picked":"FlurryOfBlows","floor":12},{"not_picked":["Crescendo","CutThroughFate","Vengeance"],"picked":"SKIP","floor":13},{"not_picked":["Alpha","Blasphemy"],"picked":"DeusExMachina","floor":16},{"not_picked":["JustLucky","Sanctity","Consecrate"],"picked":"SKIP","floor":18},{"not_picked":["ClearTheMind","Fasting2","PathToVictory"],"picked":"SKIP","floor":19}],"player_experience":3413358,"relics_obtained":[{"floor":6.0,"key":"Bird Faced Urn"},{"floor":13,"key":"CeramicFish"}],"event_choices":[{"damage_healed":0.0,"max_hp_gain":0.0,"max_hp_loss":0.0,"gold_gain":0.0,"event_name":"Scrap Ooze","player_choice":"Success","floor":2.0,"gold_loss":0.0,"damage_taken":18.0,"relics_obtained":["Smiling Mask"]},{"damage_healed":0.0,"max_hp_gain":0.0,"max_hp_loss":0.0,"gold_gain":0.0,"event_name":"The Woman in Blue","player_choice":"Bought 3 Potions","floor":5.0,"gold_loss":0.0,"damage_taken":0.0},{"damage_healed":55,"gold_gain":0,"player_choice":"Full Heal","damage_taken":0,"max_hp_gain":0,"max_hp_loss":0,"event_name":"Wheel of Change","floor":14,"gold_loss":0}],"is_beta":false,"boss_relics":[{"not_picked":["Tiny House","Philosopher\u0027s Stone"],"picked":"Pandora\u0027s Box"}],"items_purged_floors":[12],"is_endless":false,"potions_floor_spawned":[3,6,13],"killed_by":"Cultist and Chosen","ascension_level":20}}