{"host":"54vghy6hfkyy1r39","time":1610331434,"event":{"mods":["AchievementEnabler","BaseMod","Minty Spire (QoL Compilation)","StSLib","SuperFastMode","everything is the same but u backflip on backflip"],"gold_per_floor":[17,36,36,50,62,62,73,73,145,145,220,220,242,242,242,242,242],"floor_reached":16,"playtime":380,"items_purged":[],"score":90,"play_id":"0775c633-83be-4d83-b021-18d8f45e449c","local_time":"20210111111714","is_ascension_mode":false,"campfire_choices":[{"data":"Eruption","floor":6,"key":"SMITH"},{"floor":8,"key":"REST"},{"floor":15,"key":"REST"}],"circlet_count":0,"master_deck":["Strike_P","Defend_P","Defend_P","Defend_P","Defend_P","Eruption+1","Vigilance","Crescendo","Pray","Evaluate","InnerPeace"],"relics":["PureWater","White Beast Statue","CaptainsWheel","Odd Mushroom","Matryoshka"],"acts_visited":["Exordium"],"potions_floor_usage":[7,13,13,16,16,16],"damage_taken":[{"damage":4,"enemies":"Cultist","floor":1,"turns":3},{"damage":1,"enemies":"Jaw Worm","floor":2,"turns":3},{"damage":0,"enemies":"2 Louse","floor":4,"turns":2},{"damage":17,"enemies":"2 Fungi Beasts","floor":5,"turns":3},{"damage":15,"enemies":"3 Louse","floor":7,"turns":3},{"damage":24,"enemies":"The Mushroom Lair","floor":13,"turns":6},{"damage":31,"enemies":"Hexaghost","floor":16,"turns":9}],"seed_played":"2393306609910097440","potions_obtained":[{"floor":2,"key":"EntropicBrew"},{"floor":5,"key":"Explosive Potion"},{"floor":13,"key":"EssenceOfSteel"}],"is_trial":false,"path_per_floor":["M","M","?","M","M","R","M","R","T","?","?","?","?","T","R","B"],"character_chosen":"WATCHER","items_purchased":[],"campfire_rested":2,"item_purchase_floors":[],"current_hp_per_floor":[68,67,67,67,50,50,35,56,56,49,38,31,7,7,28,0,0],"gold":242,"neow_bonus":"REMOVE_TWO","is_daily":false,"chose_seed":false,"campfire_upgraded":1,"win_rate":0.0,"timestamp":1610331434,"path_taken":["M","M","?","M","M","R","M","R","T","?","?","?","?","?","R","BOSS"],"items_purchased_type":[],"build_version":"2020-12-22","purchased_purges":0,"victory":false,"max_hp_per_floor":[72,72,72,72,72,72,72,72,72,72,72,72,72,72,72,72,72],"card_choices":[{"not_picked":["BowlingBash","Consecrate"],"picked":"Crescendo","floor":1},{"not_picked":["FlyingSleeves","Prostrate"],"picked":"Pray","floor":2},{"not_picked":["Omniscience","Halt","FlyingSleeves"],"picked":"SKIP","floor":4},{"not_picked":["Conclude","Prostrate","WindmillStrike"],"picked":"SKIP","floor":5},{"not_picked":["Collect","Crescendo"],"picked":"Evaluate","floor":7},{"not_picked":["ThirdEye","Consecrate"],"picked":"InnerPeace","floor":13}],"player_experience":201698,"relics_obtained":[{"floor":9,"key":"White Beast Statue"},{"floor":13,"key":"Odd Mushroom"},{"floor":14,"key":"Matryoshka"}],"event_choices":[{"damage_healed":0,"gold_gain":0,"player_choice":"Leave","damage_taken":0,"max_hp_gain":0,"max_hp_loss":0,"event_name":"The Cleric","floor":3,"gold_loss":0},{"cards_removed":["Strike_P"],"damage_healed":0,"gold_gain":0,"player_choice":"Card Removal","damage_taken":7,"max_hp_gain":0,"max_hp_loss":0,"event_name":"Golden Wing","floor":10,"gold_loss":0},{"damage_healed":0,"gold_gain":75,"player_choice":"Gather Gold","damage_taken":11,"max_hp_gain":0,"max_hp_loss":0,"event_name":"World of Goop","floor":11,"gold_loss":0},{"damage_healed":0,"gold_gain":0,"player_choice":"Success","damage_taken":7,"relics_obtained":["CaptainsWheel"],"max_hp_gain":0,"max_hp_loss":0,"event_name":"Scrap Ooze","floor":12,"gold_loss":0},{"damage_healed":0,"gold_gain":0,"player_choice":"Fought Mushrooms","damage_taken":0,"max_hp_gain":0,"max_hp_loss":0,"event_name":"Mushrooms","floor":13,"gold_loss":0}],"is_beta":false,"boss_relics":[],"items_purged_floors":[],"is_endless":false,"potions_floor_spawned":[2,5,13],"killed_by":"Hexaghost","ascension_level":0}}