{"host":"dxvlkuh9hlaz4yxf","time":1610358662,"event":{"mods":["BaseMod","Colored Map","Downfall","GifTheSpireLib","Minty Spire (QoL Compilation)","Rare Cards Sparkle","Replay The Spire","StSLib","The Construct","The Mystic","Waifu the Spire"],"gold_per_floor":[114,127,76,103,137,465,465,475,475,509,526,554,134,144,144,248,248,259,277,289,289,289,324,324,334,386,486,513,513,539,196,196,294,294,312,324,324,324,62,95,95,127,177,177,232,265,100,132,132,132,132],"floor_reached":50,"playtime":1902,"items_purged":["Strike_R+1"],"score":816,"play_id":"31a68f5b-2fd0-42e6-a5d5-c0120163e68e","local_time":"20210111015102","is_ascension_mode":true,"campfire_choices":[{"data":"ReplayTheSpireMod:Muscle Training","floor":7,"key":"SMITH"},{"floor":15,"key":"REST"},{"floor":24,"key":"REST"},{"floor":29,"key":"REST"},{"floor":32,"key":"REST"},{"floor":41,"key":"REST"},{"floor":44,"key":"REST"},{"floor":49,"key":"REST"}],"circlet_count":0,"master_deck":["Strike_R+2","Strike_R+1","Strike_R+2","Defend_R+1","Defend_R+1","Defend_R+1","Defend_R+1","Bash","Heavy Blade","Thunderclap","ReplayTheSpireMod:Muscle Training+1","ReplayTheSpireMod:Muscle Training","Uppercut","Exhume","Whirlwind","Sword Boomerang","Havoc","Metallicize","Clash","Disarm","Disarm","Demon Form+1","Twin Strike","Flex+1","Pommel Strike","Pummel+1","Inflame","Headbutt+1","Headbutt+1","Pummel","Spot Weakness+1","Berserk+1","Double Tap+1","Clash+1","Apotheosis+1","Inflame+1","Carnage","Rage+1","Double Tap+1","Pummel+1","Metallicize+1"],"relics":["Burning Blood","NeowsBlessing","Replay:Wax Seal","Old Coin","Blue Candle","Omamori","Red Skull","Replay:Arrowhead","Replay:Grab Bag","Cursed Key","Mark of Pain","Ring of Chaos","Pantograph","Juzu Bracelet","Charon\u0027s Ashes","Golden Egg","Letter Opener","CaptainsWheel","Black Star","Anchor","Simple Rune","White Beast Statue","Molten Egg 2","PreservedInsect","Ice Cream","Bird Faced Urn","Toy Ornithopter","Toxic Egg 2","Shuriken"],"acts_visited":["Exordium","TheCity","TheBeyond"],"potions_floor_usage":[12,12,12,12,28,28,33,46,46,48,48],"damage_taken":[{"damage":0,"enemies":"Cultist","floor":1,"turns":1},{"damage":0,"enemies":"2 Louse","floor":2,"turns":1},{"damage":0,"enemies":"Lagavulin","floor":6,"turns":1},{"damage":12,"enemies":"Jaw Worm","floor":8,"turns":4},{"damage":20,"enemies":"Replay:BlueRogue","floor":10,"turns":5},{"damage":17,"enemies":"Lots of Slimes","floor":11,"turns":2},{"damage":31,"enemies":"3 Sentries","floor":12,"turns":6},{"damage":1,"enemies":"2 Fungi Beasts","floor":14,"turns":1},{"damage":22,"enemies":"Fading Forest","floor":16,"turns":11},{"damage":21,"enemies":"3 Byrds","floor":18,"turns":6},{"damage":29,"enemies":"2 Thieves","floor":19,"turns":4},{"damage":25,"enemies":"Centurion and Healer","floor":20,"turns":4},{"damage":14,"enemies":"Gremlin Leader","floor":23,"turns":4},{"damage":10,"enemies":"Chosen and Byrds","floor":25,"turns":3},{"damage":20,"enemies":"Colosseum Slavers","floor":27,"turns":3},{"damage":6,"enemies":"Colosseum Nobs","floor":27,"turns":3},{"damage":21,"enemies":"Book of Stabbing","floor":28,"turns":4},{"damage":33,"enemies":"Gremlin Leader","floor":30,"turns":5},{"damage":38,"enemies":"Collector","floor":33,"turns":4},{"damage":14,"enemies":"3 Shapes","floor":35,"turns":4},{"damage":8,"enemies":"3 Darklings","floor":36,"turns":4},{"damage":49,"enemies":"Reptomancer","floor":40,"turns":5},{"damage":29,"enemies":"Giant Head","floor":42,"turns":6},{"damage":28,"enemies":"2 Orb Walkers","floor":45,"turns":3},{"damage":29,"enemies":"Nemesis","floor":46,"turns":3},{"damage":1,"enemies":"Reptomancer","floor":48,"turns":2},{"damage":77,"enemies":"Replay:Hell Engine","floor":50,"turns":7}],"seed_played":"-848438782778236510","potions_obtained":[{"floor":5,"key":"Venom Potion"},{"floor":5,"key":"Ancient Potion"},{"floor":5,"key":"EntropicBrew"},{"floor":10,"key":"GamblersBrew"},{"floor":12,"key":"Reflective Coating"},{"floor":23,"key":"LiquidMemories"},{"floor":27,"key":"Regen Potion"},{"floor":33,"key":"SkillPotion"},{"floor":35,"key":"SkillPotion"},{"floor":46,"key":"Dexterity Potion"},{"floor":48,"key":"FearPotion"}],"is_trial":false,"path_per_floor":["M","M","$","T","?","E","R","M","T","E","M","E","$","M","R","B",null,"M","M","M","?","?","E","R","M","T","?","E","R","E","$","R","B",null,"M","M","?","?","$","E","R","E","T","R","?","E","$","E","R","B"],"character_chosen":"IRONCLAD","items_purchased":["ReplayTheSpireMod:Muscle Training","Replay:Arrowhead","Clash","Disarm","Spot Weakness","Berserk","FearPotion","Apotheosis","Inflame","Pummel+1","Slimebound:ThreeZeroPotion"],"campfire_rested":7,"item_purchase_floors":[3,13,13,13,31,31,31,39,39,47,47],"current_hp_per_floor":[80,80,80,80,60,66,66,60,60,46,35,10,10,15,39,47,80,65,42,23,23,23,15,39,35,35,21,18,42,15,15,39,32,80,72,70,70,70,70,27,51,28,28,52,30,7,7,22,46,0,0],"gold":132,"neow_bonus":"THREE_ENEMY_KILL","is_daily":false,"chose_seed":false,"campfire_upgraded":1,"win_rate":0.0,"timestamp":1610358662,"path_taken":["M","M","$","?","?","E","R","?","T","E","M","E","$","M","R","BOSS","M","M","M","?","?","E","R","M","T","?","E","R","E","$","R","BOSS","M","M","?","?","$","E","R","E","T","R","?","E","$","E","R","BOSS"],"items_purchased_type":["Card","Relic","Card","Card","Card","Card","Potion","Card","Card","Card","Potion"],"build_version":"2020-12-22","purchased_purges":1,"victory":false,"max_hp_per_floor":[80,80,80,80,80,80,80,80,80,80,80,80,80,80,80,80,80,80,80,80,80,80,80,80,80,80,80,80,80,80,80,80,80,80,80,80,80,80,80,80,80,80,80,80,80,80,80,80,80,80,80],"card_choices":[{"not_picked":["Heavy Blade","Abandon","Warcry"],"picked":"SKIP","floor":1},{"not_picked":["Abandon","Warcry"],"picked":"Heavy Blade","floor":1},{"not_picked":["ReplayTheSpireMod:Stacked","Flex"],"picked":"Thunderclap","floor":2},{"not_picked":["Sentinel","ReplayReversal"],"picked":"Uppercut","floor":5},{"not_picked":["Clash","Spot Weakness"],"picked":"Exhume","floor":6},{"not_picked":["Thunderclap","Perfected Strike"],"picked":"Whirlwind","floor":8},{"not_picked":["Twin Strike","Burning Pact"],"picked":"Sword Boomerang","floor":10},{"not_picked":["ReplayTheSpireMod:Strike From Hell","Sever Soul"],"picked":"Havoc","floor":11},{"not_picked":["Barricade","Entrench"],"picked":"Metallicize","floor":12},{"not_picked":["Dark Embrace","Warcry","Shrug It Off"],"picked":"SKIP","floor":14},{"not_picked":["Demonic Infusion","Berserk"],"picked":"Demon Form","floor":16},{"not_picked":["Run Through","Body Slam+1"],"picked":"Twin Strike","floor":18},{"not_picked":["ReplayTheSpireMod:Strike From Hell","Ghostly Armor"],"picked":"Flex+1","floor":19},{"not_picked":["ReplayTheSpireMod:Corrosion Curse","Power Through"],"picked":"Pommel Strike","floor":20},{"not_picked":["Cleave+1","Flex+1"],"picked":"Pummel+1","floor":23},{"not_picked":["Perfected Strike+1","Iron Wave"],"picked":"Inflame","floor":25},{"not_picked":["Perfected Strike","Flex"],"picked":"Headbutt+1","floor":27},{"not_picked":["Run Through+1","Body Slam+1"],"picked":"Headbutt+1","floor":28},{"not_picked":["ReplayTheSpireMod:Corrosion Curse+1","ReplayTheSpireMod:Stacked"],"picked":"Pummel","floor":30},{"not_picked":["Demonic Infusion","Berserk"],"picked":"Double Tap","floor":33},{"not_picked":["Body Slam","Burning Pact"],"picked":"Clash+1","floor":35},{"not_picked":["ReplayReversal","Headbutt+1","Body Slam+1"],"picked":"SKIP","floor":36},{"not_picked":["Rampage","ReplayTheSpireMod:Muscle Training+1"],"picked":"Carnage","floor":40},{"not_picked":["Combust+1","Intimidate","Reckless Charge+1"],"picked":"SKIP","floor":42},{"not_picked":["Perfected Strike+1","Thunderclap+1"],"picked":"Rage+1","floor":45},{"not_picked":["Havoc","Uppercut+1"],"picked":"Double Tap","floor":46},{"not_picked":["Thunderclap+1","Barricade"],"picked":"Metallicize+1","floor":48}],"player_experience":61626,"relics_obtained":[{"floor":4,"key":"Replay:Wax Seal"},{"floor":6,"key":"Old Coin"},{"floor":9,"key":"Blue Candle"},{"floor":10,"key":"Omamori"},{"floor":12,"key":"Red Skull"},{"floor":23,"key":"Pantograph"},{"floor":26,"key":"Juzu Bracelet"},{"floor":27,"key":"Charon\u0027s Ashes"},{"floor":27,"key":"Golden Egg"},{"floor":28,"key":"Letter Opener"},{"floor":30,"key":"CaptainsWheel"},{"floor":40,"key":"Anchor"},{"floor":40,"key":"Simple Rune"},{"floor":42,"key":"White Beast Statue"},{"floor":42,"key":"Molten Egg 2"},{"floor":43,"key":"PreservedInsect"},{"floor":45,"key":"Ice Cream"},{"floor":46,"key":"Bird Faced Urn"},{"floor":46,"key":"Toy Ornithopter"},{"floor":48,"key":"Toxic Egg 2"},{"floor":48,"key":"Shuriken"}],"event_choices":[{"damage_healed":0,"gold_gain":0,"player_choice":"Simplicity","damage_taken":0,"max_hp_gain":0,"max_hp_loss":0,"event_name":"Back to Basics","floor":21,"gold_loss":0,"cards_upgraded":["Strike_R","Strike_R","Strike_R","Strike_R","Strike_R","Defend_R","Defend_R","Defend_R","Defend_R"]},{"damage_healed":0,"gold_gain":0,"player_choice":"Forge","damage_taken":0,"max_hp_gain":0,"max_hp_loss":0,"event_name":"Accursed Blacksmith","floor":22,"gold_loss":0,"cards_upgraded":["Demon Form"]},{"damage_healed":0,"gold_gain":0,"player_choice":"Fight","damage_taken":0,"max_hp_gain":0,"max_hp_loss":0,"event_name":"Colosseum","floor":27,"gold_loss":0},{"damage_healed":0,"gold_gain":0,"player_choice":"Fought Nobs","damage_taken":0,"max_hp_gain":0,"max_hp_loss":0,"event_name":"Colosseum","floor":27,"gold_loss":0},{"cards_removed":["Strike_R"],"damage_healed":0,"gold_gain":0,"player_choice":"Purged","damage_taken":0,"max_hp_gain":0,"max_hp_loss":0,"event_name":"Purifier","floor":37,"gold_loss":0},{"damage_healed":0,"gold_gain":0,"player_choice":"Ignored","damage_taken":0,"max_hp_gain":0,"max_hp_loss":0,"event_name":"Tomb of Lord Red Mask","floor":38,"gold_loss":0},{"damage_healed":0,"gold_gain":0,"player_choice":"Fight","damage_taken":0,"max_hp_gain":0,"max_hp_loss":0,"event_name":"Mysterious Sphere","floor":45,"gold_loss":0}],"is_beta":false,"boss_relics":[{"not_picked":["ReplayTheSpireMod:DimensionalGlitch","Fusion Hammer"],"picked":"Replay:Grab Bag"},{"not_picked":["ChewingGum","Busted Crown"],"picked":"Cursed Key"},{"not_picked":["Velvet Choker","Abe\u0027s Treasure"],"picked":"Mark of Pain"},{"not_picked":["Runic Pyramid","Replay:Drink Me"],"picked":"Ring of Chaos"},{"not_picked":["Snecko Eye","Calling Bell"],"picked":"Black Star"}],"items_purged_floors":[31],"is_endless":false,"potions_floor_spawned":[10,11,12,23,27,27,33,35,36,45,46,48],"killed_by":"Replay:Hell Engine","ascension_level":1}}