{"host":"slngz8sobihb8iwl","time":1610323886,"event":{"mods":["2.2 Compatiblity","Act Like it!","BaseMod","Colored Powertips","Elementarium","Gensokyo","GifTheSpireLib","Hallownest","Hermit","Marisa????????","Menagerie","Minty Spire (QoL Compilation)","Permanent Neow","Random Character Button","Rare Cards Sparkle","Relic Filter","Robot Space Explorer","StSLib","SuperFastMode","Td1madao Mod","The Bug Knight","The Cursed","The Disciple","The Gatherer","The Hierophant","The Judge","The Marked","The Runesmith","The Servant 0.9.4","Unceasing Turn Reminder"],"gold_per_floor":[112,122,135,62,62,62,82,108,159,159,19,19,19,19,19,117,167,185,68,78,78,328,328,288,288,363,363,374,584,238,238,238,342,342,356,356,356,375,389,389,143,162,162,197,212,222,222,232,232,232,232,232,107,142,142],"floor_reached":56,"playtime":4033,"items_purged":["Defend_S","Gensokyo:AllTheWorldsEvil","Defend_S"],"score":1400,"play_id":"732f6676-47d0-4b77-a7cc-2a243963cfbc","local_time":"20210110191126","is_ascension_mode":false,"campfire_choices":[{"data":"Luminosity","floor":6.0,"key":"SMITH"},{"data":"KidneyShot","floor":10.0,"key":"SMITH"},{"data":"Luminosity","floor":15.0,"key":"SMITH"},{"data":"SoulSculpture","floor":23.0,"key":"SMITH"},{"data":"Starlight","floor":27.0,"key":"SMITH"},{"data":"GearUp","floor":32.0,"key":"SMITH"},{"data":"MurderousAura","floor":40.0,"key":"SMITH"},{"floor":49,"key":"RECALL"},{"data":"BestPractice","floor":52,"key":"SMITH"}],"circlet_count":0,"master_deck":["Strike_S","Strike_S","Defend_S+1","Defend_S","KidneyShot+1","Exchange","FastForward","GearUp+1","Luminosity+1","Luminosity+1","Defy","SoulSculpture+1","Starlight+1","DualDimension+1","FastForward","FastForward","GearUp+1","BestPractice+1","MurderousAura+1","Deny","Desolation+1","Contraction","Starlight","Moondial","DualDimension+1","Gensokyo:PrivateSquare","Pride","FastForward+1","FloweringNight"],"relics":["Uniform","Turnip","Lantern","StoneCalendar","Vajra","Tiny House","White Beast Statue","Akabeko","RomanBracelet","Pan","SlaversCollar","Gensokyo:DualWield","Happy Flower","Broom","Toy Ornithopter"],"acts_visited":["Exordium","Gensokyo:Gensokyo","Gensokyo:Gensokyoer","TheEnding"],"potions_floor_usage":[55,55,55,55],"damage_taken":[{"damage":2.0,"enemies":"Gensokyo:2_Kodama","floor":1.0,"turns":5.0},{"damage":0.0,"enemies":"Gensokyo:Gryphon","floor":2.0,"turns":3.0},{"damage":0.0,"enemies":"Gensokyo:Python","floor":3.0,"turns":4.0},{"damage":0.0,"enemies":"Gensokyo:VengefulSpirit","floor":7.0,"turns":6.0},{"damage":0.0,"enemies":"Gensokyo:Aya","floor":8.0,"turns":9.0},{"damage":0.0,"enemies":"Gensokyo:Reimu","floor":16.0,"turns":12.0},{"damage":7.0,"enemies":"Gensokyo:CosmicMonolith","floor":18.0,"turns":7.0},{"damage":0.0,"enemies":"Gensokyo:Chomper","floor":20.0,"turns":6.0},{"damage":29.0,"enemies":"Gensokyo:Slime_Group","floor":28.0,"turns":8.0},{"damage":10.0,"enemies":"Gensokyo:Monolith_and_Dog","floor":29.0,"turns":3.0},{"damage":0.0,"enemies":"Gensokyo:Eiki","floor":33.0,"turns":8.0},{"damage":0.0,"enemies":"Gensokyo:3_Boulders","floor":35.0,"turns":4.0},{"damage":3.0,"enemies":"Gensokyo:3_Bats","floor":38.0,"turns":3.0},{"damage":0.0,"enemies":"Gensokyo:Sharpion","floor":39.0,"turns":4.0},{"damage":0.0,"enemies":"Gensokyo:SeedOfUnknown","floor":42.0,"turns":4.0},{"damage":1.0,"enemies":"Gensokyo:Marisa","floor":44.0,"turns":6.0},{"damage":0.0,"enemies":"Gensokyo:Dusk_and_Dawn","floor":45.0,"turns":3.0},{"damage":0.0,"enemies":"Gensokyo:AtlasGolem","floor":46.0,"turns":4.0},{"damage":0.0,"enemies":"Gensokyo:Rafflesia","floor":48.0,"turns":6.0},{"damage":0,"enemies":"Gensokyo:Yuyuko","floor":50,"turns":6},{"damage":12,"enemies":"Shield and Spear","floor":54,"turns":4},{"damage":13,"enemies":"The Heart","floor":55,"turns":10}],"seed_played":"-4476388770076407044","potions_obtained":[{"floor":1.0,"key":"Block Potion"},{"floor":8.0,"key":"EntropicBrew"},{"floor":16.0,"key":"ColorlessPotion"},{"floor":20.0,"key":"Strength Potion"},{"floor":28.0,"key":"DuplicationPotion"},{"floor":29.0,"key":"Swift Potion"},{"floor":33.0,"key":"Dexterity Potion"},{"floor":35.0,"key":"Dexterity Potion"},{"floor":39.0,"key":"Dexterity Potion"},{"floor":42.0,"key":"FairyPotion"},{"floor":45.0,"key":"EssenceOfSteel"},{"floor":46.0,"key":"Fruit Juice"},{"floor":48.0,"key":"GamblersBrew"}],"is_trial":false,"path_per_floor":["M","M","M","$","?","R","M","E","T","R","?","?","$","?","R","B",null,"M","COS","M","$","?","R","?","?","T","R","M","M","$","?","R","B",null,"M","?","?","M","M","R","$","M","T","E","M","M","?","M","R","B",null,"R","$","E","B",null],"character_chosen":"THE_SERVANT","items_purchased":["Luminosity","Pan","GearUp","BestPractice","Happy Flower"],"campfire_rested":0,"item_purchase_floors":[4,30,30,30,41],"current_hp_per_floor":[63,63,63,63,69,69,69,69,69,69,69,69,69,55,55,55,76,69,69,69,69,69,69,69,69,69,69,40,30,30,30,30,30,72,72,72,72,69,69,69,69,69,69,68,68,73,73,73,73,73,77,77,77,65,72],"gold":142,"neow_bonus":"REMOVE_CARD","is_daily":false,"chose_seed":false,"campfire_upgraded":8,"win_rate":0.0,"timestamp":1610323886,"path_taken":["M","M","?","$","?","R","M","E","T","R","?","?","?","?","R","BOSS","M","COS","M","$","?","R","?","?","T","R","?","M","$","?","R","BOSS","M","?","?","M","M","R","$","M","T","E","?","M","?","M","R","BOSS","R","$","E","BOSS"],"items_purchased_type":["Card","Relic","Card","Card","Relic"],"build_version":"2020-12-22","purchased_purges":3,"victory":true,"max_hp_per_floor":[65,65,65,65,71,71,71,71,71,71,71,71,71,71,71,71,76,76,76,76,76,72,72,72,72,72,72,72,72,72,72,72,72,72,72,72,72,72,72,72,72,72,72,72,72,77,77,77,77,77,77,77,77,77,77],"card_choices":[{"not_picked":["Advance","TimeWarp"],"picked":"FastForward","floor":1.0},{"not_picked":["BottledTime","Deadline"],"picked":"GearUp","floor":2.0},{"not_picked":["Rearm","DoubleEdge"],"picked":"Luminosity","floor":3.0},{"not_picked":["Deadline","Alleviate"],"picked":"Defy","floor":7.0},{"not_picked":["Replace","Rewind","Spin"],"picked":"SKIP","floor":8.0},{"not_picked":["Initiator","TrueSight"],"picked":"SoulSculpture","floor":16.0},{"not_picked":["Potential","Deadline"],"picked":"Starlight","floor":17.0},{"not_picked":["Foresight","Rearm","FanOfKnives"],"picked":"SKIP","floor":18.0},{"not_picked":["Sabotage","Snipe+1"],"picked":"DualDimension+1","floor":20.0},{"not_picked":["Spin+1","Revamp+1"],"picked":"FastForward","floor":28.0},{"not_picked":["Starlight+1","RealityMarble"],"picked":"FastForward","floor":29.0},{"not_picked":["Initiator","ForgedInTime"],"picked":"MurderousAura","floor":33.0},{"not_picked":["FanOfKnives","ReturningBlade","Hightail+1"],"picked":"SKIP","floor":35.0},{"not_picked":["Unruled+1","BottledTime+1"],"picked":"Desolation+1","floor":38.0},{"not_picked":["Starlight+1","Replace+1"],"picked":"Contraction","floor":39.0},{"not_picked":["Foresight","Rearm"],"picked":"Starlight","floor":42.0},{"not_picked":["Rearm","Revamp"],"picked":"Moondial","floor":44.0},{"not_picked":["FastForward+1","ShatteredReality"],"picked":"DualDimension+1","floor":45.0},{"not_picked":["ForgedInTime","Revamp+1","Unruled"],"picked":"SKIP","floor":46.0},{"not_picked":["Starlight+1","Defy"],"picked":"FastForward+1","floor":48.0},{"not_picked":["Read","Rearm+1"],"picked":"FloweringNight","floor":54}],"player_experience":411185,"relics_obtained":[{"floor":8.0,"key":"Turnip"},{"floor":9.0,"key":"Lantern"},{"floor":26.0,"key":"White Beast Statue"},{"floor":44.0,"key":"Broom"},{"floor":54,"key":"Toy Ornithopter"}],"event_choices":[],"is_beta":false,"boss_relics":[{"not_picked":["MysterySword","Calling Bell"],"picked":"Tiny House"},{"not_picked":["Empty Cage","Fusion Hammer"],"picked":"SlaversCollar"}],"items_purged_floors":[30,41,53],"is_endless":false,"potions_floor_spawned":[1,8,16,20,28,29,33,35,38,39,42,44,45,46,48,54],"ascension_level":0}}