{"host":"dwyzfvnzfcqffr30","time":1610367358,"event":{"mods":["2.2 Compatiblity","Act Like it!","BaseMod","Beaked The Cultist","Better Altar","Better Match","Better Note","Better Sensory Stone","Better Skull","Better Third Choice","Clockwork Mod","Colored Map","Colored Powertips","Conspire","Downfall","Elementarium","GifTheSpireLib","Halation","Hermit","Hubris","Infinite Spire","Ironclad Rager","Jedi Mod","Menagerie","Mimic Mod","Minty Spire (QoL Compilation)","Permanent Neow","Random Character Button","Replay The Spire","Spicy Shops","Spikes Relics","StSLib","Stuff the Spire","The Construct","The Disciple","The Druid","The Marked","TheFirefly","Trackpad","vexMod"],"gold_per_floor":[369,369,379,389,314,339,354,372,396,411,426,441,472,91,91,169,169,183,183,200,200,350,350,384,395,430,446,463,479,498,508,508,587,587,607,37,84,84,101,101,132,145,182,38,49,49,68,93,93,93,93,93,67,93,93],"floor_reached":56,"playtime":5202,"items_purged":["theDruid:Strike_O+1","theDruid:Strike_O+1","theDruid:BackupSupplies+1","theDruid:Defend_O+1","theDruid:Defend_O+1","theDruid:WildSlash+1"],"score":1957,"play_id":"cecc4b2f-d405-4c47-aa1c-8d1ca4f4c49b","local_time":"20210111041558","is_ascension_mode":true,"campfire_choices":[{"floor":15,"key":"REST"},{"floor":23,"key":"RECALL"},{"data":"jedi:BattleThirst","floor":32,"key":"SMITH"},{"floor":40,"key":"REST"},{"floor":46,"key":"REST"},{"floor":49,"key":"REST"},{"data":"theDruid:IronbarkArmor+1","floor":52,"key":"SMITH"}],"circlet_count":0,"master_deck":["AscendersBane","theDruid:Defend_O+1","theDruid:Defend_O+1","Apotheosis+1","MasterReality+1","theDruid:FuriousSlash+1","theDruid:ThornStrike+1","theDruid:InsectSwarm+1","Replay:Dark Deal+1","theDruid:PrimalStrength+1","theDruid:TakeShelter+1","theDruid:ExposingSlash+1","theDruid:Stampede+1","theDruid:PlagueClaw+1","theDruid:Infestation+1","theDruid:IronbarkArmor+2","Reaper+1","theDruid:ForestsSoul+1","theDruid:HerbalismKit+1","theDruid:PlagueClaw+1","theDruid:Rabid+1","hubris:DuctTapeCard+3","theDruid:Recoil+1"],"relics":["theDruid:CrownOfTheWilds","Molten Egg 2","Toxic Egg 2","Frozen Egg 2","Quantum Egg","conspire:InfiniteJournal","Bottled Tornado","Ice Cream","halation:AfternoonTea","Sling","beaked:SacredDeck","ReplayTheSpireMod:CursedCoin","Black Star","Gremlin Horn","halation:PrussianBluePaint","SpikesRelics:ToyHorsey","Bottled Lightning","trackpad:Coffee","StuffTheSpire:BottledEssence","Blue Doll","trackpad:SneckoScepter","TungstenRod","SacredBark","trackpad:AdjectivePendant","hubris:DuctTape","theDruid:PlagueMask","CeramicFish","hubris:EmptyBottle","halation:Toothbrush","Letter Opener","Toy Ornithopter","trackpad:SappingStone"],"acts_visited":["Menagerie:Menagerie","TheCity","TheBeyond","TheEnding"],"potions_floor_usage":[4,10,13,16,18,25,25,27,27,28,29,30,30,33,33,33,35,37,37,37,37,41,42,43,43,45,45,45,45,47,47,47,47,48,48,48,48,48,48,50,50,50,50,50,50,54,54,54,55,55,55,55],"damage_taken":[{"damage":6,"enemies":"Menagerie:StygianBoar","floor":1,"turns":3},{"damage":7,"enemies":"Menagerie:MonstrousExperiment","floor":3,"turns":4},{"damage":0,"enemies":"Menagerie:WhisperingWraith","floor":4,"turns":1},{"damage":14,"enemies":"Menagerie:MaskedSummoner","floor":6,"turns":6},{"damage":3,"enemies":"Menagerie:Hexasnake","floor":7,"turns":4},{"damage":4,"enemies":"Menagerie:MENAGERIE_WILDLIFE","floor":8,"turns":3},{"damage":0,"enemies":"Menagerie:BEAST_MAGE_AND_PROWLING_AMALGAM","floor":10,"turns":5},{"damage":8,"enemies":"Menagerie:MeltingSalamander","floor":11,"turns":4},{"damage":11,"enemies":"Menagerie:DREAD_MOTH_AND_GRAFTED_WORMS","floor":12,"turns":4},{"damage":7,"enemies":"Menagerie:VoidReaper","floor":13,"turns":6},{"damage":0,"enemies":"Menagerie:Chimera","floor":16,"turns":7},{"damage":16,"enemies":"2 Thieves","floor":18,"turns":4},{"damage":8,"enemies":"Chosen","floor":20,"turns":4},{"damage":10,"enemies":"Replay:Snechameleon","floor":24,"turns":7},{"damage":15,"enemies":"Centurion and Healer","floor":25,"turns":6},{"damage":6,"enemies":"Snake Plant","floor":26,"turns":7},{"damage":0,"enemies":"Snake Plant","floor":27,"turns":6},{"damage":16,"enemies":"Cultist and Chosen","floor":28,"turns":6},{"damage":3,"enemies":"3 Cultists","floor":29,"turns":6},{"damage":4,"enemies":"Snecko","floor":30,"turns":5},{"damage":20,"enemies":"Shelled Parasite and Fungi","floor":31,"turns":5},{"damage":25,"enemies":"hubris:MusketHawk","floor":33,"turns":10},{"damage":20,"enemies":"3 Darklings","floor":35,"turns":6},{"damage":87,"enemies":"2 Orb Walkers","floor":37,"turns":8},{"damage":8,"enemies":"3 Shapes","floor":39,"turns":3},{"damage":26,"enemies":"Nemesis","floor":41,"turns":5},{"damage":6,"enemies":"3 Darklings","floor":42,"turns":3},{"damage":4,"enemies":"Writhing Mass","floor":43,"turns":11},{"damage":7,"enemies":"Writhing Mass","floor":45,"turns":5},{"damage":0,"enemies":"Maw","floor":47,"turns":6},{"damage":39,"enemies":"Giant Head","floor":48,"turns":7},{"damage":22,"enemies":"Donu and Deca","floor":50,"turns":8},{"damage":70,"enemies":"Shield and Spear","floor":54,"turns":7},{"damage":48,"enemies":"The Heart","floor":55,"turns":8}],"seed_played":"3112311502395965825","potions_obtained":[{"floor":3,"key":"Fire Potion"},{"floor":7,"key":"Block Potion"},{"floor":11,"key":"SpeedPotion"},{"floor":13,"key":"Block Potion"},{"floor":27,"key":"AttackPotion"},{"floor":28,"key":"Reflective Coating"},{"floor":29,"key":"DuplicationPotion"},{"floor":35,"key":"Regen Potion"},{"floor":42,"key":"conspire:TimeTravelPotion"}],"is_trial":false,"path_per_floor":["M","?","M","M","?","E","M","M","T","M","M","M","E","$","R","B",null,"M","?","M","?","AVR","R","E","M","MIM","M","M","M","M","M","R","B",null,"M","$","?","AVR","M","R","E","M","MIM","$","M","R","M","E","R","B",null,"R","$","E","B",null],"character_chosen":"DRUID","items_purchased":["Sling","SkillPotion","StuffTheSpire:BottledEssence","Blue Doll","hubris:EmptyBottle","theDruid:Recoil+1"],"campfire_rested":4,"item_purchase_floors":[14,14,36,36,44,53],"current_hp_per_floor":[44,44,37,37,37,23,24,24,24,39,36,29,27,27,49,75,75,59,59,64,64,64,64,75,75,69,69,53,75,71,51,51,58,71,67,67,13,13,5,27,57,64,60,60,53,75,75,46,68,75,75,75,75,10,71],"gold":93,"neow_bonus":"TWO_FIFTY_GOLD","is_daily":false,"chose_seed":false,"campfire_upgraded":2,"win_rate":0.0,"timestamp":1610367358,"path_taken":["M","?","?","M","?","E","?","M","T","M","?","M","E","$","R","BOSS","M","?","?","?","AVR","R","E","M","MIM","M","M","?","M","M","R","BOSS","M","$","?","AVR","M","R","E","M","MIM","?","M","R","?","E","R","BOSS","R","$","E","BOSS"],"items_purchased_type":["Relic","Potion","Relic","Relic","Relic","Card"],"build_version":"2020-12-22","purchased_purges":6,"victory":true,"max_hp_per_floor":[75,75,75,75,75,75,75,75,75,75,75,75,75,75,75,75,75,75,75,75,75,75,75,75,75,75,75,75,75,75,75,75,75,75,75,75,75,75,75,75,75,75,75,75,75,75,75,75,75,75,75,75,75,75,75],"card_choices":[{"not_picked":["theDruid:TakeShelter+1","theDruid:Fortitude+1"],"picked":"theDruid:FuriousSlash+1","floor":1},{"not_picked":["theDruid:TakeShelter+1","theDruid:FuriousSlash+1"],"picked":"theDruid:ThornStrike+1","floor":3},{"not_picked":["theDruid:ViralBites+1","theDruid:BlessedStrike+1"],"picked":"theDruid:InsectSwarm+1","floor":4},{"not_picked":["ReplayTheSpireMod:Necrogeddon+1","The Bomb+1"],"picked":"Replay:Dark Deal+1","floor":5},{"not_picked":["theDruid:Impale+1","theDruid:WallofRoots+1"],"picked":"theDruid:PrimalStrength+1","floor":5},{"not_picked":["theDruid:Guidance+1","theDruid:ThickHide+1"],"picked":"theDruid:TakeShelter+1","floor":6},{"not_picked":["theDruid:TwinStars+1","theDruid:TakeShelter+1"],"picked":"theDruid:ExposingSlash+1","floor":7},{"not_picked":["theDruid:Entangle+1","theDruid:Guidance+1","theDruid:Thornburst+1"],"picked":"SKIP","floor":8},{"not_picked":["theDruid:Swipe+1","theDruid:Slingshot+1"],"picked":"theDruid:Stampede+1","floor":10},{"not_picked":["theDruid:Recoil+1","theDruid:TwilightsCall+1"],"picked":"theDruid:PlagueClaw+1","floor":11},{"not_picked":["theDruid:BackupSupplies+1","theDruid:ExposingSlash+1","theDruid:Slingshot+1"],"picked":"SKIP","floor":12},{"not_picked":["theDruid:SurvivalInstincts+1","theDruid:Adaptation+1"],"picked":"theDruid:Infestation+1","floor":13},{"not_picked":["theDruid:TwinStars+1","theDruid:SerratedFlesh+1"],"picked":"theDruid:IronbarkArmor+1","floor":16},{"not_picked":["theDruid:FeralPlants+1","theDruid:PlagueClaw+1"],"picked":"theDruid:ForestsSoul+1","floor":18},{"not_picked":["theDruid:ForestsSoul+1","theDruid:BrambleLash+1","theDruid:Pathfinder+1"],"picked":"SKIP","floor":20},{"not_picked":["theDruid:Gore+1","theDruid:Stampede+1"],"picked":"theDruid:HerbalismKit+1","floor":24},{"not_picked":["theDruid:Guidance+1","theDruid:Resourcefulness+1","theDruid:FelineGrace+1"],"picked":"SKIP","floor":25},{"not_picked":["theDruid:PlagueClaw+1","theDruid:BlessedStrike+1","theDruid:NaturalAgility+1"],"picked":"SKIP","floor":27},{"not_picked":["theDruid:Restoration+1","theDruid:ExposingSlash+1"],"picked":"theDruid:BloodiedFur+1","floor":28},{"not_picked":["theDruid:FaerieFire+1","theDruid:FelineGrace+1"],"picked":"theDruid:PlagueClaw+1","floor":29},{"not_picked":["theDruid:PlagueClaw+1","theDruid:Adaptation+1","theDruid:WallofRoots+1"],"picked":"SKIP","floor":30},{"not_picked":["theDruid:TwilightsCall+1","theDruid:ViralBites+1","theDruid:LunarScythe+1"],"picked":"SKIP","floor":31},{"not_picked":["theDruid:HerbalismKit+1","theDruid:CelestialSurge+1"],"picked":"theDruid:Rabid+1","floor":33},{"not_picked":["theDruid:Starfall+1","theDruid:Moonbeam+1","theDruid:Forage+1"],"picked":"SKIP","floor":35},{"not_picked":["theDruid:Starfall+1","theDruid:Rummage+1","theDruid:ForestsSoul+1"],"picked":"SKIP","floor":39},{"not_picked":["theDruid:ThornStrike+1","theDruid:Gore+1","theDruid:Untamed+1"],"picked":"SKIP","floor":41},{"not_picked":["theDruid:BrambleLash+1","theDruid:Starburst+1","theDruid:ThornStrike+1"],"picked":"SKIP","floor":42},{"not_picked":["theDruid:TakeShelter+1","theDruid:Resupply+1","theDruid:TwilightsCall+1"],"picked":"SKIP","floor":45},{"not_picked":["theDruid:Resupply+1","theDruid:Impale+1","theDruid:TakeShelter+1"],"picked":"SKIP","floor":47},{"not_picked":["theDruid:IronbarkArmor+1","theDruid:Stampede+1","theDruid:ThornStrike+1"],"picked":"SKIP","floor":48},{"not_picked":["theDruid:Gore+1","theDruid:Starfall+1","theDruid:TwilightsCall+1"],"picked":"SKIP","floor":54}],"player_experience":2708085,"relics_obtained":[{"floor":6,"key":"Ice Cream"},{"floor":13,"key":"halation:AfternoonTea"},{"floor":24,"key":"Gremlin Horn"},{"floor":24,"key":"halation:PrussianBluePaint"},{"floor":26,"key":"SpikesRelics:ToyHorsey"},{"floor":26,"key":"Bottled Lightning"},{"floor":37,"key":"trackpad:SneckoScepter"},{"floor":41,"key":"trackpad:AdjectivePendant"},{"floor":41,"key":"hubris:DuctTape"},{"floor":43,"key":"theDruid:PlagueMask"},{"floor":43,"key":"CeramicFish"},{"floor":48,"key":"halation:Toothbrush"},{"floor":48,"key":"Letter Opener"},{"floor":54,"key":"Toy Ornithopter"},{"floor":54,"key":"trackpad:SappingStone"}],"event_choices":[{"damage_healed":0,"gold_gain":0,"player_choice":"Simplicity","damage_taken":0,"max_hp_gain":0,"max_hp_loss":0,"event_name":"betterThird:BetterWriting","floor":0,"gold_loss":0},{"damage_healed":0,"gold_gain":0,"player_choice":"2","damage_taken":0,"max_hp_gain":0,"max_hp_loss":0,"event_name":"betterMatch:BetterMatch","floor":5,"gold_loss":0,"cards_obtained":["betterMatch:ColorlessRareCard","betterMatch:UncommonCard"]},{"damage_healed":0,"gold_gain":0,"cards_transformed":["theDruid:Strike_O"],"player_choice":"Transformed","damage_taken":0,"max_hp_gain":0,"max_hp_loss":0,"event_name":"Transmorgrifier","floor":19,"gold_loss":0,"cards_obtained":["theDruid:BackupSupplies"]},{"cards_removed":["theDruid:Strike_O"],"damage_healed":0,"gold_gain":0,"player_choice":"Purged","damage_taken":0,"max_hp_gain":0,"max_hp_loss":0,"event_name":"Purifier","floor":21,"gold_loss":0},{"damage_healed":0,"gold_gain":0,"player_choice":"Fight","damage_taken":0,"max_hp_gain":0,"max_hp_loss":0,"event_name":"Mysterious Sphere","floor":37,"gold_loss":0}],"is_beta":false,"boss_relics":[{"not_picked":["vexMod:TanglingVine","ReplayTheSpireMod:DimensionalGlitch"],"picked":"beaked:SacredDeck"},{"not_picked":["halation:HeavySnake","ReplayTheSpireMod:SealedPack"],"picked":"trackpad:Coffee"}],"items_purged_floors":[14,14,22,36,36,38],"is_endless":false,"potions_floor_spawned":[3,4,7,11,13,27,28,29,31,35,39,41,42,45],"ascension_level":13}}