{"host":"sav7uxregyirlf69","time":1610381084,"event":{"mods":["AchievementEnabler","BaseMod","Colored Map","DeckTracker","Keyboard Shortcuts","Minty Spire (QoL Compilation)","READ ME - Guardian Mod","StSLib","SuperFastMode"],"gold_per_floor":[110,35,35,35,46,46,62,62,134,146,69,89,116,133,133,209,209,220,145,145,145,145,145,156,56,56,56,68,103,103,120,120,197,197,216,216,216,216,233,261,261,286,310,323,348,365,365,398,398,398,398,398],"floor_reached":51,"playtime":983,"items_purged":["Strike_G","Defend_G+1"],"score":1556,"play_id":"7a5f8d26-775a-409c-bd47-c7a02b578c9c","local_time":"20210112010444","is_ascension_mode":true,"campfire_choices":[{"data":"Cloak And Dagger","floor":6,"key":"SMITH"},{"data":"Dash","floor":8,"key":"SMITH"},{"data":"Terror","floor":15,"key":"SMITH"},{"data":"Accuracy","floor":23,"key":"SMITH"},{"data":"Cloak And Dagger","floor":27,"key":"SMITH"},{"data":"Envenom","floor":30,"key":"SMITH"},{"data":"Footwork","floor":32,"key":"SMITH"},{"data":"Adrenaline","floor":41,"key":"SMITH"},{"data":"Catalyst","floor":47,"key":"SMITH"},{"floor":49,"key":"RECALL"}],"circlet_count":0,"master_deck":["AscendersBane","Strike_G+1","Strike_G+1","Strike_G+1","Defend_G+1","Defend_G+1","Defend_G+1","Survivor+1","Neutralize","Cloak And Dagger+1","Dash+1","Accuracy+1","Terror+1","Infinite Blades","Dagger Throw","Adrenaline+1","Cloak And Dagger+1","Envenom+1","Footwork+1","Malaise+1","Catalyst+1","Adrenaline","Footwork+1","Finisher+1","PiercingWail"],"relics":["Ring of the Snake","Eternal Feather","Snake Skull","Sozu","Bottled Lightning","Dream Catcher","SlaversCollar","War Paint","Prayer Wheel","Question Card","InkBottle"],"acts_visited":["Exordium","TheCity","TheBeyond"],"potions_floor_usage":[13,13,16],"damage_taken":[{"damage":1,"enemies":"Small Slimes","floor":1,"turns":5},{"damage":1,"enemies":"Jaw Worm","floor":5,"turns":6},{"damage":0,"enemies":"Cultist","floor":7,"turns":3},{"damage":3,"enemies":"Exordium Wildlife","floor":10,"turns":4},{"damage":6,"enemies":"3 Louse","floor":12,"turns":4},{"damage":1,"enemies":"Gremlin Nob","floor":13,"turns":4},{"damage":3,"enemies":"Looter","floor":14,"turns":3},{"damage":27,"enemies":"Hexaghost","floor":16,"turns":7},{"damage":21,"enemies":"Chosen","floor":18,"turns":5},{"damage":9,"enemies":"3 Byrds","floor":24,"turns":5},{"damage":4,"enemies":"Centurion and Healer","floor":28,"turns":4},{"damage":0,"enemies":"Gremlin Leader","floor":29,"turns":5},{"damage":5,"enemies":"Shelled Parasite and Fungi","floor":31,"turns":4},{"damage":32,"enemies":"Automaton","floor":33,"turns":10},{"damage":0,"enemies":"Orb Walker","floor":35,"turns":3},{"damage":8,"enemies":"3 Darklings","floor":39,"turns":6},{"damage":3,"enemies":"Nemesis","floor":40,"turns":7},{"damage":7,"enemies":"Mind Bloom Boss Battle","floor":42,"turns":7},{"damage":1,"enemies":"Spire Growth","floor":44,"turns":4},{"damage":0,"enemies":"Giant Head","floor":45,"turns":7},{"damage":10,"enemies":"Maw","floor":46,"turns":7},{"damage":47,"enemies":"Nemesis","floor":48,"turns":5},{"damage":53,"enemies":"Time Eater","floor":50,"turns":7},{"damage":7,"enemies":"Donu and Deca","floor":51,"turns":2}],"seed_played":"1032157680532554794","potions_obtained":[{"floor":7,"key":"GhostInAJar"},{"floor":12,"key":"LiquidMemories"},{"floor":14,"key":"Strength Potion"},{"floor":16,"key":"FairyPotion"}],"is_trial":false,"path_per_floor":["M","?","?","?","M","R","M","R","T","M","$","M","E","M","R","B",null,"M","$","?","?","?","R","M","$","T","R","M","E","R","M","R","B",null,"M","?","?","?","M","E","R","?","T","M","E","M","R","E","R","B","B"],"character_chosen":"THE_SILENT","items_purchased":["Accuracy"],"campfire_rested":0,"item_purchase_floors":[11],"current_hp_per_floor":[64,64,69,69,68,68,68,68,68,65,65,59,58,55,64,37,67,46,46,46,46,46,55,46,46,46,55,51,51,60,55,67,35,67,67,67,67,67,59,56,68,61,61,60,60,50,62,15,30,5,0,0],"gold":398,"neow_bonus":"TEN_PERCENT_HP_BONUS","is_daily":false,"chose_seed":false,"campfire_upgraded":9,"win_rate":0.0,"timestamp":1610381084,"path_taken":["M","?","?","?","M","R","M","R","T","M","?","M","E","M","R","BOSS","M","$","?","?","?","R","M","?","T","R","M","E","R","M","R","BOSS","M","?","?","?","M","E","R","?","T","M","E","M","R","E","R","BOSS","BOSS"],"items_purchased_type":["Card"],"build_version":"2020-12-22","purchased_purges":2,"victory":false,"max_hp_per_floor":[72,72,77,77,77,77,77,77,77,77,77,77,77,77,77,77,77,77,77,77,77,77,77,77,77,77,77,77,77,77,77,77,77,77,77,73,73,73,73,73,73,73,73,73,73,73,73,73,73,73,73,73],"card_choices":[{"not_picked":["Slice","Deflect"],"picked":"Cloak And Dagger","floor":1},{"not_picked":["Backflip","Slice","Underhanded Strike"],"picked":"SKIP","floor":5},{"not_picked":["Doppelganger","Sucker Punch"],"picked":"Dash","floor":7},{"not_picked":["Outmaneuver","Backflip","Catalyst"],"picked":"SKIP","floor":10},{"not_picked":["Bouncing Flask","Accuracy"],"picked":"Terror","floor":12},{"not_picked":["Acrobatics","Outmaneuver"],"picked":"Infinite Blades","floor":13},{"not_picked":["Outmaneuver","Quick Slash"],"picked":"Dagger Throw","floor":14},{"not_picked":["Night Terror","Doppelganger"],"picked":"Adrenaline","floor":16},{"not_picked":["Heel Hook","Slice","Predator+1"],"picked":"SKIP","floor":18},{"not_picked":["Bane","Riddle With Holes"],"picked":"Cloak And Dagger","floor":24},{"not_picked":["Quick Slash","Dagger Spray","Underhanded Strike"],"picked":"SKIP","floor":28},{"not_picked":["Quick Slash","Masterful Stab"],"picked":"Envenom","floor":29},{"not_picked":["Underhanded Strike","Deadly Poison"],"picked":"Footwork","floor":31},{"not_picked":["A Thousand Cuts","Tools of the Trade"],"picked":"Malaise","floor":33},{"not_picked":["Predator","Endless Agony","Prepared"],"picked":"SKIP","floor":35},{"not_picked":["Outmaneuver","Dagger Spray"],"picked":"Catalyst","floor":39},{"not_picked":["Outmaneuver","All Out Attack"],"picked":"Adrenaline","floor":40},{"not_picked":["Quick Slash","Prepared"],"picked":"Footwork+1","floor":42},{"not_picked":["Dagger Spray","Prepared","Sucker Punch"],"picked":"SKIP","floor":44},{"not_picked":["Masterful Stab","Dagger Spray","Calculated Gamble"],"picked":"SKIP","floor":44},{"not_picked":["Terror","Dodge and Roll","Dash"],"picked":"SKIP","floor":45},{"not_picked":["Deflect","Cloak And Dagger","Expertise"],"picked":"Finisher+1","floor":46},{"not_picked":["Dagger Spray","Flying Knee","Dash","Heel Hook"],"picked":"SKIP","floor":46},{"not_picked":["Concentrate","PiercingWail","Leg Sweep","Doppelganger"],"picked":"SKIP","floor":48},{"not_picked":["Concentrate","Leg Sweep","Doppelganger"],"picked":"PiercingWail","floor":48}],"player_experience":1254823,"relics_obtained":[{"floor":9,"key":"Eternal Feather"},{"floor":13,"key":"Snake Skull"},{"floor":26,"key":"Bottled Lightning"},{"floor":29,"key":"Dream Catcher"},{"floor":40,"key":"War Paint"},{"floor":42,"key":"Prayer Wheel"},{"floor":45,"key":"Question Card"},{"floor":48,"key":"InkBottle"}],"event_choices":[{"cards_removed":["Defend_G"],"damage_healed":0,"gold_gain":0,"player_choice":"Card Removal","damage_taken":0,"max_hp_gain":0,"max_hp_loss":0,"event_name":"The Cleric","floor":2,"gold_loss":75},{"damage_healed":0,"gold_gain":0,"player_choice":"Donut","damage_taken":0,"max_hp_gain":5,"max_hp_loss":0,"event_name":"Big Fish","floor":3,"gold_loss":0},{"damage_healed":0,"gold_gain":0,"player_choice":"Ignored","damage_taken":0,"max_hp_gain":0,"max_hp_loss":0,"event_name":"Liars Game","floor":4,"gold_loss":0},{"damage_healed":0,"gold_gain":0,"player_choice":"Simplicity","damage_taken":0,"max_hp_gain":0,"max_hp_loss":0,"event_name":"Back to Basics","floor":20,"gold_loss":0,"cards_upgraded":["Strike_G","Strike_G","Strike_G","Strike_G","Defend_G","Defend_G","Defend_G","Defend_G"]},{"damage_healed":0,"gold_gain":0,"player_choice":"Ignored","damage_taken":0,"max_hp_gain":0,"max_hp_loss":0,"event_name":"Vampires","floor":21,"gold_loss":0},{"damage_healed":0,"gold_gain":0,"player_choice":"Ignored","damage_taken":0,"max_hp_gain":0,"max_hp_loss":0,"event_name":"The Mausoleum","floor":22,"gold_loss":0},{"damage_healed":0,"gold_gain":0,"player_choice":"Max HP","damage_taken":0,"max_hp_gain":0,"max_hp_loss":4,"event_name":"Winding Halls","floor":36,"gold_loss":0},{"damage_healed":0,"gold_gain":0,"player_choice":"Ignored","damage_taken":0,"max_hp_gain":0,"max_hp_loss":0,"event_name":"Mysterious Sphere","floor":37,"gold_loss":0},{"cards_removed":["Strike_G"],"damage_healed":0,"gold_gain":0,"player_choice":"Removed Attack","damage_taken":0,"max_hp_gain":0,"max_hp_loss":0,"event_name":"Falling","floor":38,"gold_loss":0},{"damage_healed":0,"gold_gain":0,"player_choice":"Fight","damage_taken":0,"max_hp_gain":0,"max_hp_loss":0,"event_name":"MindBloom","floor":42,"gold_loss":0}],"is_beta":false,"boss_relics":[{"not_picked":["Velvet Choker","SacredBark"],"picked":"Sozu"},{"not_picked":["Empty Cage","Busted Crown"],"picked":"SlaversCollar"}],"items_purged_floors":[19,25],"is_endless":false,"potions_floor_spawned":[7,12,14,16,18,28,29,33,35,44,45],"killed_by":"Donu and Deca","ascension_level":20}}