{"host":"d66n7ln59ex8canu","time":1610398347,"event":{"mods":["AchievementEnabler","BaseMod","Colored Map","Minty Spire (QoL Compilation)","Quick Restart","StSLib"],"gold_per_floor":[115,115,125,125,54,85,85,120,120,120,135,135,148,167,167,167,167],"floor_reached":16,"playtime":276,"items_purged":[],"score":162,"play_id":"497eff94-a0da-4ee2-ae7b-6ee4e842e08c","local_time":"20210111155227","is_ascension_mode":true,"campfire_choices":[{"data":"Bouncing Flask","floor":7,"key":"SMITH"},{"data":"Deadly Poison","floor":10,"key":"SMITH"},{"data":"Poisoned Stab","floor":12,"key":"SMITH"},{"data":"Backflip","floor":15,"key":"SMITH"}],"circlet_count":0,"master_deck":["Strike_G","Strike_G","Strike_G","Strike_G","Strike_G","Defend_G","Defend_G","Defend_G","Defend_G","Defend_G","Survivor","Neutralize","Dagger Throw","Dagger Spray","Bouncing Flask+1","Deadly Poison+1","Backflip+1","Poisoned Stab+1"],"relics":["Ring of the Snake","NeowsBlessing","Nunchaku","Centennial Puzzle","Happy Flower","Letter Opener"],"acts_visited":["Exordium"],"potions_floor_usage":[13,16],"damage_taken":[{"damage":0,"enemies":"Small Slimes","floor":1,"turns":1},{"damage":0,"enemies":"Cultist","floor":3,"turns":1},{"damage":0,"enemies":"3 Sentries","floor":6,"turns":1},{"damage":31,"enemies":"Gremlin Nob","floor":8,"turns":4},{"damage":0,"enemies":"Jaw Worm","floor":11,"turns":3},{"damage":0,"enemies":"Gremlin Gang","floor":13,"turns":1},{"damage":19,"enemies":"Exordium Wildlife","floor":14,"turns":3},{"damage":24,"enemies":"Slime Boss","floor":16,"turns":5}],"seed_played":"-2015846389944250621","potions_obtained":[{"floor":6,"key":"SteroidPotion"},{"floor":11,"key":"ColorlessPotion"}],"is_trial":false,"path_per_floor":["M","?","M","?","$","E","R","E","T","R","M","R","M","M","R","B"],"character_chosen":"THE_SILENT","items_purchased":["Bouncing Flask"],"campfire_rested":0,"item_purchase_floors":[5],"current_hp_per_floor":[70,70,70,70,70,70,70,39,39,39,39,39,39,20,20,0,0],"gold":167,"neow_bonus":"THREE_ENEMY_KILL","is_daily":false,"chose_seed":false,"campfire_upgraded":4,"win_rate":0.0,"timestamp":1610398347,"path_taken":["M","?","?","?","$","E","R","E","T","R","M","R","?","M","R","BOSS"],"items_purchased_type":["Card"],"build_version":"2020-12-22","purchased_purges":0,"victory":false,"max_hp_per_floor":[70,70,70,70,70,70,70,70,70,70,70,70,70,70,70,70,70],"card_choices":[{"not_picked":["Acrobatics","Bane"],"picked":"Dagger Throw","floor":1},{"not_picked":["Terror","Well Laid Plans"],"picked":"Dagger Spray","floor":3},{"not_picked":["Bane","Eviscerate"],"picked":"Deadly Poison","floor":6},{"not_picked":["Cloak And Dagger","Deadly Poison"],"picked":"Backflip","floor":8},{"not_picked":["Dagger Throw","Caltrops"],"picked":"Poisoned Stab","floor":11},{"not_picked":["Expertise","Riddle With Holes","Sucker Punch"],"picked":"SKIP","floor":13},{"not_picked":["Distraction","Reflex","Underhanded Strike"],"picked":"SKIP","floor":14}],"player_experience":312379,"relics_obtained":[{"floor":6,"key":"Centennial Puzzle"},{"floor":8,"key":"Happy Flower"},{"floor":9,"key":"Letter Opener"}],"event_choices":[{"damage_healed":0,"gold_gain":0,"player_choice":"1 cards matched","damage_taken":0,"max_hp_gain":0,"max_hp_loss":0,"event_name":"Match and Keep!","floor":2,"gold_loss":0,"cards_obtained":["Quick Slash"]},{"cards_removed":["Quick Slash"],"damage_healed":0,"gold_gain":0,"player_choice":"Gave Card","damage_taken":0,"relics_obtained":["Nunchaku"],"max_hp_gain":0,"max_hp_loss":0,"event_name":"WeMeetAgain","floor":4,"gold_loss":0}],"is_beta":false,"boss_relics":[],"items_purged_floors":[],"is_endless":false,"potions_floor_spawned":[6,11],"killed_by":"Slime Boss","ascension_level":4}}