{"host":"x7xd4wkamhrqrrvw","time":1610408032,"event":{"mods":["BaseMod","Minty Spire (QoL Compilation)","StSLib"],"gold_per_floor":[113,123,138,150,166,166,184,184,207,207,222,235,251,251,251,251,251],"floor_reached":16,"playtime":608,"items_purged":[],"score":142,"play_id":"fa5d9641-bd2d-4cc6-826a-6b0da1c80274","local_time":"20210111213352","is_ascension_mode":true,"campfire_choices":[{"data":"Entrench","floor":6,"key":"SMITH"},{"data":"Body Slam","floor":8,"key":"SMITH"},{"floor":10,"key":"REST"},{"data":"Defend_R","floor":15,"key":"SMITH"}],"circlet_count":0,"master_deck":["Strike_R","Strike_R","Strike_R","Strike_R","Strike_R","Defend_R+1","Defend_R","Defend_R","Defend_R","Bash","Entrench+1","Body Slam+1","Evolve","Cleave","Battle Trance"],"relics":["Burning Blood","Omamori"],"acts_visited":["Exordium"],"potions_floor_usage":[4,5,11,11],"damage_taken":[{"damage":7,"enemies":"Cultist","floor":1,"turns":6},{"damage":4,"enemies":"Small Slimes","floor":2,"turns":4},{"damage":8,"enemies":"Jaw Worm","floor":3,"turns":5},{"damage":27,"enemies":"Exordium Thugs","floor":4,"turns":5},{"damage":21,"enemies":"Red Slaver","floor":5,"turns":5},{"damage":33,"enemies":"Large Slime","floor":7,"turns":9},{"damage":5,"enemies":"2 Fungi Beasts","floor":11,"turns":5},{"damage":27,"enemies":"Lots of Slimes","floor":12,"turns":3},{"damage":9,"enemies":"Exordium Wildlife","floor":13,"turns":4},{"damage":5,"enemies":"Hexaghost","floor":16,"turns":8}],"seed_played":"6468245211614807463","potions_obtained":[{"floor":1,"key":"GamblersBrew"},{"floor":3,"key":"DuplicationPotion"},{"floor":4,"key":"BlessingOfTheForge"},{"floor":7,"key":"ElixirPotion"},{"floor":13,"key":"SpeedPotion"}],"is_trial":false,"path_per_floor":["M","M","M","M","M","R","M","R","T","R","M","M","M","?","R","B"],"character_chosen":"IRONCLAD","items_purchased":[],"campfire_rested":1,"item_purchase_floors":[],"current_hp_per_floor":[71,73,71,50,35,35,8,8,8,32,33,12,9,9,9,4,4],"gold":251,"neow_bonus":"THREE_CARDS","is_daily":false,"chose_seed":false,"campfire_upgraded":3,"win_rate":0.0,"timestamp":1610408032,"path_taken":["M","M","M","M","?","R","M","R","T","R","M","?","M","?","R","BOSS"],"items_purchased_type":[],"build_version":"2020-12-22","purchased_purges":0,"victory":false,"max_hp_per_floor":[80,80,80,80,80,80,80,80,80,80,80,80,80,80,80,80,80],"card_choices":[{"not_picked":["Thunderclap","Shrug It Off"],"picked":"Entrench","floor":0},{"not_picked":["Disarm","Twin Strike"],"picked":"Body Slam","floor":1},{"not_picked":["Pommel Strike","Clothesline"],"picked":"Evolve","floor":2},{"not_picked":["Hemokinesis","True Grit"],"picked":"Cleave","floor":3},{"not_picked":["Heavy Blade","Warcry","Bloodletting"],"picked":"SKIP","floor":4},{"not_picked":["Anger","Reckless Charge","Thunderclap"],"picked":"SKIP","floor":5},{"not_picked":["Blood for Blood","Pummel","Headbutt"],"picked":"SKIP","floor":7},{"not_picked":["Rage","Twin Strike"],"picked":"Battle Trance","floor":11},{"not_picked":["True Grit","Cleave","Searing Blow"],"picked":"SKIP","floor":12},{"not_picked":["Searing Blow","Rage","Thunderclap"],"picked":"SKIP","floor":13}],"player_experience":306489,"relics_obtained":[{"floor":9,"key":"Omamori"}],"event_choices":[{"damage_healed":0,"gold_gain":0,"player_choice":"Ignored","damage_taken":0,"max_hp_gain":0,"max_hp_loss":0,"event_name":"Liars Game","floor":14,"gold_loss":0}],"is_beta":false,"boss_relics":[],"items_purged_floors":[],"is_endless":false,"potions_floor_spawned":[1,3,4,7,13],"killed_by":"Hexaghost","ascension_level":9}}