{"host":"56ghxnzsglgdq727","time":1610323393,"event":{"mods":["AchievementEnabler","BaseMod","Downfall","Duelist Mod","Minty Spire (QoL Compilation)","Rare Cards Sparkle","StSLib","The Bug Knight","The Exalted","The Senshi","The Wild Card"],"gold_per_floor":[139,139,139,27,27,27,38,38,38,50,76,76,96,116,116,217,217,237,237,249,263,14,14,24,24,24,69,69,69,69,69],"floor_reached":30,"playtime":1355,"items_purged":["theDuelist:CastleWalls","theDuelist:CastleWalls"],"score":230,"play_id":"5269fcf0-a96f-4b9c-8b10-6ba5fbedeee3","local_time":"20210110190313","is_ascension_mode":false,"campfire_choices":[{"data":"theDuelist:GracefulCharity","floor":6,"key":"SMITH"},{"floor":12,"key":"REST"},{"data":"theDuelist:ConvulsionNature","floor":15,"key":"SMITH"},{"data":"theDuelist:VenomShot","floor":23,"key":"SMITH"},{"floor":29,"key":"REST"}],"circlet_count":0,"master_deck":["theDuelist:GracefulCharity+1","theDuelist:ShardGreed","theDuelist:NaturalDisaster","theDuelist:NaturiaVein","theDuelist:VenomShot+1","theDuelist:NaturiaRock","theDuelist:ConvulsionNature+1","theWildCard:Scathach","theDuelist:Sparks","theDuelist:MultiplicationOfAnts","theDuelist:Sparks","theDuelist:NaturiaCliff","theDuelist:NaturiaTulip","theDuelist:NaturiaBeast","theDuelist:CastleWalls","theDuelist:HuntingInstinct","theDuelist:BloodSparks"],"relics":["theDuelist:MillenniumPuzzle","theDuelist:CardPoolRelic","theDuelist:CardPoolBasicRelic","theDuelist:BoosterPackPoolRelic","theDuelist:CardPoolAddRelic","theDuelist:CardPoolMinusRelic","theDuelist:CardPoolSaveRelic","theDuelist:CardPoolOptionsRelic","Tiny Chest","Ginger","Inserter","Bromod:ArcaneNullifier","Boot"],"acts_visited":["Exordium","TheCity"],"potions_floor_usage":[16,21,28,28,28,28],"damage_taken":[{"damage":3,"enemies":"2 Louse","floor":1,"turns":4},{"damage":0,"enemies":"Small Slimes","floor":7,"turns":3},{"damage":9,"enemies":"Jaw Worm","floor":10,"turns":4},{"damage":28,"enemies":"3 Sentries","floor":11,"turns":7},{"damage":4,"enemies":"Exordium Thugs","floor":13,"turns":5},{"damage":9,"enemies":"Red Slaver","floor":14,"turns":4},{"damage":37,"enemies":"Hexaghost","floor":16,"turns":9},{"damage":10,"enemies":"3 Byrds","floor":18,"turns":4},{"damage":4,"enemies":"Chosen","floor":20,"turns":6},{"damage":27,"enemies":"Snecko","floor":21,"turns":6},{"damage":36,"enemies":"Snake Plant","floor":24,"turns":5},{"damage":4,"enemies":"Cultist and Chosen","floor":28,"turns":4},{"damage":39,"enemies":"Shelled Parasite and Fungi","floor":30,"turns":5}],"seed_played":"7542555753162459335","potions_obtained":[{"floor":1,"key":"SmokeBomb"},{"floor":11,"key":"Strength Potion"},{"floor":14,"key":"theDuelist:FusionPotion"},{"floor":16,"key":"theDuelist:SummonFuryPotion"},{"floor":20,"key":"theDuelist:LavaBottle"},{"floor":21,"key":"theDuelist:TokenPotionB"},{"floor":24,"key":"theDuelist:SealedPackD"}],"is_trial":false,"path_per_floor":["M","?","?","$","?","R","M","$","T","M","E","R","M","M","R","B",null,"M","?","M","M","$","R","M","?","T","T","M","R","M"],"character_chosen":"THE_DUELIST","items_purchased":["theDuelist:GracefulCharity","theDuelist:NaturiaVein"],"campfire_rested":2,"item_purchase_floors":[4,22],"current_hp_per_floor":[81,81,80,80,80,80,80,80,80,71,43,67,67,58,58,21,84,78,78,74,47,47,47,11,11,11,11,7,33,0,0],"gold":69,"neow_bonus":"THREE_CARDS","is_daily":false,"chose_seed":false,"campfire_upgraded":3,"win_rate":0.0,"timestamp":1610323393,"path_taken":["M","?","?","$","?","R","M","?","T","?","E","R","M","M","R","BOSS","M","?","M","M","$","R","M","?","T","?","M","R","?"],"items_purchased_type":["Card","Card"],"build_version":"2020-12-22","purchased_purges":2,"victory":false,"max_hp_per_floor":[84,84,80,80,80,80,80,80,80,80,80,80,84,84,84,84,84,88,88,88,88,88,88,88,88,88,88,88,88,88,88],"card_choices":[{"not_picked":["theDuelist:FossilDig","theDuelist:NaturiaMosquito"],"picked":"theDuelist:NaturalDisaster","floor":0},{"not_picked":["theDuelist:SeismicShockwave","theDuelist:Canyon"],"picked":"theDuelist:HuntingInstinct","floor":1},{"not_picked":["theDuelist:NaturiaLeodrake","theDuelist:LeodrakeMane","theDuelist:NaturiaSacredTree"],"picked":"theDuelist:ConvulsionNature","floor":7},{"not_picked":["theDuelist:AttackTheMoon","theDuelist:DestroyerGolem","theDuelist:Mudora","theDuelist:MudragonSwamp","theDuelist:WingedKuriboh"],"picked":"SKIP","floor":10},{"not_picked":["theDuelist:Sangan","theDuelist:Mudora","theDuelist:MudragonSwamp","theDuelist:GraniteLoyalist","theDuelist:HammerShot"],"picked":"SKIP","floor":11},{"not_picked":["theDuelist:NaturiaHydrangea","theDuelist:NaturiaEggplant","theDuelist:NaturiaDragonfly","theDuelist:NaturiaCliff","theDuelist:BrainCrusher"],"picked":"SKIP","floor":13},{"not_picked":["theDuelist:NaturiaExterio","theDuelist:BrainCrusher","theDuelist:CopyPlant","theDuelist:NaturiaAntjaw","theDuelist:NaturiaHydrangea"],"picked":"SKIP","floor":14},{"not_picked":["theDuelist:SeismicShockwave","theDuelist:ClosedForest","theDuelist:Wildfire","theDuelist:NaturiaHorneedle"],"picked":"theDuelist:MultiplicationOfAnts","floor":16},{"not_picked":["theDuelist:NaturiaRock","theDuelist:NaturiaGaiastrio","theDuelist:CrystalRose","theDuelist:NaturiaCliff","theDuelist:Blockman"],"picked":"SKIP","floor":18},{"not_picked":["theDuelist:NaturiaHydrangea","theDuelist:NaturiaEggplant","theDuelist:NaturiaDragonfly+1","theDuelist:NaturiaCliff"],"picked":"theDuelist:VenomShot","floor":20},{"not_picked":["theDuelist:MillenniumGolem","theDuelist:PotDichotomy","theDuelist:GolemSentry+1","theDuelist:GemElephant"],"picked":"theDuelist:ShardGreed","floor":21},{"not_picked":["theDuelist:NaturiaHydrangea","theDuelist:NaturiaEggplant","theDuelist:NaturiaDragonfly","theDuelist:NaturiaCliff+1","theDuelist:SangaEarth+1"],"picked":"SKIP","floor":24}],"player_experience":213908,"relics_obtained":[{"floor":9,"key":"Tiny Chest"},{"floor":11,"key":"Ginger"},{"floor":26,"key":"Bromod:ArcaneNullifier"},{"floor":27,"key":"Boot"}],"event_choices":[{"damage_healed":0,"gold_gain":0,"player_choice":"Leave","duelist":true,"damage_taken":0,"max_hp_gain":0,"max_hp_loss":0,"event_name":"Tomb of the Nameless","floor":2,"gold_loss":0},{"damage_healed":0,"gold_gain":0,"player_choice":"Brew - 2x Potion Slots","duelist":true,"damage_taken":0,"max_hp_gain":0,"max_hp_loss":0,"event_name":"Aknamkanon\u0027s Tomb","floor":3,"gold_loss":0},{"damage_healed":0,"gold_gain":0,"player_choice":"Leave","duelist":true,"damage_taken":0,"max_hp_gain":0,"max_hp_loss":0,"event_name":"Card Trader","floor":19,"gold_loss":0},{"damage_healed":0,"gold_gain":0,"player_choice":"Ignored","damage_taken":0,"max_hp_gain":0,"max_hp_loss":0,"event_name":"Ghosts","floor":25,"gold_loss":0}],"is_beta":false,"boss_relics":[{"not_picked":["Empty Cage","theDuelist:MillenniumKey"],"picked":"Inserter"}],"items_purged_floors":[4,22],"is_endless":false,"potions_floor_spawned":[1,11,14,16,20,21,24],"killed_by":"Shelled Parasite and Fungi","ascension_level":0}}