{"host":"ss2ocoam53r2lno0","time":1610369160,"event":{"mods":["Act Like it!","BaseMod","ChefMod","Clockwork Mod","Colored Powertips","Curses Come First","Dark Map","Displayed Cursed Tome","Downfall","Evolution","Googly Eyes","Hallownest","Highlight Path","Minty Spire (QoL Compilation)","Poor People Problems","Rare Cards Sparkle","Robot Space Explorer","Shade Mod","Shop Mod","Spicy Shops","StSLib","The Marked"],"gold_per_floor":[112,187,137,137,155,183,183,183,183,210,225,225,260,273,273,375,375,300,313,313,6,6,6],"floor_reached":22,"playtime":1823,"items_purged":[],"score":286,"play_id":"8f98cffc-9d57-494f-a782-c83a8a60035b","local_time":"20210111134600","is_ascension_mode":true,"campfire_choices":[{"data":"Clockwork:AssemblyLine","floor":7,"key":"SMITH"},{"data":"Clockwork:Pluck","floor":12,"key":"SMITH"},{"data":"Clockwork:Pluck","floor":15,"key":"SMITH"}],"circlet_count":0,"master_deck":["Clockwork:Pluck+1","Clockwork:Strike","Clockwork:Strike","Clockwork:Shield","Clockwork:Shield","Clockwork:Shield","Clockwork:Shield","Clockwork:WarmUp","Clockwork:AssemblyLine+1","Clockwork:Pluck+1","Clockwork:CogBarrier","Clockwork:LiteraryArmor","Clockwork:ElasticNanites","Clockwork:Pluck","Clockwork:CraftBloodPhial","Clockwork:CraftQuicksilverHourglass","Clockwork:CraftSomewhatSmoothStone","Clockwork:Pluck","Clockwork:CogToss"],"relics":["Clockwork:MomentumEngine","EVO:Axolotl","Juzu Bracelet","Pantograph","Ancient Tea Set","Blood Vial","Clockwork:PerpetualMotionMachine","Clockwork:GoldenCog","Toxic Egg 2"],"acts_visited":["Exordium","TheCity"],"potions_floor_usage":[6,10,14,16,22],"damage_taken":[{"damage":2,"enemies":"Small Slimes","floor":1,"turns":5},{"damage":0,"enemies":"2 Louse","floor":5,"turns":4},{"damage":11,"enemies":"Gremlin Nob","floor":6,"turns":6},{"damage":25,"enemies":"3 Sentries","floor":10,"turns":9},{"damage":6,"enemies":"Cultist","floor":11,"turns":6},{"damage":1,"enemies":"Lagavulin","floor":13,"turns":7},{"damage":12,"enemies":"Exordium Thugs","floor":14,"turns":5},{"damage":31,"enemies":"The Guardian","floor":16,"turns":8},{"damage":25,"enemies":"2 Thieves","floor":18,"turns":5},{"damage":64,"enemies":"Chosen","floor":19,"turns":14},{"damage":18,"enemies":"Centurion and Healer","floor":22,"turns":2}],"seed_played":"5976731370867301485","potions_obtained":[{"floor":5,"key":"Block Potion"},{"floor":6,"key":"PowerPotion"},{"floor":10,"key":"Strength Potion"},{"floor":13,"key":"DistilledChaos"},{"floor":19,"key":"PowerPotion"}],"is_trial":false,"path_per_floor":["M","?","?","?","M","E","R","?","T","E","M","R","E","M","R","B",null,"M","M","?","$","M"],"character_chosen":"CLOCKWORK","items_purchased":["Toxic Egg 2","Clockwork:CogToss"],"campfire_rested":0,"item_purchase_floors":[21,21],"current_hp_per_floor":[59,48,48,53,53,42,42,100,100,75,69,69,68,58,58,54,100,75,13,13,13,0,0],"gold":6,"neow_bonus":"THREE_RARE_CARDS","is_daily":false,"chose_seed":false,"campfire_upgraded":3,"win_rate":0.0,"timestamp":1610369160,"path_taken":["M","?","?","?","M","E","R","?","T","E","M","R","E","M","R","BOSS","M","M","?","?","M"],"items_purchased_type":["Relic","Card"],"build_version":"2020-12-22","purchased_purges":0,"victory":false,"max_hp_per_floor":[85,85,85,90,90,90,90,100,100,100,100,100,100,100,100,100,100,100,100,100,100,100,100],"card_choices":[{"not_picked":["Clockwork:Randomization","Clockwork:SiegeStrike"],"picked":"Clockwork:TimeWalk","floor":0},{"not_picked":["Clockwork:AdaptiveShield","Clockwork:ChargingBlade"],"picked":"Clockwork:AssemblyLine","floor":1},{"not_picked":["Clockwork:SystemScan","Clockwork:FalseStart"],"picked":"Clockwork:Pluck","floor":5},{"not_picked":["Clockwork:Efficiency","Clockwork:OccamsRazor"],"picked":"Clockwork:CogBarrier","floor":6},{"not_picked":["Clockwork:InertialShield","Clockwork:PerfectForm"],"picked":"Clockwork:LiteraryArmor","floor":10},{"not_picked":["Clockwork:Roundhouse","Clockwork:Redundancy"],"picked":"Clockwork:ElasticNanites","floor":11},{"not_picked":["Clockwork:Enhance","Clockwork:Minimalism"],"picked":"Clockwork:Pluck","floor":13},{"not_picked":["Clockwork:InertialShield","Clockwork:CraftVarja"],"picked":"Clockwork:CraftBloodPhial","floor":14},{"not_picked":["Clockwork:ZeroPointEnergy","Clockwork:TimeWalk"],"picked":"Clockwork:CraftQuicksilverHourglass","floor":16},{"not_picked":["Clockwork:Clone","Clockwork:Minimalism"],"picked":"Clockwork:CraftSomewhatSmoothStone","floor":18},{"not_picked":["Clockwork:ChargingBlade+1","Clockwork:Enhance"],"picked":"Clockwork:Pluck","floor":19}],"player_experience":660254,"relics_obtained":[{"floor":6,"key":"Juzu Bracelet"},{"floor":9,"key":"Pantograph"},{"floor":10,"key":"Ancient Tea Set"},{"floor":13,"key":"Blood Vial"}],"event_choices":[{"damage_healed":0,"gold_gain":75,"player_choice":"Gather Gold","damage_taken":11,"max_hp_gain":0,"max_hp_loss":0,"event_name":"World of Goop","floor":2,"gold_loss":0},{"cards_removed":["Clockwork:Strike"],"damage_healed":0,"gold_gain":0,"player_choice":"Card Removal","damage_taken":0,"max_hp_gain":0,"max_hp_loss":0,"event_name":"The Cleric","floor":3,"gold_loss":50},{"damage_healed":0,"gold_gain":0,"player_choice":"Donut","damage_taken":0,"max_hp_gain":5,"max_hp_loss":0,"event_name":"Big Fish","floor":4,"gold_loss":0},{"cards_removed":["Clockwork:TimeWalk"],"damage_healed":48,"gold_gain":0,"player_choice":"Offered Rare","damage_taken":0,"max_hp_gain":10,"max_hp_loss":0,"event_name":"Bonfire Elementals","floor":8,"gold_loss":0},{"cards_removed":["Clockwork:Tinker"],"damage_healed":0,"gold_gain":0,"player_choice":"Purged","damage_taken":0,"max_hp_gain":0,"max_hp_loss":0,"event_name":"Purifier","floor":20,"gold_loss":0}],"is_beta":false,"boss_relics":[{"not_picked":["sneckomod:SneckoTalon","Fusion Hammer"],"picked":"Clockwork:PerpetualMotionMachine"}],"items_purged_floors":[],"is_endless":false,"potions_floor_spawned":[5,6,10,13,19],"killed_by":"Centurion and Healer","ascension_level":1}}