{"host":"0tiuc76yumknr6qf","time":1610335828,"event":{"mods":["BaseMod","Colored Map","Highlight Path","Minty Spire (QoL Compilation)","StSLib","The Cursed"],"gold_per_floor":[112,130,59,70,84,84,119,119,119,119,137,64,64,96,96,191,191,211,211,211,229,249,264,264,295,340,22,37,55,83,23,23,128,128,148,163,163,173,173,173,206,206,206],"floor_reached":42,"playtime":4336,"items_purged":["TheCursedMod:Strike_TheCursed"],"score":557,"play_id":"b97e13d2-ae4d-4eb3-8e79-f51a1b35a671","local_time":"20210110213028","is_ascension_mode":true,"campfire_choices":[{"data":"TheCursedMod:ReleasedKnowledge","floor":6,"key":"SMITH"},{"data":"TheCursedMod:CursedWand","floor":8,"key":"SMITH"},{"data":"TheCursedMod:HellsGateOpen","floor":13,"key":"SMITH"},{"data":"TheCursedMod:EmpowerCircles","floor":15,"key":"SMITH"},{"data":"TheCursedMod:SpitefulPlan","floor":24,"key":"SMITH"},{"data":"TheCursedMod:CollectTribute","floor":32,"key":"SMITH"},{"data":"TheCursedMod:NeowsMight","floor":40,"key":"SMITH"}],"circlet_count":0,"master_deck":["TheCursedMod:Strike_TheCursed","TheCursedMod:Defend_TheCursed","TheCursedMod:Defend_TheCursed","TheCursedMod:Defend_TheCursed","TheCursedMod:CursedWand+1","TheCursedMod:CleanUpWorkshop","TheCursedMod:Dregs","TheCursedMod:ReleasedKnowledge+1","TheCursedMod:SpitefulPlan+1","TheCursedMod:CircleOfCorruption","TheCursedMod:CircleOfFlame","TheCursedMod:OutForBlood","TheCursedMod:EmpowerCircles+1","TheCursedMod:HellsGateOpen+1","TheCursedMod:Neurasthenia","TheCursedMod:SmokeScreen+1","TheCursedMod:CursedBlade+1","TheCursedMod:PrepareRite+1","TheCursedMod:CircleOfBlood+1","TheCursedMod:SoulReap","Writhe","TheCursedMod:StingEye","TheCursedMod:SurpriseAttack","TheCursedMod:EmpowerCircles+1","TheCursedMod:CollectTribute+1","TheCursedMod:HellfireBreathing","Apotheosis+1","TheCursedMod:BloodBarrier","TheCursedMod:NeowsMight+1","TheCursedMod:ManaCirculation","TheCursedMod:CircleOfFlame+1","TheCursedMod:ReleasedStrength"],"relics":["TheCursedMod:BlackMagic101","Gambling Chip","Kunai","The Courier","Astrolabe","Potion Belt","TheCursedMod:CrystalBall","Lantern","MealTicket","Coffee Dripper","Singing Bowl"],"acts_visited":["Exordium","TheCity","TheBeyond"],"potions_floor_usage":[11,16,38,39,42,42,42],"damage_taken":[{"damage":0,"enemies":"Jaw Worm","floor":1,"turns":4},{"damage":0,"enemies":"Cultist","floor":2,"turns":3},{"damage":0,"enemies":"Small Slimes","floor":4,"turns":3},{"damage":8,"enemies":"Exordium Wildlife","floor":5,"turns":5},{"damage":29,"enemies":"Gremlin Nob","floor":7,"turns":5},{"damage":0,"enemies":"Gremlin Gang","floor":11,"turns":2},{"damage":6,"enemies":"Lagavulin","floor":14,"turns":6},{"damage":21,"enemies":"Slime Boss","floor":16,"turns":6},{"damage":6,"enemies":"3 Byrds","floor":18,"turns":6},{"damage":29,"enemies":"Shell Parasite","floor":21,"turns":8},{"damage":31,"enemies":"Snake Plant","floor":22,"turns":6},{"damage":16,"enemies":"Snecko","floor":23,"turns":6},{"damage":29,"enemies":"Gremlin Leader","floor":25,"turns":6},{"damage":21,"enemies":"Chosen and Byrds","floor":28,"turns":6},{"damage":32,"enemies":"Snake Plant","floor":29,"turns":6},{"damage":3,"enemies":"Book of Stabbing","floor":30,"turns":5},{"damage":0,"enemies":"Collector","floor":33,"turns":7},{"damage":5,"enemies":"Orb Walker","floor":35,"turns":3},{"damage":18,"enemies":"3 Darklings","floor":36,"turns":5},{"damage":28,"enemies":"Sphere and 2 Shapes","floor":38,"turns":4},{"damage":10,"enemies":"Writhing Mass","floor":39,"turns":2},{"damage":42,"enemies":"Nemesis","floor":41,"turns":6},{"damage":23,"enemies":"3 Darklings","floor":42,"turns":2}],"seed_played":"-2265098272849293397","potions_obtained":[{"floor":0,"key":"LiquidMemories"},{"floor":0,"key":"FearPotion"},{"floor":0,"key":"Explosive Potion"},{"floor":22,"key":"Fire Potion"},{"floor":28,"key":"SmokeBomb"},{"floor":30,"key":"SmokeBomb"},{"floor":33,"key":"EssenceOfSteel"},{"floor":36,"key":"ColorlessPotion"}],"is_trial":false,"path_per_floor":["M","M","$","M","M","R","E","R","T","?","M","$","R","E","R","B",null,"M","?","?","M","M","M","R","E","T","$","M","M","E","$","R","B",null,"M","M","?","M","M","R","E","M"],"character_chosen":"THE_CURSED","items_purchased":["TheCursedMod:SpitefulPlan","TheCursedMod:HellsGateOpen","TheCursedMod:CollectTribute","TheCursedMod:HellfireBreathing","Apotheosis","TheCursedMod:BloodBarrier"],"campfire_rested":0,"item_purchase_floors":[3,12,27,27,27,27],"current_hp_per_floor":[75,75,75,75,67,67,38,38,38,38,38,38,38,32,32,11,75,69,69,69,59,47,56,56,36,36,36,28,4,18,33,33,46,75,75,61,61,50,44,44,8,0,0],"gold":206,"neow_bonus":"THREE_SMALL_POTIONS","is_daily":false,"chose_seed":false,"campfire_upgraded":7,"win_rate":0.0,"timestamp":1610335828,"path_taken":["M","M","$","M","M","R","E","R","T","?","M","?","R","E","R","BOSS","M","?","?","M","M","?","R","E","T","$","?","?","E","?","R","BOSS","M","M","?","?","M","R","E","M"],"items_purchased_type":["Card","Card","Card","Card","Card","Card"],"build_version":"2020-12-22","purchased_purges":1,"victory":false,"max_hp_per_floor":[75,75,75,75,75,75,75,75,75,75,75,75,75,75,75,75,75,75,75,75,75,75,75,75,75,75,75,75,75,75,75,75,75,75,75,75,75,75,75,75,77,77,77],"card_choices":[{"not_picked":["TheCursedMod:ManaBullet","TheCursedMod:CursedShiv"],"picked":"TheCursedMod:FuryStrike","floor":1},{"not_picked":["TheCursedMod:HellsGateOpen","TheCursedMod:Evocation"],"picked":"TheCursedMod:ReleasedKnowledge","floor":2},{"not_picked":["TheCursedMod:Wield","TheCursedMod:CursedMace"],"picked":"TheCursedMod:CircleOfCorruption","floor":4},{"not_picked":["TheCursedMod:TacticalStrike","TheCursedMod:CursedBlade"],"picked":"TheCursedMod:CircleOfFlame","floor":5},{"not_picked":["TheCursedMod:CursedAmulet","TheCursedMod:Evocation"],"picked":"TheCursedMod:OutForBlood","floor":7},{"not_picked":["TheCursedMod:Grudge","TheCursedMod:TacticalStrike"],"picked":"TheCursedMod:EmpowerCircles","floor":11},{"not_picked":["TheCursedMod:Torture","TheCursedMod:Obscuration","TheCursedMod:HellsGateOpen"],"picked":"SKIP","floor":14},{"not_picked":["TheCursedMod:ParallelWorld","TheCursedMod:DarkBarrier"],"picked":"TheCursedMod:Neurasthenia","floor":16},{"not_picked":["TheCursedMod:Stigma+1","TheCursedMod:ManaBullet"],"picked":"TheCursedMod:CircleOfBlood+1","floor":18},{"not_picked":["TheCursedMod:CircleOfFlame","TheCursedMod:Torture+1","TheCursedMod:FuryStrike"],"picked":"SKIP","floor":21},{"not_picked":["TheCursedMod:CursedBlade","TheCursedMod:CursedArmor+1"],"picked":"TheCursedMod:StingEye","floor":22},{"not_picked":["TheCursedMod:Wield","TheCursedMod:ManaBullet"],"picked":"TheCursedMod:SurpriseAttack","floor":23},{"not_picked":["TheCursedMod:Wield+1","TheCursedMod:CursedArmor"],"picked":"TheCursedMod:EmpowerCircles+1","floor":25},{"not_picked":["TheCursedMod:Wield","TheCursedMod:CircleOfFocus"],"picked":"TheCursedMod:NeowsMight","floor":28},{"not_picked":["TheCursedMod:CursedShiv","TheCursedMod:Stretching+1","TheCursedMod:SurpriseAttack"],"picked":"SKIP","floor":29},{"not_picked":["TheCursedMod:CursedAmulet","TheCursedMod:Stretching","TheCursedMod:FleshFromBone+1"],"picked":"SKIP","floor":30},{"not_picked":["TheCursedMod:DarkBarrier","TheCursedMod:CollectTribute"],"picked":"TheCursedMod:ManaCirculation","floor":33},{"not_picked":["TheCursedMod:Stretching","TheCursedMod:CursedShiv+1"],"picked":"TheCursedMod:CircleOfFlame+1","floor":35},{"not_picked":["TheCursedMod:Torture+1","TheCursedMod:CursedBlade+1","TheCursedMod:SpitefulPlan+1"],"picked":"SKIP","floor":36},{"not_picked":["TheCursedMod:Torture+1","TheCursedMod:CursedBlade+1","TheCursedMod:SpitefulPlan+1"],"picked":"SKIP","floor":36},{"not_picked":["TheCursedMod:StingEye","TheCursedMod:CursedBoomerang+1"],"picked":"TheCursedMod:ReleasedStrength","floor":38},{"not_picked":["TheCursedMod:Hemoplague+1","TheCursedMod:Grudge","TheCursedMod:CursedShiv+1"],"picked":"Singing Bowl","floor":41}],"player_experience":1869458,"relics_obtained":[{"floor":7,"key":"Gambling Chip"},{"floor":9,"key":"Kunai"},{"floor":14,"key":"The Courier"},{"floor":25,"key":"TheCursedMod:CrystalBall"},{"floor":26,"key":"Lantern"},{"floor":30,"key":"MealTicket"},{"floor":41,"key":"Singing Bowl"}],"event_choices":[{"cards_removed":["TheCursedMod:Defend_TheCursed"],"damage_healed":0,"gold_gain":0,"player_choice":"Purged","damage_taken":0,"max_hp_gain":0,"max_hp_loss":0,"event_name":"Purifier","floor":10,"gold_loss":0},{"damage_healed":0,"gold_gain":0,"player_choice":"Read","damage_taken":0,"max_hp_gain":0,"max_hp_loss":0,"event_name":"The Library","floor":19,"gold_loss":0,"cards_obtained":["TheCursedMod:SoulReap"]},{"damage_healed":0,"gold_gain":0,"player_choice":"Opened","damage_taken":0,"relics_obtained":["Potion Belt"],"max_hp_gain":0,"max_hp_loss":0,"event_name":"The Mausoleum","floor":20,"gold_loss":0,"cards_obtained":["Writhe"]},{"damage_healed":0,"gold_gain":0,"player_choice":"Forge","damage_taken":0,"max_hp_gain":0,"max_hp_loss":0,"event_name":"Accursed Blacksmith","floor":37,"gold_loss":0,"cards_upgraded":["Apotheosis"]}],"is_beta":false,"boss_relics":[{"not_picked":["TheCursedMod:FourLeafCloverCharm","Runic Pyramid"],"picked":"Astrolabe"},{"not_picked":["Black Star","Tiny House"],"picked":"Coffee Dripper"}],"items_purged_floors":[31],"is_endless":false,"potions_floor_spawned":[1,2,7,22,28,30,33,36],"killed_by":"3 Darklings","ascension_level":1}}