{"host":"sdl5b0uiznq00owb","time":1610351205,"event":{"mods":["BaseMod","Minty Spire (QoL Compilation)","Permanent Neow","Relic Stats"],"gold_per_floor":[118,118,138,88,104,120,120,145,194,213,245,245,276,294,294,395,395,415,415,415,415,440,440,466,466,492,512,538,538,107,118,118,213,213,223,223,44,94,110,110,135,149,194,223,284,312,324,351,363,375],"floor_reached":51,"playtime":2875,"items_purged":["Strike_R","Strike_R"],"score":1271,"play_id":"a374404b-a6da-49aa-9ead-3f27e0a8f6f2","local_time":"20210111014645","is_ascension_mode":true,"campfire_choices":[{"data":"Cleave","floor":7.0,"key":"SMITH"},{"data":"Demon Form","floor":12.0,"key":"SMITH"},{"data":"True Grit","floor":15.0,"key":"SMITH"},{"data":"Flame Barrier","floor":23.0,"key":"SMITH"},{"floor":25.0,"key":"REST"},{"floor":29.0,"key":"REST"},{"data":"Shrug It Off","floor":32.0,"key":"SMITH"},{"data":"Double Tap","floor":40.0,"key":"SMITH"},{"data":"Battle Trance","floor":47,"key":"SMITH"},{"data":"Bloodletting","floor":49,"key":"SMITH"}],"circlet_count":0,"master_deck":["AscendersBane","Defend_R","Defend_R","Defend_R","Defend_R","Bash","Flame Barrier+1","Thunderclap","Twin Strike","Cleave+1","Shockwave","Demon Form+1","Shrug It Off+1","True Grit+1","Impervious","Sword Boomerang+1","Clothesline+1","Twin Strike+1","Double Tap+1","Bloodletting+1","Seeing Red+1","Battle Trance+1","Disarm"],"relics":["Black Blood","Bag of Marbles","Molten Egg 2","Tiny Chest","Centennial Puzzle","Singing Bowl","Anchor","Du-Vu Doll","Dream Catcher","Matryoshka","Pantograph","SlaversCollar","Thread and Needle","Vajra","Omamori","MawBank","Turnip"],"acts_visited":["Exordium","TheCity","TheBeyond"],"potions_floor_usage":[45,50,50],"damage_taken":[{"damage":15.0,"enemies":"Cultist","floor":1.0,"turns":5.0},{"damage":7.0,"enemies":"Jaw Worm","floor":3.0,"turns":3.0},{"damage":1.0,"enemies":"2 Louse","floor":5.0,"turns":4.0},{"damage":8.0,"enemies":"Looter","floor":6.0,"turns":4.0},{"damage":16.0,"enemies":"Gremlin Nob","floor":8.0,"turns":4.0},{"damage":3.0,"enemies":"2 Fungi Beasts","floor":10.0,"turns":3.0},{"damage":22.0,"enemies":"3 Sentries","floor":11.0,"turns":6.0},{"damage":23.0,"enemies":"Lagavulin","floor":13.0,"turns":7.0},{"damage":9.0,"enemies":"Blue Slaver","floor":14.0,"turns":4.0},{"damage":36.0,"enemies":"Hexaghost","floor":16.0,"turns":11.0},{"damage":26.0,"enemies":"Spheric Guardian","floor":18.0,"turns":6.0},{"damage":33.0,"enemies":"Gremlin Leader","floor":24.0,"turns":5.0},{"damage":2.0,"enemies":"Shell Parasite","floor":27.0,"turns":4.0},{"damage":47.0,"enemies":"Slavers","floor":28.0,"turns":4.0},{"damage":19.0,"enemies":"Chosen and Byrds","floor":31.0,"turns":7.0},{"damage":4.0,"enemies":"Champ","floor":33.0,"turns":9.0},{"damage":41.0,"enemies":"3 Darklings","floor":35.0,"turns":6.0},{"damage":29.0,"enemies":"Mind Bloom Boss Battle","floor":38.0,"turns":7.0},{"damage":8.0,"enemies":"Orb Walker","floor":39.0,"turns":4.0},{"damage":3.0,"enemies":"Giant Head","floor":41.0,"turns":6.0},{"damage":24.0,"enemies":"Spire Growth","floor":42.0,"turns":4.0},{"damage":3,"enemies":"Reptomancer","floor":44,"turns":5},{"damage":20,"enemies":"2 Orb Walkers","floor":45,"turns":4},{"damage":3,"enemies":"Maw","floor":46,"turns":6},{"damage":19,"enemies":"Writhing Mass","floor":48,"turns":5},{"damage":59,"enemies":"Donu and Deca","floor":50,"turns":9}],"seed_played":"4903614444509069434","potions_obtained":[{"floor":1.0,"key":"Explosive Potion"},{"floor":8.0,"key":"ElixirPotion"},{"floor":10.0,"key":"EssenceOfSteel"},{"floor":11.0,"key":"BloodPotion"},{"floor":16.0,"key":"ColorlessPotion"},{"floor":27.0,"key":"EssenceOfSteel"},{"floor":35.0,"key":"DistilledChaos"},{"floor":42.0,"key":"Energy Potion"},{"floor":45,"key":"BlessingOfTheForge"},{"floor":48,"key":"ColorlessPotion"}],"is_trial":false,"path_per_floor":["M","?","M","?","M","M","R","E","T","M","E","R","E","M","R","B",null,"M","?","?","?","T","R","E","R","T","M","E","R","$","M","R","B",null,"M","?","$","?","M","R","E","M","T","E","?","M","R","M","R","B",null],"character_chosen":"IRONCLAD","items_purchased":["BloodPotion","Swift Potion","Pantograph","Bloodletting"],"campfire_rested":2,"item_purchase_floors":[30,30,30,37],"current_hp_per_floor":[63,63,62,62,67,65,65,55,55,58,42,42,43,40,40,10,64,50,50,50,50,50,50,31,56,56,68,33,60,60,55,55,88,90,63,59,59,67,73,73,84,72,72,83,95,106,106,101,101,61],"gold":387,"neow_bonus":"RANDOM_COMMON_RELIC","is_daily":false,"chose_seed":false,"campfire_upgraded":8,"win_rate":0.0,"timestamp":1610351205,"path_taken":["M","?","M","?","M","M","R","E","T","M","E","R","E","M","R","BOSS","M","?","?","?","?","R","E","R","T","M","E","R","$","M","R","BOSS","M","?","$","?","M","R","E","M","T","E","?","M","R","M","R","BOSS"],"items_purchased_type":["Potion","Potion","Relic","Card"],"build_version":"2020-12-22","purchased_purges":2,"victory":true,"max_hp_per_floor":[80,80,80,80,80,80,80,80,80,80,80,80,82,82,82,82,82,82,82,82,82,82,82,84,84,84,86,86,88,88,90,90,90,90,92,98,98,98,100,100,102,102,102,104,104,106,106,108,108,108],"relic_stats":{"Centennial Puzzle":[51],"Dream Catcher":1,"Singing Bowl":28,"counters":[26,142],"Pantograph":57,"Black Blood":252,"Tiny Chest":1,"Turnip":[3],"MawBank":84,"obtain_stats":[{"Singing Bowl":13,"Black Blood":17,"Vajra":41,"Thread and Needle":38,"Omamori":43,"MawBank":44,"Burning Blood":0,"Du-Vu Doll":24,"SlaversCollar":34,"Centennial Puzzle":11,"Anchor":22,"Dream Catcher":26,"Matryoshka":28,"Pantograph":30,"Molten Egg 2":8,"Tiny Chest":9,"Turnip":45,"Bag of Marbles":0},{"Singing Bowl":8,"Black Blood":10,"Vajra":20,"Thread and Needle":18,"Omamori":21,"MawBank":22,"Burning Blood":0,"Du-Vu Doll":12,"SlaversCollar":16,"Centennial Puzzle":7,"Anchor":11,"Dream Catcher":12,"Matryoshka":14,"Pantograph":14,"Molten Egg 2":5,"Tiny Chest":5,"Turnip":23,"Bag of Marbles":0},{"Singing Bowl":36,"Black Blood":51,"Vajra":109,"Thread and Needle":99,"Omamori":113,"MawBank":118,"Burning Blood":0,"Du-Vu Doll":62,"SlaversCollar":86,"Centennial Puzzle":29,"Anchor":57,"Dream Catcher":62,"Matryoshka":70,"Pantograph":70,"Molten Egg 2":20,"Tiny Chest":20,"Turnip":122,"Bag of Marbles":0}]},"card_choices":[{"not_picked":["Dual Wield","Body Slam","Armaments"],"picked":"SKIP","floor":1.0},{"not_picked":["Shrug It Off","Burning Pact"],"picked":"Thunderclap","floor":3.0},{"not_picked":["Entrench","True Grit"],"picked":"Twin Strike","floor":5.0},{"not_picked":["Heavy Blade","Perfected Strike"],"picked":"Cleave","floor":6.0},{"not_picked":["True Grit","Twin Strike+1"],"picked":"Shockwave","floor":8.0},{"not_picked":["Battle Trance","Cleave+1"],"picked":"Demon Form","floor":10.0},{"not_picked":["Reckless Charge+1","Wild Strike+1"],"picked":"Shrug It Off","floor":11.0},{"not_picked":["Carnage+1","Cleave+1","Armaments"],"picked":"Singing Bowl","floor":13.0},{"not_picked":["Evolve","Infernal Blade"],"picked":"True Grit","floor":14.0},{"not_picked":["Corruption","Immolate+1"],"picked":"Impervious","floor":16.0},{"not_picked":["Dual Wield","Warcry"],"picked":"Sword Boomerang+1","floor":18.0},{"not_picked":["Thunderclap+1","Cleave+1","Armaments"],"picked":"Singing Bowl","floor":24.0},{"not_picked":["Evolve","Iron Wave+1","Shrug It Off"],"picked":"Singing Bowl","floor":27.0},{"not_picked":["Warcry","Carnage+1"],"picked":"Twin Strike+1","floor":28.0},{"not_picked":["Cleave+1","True Grit","Havoc"],"picked":"Singing Bowl","floor":29.0},{"not_picked":["Dark Embrace","Armaments","Juggernaut"],"picked":"Singing Bowl","floor":31.0},{"not_picked":["Feed+1","Berserk"],"picked":"Double Tap","floor":33.0},{"not_picked":["Sword Boomerang+1","True Grit","Wild Strike+1"],"picked":"Singing Bowl","floor":35.0},{"not_picked":["Bandage Up","Panacea","Dramatic Entrance+1"],"picked":"Singing Bowl","floor":36.0},{"not_picked":["Madness","Secret Weapon","Mind Blast+1"],"picked":"Singing Bowl","floor":36.0},{"not_picked":["Enlightenment","The Bomb","Impatience"],"picked":"Singing Bowl","floor":36.0},{"not_picked":["Body Slam+1","Headbutt+1"],"picked":"Seeing Red+1","floor":38.0},{"not_picked":["Flex","Metallicize","Second Wind"],"picked":"Singing Bowl","floor":39.0},{"not_picked":["Rupture","Headbutt+1","Pommel Strike+1"],"picked":"Singing Bowl","floor":41.0},{"not_picked":["Rupture+1","Cleave+1"],"picked":"Battle Trance","floor":42.0},{"not_picked":["Heavy Blade+1","Twin Strike+1","Blood for Blood+1"],"picked":"Singing Bowl","floor":44},{"not_picked":["Flex","Anger+1"],"picked":"Disarm","floor":45},{"not_picked":["Spot Weakness+1","Clash+1","Ghostly Armor+1"],"picked":"Singing Bowl","floor":46},{"not_picked":["Warcry+1","Heavy Blade+1","Body Slam+1"],"picked":"Singing Bowl","floor":48}],"player_experience":786016,"relics_obtained":[{"floor":8.0,"key":"Molten Egg 2"},{"floor":9.0,"key":"Tiny Chest"},{"floor":11.0,"key":"Centennial Puzzle"},{"floor":13.0,"key":"Singing Bowl"},{"floor":22.0,"key":"Anchor"},{"floor":24.0,"key":"Du-Vu Doll"},{"floor":26.0,"key":"Dream Catcher"},{"floor":28.0,"key":"Matryoshka"},{"floor":38.0,"key":"Thread and Needle"},{"floor":41.0,"key":"Vajra"},{"floor":43.0,"key":"Omamori"},{"floor":44,"key":"MawBank"},{"floor":45,"key":"Turnip"}],"event_choices":[{"damage_healed":0.0,"max_hp_gain":0.0,"max_hp_loss":0.0,"gold_gain":0.0,"cards_transformed":["Strike_R"],"event_name":"Living Wall","player_choice":"Change","floor":2.0,"gold_loss":0.0,"damage_taken":0.0,"cards_obtained":["Flame Barrier"]},{"cards_removed":["Strike_R"],"damage_healed":0.0,"max_hp_gain":0.0,"max_hp_loss":0.0,"gold_gain":0.0,"event_name":"The Cleric","player_choice":"Card Removal","floor":4.0,"gold_loss":50.0,"damage_taken":0.0},{"damage_healed":0.0,"max_hp_gain":0.0,"max_hp_loss":0.0,"gold_gain":0.0,"event_name":"The Library","player_choice":"Read","floor":19.0,"gold_loss":0.0,"damage_taken":0.0,"cards_obtained":["Clothesline"]},{"damage_healed":0.0,"max_hp_gain":0.0,"max_hp_loss":0.0,"gold_gain":0.0,"event_name":"Vampires","player_choice":"Ignored","floor":20.0,"gold_loss":0.0,"damage_taken":0.0},{"cards_removed":["Strike_R"],"damage_healed":0.0,"max_hp_gain":0.0,"max_hp_loss":0.0,"gold_gain":0.0,"event_name":"Back to Basics","player_choice":"Elegance","floor":21.0,"gold_loss":0.0,"damage_taken":0.0},{"damage_healed":0.0,"max_hp_gain":0.0,"max_hp_loss":0.0,"gold_gain":0.0,"event_name":"SensoryStone","player_choice":"Memory 3","floor":36.0,"gold_loss":0.0,"damage_taken":10.0},{"damage_healed":0.0,"max_hp_gain":0.0,"max_hp_loss":0.0,"gold_gain":0.0,"event_name":"MindBloom","player_choice":"Fight","floor":38.0,"gold_loss":0.0,"damage_taken":0.0},{"damage_healed":0,"gold_gain":0,"player_choice":"Fight","damage_taken":0,"max_hp_gain":0,"max_hp_loss":0,"event_name":"Mysterious Sphere","floor":45,"gold_loss":0}],"is_beta":false,"boss_relics":[{"not_picked":["Mark of Pain","Runic Dome"],"picked":"Black Blood"},{"not_picked":["Runic Cube","Pandora\u0027s Box"],"picked":"SlaversCollar"}],"items_purged_floors":[30,37],"is_endless":false,"potions_floor_spawned":[1,8,10,11,16,27,35,42,45,48],"ascension_level":12}}