{"host":"ff4g3thpm8pmsxyp","time":1610379638,"event":{"mods":["AchievementEnabler","BaseMod","Colored Map","DeckTracker","Highlight Path","Minty Spire (QoL Compilation)","Permanent Neow","Rare Cards Sparkle","Relic Stats","StSLib","SuperFastMode"],"gold_per_floor":[109,120,134,148,159,159,159,159],"floor_reached":7,"playtime":236,"items_purged":[],"score":54,"play_id":"512b38d5-7a7e-48e4-9b06-e10453e2c8ef","local_time":"20210111104038","is_ascension_mode":true,"campfire_choices":[{"data":"Scrawl","floor":6.0,"key":"SMITH"}],"circlet_count":0,"master_deck":["Strike_P","Strike_P","Strike_P","Strike_P","Defend_P","Defend_P","Defend_P","Defend_P","Eruption+1","Vigilance","CrushJoints","FearNoEvil","EmptyFist","Adaptation","Scrawl+1"],"relics":["PureWater"],"acts_visited":["Exordium"],"potions_floor_usage":[],"damage_taken":[{"damage":5.0,"enemies":"2 Louse","floor":1.0,"turns":2.0},{"damage":0.0,"enemies":"Jaw Worm","floor":2.0,"turns":5.0},{"damage":2.0,"enemies":"Small Slimes","floor":3.0,"turns":2.0},{"damage":0.0,"enemies":"3 Louse","floor":4.0,"turns":2.0},{"damage":11.0,"enemies":"Lots of Slimes","floor":5.0,"turns":3.0},{"damage":0,"enemies":"Lagavulin","floor":7,"turns":4}],"seed_played":"-7196471721423396403","potions_obtained":[{"floor":2.0,"key":"ColorlessPotion"},{"floor":4.0,"key":"GamblersBrew"},{"floor":5.0,"key":"Regen Potion"}],"is_trial":false,"path_per_floor":["M","M","M","M","M","R","E"],"character_chosen":"WATCHER","items_purchased":[],"campfire_rested":0,"item_purchase_floors":[],"current_hp_per_floor":[67,67,65,65,54,54,54,54],"gold":159,"neow_bonus":"UPGRADE_CARD","is_daily":false,"chose_seed":false,"campfire_upgraded":1,"win_rate":0.0,"timestamp":1610379638,"path_taken":["M","M","M","M","M","R","E"],"items_purchased_type":[],"build_version":"2020-12-22","purchased_purges":0,"victory":false,"max_hp_per_floor":[72,72,72,72,72,72,72,72],"relic_stats":{"counters":[6,18],"obtain_stats":[{"PureWater":0},{"PureWater":0},{"PureWater":0}]},"card_choices":[{"not_picked":["Consecrate","Vengeance"],"picked":"CrushJoints","floor":1.0},{"not_picked":["EmptyBody","Worship"],"picked":"FearNoEvil","floor":2.0},{"not_picked":["FlyingSleeves","Collect"],"picked":"EmptyFist","floor":3.0},{"not_picked":["FlyingSleeves","ReachHeaven"],"picked":"Adaptation","floor":4.0},{"not_picked":["Collect","CutThroughFate"],"picked":"Scrawl","floor":5.0}],"player_experience":264104,"relics_obtained":[],"event_choices":[],"is_beta":false,"boss_relics":[],"items_purged_floors":[],"is_endless":false,"potions_floor_spawned":[2,4,5],"killed_by":"Lagavulin","ascension_level":4}}