{"host":"2se5dq1do2gp0x9k","time":1610347530,"event":{"mods":["AchievementEnabler","BaseMod","Block Reminder","Colored Map","Colored Powertips","Minty Spire (QoL Compilation)","Relic Stats","StSLib","SuperFastMode"],"gold_per_floor":[118,32,32,107,107,137,137,151,203,213,213,213,213],"floor_reached":12,"playtime":362,"items_purged":[],"score":182,"play_id":"ca2b01bd-2d6c-4a3b-a7a1-ccb3b5532cf0","local_time":"20210110224530","is_ascension_mode":true,"campfire_choices":[{"data":"Meditate","floor":7,"key":"SMITH"},{"data":"EmptyMind","floor":11,"key":"SMITH"}],"circlet_count":0,"master_deck":["AscendersBane","Strike_P","Strike_P","Strike_P","Defend_P","Defend_P","Defend_P","Defend_P","Eruption","Vigilance","FearNoEvil","Adaptation","Meditate+1","ThirdEye","EmptyMind+1"],"relics":["PureWater","NeowsBlessing","Meat on the Bone","Regal Pillow"],"acts_visited":["Exordium"],"potions_floor_usage":[12,12],"damage_taken":[{"damage":0.0,"enemies":"Jaw Worm","floor":1.0,"turns":1.0},{"damage":0,"enemies":"Gremlin Nob","floor":6,"turns":1},{"damage":0,"enemies":"2 Louse","floor":8,"turns":2},{"damage":0,"enemies":"Cultist","floor":10,"turns":4},{"damage":55,"enemies":"3 Sentries","floor":12,"turns":15}],"seed_played":"5617109207150387487","potions_obtained":[{"floor":8,"key":"SkillPotion"},{"floor":10,"key":"BottledMiracle"}],"is_trial":false,"path_per_floor":["M","$","?","?","?","E","R","M","T","M","R","E"],"character_chosen":"WATCHER","items_purchased":["Adaptation"],"campfire_rested":0,"item_purchase_floors":[2],"current_hp_per_floor":[61,61,66,55,55,55,55,55,55,55,55,0,0],"gold":213,"neow_bonus":"THREE_ENEMY_KILL","is_daily":false,"chose_seed":false,"campfire_upgraded":2,"win_rate":0.0,"timestamp":1610347530,"path_taken":["M","$","?","?","?","E","R","M","T","M","R","E"],"items_purchased_type":["Card"],"build_version":"2020-12-22","purchased_purges":0,"victory":false,"max_hp_per_floor":[68,68,73,73,73,73,73,73,73,73,73,73,73],"relic_stats":{"Regal Pillow":0,"counters":[5,23],"obtain_stats":[{"Regal Pillow":9,"NeowsBlessing":0,"PureWater":0,"Meat on the Bone":6},{"Regal Pillow":3,"NeowsBlessing":0,"PureWater":0,"Meat on the Bone":2},{"Regal Pillow":4,"NeowsBlessing":0,"PureWater":0,"Meat on the Bone":2}],"Meat on the Bone":0},"card_choices":[{"not_picked":["FollowUp","Consecrate"],"picked":"FearNoEvil","floor":1.0},{"not_picked":["Wireheading","ClearTheMind"],"picked":"ThirdEye","floor":6},{"not_picked":["Sanctity","PathToVictory","CrushJoints"],"picked":"SKIP","floor":8},{"not_picked":["Sanctity","PathToVictory","CrushJoints"],"picked":"SKIP","floor":8},{"not_picked":["Protect","SignatureMove"],"picked":"EmptyMind","floor":10}],"player_experience":3833342,"relics_obtained":[{"floor":6,"key":"Meat on the Bone"},{"floor":9,"key":"Regal Pillow"}],"event_choices":[{"damage_healed":0,"gold_gain":0,"player_choice":"Donut","damage_taken":0,"max_hp_gain":5,"max_hp_loss":0,"event_name":"Big Fish","floor":3,"gold_loss":0},{"damage_healed":0,"gold_gain":75,"player_choice":"Gather Gold","damage_taken":11,"max_hp_gain":0,"max_hp_loss":0,"event_name":"World of Goop","floor":4,"gold_loss":0},{"damage_healed":0,"gold_gain":0,"cards_transformed":["Strike_P"],"player_choice":"Transformed","damage_taken":0,"max_hp_gain":0,"max_hp_loss":0,"event_name":"Transmorgrifier","floor":5,"gold_loss":0,"cards_obtained":["Meditate"]}],"is_beta":false,"boss_relics":[],"items_purged_floors":[],"is_endless":false,"potions_floor_spawned":[8,10],"killed_by":"3 Sentries","ascension_level":16}}