{"host":"fm9e0lfunjlbhzxv","time":1610347438,"event":{"mods":["100% Spire Juice","2.2 Compatiblity","Abigail Mod","Astrologer","BaseMod","Bestiary","Better Match","Better Skull","Better Third Choice","Colored Map","Colored Powertips","Downfall","Energized Spire","Key Reminder","Koishi","Minty Spire (QoL Compilation)","Permanent Neow","Rare Cards Sparkle","Relic Stats","Spicy Shops","StSLib","The Administrix","The Bug Knight","The Servant 0.9.4","The Vixen","slay the spire mod where everything is the same but ironclad has a cowboy hat"],"gold_per_floor":[110,120,120,75,93,119,142,65,118,225,225,136,152,152,152,250,130,141,141,21,40,52,77,77,95,119,27,41,41,65,75,75,188,188,206,233,233,253,278,318,330,350,350,368,421,433,433,433,433,433,433,433,13,47,47],"floor_reached":56,"playtime":5962,"items_purged":["Moonworks:Heat300Percent"],"score":1331,"play_id":"6c30cfea-6ba7-4b9a-b084-4998e4d2fc4e","local_time":"20210110224358","is_ascension_mode":false,"campfire_choices":[{"data":"Moonworks:Ambush","floor":11,"key":"SMITH"},{"floor":15,"key":"REST"},{"data":"Moonworks:TacticalRetreat","floor":32,"key":"SMITH"},{"data":"Apotheosis","floor":47,"key":"SMITH"},{"floor":49,"key":"RECALL"},{"data":"Moonworks:BackdoorTrade","floor":52,"key":"SMITH"}],"circlet_count":0,"master_deck":["Moonworks:Ambush+1","Moonworks:WindyEnchantment","Moonworks:LuckyCharm","Moonworks:DeployBits","Moonworks:AngelHand","Moonworks:TacticalRetreat+1","Moonworks:BackdoorTrade+1","Moonworks:HolyNight","Moonworks:HolyNight","Moonworks:DevilHand","Moonworks:GoAway","Moonworks:CookingTime","Moonworks:ScrambledEve","Moonworks:CrystalBarrier","Moonworks:TacticalRetreat","Moonworks:Bloodlust","Moonworks:AwakeningOfTalent+1","Moonworks:MetallicMonocoque","Moonworks:RocketCannon","expansioncontent:Chronoboost","Apotheosis+1","Secret Weapon","Moonworks:StiffCrystal+1","Moonworks:EvilSpyWorkPreparation","Moonworks:LulusLuckyEgg+1"],"relics":["Moonworks:BrokenBomb","Moonworks:Homemark","NeowsBlessing","Bronze Scales","Pen Nib","Vajra","Juzu Bracelet","Pandora\u0027s Box","Enchiridion","Letter Opener","CeramicFish","Art of War","MutagenicStrength","energizedSpire:SpiderWeb","TheVixenMod:UmbreonRelic","HollowMod:PaleOreRelic","Gremlin Horn","Turnip","OrangePellets","Sling","Pantograph"],"acts_visited":["Exordium","TheCity","TheBeyond","TheEnding"],"potions_floor_usage":[27,30,42,45,50,54,55,55],"damage_taken":[{"damage":0,"enemies":"Cultist","floor":1,"turns":1},{"damage":0,"enemies":"Jaw Worm","floor":2,"turns":1},{"damage":0,"enemies":"2 Louse","floor":5,"turns":1},{"damage":20,"enemies":"Lagavulin","floor":6,"turns":7},{"damage":6,"enemies":"3 Sentries","floor":12,"turns":5},{"damage":4,"enemies":"Gremlin Gang","floor":13,"turns":3},{"damage":0,"enemies":"Slime Boss","floor":16,"turns":5},{"damage":5,"enemies":"3 Byrds","floor":18,"turns":4},{"damage":0,"enemies":"Chosen","floor":21,"turns":3},{"damage":21,"enemies":"3 Cultists","floor":22,"turns":4},{"damage":0,"enemies":"Gremlin Leader","floor":23,"turns":5},{"damage":3,"enemies":"Snake Plant","floor":25,"turns":4},{"damage":5,"enemies":"Slavers","floor":27,"turns":4},{"damage":3,"enemies":"Cultist and Chosen","floor":28,"turns":4},{"damage":6,"enemies":"Sentry and Sphere","floor":30,"turns":4},{"damage":8,"enemies":"Chosen and Byrds","floor":31,"turns":5},{"damage":0,"enemies":"Champ","floor":33,"turns":12},{"damage":9,"enemies":"3 Darklings","floor":35,"turns":5},{"damage":0,"enemies":"3 Darklings","floor":37,"turns":5},{"damage":17,"enemies":"3 Shapes","floor":38,"turns":5},{"damage":14,"enemies":"Sphere and 2 Shapes","floor":39,"turns":5},{"damage":3,"enemies":"Giant Head","floor":40,"turns":6},{"damage":11,"enemies":"Writhing Mass","floor":41,"turns":5},{"damage":12,"enemies":"Jaw Worm Horde","floor":42,"turns":4},{"damage":0,"enemies":"4 Shapes","floor":44,"turns":4},{"damage":30,"enemies":"2 Orb Walkers","floor":45,"turns":4},{"damage":3,"enemies":"Sphere and 2 Shapes","floor":46,"turns":5},{"damage":20,"enemies":"Awakened One","floor":50,"turns":10},{"damage":45,"enemies":"Shield and Spear","floor":54,"turns":6},{"damage":20,"enemies":"The Heart","floor":55,"turns":8}],"seed_played":"2729751180668168255","potions_obtained":[{"floor":1,"key":"Explosive Potion"},{"floor":6,"key":"PowerPotion"},{"floor":13,"key":"Block Potion"},{"floor":27,"key":"BlessingOfTheForge"},{"floor":28,"key":"LiquidMemories"},{"floor":30,"key":"SmokeBomb"},{"floor":35,"key":"Strength Potion"},{"floor":42,"key":"FearPotion"},{"floor":45,"key":"CultistPotion"},{"floor":54,"key":"sneckomod:MuddlingPotion"}],"is_trial":false,"path_per_floor":["M","M","?","?","M","E","T","$","T","?","R","E","M","?","R","B",null,"M","$","?","M","M","E","?","M","T","E","M","?","M","M","R","B",null,"M","?","?","M","M","E","M","M","T","M","?","M","R","?","R","B",null,"R","$","E","B",null],"character_chosen":"THE_STARBREAKER","items_purchased":["Moonworks:AngelHand","OrangePellets","Sling","SpeedPotion"],"campfire_rested":1,"item_purchase_floors":[8,53,53,53],"current_hp_per_floor":[60,60,65,59,59,39,39,39,39,21,21,15,11,11,30,30,65,65,65,49,55,53,65,65,65,65,60,65,65,65,65,65,65,65,65,55,65,58,60,65,65,65,65,65,55,54,54,54,54,62,65,65,65,28,61],"gold":47,"neow_bonus":"THREE_ENEMY_KILL","is_daily":false,"chose_seed":false,"campfire_upgraded":4,"win_rate":0.0,"timestamp":1610347438,"path_taken":["M","?","?","?","?","E","?","$","T","?","R","E","M","?","R","BOSS","M","$","?","M","M","E","?","M","T","E","M","?","M","M","R","BOSS","M","?","?","M","M","E","M","M","T","M","?","M","R","?","R","BOSS","R","$","E","BOSS"],"items_purchased_type":["Card","Relic","Relic","Potion"],"build_version":"2020-12-22","purchased_purges":1,"victory":true,"max_hp_per_floor":[60,60,65,65,65,65,65,65,65,65,65,65,65,65,65,65,65,65,65,65,65,65,65,65,65,65,65,65,65,65,65,65,65,65,65,65,65,65,65,65,65,65,65,65,65,65,65,65,65,65,65,65,65,65,65],"relic_stats":{"Gremlin Horn":[10,10],"counters":[30,144],"CeramicFish":72,"Pen Nib":[27],"Juzu Bracelet":1,"Letter Opener":[501],"OrangePellets":[0],"Bronze Scales":[459],"Pantograph":25,"Pandora\u0027s Box":["Moonworks:DevilHand","Moonworks:GoAway","Moonworks:CookingTime","Moonworks:ScrambledEve","Moonworks:Heat300Percent","Moonworks:CrystalBarrier","Moonworks:TacticalRetreat"],"Turnip":[7],"Art of War":[30],"obtain_stats":[{"NeowsBlessing":0,"Gremlin Horn":43,"CeramicFish":26,"Vajra":10,"Enchiridion":20,"Pen Nib":9,"Juzu Bracelet":12,"Letter Opener":23,"energizedSpire:SpiderWeb":34,"Sling":53,"keyreminder:keyreminder":7,"OrangePellets":53,"Moonworks:Homemark":0,"Bronze Scales":6,"MutagenicStrength":29,"Pantograph":54,"Pandora\u0027s Box":17,"Turnip":45,"Art of War":27,"HollowMod:PaleOreRelic":40,"TheVixenMod:UmbreonRelic":37,"Moonworks:BrokenBomb":0},{"NeowsBlessing":0,"Gremlin Horn":24,"CeramicFish":12,"Vajra":4,"Enchiridion":8,"Pen Nib":4,"Juzu Bracelet":5,"Letter Opener":11,"energizedSpire:SpiderWeb":17,"Sling":28,"keyreminder:keyreminder":4,"OrangePellets":28,"Moonworks:Homemark":0,"Bronze Scales":4,"MutagenicStrength":14,"Pantograph":29,"Pandora\u0027s Box":7,"Turnip":26,"Art of War":13,"HollowMod:PaleOreRelic":22,"TheVixenMod:UmbreonRelic":18,"Moonworks:BrokenBomb":0},{"NeowsBlessing":0,"Gremlin Horn":107,"CeramicFish":43,"Vajra":10,"Enchiridion":27,"Pen Nib":10,"Juzu Bracelet":15,"Letter Opener":39,"energizedSpire:SpiderWeb":72,"Sling":130,"keyreminder:keyreminder":10,"OrangePellets":130,"Moonworks:Homemark":0,"Bronze Scales":10,"MutagenicStrength":51,"Pantograph":136,"Pandora\u0027s Box":23,"Turnip":115,"Art of War":47,"HollowMod:PaleOreRelic":98,"TheVixenMod:UmbreonRelic":77,"Moonworks:BrokenBomb":0}]},"card_choices":[{"not_picked":["Moonworks:RedAndBlue","Moonworks:SakisCookie"],"picked":"Moonworks:WindyEnchantment","floor":1},{"not_picked":["Moonworks:Bloodlust","Moonworks:IndiscriminateFireSupport"],"picked":"Moonworks:LuckyCharm","floor":2},{"not_picked":["Moonworks:CastOff","Moonworks:BigMagnum","Moonworks:MixPhenomenon"],"picked":"SKIP","floor":5},{"not_picked":["Moonworks:EvilSpyWorkPreparation","Moonworks:JonathanRush"],"picked":"Moonworks:DeployBits","floor":6},{"not_picked":["Moonworks:BigMagnum","Moonworks:DeployBits"],"picked":"Moonworks:TacticalRetreat","floor":12},{"not_picked":["Moonworks:BigMagnum","Moonworks:WindyEnchantment"],"picked":"Moonworks:BackdoorTrade","floor":13},{"not_picked":["Moonworks:EvilMastermind","Moonworks:LeapThroughSpace"],"picked":"Moonworks:HolyNight","floor":16},{"not_picked":["Moonworks:DeployBits","Moonworks:BigMagnum","Moonworks:EvilSpyWorkPreparation"],"picked":"SKIP","floor":18},{"not_picked":["Moonworks:ScrambledEve","Moonworks:RedAndBlue"],"picked":"Moonworks:Bloodlust","floor":21},{"not_picked":["Moonworks:IndiscriminateFireSupport","Moonworks:LulusLuckyEgg+1"],"picked":"Moonworks:AwakeningOfTalent+1","floor":22},{"not_picked":["Moonworks:x16BigRocket","Moonworks:Blazing","Moonworks:ReproductionOfRecords"],"picked":"SKIP","floor":23},{"not_picked":["Moonworks:CloudOfSeagulls","Moonworks:JonathanRush","Moonworks:SakisCookie"],"picked":"SKIP","floor":25},{"not_picked":["Moonworks:WindyEnchantment","Moonworks:SakisCookie","Moonworks:NicePresent"],"picked":"SKIP","floor":27},{"not_picked":["Moonworks:BigMagnum","Moonworks:LulusLuckyEgg","Moonworks:SakisCookie"],"picked":"SKIP","floor":28},{"not_picked":["Moonworks:MiracleRedBeanIceCream","Moonworks:BeyondHell+1"],"picked":"Moonworks:MetallicMonocoque","floor":30},{"not_picked":["Moonworks:ImOnFire","Moonworks:WindyEnchantment","Moonworks:Assault"],"picked":"SKIP","floor":31},{"not_picked":["Moonworks:Accelerator","Moonworks:Blazing"],"picked":"Moonworks:RocketCannon","floor":33},{"not_picked":["Moonworks:JonathanRush","Moonworks:CloudOfSeagulls+1","Moonworks:EvilSpyWorkPreparation+1"],"picked":"SKIP","floor":35},{"not_picked":["expansioncontent:StudyTheSpire","Transmutation"],"picked":"expansioncontent:Chronoboost","floor":36},{"not_picked":["Thinking Ahead","Magnetism"],"picked":"Apotheosis","floor":36},{"not_picked":["Chrysalis","Transmutation"],"picked":"Secret Weapon","floor":36},{"not_picked":["Moonworks:CloudOfSeagulls","Moonworks:NicePresent","Moonworks:Assault+1"],"picked":"SKIP","floor":38},{"not_picked":["Moonworks:DeployBits+1","Moonworks:WindyEnchantment+1"],"picked":"Moonworks:StiffCrystal+1","floor":39},{"not_picked":["Moonworks:BigMagnum","Moonworks:ExtendedPhotonRifle"],"picked":"Moonworks:EvilSpyWorkPreparation","floor":40},{"not_picked":["Moonworks:DeployBits","Moonworks:ReflectiveShell","Moonworks:SakisCookie"],"picked":"SKIP","floor":41},{"not_picked":["Moonworks:AngelHand","Moonworks:ImOnFire","Moonworks:Assault+1"],"picked":"SKIP","floor":42},{"not_picked":["Moonworks:RedAndBlue","Moonworks:CloudOfSeagulls","Moonworks:Assault+1"],"picked":"SKIP","floor":44},{"not_picked":["Moonworks:NicePresent","Moonworks:DevilHand","Moonworks:UnluckyCharm"],"picked":"SKIP","floor":46},{"not_picked":["Moonworks:MiracleWalker+1","Moonworks:ImmovableObject"],"picked":"Moonworks:LulusLuckyEgg+1","floor":54}],"player_experience":687366,"relics_obtained":[{"floor":6,"key":"Bronze Scales"},{"floor":9,"key":"Pen Nib"},{"floor":12,"key":"Juzu Bracelet"},{"floor":20,"key":"Enchiridion"},{"floor":23,"key":"Letter Opener"},{"floor":26,"key":"CeramicFish"},{"floor":27,"key":"Art of War"},{"floor":40,"key":"HollowMod:PaleOreRelic"},{"floor":43,"key":"Gremlin Horn"},{"floor":45,"key":"Turnip"},{"floor":54,"key":"Pantograph"}],"event_choices":[{"damage_healed":0,"gold_gain":0,"player_choice":"Donut","damage_taken":0,"max_hp_gain":5,"max_hp_loss":0,"event_name":"Big Fish","floor":3,"gold_loss":0},{"damage_healed":0,"gold_gain":75,"player_choice":"Touch","damage_taken":6,"max_hp_gain":0,"max_hp_loss":0,"event_name":"FaceTrader","floor":4,"gold_loss":0},{"damage_healed":0,"gold_gain":107,"player_choice":"GO RE ","damage_taken":21,"relics_obtained":["Vajra"],"max_hp_gain":0,"max_hp_loss":0,"event_name":"betterSkull:BetterSkull","floor":10,"gold_loss":0,"cards_upgraded":[]},{"damage_healed":0,"gold_gain":0,"cards_transformed":["Moonworks:Strike"],"player_choice":"Change","damage_taken":0,"max_hp_gain":0,"max_hp_loss":0,"event_name":"Living Wall","floor":14,"gold_loss":0,"cards_obtained":["Moonworks:HolyNight"]},{"damage_healed":0,"gold_gain":0,"player_choice":"Obtained Book","damage_taken":16,"max_hp_gain":0,"max_hp_loss":0,"event_name":"Cursed Tome","floor":20,"gold_loss":0},{"damage_healed":0,"gold_gain":0,"player_choice":"Ignored","damage_taken":0,"max_hp_gain":0,"max_hp_loss":0,"event_name":"Beggar","floor":24,"gold_loss":0},{"damage_healed":0,"gold_gain":0,"player_choice":"Inject Mutagens","damage_taken":0,"relics_obtained":["MutagenicStrength"],"max_hp_gain":0,"max_hp_loss":0,"event_name":"Drug Dealer","floor":29,"gold_loss":0},{"damage_healed":0,"gold_gain":0,"player_choice":"Memory 3","damage_taken":10,"max_hp_gain":0,"max_hp_loss":0,"event_name":"SensoryStone","floor":36,"gold_loss":0},{"damage_healed":0,"gold_gain":0,"player_choice":"Fight the Beast\u0027s assailants","damage_taken":0,"relics_obtained":["TheVixenMod:UmbreonRelic"],"max_hp_gain":0,"max_hp_loss":0,"event_name":"Creature of the Night","floor":37,"gold_loss":0},{"damage_healed":0,"gold_gain":0,"player_choice":"Fight","damage_taken":0,"max_hp_gain":0,"max_hp_loss":0,"event_name":"Mysterious Sphere","floor":45,"gold_loss":0},{"cards_removed":["Moonworks:LongDistanceShot"],"damage_healed":0,"gold_gain":0,"player_choice":"Removed Attack","damage_taken":0,"max_hp_gain":0,"max_hp_loss":0,"event_name":"Falling","floor":48,"gold_loss":0}],"is_beta":false,"boss_relics":[{"not_picked":["SacredBark","Astrolabe"],"picked":"Pandora\u0027s Box"},{"not_picked":["energizedSpire:EnergizedDie","Moonworks:SBBomb"],"picked":"energizedSpire:SpiderWeb"}],"items_purged_floors":[53],"is_endless":false,"potions_floor_spawned":[1,6,13,16,18,27,28,30,35,37,42,45,54],"ascension_level":0}}