{"host":"spsrt7uenoh0uedx","time":1610337655,"event":{"mods":["Act Like it!","Arknights The Spire","BaseMod","Downfall","Friendly Minions","Gensokyo","Hallownest","Kiyohime（清姬）","Marisa（F雨　魔理沙）","Minty Spire (QoL Compilation)","SOS（斯巴达之子）","StSLib","The Bug Knight","The Cursed","The Gatherer","The Hierophant","The Runesmith","The Servant 0.9.4","WarShipGirlsR/战舰少女R mod","Youmu（魂魄妖梦）","Yuri Mod"],"gold_per_floor":[119,135,135,310,58,86,86,106,177,31,50,85,99,130,130,232,232,247,93,103,103,27,27,27,27],"floor_reached":24,"playtime":992,"items_purged":["Doubt"],"score":239,"play_id":"b2098aa8-98b2-4ab9-a1f0-063e8d6cc0c0","local_time":"20210111120055","is_ascension_mode":false,"campfire_choices":[{"data":"rmod:chargemoney","floor":7,"key":"SMITH"},{"data":"rmod:tearstotiara","floor":15,"key":"SMITH"},{"floor":23,"key":"REST"}],"circlet_count":0,"master_deck":["rmod:strick","rmod:strick","rmod:strick","rmod:defend","rmod:defend","rmod:defend","rmod:defend","rmod:basicallowance","rmod:maingunfire","rmod:chargemoney+1","rmod:chargemoney","rmod:tearstotiara+1","rmod:intelligenceanalysis","rmod:diamondstrike","rmod:luckystar","rmod:intelligenceanalysis","rmod:firesupport","rmod:salvage","rmod:fletcher+1","rmod:selfconfidence","rmod:fletcherpendant","rmod:tearstotiara","rmod:fletcherpendant","rmod:aluminumsupply+1"],"relics":["rmod:firstchargereward","NeowsBlessing","HollowMod:PaleOreRelic","Bronze Scales","Toxic Egg 2","Lee\u0027s Waffle","HollowMod:LifeEnderRelic","Bird Faced Urn","Fusion Hammer","Tiny Chest"],"acts_visited":["Exordium","TheCity"],"potions_floor_usage":[14,14],"damage_taken":[{"damage":0,"enemies":"Small Slimes","floor":1,"turns":1},{"damage":0,"enemies":"Jaw Worm","floor":2,"turns":1},{"damage":0,"enemies":"Gremlin Nob","floor":6,"turns":1},{"damage":0,"enemies":"Cultist","floor":8,"turns":3},{"damage":0,"enemies":"3 Louse","floor":11,"turns":3},{"damage":13,"enemies":"3 Sentries","floor":12,"turns":5},{"damage":8,"enemies":"Looter","floor":13,"turns":2},{"damage":8,"enemies":"Gremlin Nob","floor":14,"turns":4},{"damage":32,"enemies":"Slime Boss","floor":16,"turns":6},{"damage":0,"enemies":"Spheric Guardian","floor":18,"turns":2},{"damage":3,"enemies":"2 Thieves","floor":20,"turns":3}],"seed_played":"-2015159238936592006","potions_obtained":[{"floor":1,"key":"FairyPotion"},{"floor":6,"key":"LiquidMemories"},{"floor":8,"key":"SteroidPotion"},{"floor":12,"key":"EssenceOfSteel"},{"floor":20,"key":"Slimebound:ThreeZeroPotion"}],"is_trial":false,"path_per_floor":["M","M","?","?","$","E","R","M","T","$","M","E","M","E","R","B",null,"M","$","M","?","$","R","?"],"character_chosen":"PRAEFECT","items_purchased":["HollowMod:PaleOreRelic","rmod:tearstotiara","Lee\u0027s Waffle","Tiny Chest","rmod:goodfighter"],"campfire_rested":1,"item_purchase_floors":[5,5,10,19,22],"current_hp_per_floor":[75,75,75,75,75,75,75,75,75,82,82,69,61,53,53,25,82,82,82,79,79,79,82,82,82],"gold":27,"neow_bonus":"THREE_ENEMY_KILL","is_daily":false,"chose_seed":false,"campfire_upgraded":2,"win_rate":0.0,"timestamp":1610337655,"path_taken":["M","M","?","?","$","E","R","M","T","?","M","E","?","E","R","BOSS","M","$","M","?","?","R","?"],"items_purchased_type":["Relic","Card","Relic","Relic","Card"],"build_version":"2020-12-22","purchased_purges":1,"victory":false,"max_hp_per_floor":[75,75,75,75,75,75,75,75,75,82,82,82,82,82,82,82,82,82,82,82,82,82,82,82,82],"card_choices":[{"not_picked":["rmod:launchingtorpedo","rmod:supportescort"],"picked":"rmod:chargemoney","floor":1},{"not_picked":["rmod:steelsupply","rmod:victimresponsibility"],"picked":"rmod:chargemoney","floor":2},{"not_picked":["rmod:punchline","rmod:wife"],"picked":"rmod:intelligenceanalysis","floor":6},{"not_picked":["rmod:slowdown","rmod:victimresponsibility"],"picked":"rmod:diamondstrike","floor":8},{"not_picked":["rmod:supportescort+1","rmod:aluminumsupply+1"],"picked":"rmod:luckystar","floor":11},{"not_picked":["rmod:steelsupply+1","rmod:sl+1"],"picked":"rmod:intelligenceanalysis","floor":12},{"not_picked":["rmod:steelsupply+1","rmod:luckystar"],"picked":"rmod:firesupport","floor":13},{"not_picked":["rmod:fletcherpendant","rmod:diamondstrike"],"picked":"rmod:salvage","floor":14},{"not_picked":["rmod:desperatesituation","rmod:supriseattacks+1"],"picked":"rmod:abidefaith","floor":16},{"not_picked":["rmod:luckystar","rmod:firesupport+1"],"picked":"rmod:selfconfidence","floor":18},{"not_picked":["rmod:luckystar","rmod:intelligenceanalysis+1"],"picked":"rmod:tearstotiara","floor":20}],"player_experience":249141,"relics_obtained":[{"floor":6,"key":"Bronze Scales"},{"floor":9,"key":"Toxic Egg 2"},{"floor":12,"key":"HollowMod:LifeEnderRelic"},{"floor":14,"key":"Bird Faced Urn"}],"event_choices":[{"damage_healed":0,"gold_gain":175,"player_choice":"AGREE","damage_taken":0,"max_hp_gain":0,"max_hp_loss":0,"event_name":"Liars Game","floor":4,"gold_loss":0,"cards_obtained":["Doubt"]},{"cards_removed":["rmod:strick"],"damage_healed":0,"gold_gain":0,"player_choice":"Card Removal","damage_taken":0,"max_hp_gain":0,"max_hp_loss":0,"event_name":"Wheel of Change","floor":21,"gold_loss":0},{"damage_healed":0,"gold_gain":0,"cards_transformed":["rmod:abidefaith","rmod:goodfighter"],"player_choice":"Became Test Subject","damage_taken":0,"max_hp_gain":0,"max_hp_loss":0,"event_name":"Drug Dealer","floor":24,"gold_loss":0,"cards_obtained":["rmod:fletcherpendant","rmod:aluminumsupply"]}],"is_beta":false,"boss_relics":[{"not_picked":["SacredBark","rmod:mogul"],"picked":"Fusion Hammer"}],"items_purged_floors":[5],"is_endless":false,"potions_floor_spawned":[1,6,8,12,20],"ascension_level":0}}