{"host":"iv4l93feeza0hr07","time":1610355944,"event":{"mods":["2.2 Compatiblity","AchievementEnabler","Act Like it!","BaseMod","BetterRewards","Colored Map","Colored Powertips","Conspire","Downfall","GifTheSpireLib","GungeonMod","Hubris","Infinite Spire","LagranYue(???·?)","Mimic Mod","Minty Spire (QoL Compilation)","Quick Restart","Replay The Spire","StSLib","The Animator","The Bug Knight","The Wild Card","TheSwordswoman","Yuri Mod"],"gold_per_floor":[111,111,111,111,124,124,140,154,181,148,148,148,159,170,170,170,170],"floor_reached":16,"playtime":583,"items_purged":[],"score":92,"play_id":"2bf6553f-8b3f-4ade-93b2-f163588fd222","local_time":"20210111010544","is_ascension_mode":false,"campfire_choices":[{"data":"blazmod:FlawlessDraw","floor":6,"key":"SMITH"},{"data":"blazmod:ButterflyEffect","floor":15,"key":"SMITH"}],"circlet_count":0,"master_deck":["blazmod:Strike","blazmod:Strike","blazmod:Strike","blazmod:Strike","blazmod:Defend","blazmod:Defend","blazmod:Defend","blazmod:ButterflyEffect+1","blazmod:Kyokasuigetsu","blazmod:BeTheBlade","blazmod:FlawlessDraw+1","blazmod:SidewaySolace","blazmod:MyEverything","blazmod:DevilDivine"],"relics":["blazmod:Venustas","LagranYue:RandomDrawCardRelic","Boot","Tiny Chest"],"acts_visited":["Exordium"],"potions_floor_usage":[16,16,16],"damage_taken":[{"damage":7,"enemies":"Jaw Worm","floor":1,"turns":4},{"damage":0,"enemies":"Cultist","floor":5,"turns":4},{"damage":0,"enemies":"Small Slimes","floor":7,"turns":2},{"damage":1,"enemies":"2 Fungi Beasts","floor":8,"turns":4},{"damage":10,"enemies":"conspire:2 RoseBushes","floor":13,"turns":3},{"damage":6,"enemies":"Looter","floor":14,"turns":3},{"damage":18,"enemies":"Hexaghost","floor":16,"turns":5}],"seed_played":"830418489346895031","potions_obtained":[{"floor":1,"key":"AttackPotion"},{"floor":8,"key":"SkillPotion"},{"floor":13,"key":"DistilledChaos"}],"is_trial":false,"path_per_floor":["M","?","$","?","M","R","M","M","T","?","$","?","M","M","R","B"],"character_chosen":"THE_SWORDSWOMAN","items_purchased":[],"campfire_rested":0,"item_purchase_floors":[],"current_hp_per_floor":[37,30,30,30,30,30,30,29,29,29,29,29,19,13,13,0,0],"gold":170,"neow_bonus":"TEN_PERCENT_HP_BONUS","is_daily":false,"chose_seed":false,"campfire_upgraded":2,"win_rate":0.0,"timestamp":1610355944,"path_taken":["M","?","$","?","?","R","M","M","T","?","$","?","?","M","R","BOSS"],"items_purchased_type":[],"build_version":"2020-12-22","purchased_purges":0,"victory":false,"max_hp_per_floor":[44,44,44,44,44,44,44,44,44,44,44,44,44,44,44,44,44],"card_choices":[{"not_picked":["blazmod:StanceChange","blazmod:Trasient"],"picked":"blazmod:BeTheBlade","floor":1},{"not_picked":["blazmod:BlindBlade","blazmod:FleetOfFoot"],"picked":"blazmod:FlawlessDraw","floor":5},{"not_picked":["blazmod:Valiance","blazmod:FlashRock"],"picked":"blazmod:Trasient","floor":7},{"not_picked":["blazmod:SidewaySolace","blazmod:Observant","blazmod:Trasient"],"picked":"SKIP","floor":8},{"not_picked":["blazmod:BoulderFlash","blazmod:FlashRock"],"picked":"blazmod:MyEverything","floor":13},{"not_picked":["blazmod:SidewaySolace","blazmod:Valiance"],"picked":"blazmod:DevilDivine","floor":14}],"player_experience":158128,"relics_obtained":[{"floor":9,"key":"Tiny Chest"}],"event_choices":[{"damage_healed":0,"gold_gain":0,"player_choice":"Success","damage_taken":7,"relics_obtained":["Boot"],"max_hp_gain":0,"max_hp_loss":0,"event_name":"Scrap Ooze","floor":2,"gold_loss":0},{"cards_removed":["blazmod:Defend"],"damage_healed":0,"gold_gain":0,"player_choice":"Offered Basic","damage_taken":0,"max_hp_gain":0,"max_hp_loss":0,"event_name":"Bonfire Elementals","floor":4,"gold_loss":0},{"damage_healed":0,"gold_gain":0,"player_choice":"Left Gold","damage_taken":0,"max_hp_gain":0,"max_hp_loss":0,"event_name":"World of Goop","floor":10,"gold_loss":33},{"damage_healed":0,"gold_gain":0,"cards_transformed":["blazmod:Trasient"],"player_choice":"Transformed","damage_taken":0,"max_hp_gain":0,"max_hp_loss":0,"event_name":"Transmorgrifier","floor":12,"gold_loss":0,"cards_obtained":["blazmod:SidewaySolace"]}],"is_beta":false,"boss_relics":[],"items_purged_floors":[],"is_endless":false,"potions_floor_spawned":[1,8,13,14],"killed_by":"Hexaghost","ascension_level":0}}