{"host":"kev6uqotw4tlyx8l","time":1610363234,"event":{"mods":["Act Like it!","Aspiration","BaseMod","Colored Powertips","Dota2Spire","Downfall","Hallownest","Infinite Spire","Marisa????????","Minty Spire (QoL Compilation)","Quick Restart","Remilia??????","Replay The Spire","StSLib","The Cursed","The Jungle","The Marked","The Mystic","The Servant 0.9.4"],"gold_per_floor":[111,130,24,24,24,49,60,60,60,71,71,26,26,26,26,121,121,137,137,137,137],"floor_reached":20,"playtime":857,"items_purged":[],"score":170,"play_id":"a0c07895-f7b6-4444-b73f-261be2eceedb","local_time":"20210111180714","is_ascension_mode":false,"campfire_choices":[{"data":"WasteNot","floor":8,"key":"SMITH"},{"data":"Luminosity","floor":11,"key":"SMITH"},{"data":"Dilation","floor":13,"key":"SMITH"},{"data":"Revamp","floor":15,"key":"SMITH"}],"circlet_count":0,"master_deck":["Strike_S","Strike_S","Strike_S","Strike_S","Defend_S","Defend_S","Defend_S","Defend_S","KidneyShot","Exchange","Dilation+1","WasteNot+1","Potential","BottledTime","Revamp+1","Luminosity+1","FastForward","TimeWarp","FlawlessForm+1","DualDimension+1"],"relics":["Uniform","Omamori","Ornamental Fan","Darkstone Periapt","aspiration:RitualDagger"],"acts_visited":["Exordium","TheCity"],"potions_floor_usage":[],"damage_taken":[{"damage":1,"enemies":"Jaw Worm","floor":1,"turns":5},{"damage":0,"enemies":"Cultist","floor":2,"turns":5},{"damage":16,"enemies":"Replay:BlueRogue","floor":6,"turns":9},{"damage":7,"enemies":"2 Louse","floor":7,"turns":3},{"damage":7,"enemies":"Looter","floor":10,"turns":3},{"damage":39,"enemies":"Fading Forest","floor":16,"turns":11},{"damage":27,"enemies":"Spheric Guardian","floor":18,"turns":5},{"damage":31,"enemies":"3 Byrds","floor":20,"turns":8}],"seed_played":"-8395364790829203227","potions_obtained":[],"is_trial":false,"path_per_floor":["M","M","$","?","$","E","M","R","T","M","R","$","R","?","R","B",null,"M","?","M"],"character_chosen":"THE_SERVANT","items_purchased":["Potential","BottledTime","TimeWarp"],"campfire_rested":0,"item_purchase_floors":[3,3,12],"current_hp_per_floor":[64,64,64,64,64,48,41,41,41,34,34,34,34,55,55,28,65,38,38,7,7],"gold":137,"neow_bonus":"ONE_RANDOM_RARE_CARD","is_daily":false,"chose_seed":false,"campfire_upgraded":4,"win_rate":0.0,"timestamp":1610363234,"path_taken":["M","M","$","?","$","E","M","R","T","M","R","?","R","?","R","BOSS","M","?","M"],"items_purchased_type":["Card","Card","Card"],"build_version":"2020-12-22","purchased_purges":0,"victory":false,"max_hp_per_floor":[65,65,65,65,65,65,65,65,65,65,65,65,65,65,65,65,65,65,65,65,65],"card_choices":[{"not_picked":["Spin","FanOfKnives","Replace"],"picked":"SKIP","floor":1},{"not_picked":["Hightail","Starlight"],"picked":"WasteNot","floor":2},{"not_picked":["DoubleEdge","Defy"],"picked":"Revamp","floor":6},{"not_picked":["Potential","Replace"],"picked":"Luminosity","floor":7},{"not_picked":["FanOfKnives","Read"],"picked":"FastForward","floor":10},{"not_picked":["SoulSculpture","Deny"],"picked":"FlawlessForm","floor":16},{"not_picked":["Replace","Potential"],"picked":"DualDimension","floor":18}],"player_experience":101590,"relics_obtained":[{"floor":4,"key":"Omamori"},{"floor":6,"key":"Ornamental Fan"},{"floor":9,"key":"Darkstone Periapt"}],"event_choices":[{"damage_healed":0,"gold_gain":0,"player_choice":"Relic","damage_taken":0,"max_hp_gain":0,"max_hp_loss":0,"event_name":"Wheel of Change","floor":4,"gold_loss":0},{"damage_healed":21,"gold_gain":0,"player_choice":"Banana","damage_taken":0,"max_hp_gain":0,"max_hp_loss":0,"event_name":"Big Fish","floor":14,"gold_loss":0}],"is_beta":false,"boss_relics":[{"not_picked":["Replay:Fungal Core","Runic Dome"],"picked":"aspiration:RitualDagger"}],"items_purged_floors":[],"is_endless":false,"potions_floor_spawned":[],"killed_by":"3 Byrds","ascension_level":0}}