{"host":"5gc11emcm5chfr5t","time":1610330725,"event":{"mods":["2.2 Compatiblity","AchievementEnabler","BaseMod","Bestiary","Better Note","Colored Map","Colored Powertips","Downfall","Googly Eyes","Minty Spire (QoL Compilation)","Rare Cards Sparkle","StSLib"],"gold_per_floor":[113,388,77,126,143,143,38,38,61,96,107,142,142,157,157,229,229,244,54,54,66,266,266,286,286,312,343,416,483,483],"floor_reached":29,"playtime":1337,"items_purged":["Regret"],"score":577,"play_id":"538fc248-d4d1-4a34-a22e-5e39d382459a","local_time":"20210110210525","is_ascension_mode":true,"campfire_choices":[{"floor":6,"key":"RECALL"},{"data":"sneckomod:Restock","floor":13,"key":"SMITH"},{"data":"sneckomod:TrashToTreasure","floor":15,"key":"SMITH"},{"floor":23,"key":"REST"},{"floor":25,"key":"REST"}],"circlet_count":0,"master_deck":["AscendersBane","sneckomod:Strike","sneckomod:Strike","sneckomod:Defend","sneckomod:Defend","sneckomod:Defend","sneckomod:TailWhip","sneckomod:SnekBite","sneckomod:Unknown","sneckomod:Unknown","sneckomod:UnknownStrength","sneckomod:Restock+1","sneckomod:TrashToTreasure+1","sneckomod:UnknownRareAttack","sneckomod:ImprovisedAttack","sneckomod:UnknownRareSkill","sneckomod:Unknown1Cost","sneckomod:IronFang","expansioncontent:BronzeBeam","sneckomod:UnknownRareAttack","sneckomod:Rotation","sneckomod:ImprovisedAttack","sneckomod:QuickBite","sneckomod:UnknownRarePower","CurseOfTheBell","sneckomod:UnknownExhaust","Panache","sneckomod:GlitteringGambit","sneckomod:QuickMove"],"relics":["sneckomod:SneckoSoul","NeowsBlessing","Orrery","Bag of Marbles","Bronze Scales","Vajra","Calling Bell","Lantern","Gremlin Horn","Nloth\u0027s Gift","sneckomod:LoadedDie","Art of War"],"acts_visited":["Exordium","TheCity"],"potions_floor_usage":[12,12,16,24,29],"damage_taken":[{"damage":0,"enemies":"2 Louse","floor":1,"turns":1},{"damage":0,"enemies":"Cultist","floor":5,"turns":1},{"damage":0,"enemies":"3 Sentries","floor":10,"turns":2},{"damage":0,"enemies":"Jaw Worm","floor":11,"turns":1},{"damage":8,"enemies":"Gremlin Nob","floor":12,"turns":3},{"damage":9,"enemies":"Blue Slaver","floor":14,"turns":2},{"damage":37,"enemies":"The Guardian","floor":16,"turns":9},{"damage":30,"enemies":"Shell Parasite","floor":18,"turns":7},{"damage":21,"enemies":"2 Thieves","floor":21,"turns":4},{"damage":3,"enemies":"3 Cultists","floor":24,"turns":4},{"damage":59,"enemies":"Slavers","floor":27,"turns":5},{"damage":7,"enemies":"Chosen and Byrds","floor":28,"turns":7},{"damage":17,"enemies":"Book of Stabbing","floor":29,"turns":3}],"seed_played":"2192883238156730897","potions_obtained":[{"floor":1,"key":"LiquidBronze"},{"floor":5,"key":"BlessingOfTheForge"},{"floor":14,"key":"SteroidPotion"},{"floor":21,"key":"SkillPotion"},{"floor":24,"key":"ColorlessPotion"}],"is_trial":false,"path_per_floor":["M","?","$","T","M","R","$","?","T","E","M","E","R","M","R","B",null,"M","$","?","M","?","R","M","R","T","E","M","E"],"character_chosen":"THE_SNECKO","items_purchased":["sneckomod:Restock","Orrery","expansioncontent:BronzeBeam","Panache"],"campfire_rested":2,"item_purchase_floors":[3,3,7,19],"current_hp_per_floor":[76,76,79,79,79,79,79,79,79,80,80,72,72,63,63,27,74,45,45,45,24,24,51,48,75,75,16,9,0,0],"gold":483,"neow_bonus":"THREE_ENEMY_KILL","is_daily":false,"chose_seed":false,"campfire_upgraded":2,"win_rate":0.0,"timestamp":1610330725,"path_taken":["M","?","$","?","?","R","$","?","T","E","M","E","R","M","R","BOSS","M","$","?","?","?","R","M","R","T","E","M","E"],"items_purchased_type":["Card","Relic","Card","Card"],"build_version":"2020-12-22","purchased_purges":1,"victory":false,"max_hp_per_floor":[84,84,87,87,87,87,87,87,87,88,88,88,88,88,88,89,89,90,90,90,90,90,90,90,90,90,90,90,90,90],"card_choices":[{"not_picked":["sneckomod:UnknownClassGREEN","sneckomod:Nope"],"picked":"sneckomod:UnknownStrength","floor":1},{"not_picked":["sneckomod:Nope","sneckomod:Unknown1Cost"],"picked":"sneckomod:TrashToTreasure","floor":3},{"not_picked":["sneckomod:UnknownClassGUARDIAN","sneckomod:UnknownClassHEXA_GHOST_PURPLE"],"picked":"sneckomod:UnknownRareAttack","floor":3},{"not_picked":["sneckomod:SoulDraw","sneckomod:UnknownClassPURPLE"],"picked":"sneckomod:ImprovisedAttack","floor":3},{"not_picked":["sneckomod:UnknownClassBLUE","sneckomod:RainOfDice"],"picked":"sneckomod:UnknownRareSkill","floor":3},{"not_picked":["sneckomod:SnekBeam","sneckomod:UnknownStrike"],"picked":"sneckomod:Unknown1Cost","floor":3},{"not_picked":["sneckomod:QuickBite","sneckomod:Nope"],"picked":"sneckomod:IronFang","floor":5},{"not_picked":["sneckomod:Unknown1Cost","sneckomod:UnknownVulnerable"],"picked":"sneckomod:UnknownRareAttack","floor":10},{"not_picked":["sneckomod:UnknownClassBLUE","sneckomod:Nope"],"picked":"sneckomod:Rotation","floor":11},{"not_picked":["sneckomod:UnknownExhaust","sneckomod:RainOfDice"],"picked":"sneckomod:ImprovisedAttack","floor":12},{"not_picked":["sneckomod:SoulDraw","sneckomod:UnknownClassHEXA_GHOST_PURPLE"],"picked":"sneckomod:QuickBite","floor":14},{"not_picked":["sneckomod:UnknownRareAttack","sneckomod:SerpentMind"],"picked":"sneckomod:UnknownRarePower","floor":16},{"not_picked":["sneckomod:RainOfDice","sneckomod:PureSnecko"],"picked":"sneckomod:UnknownExhaust","floor":18},{"not_picked":["sneckomod:UnknownCommonAttack","sneckomod:UnknownStrike","sneckomod:SoulDraw"],"picked":"SKIP","floor":21},{"not_picked":["sneckomod:CheapStock","sneckomod:Unknown2Cost","sneckomod:UnknownCommonAttack"],"picked":"SKIP","floor":24},{"not_picked":["sneckomod:MasterEye+1","sneckomod:UnknownVulnerable"],"picked":"sneckomod:GlitteringGambit","floor":27},{"not_picked":["sneckomod:Nope","sneckomod:WideSting"],"picked":"sneckomod:QuickMove","floor":28}],"player_experience":543134,"relics_obtained":[{"floor":9,"key":"Bag of Marbles"},{"floor":10,"key":"Bronze Scales"},{"floor":12,"key":"Vajra"},{"floor":17,"key":"Lantern"},{"floor":17,"key":"Gremlin Horn"},{"floor":17,"key":"Pocketwatch"},{"floor":26,"key":"sneckomod:LoadedDie"},{"floor":27,"key":"Art of War"}],"event_choices":[{"damage_healed":0,"gold_gain":275,"player_choice":"Desecrate","damage_taken":0,"max_hp_gain":0,"max_hp_loss":0,"event_name":"Golden Shrine","floor":2,"gold_loss":0,"cards_obtained":["Regret"]},{"cards_removed":["sneckomod:Strike"],"damage_healed":0,"gold_gain":0,"player_choice":"Purged","damage_taken":0,"max_hp_gain":0,"max_hp_loss":0,"event_name":"Purifier","floor":8,"gold_loss":0},{"damage_healed":0,"gold_gain":0,"player_choice":"Traded Relic","damage_taken":0,"relics_obtained":["Nloth\u0027s Gift"],"max_hp_gain":0,"max_hp_loss":0,"event_name":"N\u0027loth","floor":20,"relics_lost":["Pocketwatch"],"gold_loss":0},{"damage_healed":0,"gold_gain":200,"player_choice":"Gold","damage_taken":0,"max_hp_gain":0,"max_hp_loss":0,"event_name":"Wheel of Change","floor":22,"gold_loss":0}],"is_beta":false,"boss_relics":[{"not_picked":["Runic Dome","Tiny House"],"picked":"Calling Bell"}],"items_purged_floors":[3],"is_endless":false,"potions_floor_spawned":[1,5,11,14,21,24],"killed_by":"Book of Stabbing","ascension_level":20}}