{"host":"l84l8xigz5v5foa2","time":1610371151,"event":{"mods":["2.2 Compatiblity","AchievementEnabler","BaseMod","Better Note","Better Vampires","Card Filter","Colored Map","DeckTracker","Downfall","Gremlin Skip","Highlight Path","Keyboard Shortcuts","Minty Spire (QoL Compilation)","Permanent Neow","Quick Restart","Relic Filter","Relic Stats","StSLib","SuperFastMode","Transform Curses","Unknown Chances"],"gold_per_floor":[99,117,133,151,171,171,225,150,175,189,189,189,99,116,129,206,206,131,148,158,158,178,63,63,48,48,62,84,115,115,147,157,236,236,161,178,178,215,215,65,65,65,79,94,94,111,124,155,172,172,172,205,30,30,30],"floor_reached":56,"playtime":3847,"items_purged":["hexamod:Strike","hexamod:Strike","hexamod:Strike+1","hexamod:Defend","hexamod:HeatMetal+1"],"score":2396,"play_id":"7f4f4a40-0aa2-4b61-a7f1-b00b04660672","local_time":"20210111221911","is_ascension_mode":true,"campfire_choices":[{"data":"hexamod:Float","floor":1.0,"key":"SMITH"},{"data":"hexamod:FastForward","floor":8.0,"key":"SMITH"},{"floor":11.0,"key":"REST"},{"data":"hexamod:GhostOfSpirePast","floor":18.0,"key":"SMITH"},{"data":"hexamod:Rewind","floor":26.0,"key":"SMITH"},{"floor":30.0,"key":"RECALL"},{"data":"hexamod:HexaLevel","floor":35.0,"key":"SMITH"},{"data":"Thinking Ahead","floor":45,"key":"SMITH"},{"data":"hexamod:Incineration","floor":54,"key":"SMITH"}],"circlet_count":0,"master_deck":["AscendersBane","hexamod:Defend+1","hexamod:Defend+1","hexamod:Defend+1","hexamod:Sear+1","hexamod:Float+1","hexamod:TimeWarp+1","hexamod:FastForward+1","hexamod:AdvancingGuard+1","hexamod:SwordOfDarkness+1","hexamod:ShieldOfDarkness+1","hexamod:StepThrough+1","hexamod:GhostOfSpirePast+1","hexamod:FourthSeal","hexamod:BacktrackSmack+1","hexamod:SixthSeal","hexamod:StepThrough+1","hexamod:Rewind+1","hexamod:ThirdSeal","hexamod:Hexaguard+1","hexamod:StepThrough+1","hexamod:RecurringNightmare+1","hexamod:HauntingEcho+1","hexamod:GhostOfSpirePast+1","hexamod:EmpoweringStance+1","hexamod:HexaLevel+1","hexamod:TimeOfNeed+1","hexamod:Haunt+1","hexamod:TimeWarp+1","hexamod:ApocalypticArmor+1","Thinking Ahead+1","hexamod:PowerFromBeyond+1","hexamod:RainOfEmbers+1","hexamod:EmpoweringStance+1","hexamod:EmpoweringStance+1","hexamod:Incineration+1"],"relics":["hexamod:SpiritBrand","Ornamental Fan","downfall:HeartBlessingBlue","Potion Belt","Cursed Key","downfall:HeartBlessingGreen","hexamod:TheBrokenSeal","Orichalcum","Blood Vial","sneckomod:SneckoTalon","downfall:HeartBlessingRed","Mango","Strawberry"],"acts_visited":["Exordium","TheCity","TheBeyond","TheEnding"],"potions_floor_usage":[43,44,46,46,50,50,55,55,55],"damage_taken":[{"damage":0.0,"enemies":"2 Louse","floor":2.0,"turns":2.0},{"damage":7.0,"enemies":"Small Slimes","floor":3.0,"turns":3.0},{"damage":0.0,"enemies":"Cultist","floor":4.0,"turns":4.0},{"damage":2.0,"enemies":"Exordium Thugs","floor":5.0,"turns":4.0},{"damage":8.0,"enemies":"3 Sentries","floor":9.0,"turns":7.0},{"damage":10.0,"enemies":"Exordium Wildlife","floor":10.0,"turns":5.0},{"damage":0.0,"enemies":"downfall:FleeingMerchant","floor":13.0,"turns":4.0},{"damage":0.0,"enemies":"2 Fungi Beasts","floor":14.0,"turns":3.0},{"damage":0.0,"enemies":"Blue Slaver","floor":15.0,"turns":3.0},{"damage":37.0,"enemies":"downfall:Defect","floor":16.0,"turns":9.0},{"damage":17.0,"enemies":"Shell Parasite","floor":19.0,"turns":4.0},{"damage":0.0,"enemies":"Spheric Guardian","floor":20.0,"turns":3.0},{"damage":0.0,"enemies":"Centurion and Healer","floor":22.0,"turns":6.0},{"damage":0.0,"enemies":"downfall:FleeingMerchant","floor":23.0,"turns":4.0},{"damage":20.0,"enemies":"downfall:FleeingMerchant","floor":25.0,"turns":4.0},{"damage":23.0,"enemies":"Snake Plant","floor":27.0,"turns":4.0},{"damage":21.0,"enemies":"Shelled Parasite and Fungi","floor":28.0,"turns":7.0},{"damage":20.0,"enemies":"Slavers","floor":29.0,"turns":6.0},{"damage":0.0,"enemies":"Gremlin Leader","floor":31.0,"turns":3.0},{"damage":0.0,"enemies":"Centurion and Healer","floor":32.0,"turns":5.0},{"damage":0.0,"enemies":"downfall:Ironclad","floor":33.0,"turns":7.0},{"damage":0.0,"enemies":"3 Darklings","floor":36.0,"turns":3.0},{"damage":0.0,"enemies":"downfall:FleeingMerchant","floor":38.0,"turns":4.0},{"damage":2,"enemies":"Orb Walker","floor":43,"turns":4},{"damage":0,"enemies":"3 Darklings","floor":44,"turns":4},{"damage":24,"enemies":"Writhing Mass","floor":46,"turns":6},{"damage":0,"enemies":"Transient","floor":47,"turns":6},{"damage":0,"enemies":"Giant Head","floor":48,"turns":5},{"damage":12,"enemies":"4 Shapes","floor":49,"turns":7},{"damage":32,"enemies":"downfall:Silent","floor":50,"turns":9},{"damage":9,"enemies":"downfall:CharBossMerchant","floor":52,"turns":7},{"damage":4,"enemies":"downfall:NeowBoss","floor":55,"turns":18}],"seed_played":"-8183151930381719688","potions_obtained":[{"floor":2.0,"key":"DuplicationPotion"},{"floor":3.0,"key":"hexamod:EctoCoolerPotion"},{"floor":13.0,"key":"SkillPotion"},{"floor":15.0,"key":"FairyPotion"},{"floor":15.0,"key":"Dexterity Potion"},{"floor":16.0,"key":"Slimebound:ThreeZeroPotion"},{"floor":19.0,"key":"Dexterity Potion"},{"floor":20.0,"key":"Slimebound:ThreeZeroPotion"},{"floor":20.0,"key":"AttackPotion"},{"floor":20.0,"key":"SpeedPotion"},{"floor":22.0,"key":"Fruit Juice"},{"floor":22.0,"key":"PowerPotion"},{"floor":23.0,"key":"SmokeBomb"},{"floor":23.0,"key":"FairyPotion"},{"floor":25.0,"key":"SneckoOil"},{"floor":27.0,"key":"Regen Potion"},{"floor":27.0,"key":"FairyPotion"},{"floor":28.0,"key":"BlessingOfTheForge"},{"floor":29.0,"key":"hexamod:DoubleChargePotion"},{"floor":32.0,"key":"ColorlessPotion"},{"floor":32.0,"key":"Fire Potion"},{"floor":33.0,"key":"CultistPotion"},{"floor":33.0,"key":"Energy Potion"},{"floor":36.0,"key":"DistilledChaos"},{"floor":38.0,"key":"Weak Potion"},{"floor":43,"key":"hexamod:InfernoChargePotion"},{"floor":44,"key":"Dexterity Potion"},{"floor":44,"key":"Dexterity Potion"},{"floor":46,"key":"DuplicationPotion"},{"floor":47,"key":"Dexterity Potion"},{"floor":49,"key":"Slimebound:ThreeZeroPotion"},{"floor":52,"key":"AttackPotion"}],"is_trial":false,"path_per_floor":["R","M","M","M","M","?","T","R","E","M","R","?","$","M","M","B",null,"R","M","M","?","M","$","T","$","R","M","M","E","R","E","M","B",null,"R","M","T","$","T","$","T","?","M","M","R","M","M","E","M","B",null,"E","$","R","B",null],"character_chosen":"THE_SPIRIT","items_purchased":["Thinking Ahead"],"campfire_rested":1,"item_purchase_floors":[38],"current_hp_per_floor":[42,42,35,35,33,22,22,32,24,14,35,35,35,35,35,21,60,60,43,43,31,43,50,50,30,30,7,88,68,68,68,70,72,84,84,86,86,88,88,88,88,88,86,88,88,64,66,82,72,42,87,87,87,87,85],"gold":30,"neow_bonus":"THREE_RARE_CARDS","is_daily":false,"chose_seed":false,"campfire_upgraded":7,"win_rate":0.0,"timestamp":1610371151,"path_taken":["R","M","M","M","M","?","T","R","E","M","R","?","$","M","M","BOSS","R","M","M","?","M","$","T","$","R","M","M","E","R","E","M","BOSS","R","M","?","$","?","?","T","?","M","M","R","M","M","E","M","BOSS","E","$","R","BOSS"],"items_purchased_type":["Card"],"build_version":"2020-12-22","purchased_purges":5,"victory":true,"max_hp_per_floor":[63,63,63,63,63,63,63,73,73,73,73,73,73,73,73,73,73,73,73,73,73,78,78,78,78,78,78,88,88,88,88,88,88,88,88,88,88,88,88,88,88,88,88,88,88,88,88,102,102,102,102,109,109,109,109],"relic_stats":{"Blood Vial":22,"counters":[32,170],"Ornamental Fan":[336],"Orichalcum":[18],"Cursed Key":0,"obtain_stats":[{"Potion Belt":9,"downfall:HeartBlessingRed":35,"hexamod:TheBrokenSeal":28,"downfall:HeartBlessingGreen":18,"Mango":48,"Orichalcum":29,"Cursed Key":17,"sneckomod:SneckoTalon":34,"Blood Vial":31,"Ornamental Fan":6,"downfall:HeartBlessingBlue":8,"Strawberry":52,"hexamod:SpiritBrand":0},{"Potion Belt":5,"downfall:HeartBlessingRed":21,"hexamod:TheBrokenSeal":17,"downfall:HeartBlessingGreen":10,"Mango":28,"Orichalcum":18,"Cursed Key":10,"sneckomod:SneckoTalon":21,"Blood Vial":19,"Ornamental Fan":4,"downfall:HeartBlessingBlue":4,"Strawberry":31,"hexamod:SpiritBrand":0},{"Potion Belt":20,"downfall:HeartBlessingRed":97,"hexamod:TheBrokenSeal":73,"downfall:HeartBlessingGreen":44,"Mango":129,"Orichalcum":82,"Cursed Key":44,"sneckomod:SneckoTalon":97,"Blood Vial":85,"Ornamental Fan":13,"downfall:HeartBlessingBlue":13,"Strawberry":152,"hexamod:SpiritBrand":0}]},"card_choices":[{"not_picked":["hexamod:Toasty","hexamod:UnleashSpirits"],"picked":"hexamod:TimeWarp","floor":0.0},{"not_picked":["hexamod:DynamicBlow","hexamod:ThermalTransfer"],"picked":"hexamod:FastForward","floor":2.0},{"not_picked":["hexamod:SwordOfDarkness","hexamod:ExtraCrispy"],"picked":"hexamod:AdvancingGuard","floor":3.0},{"not_picked":["hexamod:RetreatToShadows","hexamod:GhostLash"],"picked":"hexamod:SwordOfDarkness","floor":4.0},{"not_picked":["hexamod:FastForward","hexamod:NightmareStrike"],"picked":"hexamod:ShieldOfDarkness","floor":5.0},{"not_picked":["hexamod:Hexaguard","hexamod:GhostShield"],"picked":"hexamod:StepThrough","floor":9.0},{"not_picked":["hexamod:AdvancingGuard","hexamod:FastForward"],"picked":"hexamod:SixthSeal","floor":10.0},{"not_picked":["hexamod:FastForward","hexamod:ShieldOfDarkness"],"picked":"hexamod:GhostOfSpirePast","floor":13.0},{"not_picked":["hexamod:Hexaguard","hexamod:HeatCrush"],"picked":"hexamod:HeatMetal","floor":14.0},{"not_picked":["hexamod:SwordOfDarkness","hexamod:GhostLash"],"picked":"hexamod:ThirdSeal","floor":15.0},{"not_picked":["hexamod:Toasty","hexamod:TimeWarp"],"picked":"hexamod:FifthSeal","floor":16.0},{"not_picked":["hexamod:SixthSeal","hexamod:SecondSeal"],"picked":"hexamod:FourthSeal","floor":19.0},{"not_picked":["hexamod:PhantomCloak","hexamod:Haunt","hexamod:SwordOfDarkness"],"picked":"SKIP","floor":19.0},{"not_picked":["hexamod:BacktrackSmack","hexamod:InspiringFlames","hexamod:ChargedBarrage"],"picked":"SKIP","floor":19.0},{"not_picked":["hexamod:FourthSeal","hexamod:ThirdSeal"],"picked":"hexamod:FirstSeal","floor":20.0},{"not_picked":["hexamod:PhantomFireball","hexamod:SwordOfDarkness"],"picked":"hexamod:BacktrackSmack","floor":20.0},{"not_picked":["hexamod:PhantomFireball","hexamod:GhostflameInferno","hexamod:GhostLash"],"picked":"SKIP","floor":20.0},{"not_picked":["hexamod:ThirdSeal","hexamod:FourthSeal"],"picked":"hexamod:SixthSeal","floor":22.0},{"not_picked":["hexamod:Haunt+1","hexamod:SpectersWail"],"picked":"hexamod:StepThrough","floor":22.0},{"not_picked":["hexamod:ParanormalForm","hexamod:PowerFromBeyond"],"picked":"hexamod:Rewind","floor":23.0},{"not_picked":["hexamod:FourthSeal","hexamod:FirstSeal"],"picked":"hexamod:ThirdSeal","floor":23.0},{"not_picked":["hexamod:ExtraCrispy","hexamod:Haunt"],"picked":"hexamod:Hexaguard+1","floor":23.0},{"not_picked":["hexamod:SwordOfDarkness+1","hexamod:CatchUp"],"picked":"hexamod:StepThrough","floor":25.0},{"not_picked":["hexamod:FlamesFromBeyond","hexamod:CatchUp","hexamod:SpectralSpark"],"picked":"SKIP","floor":25.0},{"not_picked":["hexamod:FlamesFromBeyond","hexamod:GhostShield"],"picked":"hexamod:RecurringNightmare","floor":27.0},{"not_picked":["hexamod:SixthSeal","hexamod:ThirdSeal"],"picked":"hexamod:SecondSeal","floor":27.0},{"not_picked":["hexamod:DynamicBlow","hexamod:FastForward"],"picked":"hexamod:HauntingEcho","floor":27.0},{"not_picked":["hexamod:FourthSeal","hexamod:HauntingEcho","hexamod:ShieldOfDarkness"],"picked":"SKIP","floor":27.0},{"not_picked":["hexamod:NightmareGuise","hexamod:HauntingEcho"],"picked":"hexamod:GhostOfSpirePast","floor":28.0},{"not_picked":["hexamod:HeatMetal","hexamod:FourthSeal"],"picked":"hexamod:EmpoweringStance","floor":28.0},{"not_picked":["hexamod:BurningTouch","hexamod:HauntingEcho"],"picked":"hexamod:HexaLevel","floor":29.0},{"not_picked":["hexamod:ThermalTransfer","hexamod:RetreatToShadows","hexamod:Firestarter"],"picked":"SKIP","floor":29.0},{"not_picked":["hexamod:SpectralAdrenaline","hexamod:BurningTouch"],"picked":"hexamod:TimeOfNeed","floor":31.0},{"not_picked":["hexamod:GhostLash","hexamod:Hexaguard"],"picked":"hexamod:Haunt+1","floor":32.0},{"not_picked":["hexamod:PhantomCloak","hexamod:Hexaguard","hexamod:AdvancingGuard"],"picked":"SKIP","floor":32.0},{"not_picked":["hexamod:SearingWound","hexamod:Toasty"],"picked":"hexamod:TimeWarp","floor":33.0},{"not_picked":["hexamod:VolcanoVisage","hexamod:WildfireWeapon"],"picked":"hexamod:ApocalypticArmor","floor":33.0},{"not_picked":["hexamod:BacktrackSmack+1","hexamod:RetreatToShadows+1","hexamod:Firestarter"],"picked":"SKIP","floor":36.0},{"not_picked":["hexamod:SecondSeal","hexamod:FourthSeal","hexamod:SpectersWail"],"picked":"SKIP","floor":36.0},{"not_picked":["hexamod:HauntingEcho","hexamod:HeatMetal","hexamod:BurningTouch"],"picked":"SKIP","floor":38.0},{"not_picked":["hexamod:SoulSteal","hexamod:VolcanoVisage"],"picked":"hexamod:PowerFromBeyond","floor":43},{"not_picked":["hexamod:ShieldOfDarkness","hexamod:GhostLash+1","hexamod:RadiantFlame"],"picked":"SKIP","floor":43},{"not_picked":["hexamod:ShieldOfDarkness","hexamod:GhostLash"],"picked":"hexamod:RainOfEmbers","floor":44},{"not_picked":["hexamod:DynamicBlow+1","hexamod:SpectralSpark","hexamod:ShieldOfDarkness"],"picked":"SKIP","floor":44},{"not_picked":["hexamod:SkipABeat","hexamod:SpectersWail"],"picked":"hexamod:EmpoweringStance","floor":46},{"not_picked":["hexamod:ShieldOfDarkness","hexamod:SuperheatedStrike","hexamod:DynamicBlow"],"picked":"SKIP","floor":46},{"not_picked":["hexamod:Firestarter","hexamod:PhantomCloak+1","hexamod:HauntingEcho"],"picked":"SKIP","floor":47},{"not_picked":["hexamod:RecurringNightmare","hexamod:NecessarySacrifice+1","hexamod:HauntingEcho"],"picked":"SKIP","floor":47},{"not_picked":["hexamod:GhostLash","hexamod:HeatMetal"],"picked":"hexamod:EmpoweringStance","floor":48},{"not_picked":["hexamod:RetreatToShadows","hexamod:SpectralAdrenaline+1","hexamod:FifthSeal"],"picked":"SKIP","floor":48},{"not_picked":["hexamod:ShieldOfDarkness+1","hexamod:GhostLash","hexamod:NightmareGuise"],"picked":"SKIP","floor":49},{"not_picked":["hexamod:UnleashSpirits","hexamod:Hexaguard","hexamod:PowerFromBeyond"],"picked":"SKIP","floor":49},{"not_picked":["hexamod:NightmareStrike","hexamod:BacktrackSmack"],"picked":"hexamod:Incineration","floor":52},{"not_picked":["hexamod:BacktrackSmack","hexamod:CatchUp","hexamod:Hexaguard"],"picked":"SKIP","floor":52}],"player_experience":3090354,"relics_obtained":[{"floor":9.0,"key":"Potion Belt"},{"floor":29.0,"key":"Orichalcum"},{"floor":31.0,"key":"Blood Vial"},{"floor":48,"key":"Mango"},{"floor":52,"key":"Strawberry"}],"event_choices":[{"damage_healed":0.0,"max_hp_gain":0.0,"max_hp_loss":0.0,"gold_gain":0.0,"event_name":"Scrap Ooze","player_choice":"Success","floor":6.0,"gold_loss":0.0,"damage_taken":11.0,"relics_obtained":["Ornamental Fan"]}],"is_beta":false,"boss_relics":[{"not_picked":["SlaversCollar","Empty Cage"],"picked":"Cursed Key"},{"not_picked":["Fusion Hammer","hexamod:IceCube"],"picked":"sneckomod:SneckoTalon"}],"items_purged_floors":[13,23,38,40,53],"is_endless":false,"potions_floor_spawned":[2,3,5,15,20,27,28,29,32,33,36,44,48],"ascension_level":20}}