{"host":"xckb594ox0nz108y","time":1610384805,"event":{"mods":["ATMod(阿瑾Mod)","Act Like it!","BaseMod","Colored Powertips","Conspire","Downfall","Friendly Minions","Gensokyo","Kiyohime（清姬）","Koishi","KomeijiMod","Lobotomy","LobotomyExtend","Marisa（F雨　魔理沙）","Minty Spire (QoL Compilation)","Pale of the Ancients","Rare Cards Sparkle","Replay The Spire","RumiaBox-露米娅的神秘盒子","StSLib","The Animator","The Cursed","The IronCluck","vexMod","【功能Mod】混沌之环修复补丁","【功能Mod】聪明的最终Boss","【遗物卡牌】REMEMod"],"gold_per_floor":[115,115,15,15,15,15,15,15,15,15,33,59,59,70,70,169,169,179,504,504,193,141,175,175,208,233,264,578,578,595,624,624,722,722,741,741,831,667,686,711,78,78,103,130,130,21,53,68,68,68,68],"floor_reached":52,"playtime":1877,"items_purged":[],"score":1131,"play_id":"b1f0ddf5-f7b6-47a8-9778-ec0385663a3a","local_time":"20210112010645","is_ascension_mode":true,"campfire_choices":[{"data":"AT_EmpoweredMortalDraw","floor":6,"key":"SMITH"},{"data":"Bash","floor":8,"key":"SMITH"},{"data":"Clash","floor":10,"key":"SMITH"},{"data":"Disarm","floor":15,"key":"SMITH"},{"data":"Gensokyo:Doppelganger","floor":24,"key":"SMITH"},{"floor":29,"key":"REST"},{"floor":32,"key":"REST"},{"data":"REME_SingleHolding","floor":42,"key":"SMITH"},{"data":"Perfected Strike","floor":49,"key":"SMITH"}],"circlet_count":0,"master_deck":["Strike_R","Strike_R","Strike_R","Strike_R","Strike_R","Defend_R","Defend_R","Defend_R","Defend_R","Bash+1","AT_EmpoweredMortalDraw+1","Clash+1","Disarm+1","Run Through","Reaper","Armaments+1","Gensokyo:Doppelganger+1","Perfected Strike+1","ReplayTheSpireMod:Muscle Training","Combust","Demonic Infusion","ReplayTheSpireMod:Corrosion Curse+1","Armaments+1","Feed","AT_ShrugMaster+1","REME_SingleHolding+1","Infernal Blade","Infernal Blade","ReplayTheSpireMod:Stacked+1","Feel No Pain+1","ReplayTheSpireMod:LeadingStrike+1","Gensokyo:MysteriousEgg","Cleave+1","AT_DrawKnifeCut+1"],"relics":["AT_ATBox","REME_ComplimentaryCards","AT_MortalBlade","LetterFromLob","Gensokyo:LunaticRedEyes","Gensokyo:NagashiBinaDoll","Letter Opener","SSSystem","Mango","Runic Cube","Gensokyo:MosesMiracle","The Courier","ReplayFunnel","Replay:Wax Seal","Red Skull","Matryoshka","Replay:Mystery Machine","Pondfish Scales","Sozu","conspire:DecoderRing","AT_BellowingDragoncrestRing","Blood Vial","MagicDraw1","REME_HourglassOfDeath","Ice Cream","Paper Frog","Orichalcum","ZombieArmy","MagicDraw4","Champion Belt"],"acts_visited":["Gensokyo:Gensokyo","Gensokyo:Gensokyoer","Gensokyo:Gensokyoest"],"potions_floor_usage":[14,16,23,28,28,28,31],"damage_taken":[{"damage":0,"enemies":"Gensokyo:2_Kodama","floor":1,"turns":1},{"damage":0,"enemies":"Gensokyo:Gryphon","floor":11,"turns":2},{"damage":0,"enemies":"Gensokyo:Aya","floor":12,"turns":3},{"damage":0,"enemies":"Gensokyo:3_Fairies","floor":14,"turns":3},{"damage":9,"enemies":"Gensokyo:Kokoro","floor":16,"turns":8},{"damage":4,"enemies":"Gensokyo:Chomper","floor":18,"turns":3},{"damage":21,"enemies":"Gensokyo:Koishi","floor":23,"turns":4},{"damage":10,"enemies":"Gensokyo:Tenshi","floor":25,"turns":3},{"damage":41,"enemies":"Gensokyo:Reisen","floor":27,"turns":5},{"damage":23,"enemies":"Gensokyo:3_Dogs","floor":28,"turns":4},{"damage":0,"enemies":"Gensokyo:Slime_Group","floor":30,"turns":2},{"damage":29,"enemies":"Gensokyo:Koishi","floor":31,"turns":5},{"damage":50,"enemies":"Gensokyo:Eiki","floor":33,"turns":8},{"damage":13,"enemies":"Gensokyo:3_Bats","floor":35,"turns":4},{"damage":1,"enemies":"Gensokyo:AncientGuardian","floor":39,"turns":3},{"damage":2,"enemies":"Gensokyo:Kasen","floor":40,"turns":5},{"damage":2,"enemies":"Gensokyo:Marisa","floor":44,"turns":4},{"damage":2,"enemies":"Gensokyo:Kasen","floor":47,"turns":6},{"damage":0,"enemies":"Gensokyo:SeedOfUnknown","floor":48,"turns":2},{"damage":1,"enemies":"Gensokyo:Yuyuko","floor":50,"turns":6}],"seed_played":"-6506568822719996512","potions_obtained":[{"floor":1,"key":"LifebloodPotion"},{"floor":11,"key":"Adrenaline Potion"},{"floor":14,"key":"REME_GoldPotion"},{"floor":25,"key":"Languid Potion"},{"floor":27,"key":"Explosive Potion"},{"floor":28,"key":"champ:CounterPotion"}],"is_trial":false,"path_per_floor":["M","?","?","?","?","R","COS","R","T","R","M","E","?","M","R","B",null,"M","?","?","COS","$","E","R","E","T","E","M","R","M","E","R","B",null,"M","?","?","$","M","E","$","R","T","E","?","COS","E","M","R","B",null,null],"character_chosen":"IRONCLAD","items_purchased":["champ:CounterPotion","Blood Vial","Infernal Blade","REME_HourglassOfDeath","Ice Cream","Paper Frog"],"campfire_rested":2,"item_purchase_floors":[22,38,38,41,41,41],"current_hp_per_floor":[80,80,80,80,80,80,80,80,80,80,80,80,73,73,73,64,94,90,90,90,90,90,69,69,59,59,27,8,36,36,29,57,7,94,81,90,67,67,68,84,84,84,84,84,84,84,87,89,89,89,89],"gold":68,"neow_bonus":"BOSS_RELIC","is_daily":false,"chose_seed":false,"campfire_upgraded":7,"win_rate":0.0,"timestamp":1610384805,"path_taken":["M","?","?","?","?","R","COS","R","T","R","?","E","?","M","R","BOSS","M","?","?","COS","?","E","R","E","T","E","M","R","M","E","R","BOSS","M","?","?","$","?","E","?","R","T","E","?","COS","E","M","R","BOSS"],"items_purchased_type":["Potion","Relic","Card","Relic","Relic","Relic"],"build_version":"2020-12-22","purchased_purges":0,"victory":true,"max_hp_per_floor":[80,80,80,80,80,80,80,80,80,80,80,80,94,94,94,94,94,94,94,94,94,94,94,94,94,94,94,94,94,94,94,94,94,94,94,94,94,94,94,94,94,94,94,94,94,94,97,97,97,99,99],"card_choices":[{"not_picked":["Bloodletting","Heavy Blade"],"picked":"Clash","floor":1},{"not_picked":["Havoc","Twin Strike"],"picked":"Disarm","floor":11},{"not_picked":["Defy Death","True Grit"],"picked":"Run Through","floor":12},{"not_picked":["Massacre","Defy Death","Warcry"],"picked":"SKIP","floor":14},{"not_picked":["Replay:Many Hands","conspire:HitWhereItHurts"],"picked":"Reaper","floor":16},{"not_picked":["Warcry","Wild Strike"],"picked":"Armaments+1","floor":18},{"not_picked":["Run Through","Searing Blow"],"picked":"Perfected Strike","floor":23},{"not_picked":["Replay:Undeath\u0027s Touch","Pommel Strike"],"picked":"ReplayTheSpireMod:Muscle Training","floor":25},{"not_picked":["Feel No Pain+1","Dual Wield+1"],"picked":"Combust","floor":27},{"not_picked":["Perfected Strike","AT_BodySlamDance+1"],"picked":"Demonic Infusion","floor":28},{"not_picked":["Replay:Undeath\u0027s Touch","Pommel Strike+1"],"picked":"ReplayTheSpireMod:Corrosion Curse+1","floor":30},{"not_picked":["True Grit","Feel No Pain+1"],"picked":"Armaments+1","floor":31},{"not_picked":["Reaper","Exhume"],"picked":"Feed","floor":33},{"not_picked":["Pommel Strike","Clash"],"picked":"AT_ShrugMaster+1","floor":35},{"not_picked":["Shrug It Off","Wild Strike+1"],"picked":"REME_SingleHolding","floor":37},{"not_picked":["Dual Wield+1","Replay:Undeath\u0027s Touch"],"picked":"ReplayTheSpireMod:Stacked+1","floor":39},{"not_picked":["Wild Strike","Reckless Charge+1"],"picked":"Feel No Pain+1","floor":40},{"not_picked":["Perfected Strike","Hemokinesis"],"picked":"ReplayTheSpireMod:LeadingStrike+1","floor":44},{"not_picked":["AT_BodySlamDance+1","Clothesline"],"picked":"Cleave+1","floor":47},{"not_picked":["Fire Breathing","Dropkick"],"picked":"AT_DrawKnifeCut+1","floor":48}],"player_experience":312296,"relics_obtained":[{"floor":1,"key":"LetterFromLob"},{"floor":9,"key":"Letter Opener"},{"floor":12,"key":"SSSystem"},{"floor":23,"key":"The Courier"},{"floor":25,"key":"ReplayFunnel"},{"floor":26,"key":"Replay:Wax Seal"},{"floor":27,"key":"Gensokyo:MosesMiracle"},{"floor":27,"key":"Red Skull"},{"floor":31,"key":"Pondfish Scales"},{"floor":37,"key":"conspire:DecoderRing"},{"floor":37,"key":"AT_BellowingDragoncrestRing"},{"floor":40,"key":"MagicDraw1"},{"floor":43,"key":"Orichalcum"},{"floor":43,"key":"ZombieArmy"},{"floor":44,"key":"MagicDraw4"},{"floor":47,"key":"Champion Belt"}],"event_choices":[],"is_beta":false,"boss_relics":[{"not_picked":["conspire:SeveredTorchhead","REME_DuelDisc"],"picked":"Runic Cube"},{"not_picked":["Replay:Drink Me","conspire:RunicOctahedron"],"picked":"Sozu"}],"items_purged_floors":[],"is_endless":false,"potions_floor_spawned":[1,11,14,25,27,28,35,48],"ascension_level":2}}