{"host":"os7ajuuouznx3pj7","time":1610389213,"event":{"mods":["AchievementEnabler","BaseMod","Bestiary","Block Reminder","Colored Map","Colored Powertips","Keyboard Shortcuts","Minty Spire (QoL Compilation)","Quick Restart","Relic Sorter","Relic Stats","SuperFastMode"],"gold_per_floor":[114,134,145,162,162,162,197,197,251,251,27,27,27,55,55,154,154,169,169,169,189,189,189],"floor_reached":22,"playtime":2920,"items_purged":[],"score":250,"play_id":"0befc8e8-f5d1-47ad-b575-c5e1be809bdb","local_time":"20210111162013","is_ascension_mode":true,"campfire_choices":[{"data":"Zap","floor":6,"key":"SMITH"},{"data":"Lockon","floor":8,"key":"SMITH"},{"data":"Defragment","floor":12,"key":"SMITH"},{"floor":15,"key":"REST"}],"circlet_count":0,"master_deck":["Strike_B+1","Defend_B+1","Defend_B","Defend_B","Defend_B","Zap+1","Dualcast","Rebound+1","Melter","Rebound+1","Capacitor","Force Field","Lockon+1","Defragment+1","Defragment","Echo Form","Undo+1"],"relics":["Cracked Core","Singing Bowl","Whetstone","DollysMirror","PreservedInsect","Dream Catcher","Inserter"],"acts_visited":["Exordium","TheCity"],"potions_floor_usage":[7,14,22],"damage_taken":[{"damage":0,"enemies":"2 Louse","floor":1,"turns":2},{"damage":0,"enemies":"Cultist","floor":2,"turns":3},{"damage":10,"enemies":"Small Slimes","floor":3,"turns":3},{"damage":0,"enemies":"2 Fungi Beasts","floor":4,"turns":3},{"damage":15,"enemies":"Lagavulin","floor":7,"turns":7},{"damage":1,"enemies":"Gremlin Nob","floor":14,"turns":3},{"damage":13,"enemies":"Hexaghost","floor":16,"turns":7},{"damage":24,"enemies":"3 Byrds","floor":18,"turns":5},{"damage":34,"enemies":"Shell Parasite","floor":21,"turns":5},{"damage":8,"enemies":"Snake Plant","floor":22,"turns":2}],"seed_played":"-6405158227545726065","potions_obtained":[{"floor":3,"key":"Weak Potion"},{"floor":7,"key":"Block Potion"},{"floor":14,"key":"CultistPotion"},{"floor":18,"key":"EssenceOfSteel"}],"is_trial":false,"path_per_floor":["M","M","M","M","?","R","E","R","T","?","$","R","?","E","R","B",null,"M","?","?","M","M"],"character_chosen":"DEFECT","items_purchased":["Defragment","DollysMirror"],"campfire_rested":1,"item_purchase_floors":[11,11],"current_hp_per_floor":[68,68,58,58,40,40,25,25,25,11,11,11,11,12,35,22,60,38,38,38,4,0,0],"gold":189,"neow_bonus":"TRANSFORM_TWO_CARDS","is_daily":false,"chose_seed":false,"campfire_upgraded":3,"win_rate":0.0,"timestamp":1610389213,"path_taken":["M","M","M","M","?","R","E","R","T","?","$","R","?","E","R","BOSS","M","?","?","?","M"],"items_purchased_type":["Card","Relic"],"build_version":"2020-12-22","purchased_purges":0,"victory":false,"max_hp_per_floor":[68,68,68,68,68,68,68,68,68,68,68,68,68,70,72,72,72,74,74,74,74,74,74],"relic_stats":{"Dream Catcher":1,"Inserter":[6],"Singing Bowl":6,"counters":[10,40],"PreservedInsect":22,"Whetstone":["Strike_B","Rebound"],"obtain_stats":[{"Dream Catcher":14,"Inserter":17,"Singing Bowl":7,"DollysMirror":11,"PreservedInsect":13,"Whetstone":9,"Cracked Core":0},{"Dream Catcher":6,"Inserter":7,"Singing Bowl":5,"DollysMirror":5,"PreservedInsect":5,"Whetstone":5,"Cracked Core":0},{"Dream Catcher":21,"Inserter":28,"Singing Bowl":18,"DollysMirror":18,"PreservedInsect":18,"Whetstone":18,"Cracked Core":0}]},"card_choices":[{"not_picked":["Streamline","Sweeping Beam"],"picked":"Melter","floor":1},{"not_picked":["Coolheaded","Turbo"],"picked":"Rebound","floor":2},{"not_picked":["Conserve Battery","Gash"],"picked":"Capacitor","floor":3},{"not_picked":["Streamline","Glacier"],"picked":"Force Field","floor":4},{"not_picked":["Steam","Undo"],"picked":"Lockon","floor":7},{"not_picked":["Compile Driver","Melter","Chaos"],"picked":"Singing Bowl","floor":14},{"not_picked":["Cold Snap","Streamline","Stack"],"picked":"Singing Bowl","floor":15},{"not_picked":["Reboot","Core Surge"],"picked":"Echo Form","floor":16},{"not_picked":["Aggregate","Turbo","Barrage"],"picked":"Singing Bowl","floor":18},{"not_picked":["Hologram","Cold Snap+1"],"picked":"Undo+1","floor":21}],"player_experience":931144,"relics_obtained":[{"floor":7,"key":"Singing Bowl"},{"floor":9,"key":"Whetstone"},{"floor":14,"key":"Dream Catcher"}],"event_choices":[{"damage_healed":0,"gold_gain":0,"player_choice":"Fled","damage_taken":18,"max_hp_gain":0,"max_hp_loss":0,"event_name":"Scrap Ooze","floor":5,"gold_loss":0},{"damage_healed":0,"gold_gain":0,"player_choice":"Entered Light","damage_taken":14,"max_hp_gain":0,"max_hp_loss":0,"event_name":"Shining Light","floor":10,"gold_loss":0,"cards_upgraded":["Rebound","Defend_B"]},{"cards_removed":["Hologram"],"damage_healed":0,"gold_gain":0,"player_choice":"Gave Card","damage_taken":0,"relics_obtained":["PreservedInsect"],"max_hp_gain":0,"max_hp_loss":0,"event_name":"WeMeetAgain","floor":13,"gold_loss":0},{"damage_healed":0,"gold_gain":0,"player_choice":"Ignored","damage_taken":0,"max_hp_gain":0,"max_hp_loss":0,"event_name":"Vampires","floor":19,"gold_loss":0},{"cards_removed":["Strike_B"],"damage_healed":0,"gold_gain":0,"player_choice":"Purged","damage_taken":0,"max_hp_gain":0,"max_hp_loss":0,"event_name":"Purifier","floor":20,"gold_loss":0}],"is_beta":false,"boss_relics":[{"not_picked":["Snecko Eye","FrozenCore"],"picked":"Inserter"}],"items_purged_floors":[],"is_endless":false,"potions_floor_spawned":[3,7,14,18],"killed_by":"Snake Plant","ascension_level":6}}