{"host":"i19jjmeqmvseha12","time":1610335514,"event":{"mods":["Act Like it!","BaseMod","Colored Powertips","Dota2Spire","Gensokyo","Minty Spire (QoL Compilation)","Replay The Spire","StSLib","The Cursed"],"gold_per_floor":[18,18,18,30,46,72,86,86,110,110,110,120,120,131,131,233,233,251,251,251,265,278,278,298,298,321,166,96,125,139,159,159,159,159],"floor_reached":33,"playtime":868,"items_purged":[],"score":269,"play_id":"d8ab724c-16b6-482f-ab0f-1db7cf70e616","local_time":"20210110192514","is_ascension_mode":false,"campfire_choices":[{"data":"ReplayTheSpireMod:LeadingStrike","floor":10,"key":"SMITH"},{"data":"ReplayTheSpireMod:Stacked","floor":15,"key":"SMITH"},{"floor":23,"key":"REST"},{"data":"Perfected Strike","floor":25,"key":"SMITH"},{"floor":32,"key":"REST"}],"circlet_count":0,"master_deck":["Strike_R","Strike_R","Strike_R","Strike_R","Strike_R","Defend_R","Defend_R","Defend_R","Defend_R","Bash","Mayhem+1","Perfected Strike+1","ReplayTheSpireMod:LeadingStrike+1","Inflame","Pommel Strike+1","ReplayTheSpireMod:Stacked+1","Demon Form","CurseOfTheBell","Twin Strike+1","Cleave","Pommel Strike","Pummel","Run Through+1","Heavy Blade+1"],"relics":["Burning Blood","Red Skull","Bronze Scales","Calling Bell","Dota2Spire:ArmletOfMordiggian","Snack Pack","Replay:PocketPolymizer","Dota2Spire:UrnOfShadows","Dota2Spire:PowerTreads","Gremlin Food"],"acts_visited":["Exordium","TheCity"],"potions_floor_usage":[6,22,29,30,30,31,33],"damage_taken":[{"damage":11,"enemies":"2 Louse","floor":1,"turns":3},{"damage":0,"enemies":"Cultist","floor":4,"turns":2},{"damage":8,"enemies":"Jaw Worm","floor":5,"turns":3},{"damage":11,"enemies":"Gremlin Nob","floor":6,"turns":3},{"damage":27,"enemies":"Exordium Thugs","floor":7,"turns":6},{"damage":19,"enemies":"2 Fungi Beasts","floor":12,"turns":3},{"damage":6,"enemies":"Exordium Wildlife","floor":14,"turns":3},{"damage":33,"enemies":"Fading Forest","floor":16,"turns":11},{"damage":26,"enemies":"Spheric Guardian","floor":18,"turns":5},{"damage":32,"enemies":"2 Thieves","floor":21,"turns":4},{"damage":36,"enemies":"Snake Plant","floor":22,"turns":5},{"damage":10,"enemies":"Snecko","floor":24,"turns":3},{"damage":30,"enemies":"Book of Stabbing","floor":29,"turns":3},{"damage":16,"enemies":"Cultist and Chosen","floor":30,"turns":3},{"damage":12,"enemies":"3 Cultists","floor":31,"turns":3},{"damage":93,"enemies":"Automaton","floor":33,"turns":6}],"seed_played":"8060350214048917431","potions_obtained":[{"floor":4,"key":"FearPotion"},{"floor":6,"key":"Elixir"},{"floor":7,"key":"BloodPotion"},{"floor":13,"key":"Regen Potion"},{"floor":13,"key":"HeartOfIron"},{"floor":18,"key":"CultistPotion"},{"floor":22,"key":"Swift Potion"},{"floor":30,"key":"Energy Potion"},{"floor":31,"key":"Milkshake"}],"is_trial":false,"path_per_floor":["M","?","$","M","M","E","M","?","T","R","?","M","?","M","R","B",null,"M","?","?","M","M","R","M","R","T","$","$","E","M","M","R","B"],"character_chosen":"IRONCLAD","items_purchased":["Dota2Spire:PowerTreads","Pummel"],"campfire_rested":2,"item_purchase_floors":[27,28],"current_hp_per_floor":[75,80,80,85,83,78,57,57,57,57,85,72,72,72,72,55,85,69,69,53,29,17,44,42,42,42,42,42,18,25,23,50,0,0],"gold":159,"neow_bonus":"RANDOM_COLORLESS_2","is_daily":false,"chose_seed":false,"campfire_upgraded":3,"win_rate":0.0,"timestamp":1610335514,"path_taken":["M","?","$","M","M","E","M","?","T","R","?","?","?","M","R","BOSS","M","?","?","M","M","R","M","R","T","?","$","E","M","M","R","BOSS"],"items_purchased_type":["Relic","Card"],"build_version":"2020-12-22","purchased_purges":0,"victory":false,"max_hp_per_floor":[80,85,85,85,85,85,85,85,85,85,85,85,85,85,85,85,85,85,85,90,90,90,90,90,90,90,90,90,90,90,90,90,90,90],"card_choices":[{"not_picked":["The Bomb","Thinking Ahead"],"picked":"Mayhem","floor":0},{"not_picked":["Body Slam","Pommel Strike"],"picked":"Perfected Strike","floor":1},{"not_picked":["Sword Boomerang","Blood for Blood"],"picked":"ReplayTheSpireMod:LeadingStrike","floor":4},{"not_picked":["Sword Boomerang","True Grit"],"picked":"Inflame","floor":5},{"not_picked":["Seeing Red","Reckless Charge"],"picked":"Rampage","floor":6},{"not_picked":["Replay:Undeath\u0027s Touch","Battle Trance"],"picked":"Pommel Strike","floor":7},{"not_picked":["Anger","Sever Soul","ReplayTheSpireMod:Corrosion Curse"],"picked":"SKIP","floor":12},{"not_picked":["Offering","Metallicize"],"picked":"ReplayTheSpireMod:Stacked","floor":14},{"not_picked":["Replay:Many Hands","Brutality"],"picked":"Demon Form","floor":16},{"not_picked":["Thunderclap+1","Wild Strike","Havoc"],"picked":"SKIP","floor":18},{"not_picked":["Barricade","Headbutt"],"picked":"Twin Strike+1","floor":21},{"not_picked":["Replay:Undeath\u0027s Touch+1","ReplayReversal"],"picked":"Cleave","floor":22},{"not_picked":["Warcry","Headbutt"],"picked":"Pommel Strike","floor":24},{"not_picked":["Carnage","Evolve"],"picked":"Run Through+1","floor":29},{"not_picked":["Clash","Reckless Charge","Feel No Pain+1"],"picked":"SKIP","floor":30},{"not_picked":["Twin Strike","Hemogenesis"],"picked":"Heavy Blade+1","floor":31}],"player_experience":160129,"relics_obtained":[{"floor":6,"key":"Red Skull"},{"floor":9,"key":"Bronze Scales"},{"floor":17,"key":"Dota2Spire:ArmletOfMordiggian"},{"floor":17,"key":"Snack Pack"},{"floor":17,"key":"Replay:PocketPolymizer"},{"floor":26,"key":"Dota2Spire:UrnOfShadows"},{"floor":29,"key":"Gremlin Food"}],"event_choices":[{"damage_healed":0,"gold_gain":0,"player_choice":"Donut","damage_taken":0,"max_hp_gain":5,"max_hp_loss":0,"event_name":"Big Fish","floor":2,"gold_loss":0},{"damage_healed":0,"gold_gain":0,"player_choice":"Grow","damage_taken":0,"max_hp_gain":0,"max_hp_loss":0,"event_name":"Living Wall","floor":8,"gold_loss":0,"cards_upgraded":["Mayhem"]},{"cards_removed":["Rampage"],"damage_healed":28,"gold_gain":0,"player_choice":"Offered Uncommon","damage_taken":0,"max_hp_gain":0,"max_hp_loss":0,"event_name":"Bonfire Elementals","floor":11,"gold_loss":0},{"damage_healed":0,"gold_gain":0,"player_choice":"Got Potions","damage_taken":0,"max_hp_gain":0,"max_hp_loss":0,"event_name":"Lab","floor":13,"gold_loss":0},{"damage_healed":0,"gold_gain":0,"player_choice":"Ignored","damage_taken":0,"max_hp_gain":0,"max_hp_loss":0,"event_name":"Ghosts","floor":19,"gold_loss":0},{"damage_healed":0,"gold_gain":0,"player_choice":"Shed Blood","damage_taken":21,"max_hp_gain":5,"max_hp_loss":0,"event_name":"Forgotten Altar","floor":20,"gold_loss":0}],"is_beta":false,"boss_relics":[{"not_picked":["Ring of Chaos","ChewingGum"],"picked":"Calling Bell"}],"items_purged_floors":[],"is_endless":false,"potions_floor_spawned":[4,6,7,14,18,22,30,31],"killed_by":"Automaton","ascension_level":0}}