{"host":"njruw0b0uprlitpx","time":1610336203,"event":{"mods":["2.2 Compatiblity","Bartender","BaseMod","Beaked The Cultist","Better Altar","Better Match","Better Note","Better Sensory Stone","Better Skull","Better Third Choice","BetterRewards","Block Reminder","Colored Map","Colored Powertips","Energized Spire","Jedi Mod","Keyboard Shortcuts","Minty Spire (QoL Compilation)","Quick Restart","Rare Cards Sparkle","Relic Stats","Replay The Spire","SacredBarkPlus","Spicy Shops","StSLib","SuperFastMode","The Blackbeard","The Bug Knight","The Construct","The Dragon Tamer","The Mystic","The Runesmith","Wandering Minibosses"],"gold_per_floor":[119,44,62,76,86,86,113,113,139,184,202,244,0,83,83,197,197,233,233,233,287,32,87,87,120,120,42,42,95,95,95,95,259,259,282,42,94,15,15,84,84,144,144,144,181,181,281,281,281,296],"floor_reached":51,"playtime":4433,"items_purged":["beaked:Strike_Y","beaked:Defend_Y","beaked:Defend_Y","beaked:Strike_Y"],"score":949,"play_id":"b5e58a5b-cedb-4c76-928e-8666b45bdf61","local_time":"20210110213643","is_ascension_mode":false,"campfire_choices":[{"data":"beaked:MachineEssence","floor":6,"key":"SMITH"},{"floor":8,"key":"REST"},{"data":"beaked:KnowThyFoe","floor":15,"key":"SMITH"},{"data":"beaked:Sacrifice","floor":28,"key":"SMITH"},{"data":"Enlightenment","floor":30,"key":"SMITH"},{"data":"beaked:MimicWarrior","floor":32,"key":"SMITH"},{"floor":41,"key":"REST"},{"data":"beaked:HuntressSpirit","floor":44,"key":"SMITH"},{"floor":49,"key":"REST"}],"circlet_count":0,"master_deck":["beaked:Strike_Y","beaked:Strike_Y","beaked:Strike_Y","beaked:Strike_Y","beaked:Defend_Y","beaked:Defend_Y","beaked:Ceremony","beaked:Ceremony","beaked:Ceremony","beaked:DesperateSwing","beaked:Pecker","beaked:Tweet","beaked:MaddeningMurmurs","beaked:MimicWarrior+1","beaked:Insight","beaked:StickSmack","beaked:MachineSpirit","beaked:FeelMyPain+1","beaked:MachineEssence+1","beaked:Windmill","beaked:BounceBack","beaked:Cower","beaked:MachineSpirit","beaked:Overpower","beaked:SacrificialDive","beaked:KnowThyFoe+1","beaked:CursingBlood","beaked:DarkPact","Enlightenment+1","beaked:Resilience","beaked:Sacrifice+1","beaked:Roost+1","beaked:HuntressSpirit+1","beaked:DarkTribute","beaked:WarriorEssence","beaked:DarkPact","beaked:Evade+1","beaked:WindBringer","beaked:Flinch","beaked:StickSmack+1","beaked:Roost+1","J.A.X.+1","beaked:ScreechingChant","AbeCurse","beaked:StunningBlow+1","beaked:MaddeningMurmurs+1","ReplayTheSpireMod:Splinters","beaked:BounceBack","beaked:WarriorEssence+1","Injury","beaked:Struggle+1","beaked:Negation+1","beaked:MimicWarrior+1","beaked:Flinch+1","beaked:Pecker+1","beaked:Brace+1"],"relics":["beaked:MendingPlumage","Replay:Multitool","Orrery","jedi:leech","Prayer Wheel","Dream Catcher","Replay:Bandana","jedi:angrymask","Philosopher\u0027s Stone","jedi:shrinkray","Letter Opener","Ring of Panic","Ring of Fangs","Mercury Hourglass","Abe\u0027s Treasure","ReplayTheSpireMod:CursedCoin","Membership Card","Shovel","PreservedInsect","War Paint","ReplayTheSpireMod:TigerMarble","Replay:Baseball","Dead Branch"],"acts_visited":["Exordium","TheCity","TheBeyond"],"potions_floor_usage":[7,12,14,16,23,23,33,48,50,50,50,50],"damage_taken":[{"damage":15.0,"enemies":"Cultist","floor":1.0,"turns":4.0},{"damage":24.0,"enemies":"Small Slimes","floor":3.0,"turns":5.0},{"damage":16.0,"enemies":"2 Louse","floor":4.0,"turns":4.0},{"damage":44,"enemies":"Gremlin Gang","floor":5,"turns":7},{"damage":41,"enemies":"3 Sentries","floor":7,"turns":4},{"damage":13,"enemies":"3 Louse","floor":10,"turns":2},{"damage":8,"enemies":"Large Slime","floor":11,"turns":7},{"damage":33,"enemies":"Gremlin Gang","floor":12,"turns":5},{"damage":27,"enemies":"Lagavulin Event","floor":14,"turns":5},{"damage":35,"enemies":"Hexaghost","floor":16,"turns":6},{"damage":48,"enemies":"2 Thieves","floor":18,"turns":5},{"damage":27,"enemies":"Spheric Guardian","floor":21,"turns":2},{"damage":60,"enemies":"Book of Stabbing","floor":23,"turns":6},{"damage":74,"enemies":"Shelled Parasite and Fungi","floor":25,"turns":6},{"damage":55,"enemies":"Cultist and Chosen","floor":29,"turns":6},{"damage":63,"enemies":"Automaton","floor":33,"turns":10},{"damage":33,"enemies":"Orb Walker","floor":35,"turns":5},{"damage":24,"enemies":"3 Darklings","floor":37,"turns":5},{"damage":62,"enemies":"Reptomancer","floor":40,"turns":6},{"damage":71,"enemies":"Jaw Worm Horde","floor":42,"turns":7},{"damage":149,"enemies":"Sphere and 2 Shapes","floor":45,"turns":8},{"damage":50,"enemies":"Transient","floor":47,"turns":5},{"damage":0,"enemies":"Writhing Mass","floor":48,"turns":1},{"damage":140,"enemies":"Time Eater","floor":50,"turns":10}],"seed_played":"5403452650073898400","potions_obtained":[{"floor":7,"key":"SkillPotion"},{"floor":10,"key":"jedi:tentaclejuice"},{"floor":11,"key":"Energy Potion"},{"floor":12,"key":"Elixir"},{"floor":16,"key":"Swift Potion"},{"floor":21,"key":"Reflective Coating"},{"floor":23,"key":"PowerPotion"},{"floor":33,"key":"Elixir"},{"floor":35,"key":"Strength Potion"}],"is_trial":false,"path_per_floor":["M","$","M","M","M","R","E","R","T","M","M","M","?","?","R","B",null,"M","?","?","M","$","E","?","M","T","$","R","M","R","?","R","B",null,"M","$","M","$","?","E","R","M","T","R","M","T","M","M","R","B",null],"character_chosen":"BEAKED_THE_CULTIST","items_purchased":["Orrery","jedi:leech","beaked:MimicWarrior","beaked:Insight","Prayer Wheel","Adrenaline Potion","beaked:FeelMyPain","beaked:DarkTribute","jedi:StrikingPotion","beaked:WindBringer","beaked:Flinch","ReplayTheSpireMod:CursedCoin","Membership Card","Shovel","EntropicBrew","SmokeBomb","PreservedInsect","War Paint"],"campfire_rested":3,"item_purchase_floors":[0,0,0,0,0,0,2,22,22,27,27,36,36,36,36,38,38,38],"current_hp_per_floor":[44,44,43,50,36,36,12,27,27,26,50,50,56,37,37,40,56,56,56,56,53,53,59,59,58,58,58,58,62,62,62,62,45,62,62,62,62,62,62,29,47,65,65,65,24,24,32,32,51,65],"gold":296,"neow_bonus":"","is_daily":false,"chose_seed":false,"campfire_upgraded":6,"win_rate":0.0,"timestamp":1610336203,"path_taken":["M","?","M","?","M","R","E","R","T","M","M","M","?","?","R","BOSS","M","?","?","?","$","E","?","M","T","$","R","M","R","?","R","BOSS","M","$","M","$","?","E","R","M","T","R","?","?","M","M","R","BOSS"],"items_purchased_type":["Relic","Relic","Card","Card","Relic","Potion","Card","Card","Potion","Card","Card","Relic","Relic","Relic","Potion","Potion","Relic","Relic"],"build_version":"2020-12-22","purchased_purges":4,"victory":true,"max_hp_per_floor":[50,50,50,50,50,50,50,50,50,50,50,50,56,56,56,56,56,56,56,56,59,59,59,59,62,62,62,62,62,62,62,62,62,62,62,62,62,62,62,62,62,65,65,65,65,65,65,65,65,65],"relic_stats":{"Dream Catcher":3,"Shovel":0,"counters":[48,263],"Dead Branch":[43],"Prayer Wheel":16,"PreservedInsect":57,"Letter Opener":[235],"War Paint":["beaked:Defend_Y","beaked:Defend_Y","beaked:FeelMyPain","J.A.X."],"obtain_stats":[{"jedi:angrymask":14,"Bag of Preparation":41,"Replay:Multitool":0,"Ancient Tea Set":43,"jedi:shrinkray":12,"Old Coin":46,"jedi:leech":0,"Dream Catcher":7,"Replay:Bandana":9,"Matryoshka":22,"Ring of Fangs":24,"Shovel":36,"Mummified Hand":9,"Prayer Wheel":0,"Philosopher\u0027s Stone":17,"Iron Hammer":43,"Ring of Panic":24,"Happy Flower":26,"ReplayTheSpireMod:CursedCoin":36,"Astrolabe":34,"Dead Branch":46,"jedi:purplefairy":37,"PreservedInsect":38,"Letter Opener":23,"Frozen Egg 2":3,"Odd Mushroom":10,"War Paint":48,"Mercury Hourglass":26,"jedi:heavyjacket":24,"Bottled Flame":8,"Replay:Baseball":43,"Orrery":0,"ReplayTheSpireMod:TigerMarble":26,"Membership Card":22,"beaked:MendingPlumage":0,"ReplayTheSpireMod:Lightbulb":41,"Abe\u0027s Treasure":17,"wanderingMiniBosses:Inkheart":37},{"jedi:angrymask":33,"Bag of Preparation":20,"Replay:Multitool":24,"Ancient Tea Set":20,"jedi:shrinkray":6,"Old Coin":22,"jedi:leech":24,"Dream Catcher":29,"Replay:Bandana":29,"Matryoshka":9,"Ring of Fangs":37,"Shovel":41,"Mummified Hand":5,"Prayer Wheel":24,"Philosopher\u0027s Stone":34,"Iron Hammer":20,"Ring of Panic":37,"Happy Flower":11,"ReplayTheSpireMod:CursedCoin":41,"Astrolabe":16,"Dead Branch":45,"jedi:purplefairy":19,"PreservedInsect":42,"Letter Opener":37,"Frozen Egg 2":2,"Odd Mushroom":6,"War Paint":23,"Mercury Hourglass":38,"jedi:heavyjacket":10,"Bottled Flame":5,"Replay:Baseball":44,"Orrery":24,"ReplayTheSpireMod:TigerMarble":11,"Membership Card":9,"beaked:MendingPlumage":0,"ReplayTheSpireMod:Lightbulb":20,"Abe\u0027s Treasure":8,"wanderingMiniBosses:Inkheart":19},{"jedi:angrymask":175,"Bag of Preparation":114,"Replay:Multitool":132,"Ancient Tea Set":114,"jedi:shrinkray":30,"Old Coin":125,"jedi:leech":132,"Dream Catcher":156,"Replay:Bandana":156,"Matryoshka":49,"Ring of Fangs":194,"Shovel":221,"Mummified Hand":24,"Prayer Wheel":132,"Philosopher\u0027s Stone":181,"Iron Hammer":114,"Ring of Panic":194,"Happy Flower":59,"ReplayTheSpireMod:CursedCoin":221,"Astrolabe":88,"Dead Branch":247,"jedi:purplefairy":107,"PreservedInsect":226,"Letter Opener":194,"Frozen Egg 2":6,"Odd Mushroom":30,"War Paint":128,"Mercury Hourglass":200,"jedi:heavyjacket":55,"Bottled Flame":24,"Replay:Baseball":239,"Orrery":132,"ReplayTheSpireMod:TigerMarble":59,"Membership Card":49,"beaked:MendingPlumage":0,"ReplayTheSpireMod:Lightbulb":114,"Abe\u0027s Treasure":44,"wanderingMiniBosses:Inkheart":107}],"Mercury Hourglass":[370]},"card_choices":[{"not_picked":["beaked:StunningBlow","beaked:Redirect"],"picked":"beaked:DesperateSwing","floor":0.0},{"not_picked":["beaked:Foresight","beaked:Resilience"],"picked":"beaked:Pecker","floor":0.0},{"not_picked":["beaked:Cower","beaked:BloodRitual"],"picked":"beaked:Tweet","floor":0.0},{"not_picked":["beaked:TuckingFeathers","beaked:BarbedWire"],"picked":"beaked:MaddeningMurmurs","floor":0.0},{"not_picked":["beaked:DesperateSwing","beaked:MachineSpirit"],"picked":"beaked:StickSmack","floor":1.0},{"not_picked":["beaked:VigorBurst","beaked:Overpower"],"picked":"beaked:MachineSpirit","floor":1.0},{"not_picked":["beaked:Mantra","beaked:TuckingFeathers"],"picked":"beaked:MachineEssence","floor":3.0},{"not_picked":["beaked:WarriorEssence","beaked:Poke","beaked:Daydream"],"picked":"SKIP","floor":3.0},{"not_picked":["beaked:Brace","beaked:Pecker"],"picked":"beaked:Windmill","floor":4.0},{"not_picked":["beaked:Insight","beaked:Poke"],"picked":"beaked:BounceBack","floor":4.0},{"not_picked":["beaked:MimicMachine","beaked:BraceForImpact"],"picked":"beaked:Cower","floor":5},{"not_picked":["beaked:Tradeoff","beaked:Recite","beaked:Insight"],"picked":"SKIP","floor":5},{"not_picked":["beaked:Daydream","beaked:Brace"],"picked":"beaked:MachineSpirit","floor":7},{"not_picked":["beaked:SacrificialDive","beaked:Tweet"],"picked":"beaked:Overpower","floor":8},{"not_picked":["beaked:RitualOfBody","beaked:CrazyRituals"],"picked":"beaked:SacrificialDive","floor":10},{"not_picked":["beaked:MimicHuntress","beaked:Daydream","beaked:Cower"],"picked":"SKIP","floor":10},{"not_picked":["beaked:TuckingFeathers","beaked:Struggle"],"picked":"beaked:KnowThyFoe","floor":11},{"not_picked":["beaked:Redirect","beaked:BarbedWire","beaked:Brace"],"picked":"SKIP","floor":11},{"not_picked":["beaked:Tradeoff","beaked:DigDeep"],"picked":"beaked:CursingBlood","floor":12},{"not_picked":["beaked:Evade","beaked:Tradeoff"],"picked":"beaked:DarkPact","floor":12},{"not_picked":["beaked:BraceForImpact","beaked:CrazyRituals"],"picked":"beaked:Resilience","floor":14},{"not_picked":["beaked:Brainwash","beaked:FullHouse"],"picked":"beaked:Sacrifice","floor":16},{"not_picked":["beaked:WarriorEssence","beaked:TuckingFeathers+1"],"picked":"beaked:Roost+1","floor":18},{"not_picked":["beaked:TuckingFeathers","beaked:DigDeeper","beaked:CrazyRituals"],"picked":"SKIP","floor":18},{"not_picked":["beaked:FeelMyPain","beaked:BarbedWire"],"picked":"beaked:HuntressSpirit","floor":21},{"not_picked":["beaked:VigorBurst+1","beaked:Cower","beaked:MimicHuntress"],"picked":"SKIP","floor":21},{"not_picked":["beaked:Cower","beaked:Insight"],"picked":"beaked:WarriorEssence","floor":23},{"not_picked":["beaked:WarriorEssence","beaked:DigDeep"],"picked":"beaked:DarkPact","floor":25},{"not_picked":["beaked:Poke+1","beaked:WarriorEssence"],"picked":"beaked:Evade+1","floor":25},{"not_picked":["beaked:Windmill","beaked:Molting"],"picked":"beaked:StickSmack+1","floor":29},{"not_picked":["beaked:Recite+1","beaked:FeelMyPain+1"],"picked":"beaked:Roost+1","floor":29},{"not_picked":["beaked:ShadowFade","beaked:MachineEssence"],"picked":"beaked:ScreechingChant","floor":33},{"not_picked":["beaked:BraceForImpact+1","beaked:Evade"],"picked":"beaked:StunningBlow+1","floor":35},{"not_picked":["beaked:Roost+1","beaked:StickSmack+1"],"picked":"beaked:MaddeningMurmurs+1","floor":35},{"not_picked":["beaked:MaddeningMurmurs+1","beaked:Recite"],"picked":"beaked:BounceBack","floor":37},{"not_picked":["beaked:Daydream+1","beaked:Tradeoff"],"picked":"beaked:WarriorEssence+1","floor":37},{"not_picked":["beaked:Brace","beaked:Recite+1"],"picked":"beaked:Struggle+1","floor":40},{"not_picked":["beaked:MimicWarrior+1","beaked:MaddeningMurmurs+1"],"picked":"beaked:Negation+1","floor":41},{"not_picked":["beaked:Foresight","beaked:LiftOff"],"picked":"beaked:MimicWarrior+1","floor":42},{"not_picked":["beaked:Foresight+1","beaked:CursingBlood","beaked:BraceForImpact+1"],"picked":"SKIP","floor":42},{"not_picked":["beaked:Evade+1","beaked:Foresight"],"picked":"beaked:Flinch+1","floor":45},{"not_picked":["beaked:FeelMyPain","beaked:Windmill","beaked:CursingBlood"],"picked":"SKIP","floor":45},{"not_picked":["beaked:Flinch+1","beaked:Daydream+1"],"picked":"beaked:Pecker+1","floor":47},{"not_picked":["beaked:MaddeningMurmurs+1","beaked:Daydream+1","beaked:Tradeoff"],"picked":"SKIP","floor":47},{"not_picked":["beaked:DigDeeper+1","beaked:Insight"],"picked":"beaked:Brace+1","floor":49}],"player_experience":1665974,"relics_obtained":[{"floor":7,"key":"Dream Catcher"},{"floor":9,"key":"Replay:Bandana"},{"floor":14,"key":"jedi:angrymask"},{"floor":23,"key":"Letter Opener"},{"floor":24,"key":"Ring of Panic"},{"floor":24,"key":"Ring of Fangs"},{"floor":26,"key":"Mercury Hourglass"},{"floor":40,"key":"ReplayTheSpireMod:TigerMarble"},{"floor":43,"key":"Replay:Baseball"},{"floor":46,"key":"Dead Branch"}],"event_choices":[{"damage_healed":0,"gold_gain":0,"player_choice":"RENOUNCE","damage_taken":244,"max_hp_gain":0,"max_hp_loss":0,"event_name":"betterThird:BetterSerpent","floor":13,"gold_loss":244,"cards_obtained":["Enlightenment"]},{"damage_healed":0,"gold_gain":0,"player_choice":"Searched \u00272\u0027 times","damage_taken":0,"max_hp_gain":0,"max_hp_loss":0,"event_name":"Dead Adventurer","floor":14,"gold_loss":0},{"cards_removed":["beaked:KnowThyFoe"],"damage_healed":0,"gold_gain":0,"player_choice":"Give","damage_taken":0,"max_hp_gain":0,"max_hp_loss":0,"event_name":"betterNote:BetterNote","floor":19,"gold_loss":0,"cards_obtained":["None"]},{"damage_healed":0,"gold_gain":0,"player_choice":"Opened","damage_taken":0,"relics_obtained":["jedi:shrinkray"],"max_hp_gain":0,"max_hp_loss":0,"event_name":"The Mausoleum","floor":20,"gold_loss":0},{"damage_healed":0,"gold_gain":0,"player_choice":"Obtain J.A.X.","damage_taken":0,"max_hp_gain":0,"max_hp_loss":0,"event_name":"Drug Dealer","floor":31,"gold_loss":0,"cards_obtained":["J.A.X."]},{"damage_healed":0,"gold_gain":0,"player_choice":"Got Potions","damage_taken":0,"max_hp_gain":0,"max_hp_loss":0,"event_name":"Lab","floor":39,"gold_loss":0}],"is_beta":false,"boss_relics":[{"not_picked":["Snecko Heart","Calling Bell"],"picked":"Philosopher\u0027s Stone"},{"not_picked":["Black Star","Sozu"],"picked":"Abe\u0027s Treasure"}],"items_purged_floors":[0,22,36,38],"is_endless":false,"potions_floor_spawned":[7,10,11,12,16,21,23,33,35,37,48],"ascension_level":0}}