{"host":"jgyoyy5iuhtvyvtg","time":1610343113,"event":{"mods":["2.2 Compatiblity","BaseMod","Challenge The Spire","Colored Map","Conspire","Dark Map","Downfall","Hermit","Highlight Path","Infinite Spire","Lobotomy","LobotomyExtend","Minty Spire (QoL Compilation)","Quick Restart","Replay The Spire","Spikes Relics","StSLib","The Construct","The Disciple","The Jungle","Yuri Mod"],"gold_per_floor":[117,117,117,117,117,149,162,162,162,162,173,191,191,204,204,309,309,309,382,382,400,453,488,488,529,529,578,600,633,662,673,673,790,790,818,836,836,836,434,434,434,434,434],"floor_reached":42,"playtime":2231,"items_purged":["Pot Of Greed"],"score":539,"play_id":"bc4b926c-4974-4ea2-84d0-83349f2bd64f","local_time":"20210110213153","is_ascension_mode":false,"campfire_choices":[{"data":"Cloak And Dagger","floor":8,"key":"SMITH"},{"floor":10,"key":"REST"},{"data":"Neutralize","floor":13,"key":"SMITH"},{"data":"ReplayTheSpireMod:Scrap Shanks","floor":15,"key":"SMITH"},{"data":"A Thousand Cuts","floor":24,"key":"SMITH"},{"data":"Footwork","floor":32,"key":"SMITH"},{"data":"Cloak And Dagger","floor":32,"key":"SMITH"},{"data":"Envenom","floor":40,"key":"SMITH"},{"data":"Cloak And Dagger","floor":40,"key":"SMITH"}],"circlet_count":0,"master_deck":["conspire:GhostlyStrike","conspire:GhostlyStrike","conspire:GhostlyStrike","conspire:GhostlyStrike","conspire:GhostlyStrike","conspire:GhostlyDefend","conspire:GhostlyDefend","conspire:GhostlyDefend","conspire:GhostlyDefend","Survivor","Neutralize+1","GreedKing","UniverseFragment","Pot Of Greed","PiercingWail","LaLuna","Cloak And Dagger+1","Well Laid Plans","ReplayTheSpireMod:Scrap Shanks+1","NakedNest","A Thousand Cuts+1","Footwork+1","Concentrate","Leg Sweep","Cloak And Dagger+1","BodiesMountain","Dodge and Roll+1","Cloak And Dagger+1","CENSORED","Envenom+1","DespairKnight","Cloak And Dagger+1","Madness","Madness","Prepared","Pot Of Greed"],"relics":["PureWater","CogitoBucket","LetterFromLob","infinitespire:Cubic Diamond","SpikesRelics:DaevaFist","Grinning Jar","ReplayTheSpireMod:TigerMarble","AspirationHeart","Philosopher\u0027s Stone","Mirror","CeramicFish","Centennial Puzzle","ReplayTheSpireMod:Lightbulb","BackwardClock","Replay:Arrowhead","Vajra","SolemnVow_r","conspire:SpecialSausage","SkinProphecy","AtMidnight","Nunchaku","Anchor"],"acts_visited":["Exordium","Exordium","TheBeyond"],"potions_floor_usage":[6,14,30,33,35,35],"damage_taken":[{"damage":0.0,"enemies":"2 Louse","floor":1.0,"turns":5.0},{"damage":13,"enemies":"Gremlin Nob","floor":6,"turns":4},{"damage":0,"enemies":"Jaw Worm","floor":7,"turns":4},{"damage":0,"enemies":"conspire:RoseBush","floor":11,"turns":3},{"damage":8,"enemies":"Large Slime","floor":12,"turns":8},{"damage":0,"enemies":"Red Slaver","floor":14,"turns":5},{"damage":33,"enemies":"Fading Forest","floor":16,"turns":11},{"damage":1,"enemies":"theJungle:GiantWrat","floor":21,"turns":6},{"damage":0,"enemies":"conspire:MimicChest","floor":22,"turns":9},{"damage":0,"enemies":"Nightmare","floor":23,"turns":9},{"damage":17,"enemies":"theJungle:MUSHROOMGANG","floor":25,"turns":6},{"damage":0,"enemies":"theJungle:2_Snecko_Cultists","floor":28,"turns":2},{"damage":0,"enemies":"theJungle:SlimyTreeVines","floor":29,"turns":4},{"damage":0,"enemies":"theJungle:Lyon","floor":30,"turns":3},{"damage":52,"enemies":"theJungle:JungleHuntersEncounter","floor":31,"turns":4},{"damage":6,"enemies":"theJungle:TotemBoss","floor":33,"turns":4},{"damage":4,"enemies":"3 Shapes","floor":35,"turns":7},{"damage":90,"enemies":"Nemesis","floor":42,"turns":5}],"seed_played":"5545317798775259128","potions_obtained":[{"floor":1.0,"key":"Venom Potion"},{"floor":12,"key":"Poison Potion"},{"floor":25,"key":"Block Potion"},{"floor":28,"key":"Swift Potion"},{"floor":29,"key":"SpeedPotion"},{"floor":30,"key":"DistilledChaos"},{"floor":33,"key":"Adrenaline Potion"}],"is_trial":false,"path_per_floor":["M","?","?","?","?","E","M","R","T","R","M","M","R","M","R","B",null,"M","T","AVR","M","?","NM","R","M","T","T","M","M","M","M","R","B",null,"M","?","?","?","$","R","?","E"],"character_chosen":"THE_SILENT","items_purchased":["Nunchaku","Prepared","Anchor"],"campfire_rested":1,"item_purchase_floors":[39,39,39],"current_hp_per_floor":[70,70,70,45,45,32,32,32,32,53,53,45,45,55,55,44,80,80,80,80,79,79,79,79,62,62,62,63,67,71,29,29,35,80,80,70,70,70,70,70,70,0,0],"gold":434,"neow_bonus":"","is_daily":false,"chose_seed":false,"campfire_upgraded":8,"win_rate":0.0,"timestamp":1610343113,"path_taken":["M","?","?","?","?","E","M","R","T","R","M","M","R","M","R","BOSS","M","?","AVR","M","?","NM","R","M","T","?","M","?","M","M","R","BOSS","M","?","?","?","?","R","?","E"],"items_purchased_type":["Relic","Card","Relic"],"build_version":"2020-12-22","purchased_purges":1,"victory":false,"max_hp_per_floor":[70,70,70,70,70,70,70,70,70,70,70,70,70,80,80,80,80,80,80,80,80,80,80,80,80,80,80,80,80,80,80,80,80,80,80,80,80,80,80,80,80,82,82],"card_choices":[{"not_picked":["ShyLook","Scarecrow"],"picked":"GreedKing","floor":1.0},{"not_picked":["Underhanded Strike","Backflip","ReplayTheSpireMod:Exploit Weakness"],"picked":"SKIP","floor":1.0},{"not_picked":["PunishingBird","OldLady","MeatLantern"],"picked":"Singing Bowl","floor":6},{"not_picked":["HappyTeddy","PunishingBird"],"picked":"UniverseFragment","floor":6},{"not_picked":["Outmaneuver","Distraction"],"picked":"PiercingWail","floor":6},{"not_picked":["Bloodbath","BeautyBeast"],"picked":"LaLuna","floor":7},{"not_picked":["Deadly Poison","Backstab"],"picked":"Cloak And Dagger","floor":7},{"not_picked":["FairyFestival","SpiderBud","HeroicMonk"],"picked":"Singing Bowl","floor":11},{"not_picked":["Backstab","Flying Knee"],"picked":"Well Laid Plans","floor":11},{"not_picked":["Wellcheers","FairyFestival","Scarecrow"],"picked":"Singing Bowl","floor":12},{"not_picked":["Tactician","Poisoned Stab","Skewer"],"picked":"SKIP","floor":12},{"not_picked":["Bloodbath","CrumblingArmor","SpiderBud"],"picked":"Singing Bowl","floor":14},{"not_picked":["Dagger Throw","Sneak Up"],"picked":"ReplayTheSpireMod:Scrap Shanks","floor":14},{"not_picked":["Woodsman","Variant"],"picked":"NakedNest","floor":16},{"not_picked":["Night Terror","Adrenaline"],"picked":"A Thousand Cuts","floor":16},{"not_picked":["Wellcheers","LittleHelper","LittlePrince"],"picked":"Singing Bowl","floor":21},{"not_picked":["PiercingWail","Masterful Stab","Outmaneuver"],"picked":"SKIP","floor":21},{"not_picked":["GalaxyChild","SpiderBud","Scorched"],"picked":"Singing Bowl","floor":22},{"not_picked":["Deadly Poison","Leg Sweep"],"picked":"Footwork","floor":22},{"not_picked":["NothingThere","HeroicMonk","PunishingBird"],"picked":"Singing Bowl","floor":23},{"not_picked":["Bane","Tactician"],"picked":"Concentrate","floor":23},{"not_picked":["BigBadWolf","Scarecrow","PunishingBird"],"picked":"Singing Bowl","floor":25},{"not_picked":["Freischutz","BigBird"],"picked":"Funeral","floor":25},{"not_picked":["Dagger Throw","Deadly Poison"],"picked":"Leg Sweep","floor":25},{"not_picked":["Yin","CENSORED","WhitesApple"],"picked":"Singing Bowl","floor":28},{"not_picked":["ReplayTheSpireMod:Necrosis","ReplayTheSpireMod:Exploit Weakness"],"picked":"Cloak And Dagger+1","floor":28},{"not_picked":["Wellcheers","CherryBlossoms"],"picked":"BodiesMountain","floor":29},{"not_picked":["Outmaneuver","Dagger Spray"],"picked":"Dodge and Roll+1","floor":29},{"not_picked":["MeltingLove","FairyFestival","PunishingBird"],"picked":"Singing Bowl","floor":30},{"not_picked":["conspire:PoisonWeapons","Hidden Blade"],"picked":"Cloak And Dagger","floor":30},{"not_picked":["FieryBird","LittleHelper","PunishingBird"],"picked":"Singing Bowl","floor":31},{"not_picked":["PiercingWail","Predator+1","Outmaneuver"],"picked":"SKIP","floor":31},{"not_picked":["CrumblingArmor","LittlePrince","Wellcheers"],"picked":"Singing Bowl","floor":33},{"not_picked":["LittleHelper","HappyTeddy"],"picked":"CENSORED","floor":33},{"not_picked":["Poison Darts","Night Terror"],"picked":"Envenom","floor":33},{"not_picked":["Scarecrow","BigBird","HappyTeddy"],"picked":"Singing Bowl","floor":35},{"not_picked":["HeroicMonk","SingingMachine"],"picked":"DespairKnight","floor":35},{"not_picked":["Caltrops+1","ShadowRift"],"picked":"Cloak And Dagger","floor":35}],"player_experience":3202901,"relics_obtained":[{"floor":1.0,"key":"LetterFromLob"},{"floor":6,"key":"Grinning Jar"},{"floor":9,"key":"ReplayTheSpireMod:TigerMarble"},{"floor":19,"key":"Mirror"},{"floor":22,"key":"Centennial Puzzle"},{"floor":23,"key":"ReplayTheSpireMod:Lightbulb"},{"floor":26,"key":"Replay:Arrowhead"},{"floor":27,"key":"Vajra"},{"floor":35,"key":"AtMidnight"}],"event_choices":[{"damage_healed":0.0,"max_hp_gain":0.0,"max_hp_loss":0.0,"gold_gain":0.0,"event_name":"conspire:LoneGhost","player_choice":"Agree","floor":2.0,"gold_loss":0.0,"damage_taken":0.0},{"damage_healed":0.0,"max_hp_gain":0.0,"max_hp_loss":0.0,"gold_gain":0.0,"event_name":"Scrap Ooze","player_choice":"Success","floor":4.0,"gold_loss":0.0,"damage_taken":25.0,"relics_obtained":["SpikesRelics:DaevaFist"]},{"damage_healed":0.0,"max_hp_gain":0.0,"max_hp_loss":0.0,"gold_gain":0.0,"event_name":"Purifier","player_choice":"Ignored","floor":5.0,"gold_loss":0.0,"damage_taken":0.0},{"damage_healed":0,"gold_gain":0,"player_choice":"Embrace Madness","damage_taken":10,"max_hp_gain":0,"max_hp_loss":0,"event_name":"Winding Halls","floor":36,"gold_loss":0,"cards_obtained":["Madness","Madness"]},{"damage_healed":0,"gold_gain":0,"player_choice":"Ignored","damage_taken":0,"max_hp_gain":0,"max_hp_loss":0,"event_name":"Tomb of Lord Red Mask","floor":38,"gold_loss":0}],"is_beta":false,"boss_relics":[{"not_picked":["CosmicIsotope","Runic Pyramid"],"picked":"Philosopher\u0027s Stone"},{"not_picked":["Fusion Hammer","ReplayTheSpireMod:DimensionalGlitch"],"picked":"conspire:SpecialSausage"}],"items_purged_floors":[39],"is_endless":true,"potions_floor_spawned":[1,12,25,28,29,30,33],"killed_by":"Nemesis","ascension_level":0}}