{"host":"j45ucdvl5ntpx4kf","time":1610324017,"event":{"mods":["100% Spire Juice","AchievementEnabler","BaseMod","Colored Map","Colored Powertips","Dark Map","Minty Spire (QoL Compilation)","StSLib"],"gold_per_floor":[116,116,128,140,140,173,189,189,189],"floor_reached":8,"playtime":699,"items_purged":[],"score":58,"play_id":"8755fb69-d60e-4b7b-b443-147113ef9d67","local_time":"20210110191337","is_ascension_mode":false,"campfire_choices":[],"circlet_count":0,"master_deck":["Moonworks:Strike","Moonworks:Strike","Moonworks:Strike","Moonworks:Strike","Moonworks:Defend","Moonworks:Defend","Moonworks:Defend","Moonworks:Defend","Moonworks:Ambush+1","Moonworks:LongDistanceShot","Moonworks:WindyEnchantment","Doubt","Moonworks:SubspaceTunnel","Moonworks:BackdoorTrade"],"relics":["Moonworks:BrokenBomb","Moonworks:Homemark","NeowsBlessing","Frozen Egg 2"],"acts_visited":["Exordium"],"potions_floor_usage":[6],"damage_taken":[{"damage":0,"enemies":"Small Slimes","floor":1,"turns":1},{"damage":0,"enemies":"Cultist","floor":3,"turns":1},{"damage":0,"enemies":"Jaw Worm","floor":4,"turns":1},{"damage":37,"enemies":"3 Sentries","floor":6,"turns":14},{"damage":0,"enemies":"Looter","floor":7,"turns":3},{"damage":28,"enemies":"Gremlin Nob","floor":8,"turns":3}],"seed_played":"-5525342995660560354","potions_obtained":[{"floor":4,"key":"LiquidMemories"}],"is_trial":false,"path_per_floor":["M","?","M","M","?","E","M","E"],"character_chosen":"THE_STARBREAKER","items_purchased":[],"campfire_rested":0,"item_purchase_floors":[],"current_hp_per_floor":[60,60,60,60,60,23,23,0,0],"gold":189,"neow_bonus":"THREE_ENEMY_KILL","is_daily":false,"chose_seed":false,"campfire_upgraded":0,"win_rate":0.0,"timestamp":1610324017,"path_taken":["M","?","?","M","?","E","M","E"],"items_purchased_type":[],"build_version":"2020-12-22","purchased_purges":0,"victory":false,"max_hp_per_floor":[60,60,60,60,60,60,60,60,60],"card_choices":[{"not_picked":["Moonworks:Bloodlust","Moonworks:BigMagnum"],"picked":"Moonworks:WindyEnchantment","floor":1},{"not_picked":["Moonworks:IndiscriminateFireSupport","Moonworks:ImOnFire","Moonworks:UnluckyCharm"],"picked":"SKIP","floor":3},{"not_picked":["Moonworks:CloudOfSeagulls","Moonworks:MiracleWalker"],"picked":"Moonworks:RagingMadness","floor":4},{"not_picked":["Moonworks:Assault","Moonworks:WindyEnchantment"],"picked":"Moonworks:SubspaceTunnel","floor":6},{"not_picked":["Moonworks:AngelHand","Moonworks:CloudOfSeagulls"],"picked":"Moonworks:BackdoorTrade","floor":7}],"player_experience":142309,"relics_obtained":[{"floor":6,"key":"Frozen Egg 2"}],"event_choices":[{"damage_healed":0,"gold_gain":0,"player_choice":"Forge","damage_taken":0,"max_hp_gain":0,"max_hp_loss":0,"event_name":"Accursed Blacksmith","floor":2,"gold_loss":0,"cards_upgraded":["Moonworks:Ambush"]},{"cards_removed":["Moonworks:RagingMadness"],"damage_healed":0,"gold_gain":0,"player_choice":"Took Card","damage_taken":0,"max_hp_gain":0,"max_hp_loss":0,"event_name":"NoteForYourself","floor":5,"gold_loss":0,"cards_obtained":["Doubt"]}],"is_beta":false,"boss_relics":[],"items_purged_floors":[],"is_endless":false,"potions_floor_spawned":[4],"killed_by":"Gremlin Nob","ascension_level":0}}