{"host":"6749gst1gzuv21qf","time":1610334801,"event":{"mods":["Aspiration","BaseMod","Better Altar","Better Match","Better Note","Better Sensory Stone","Better Skull","Better Third Choice","BetterRewards","Colored Map","Colored Powertips","Downfall","Highlight Path","Minty Spire (QoL Compilation)","Permanent Neow","Replay The Spire","Shop Mod","Spicy Shops","StSLib","The Cursed"],"gold_per_floor":[99,114,128,128,146,179,179,179,179,77,77,92,92,116,136,136,136],"floor_reached":16,"playtime":827,"items_purged":[],"score":100,"play_id":"8d416cfa-af4b-40b7-a926-0b957380eb64","local_time":"20210110221321","is_ascension_mode":false,"campfire_choices":[{"data":"sneckomod:SnekBite","floor":1,"key":"SMITH"},{"floor":11,"key":"RECALL"},{"data":"sneckomod:TailWhip","floor":13,"key":"SMITH"}],"circlet_count":0,"master_deck":["sneckomod:Strike","sneckomod:Strike","sneckomod:Strike","sneckomod:Defend","sneckomod:Defend","sneckomod:Defend","sneckomod:TailWhip+1","sneckomod:SnekBite+1","sneckomod:Unknown","sneckomod:Unknown","sneckomod:ImprovisedGuard","sneckomod:UnknownExhaust","Pain","sneckomod:QuickBite","sneckomod:UnknownClassSLIMEBOUND","Voices","sneckomod:UnknownClassPURPLE","sneckomod:UnknownRareSkill","sneckomod:WideSting"],"relics":["sneckomod:SneckoSoul","aspiration:DSix","WarpedTongs","Akabeko","Shuriken","Ring of Panic","Ring of Searing","aspiration:AnachronicSnailShell"],"acts_visited":["Exordium"],"potions_floor_usage":[6,16,16],"damage_taken":[{"damage":14,"enemies":"Small Slimes","floor":2,"turns":4},{"damage":13,"enemies":"Cultist","floor":3,"turns":4},{"damage":9,"enemies":"Jaw Worm","floor":5,"turns":5},{"damage":29,"enemies":"3 Sentries","floor":6,"turns":11},{"damage":7,"enemies":"downfall:FleeingMerchant","floor":10,"turns":4},{"damage":0,"enemies":"3 Louse","floor":12,"turns":1},{"damage":18,"enemies":"Blue Slaver","floor":15,"turns":3},{"damage":70,"enemies":"downfall:Defect","floor":16,"turns":6}],"seed_played":"-4185665139725843480","potions_obtained":[{"floor":2,"key":"sneckomod:OffclassReductionPotion"},{"floor":3,"key":"Strength Potion"}],"is_trial":false,"path_per_floor":["R","M","M","?","M","E","T","?","?","$","R","M","R","T","M","B"],"character_chosen":"THE_SNECKO","items_purchased":["aspiration:AnachronicSnailShell"],"campfire_rested":0,"item_purchase_floors":[10],"current_hp_per_floor":[81,67,59,59,54,40,40,40,48,46,46,82,82,82,64,0,0],"gold":136,"neow_bonus":"ONE_RARE_RELIC","is_daily":false,"chose_seed":false,"campfire_upgraded":2,"win_rate":0.0,"timestamp":1610334801,"path_taken":["R","M","M","?","?","E","T","?","?","$","R","M","R","?","M","BOSS"],"items_purchased_type":["Relic"],"build_version":"2020-12-22","purchased_purges":0,"victory":false,"max_hp_per_floor":[81,81,82,82,82,83,83,83,83,84,84,85,85,85,85,85,85],"card_choices":[{"not_picked":["sneckomod:Unknown1Cost","sneckomod:QuickBite"],"picked":"sneckomod:ImprovisedGuard","floor":2},{"not_picked":["sneckomod:UnknownClassHEXA_GHOST_PURPLE","sneckomod:UnknownStrike"],"picked":"sneckomod:UnknownExhaust","floor":3},{"not_picked":["sneckomod:UnknownStrike","sneckomod:Unknown1Cost"],"picked":"sneckomod:QuickBite","floor":5},{"not_picked":["sneckomod:MasterEye","sneckomod:UnknownCommonAttack"],"picked":"sneckomod:UnknownClassSLIMEBOUND","floor":6},{"not_picked":["sneckomod:IronFang","sneckomod:UnknownVulnerable"],"picked":"sneckomod:UnknownClassPURPLE","floor":10},{"not_picked":["sneckomod:UnknownClassSLIMEBOUND","sneckomod:DefensiveFlair"],"picked":"sneckomod:UnknownRareSkill","floor":12},{"not_picked":["sneckomod:UnknownClassRED","sneckomod:Nope"],"picked":"sneckomod:WideSting","floor":15}],"player_experience":660724,"relics_obtained":[{"floor":6,"key":"Akabeko"},{"floor":7,"key":"Shuriken"},{"floor":8,"key":"Ring of Panic"},{"floor":8,"key":"Ring of Searing"}],"event_choices":[{"damage_healed":0,"gold_gain":0,"player_choice":"Rummage","damage_taken":0,"relics_obtained":["WarpedTongs"],"max_hp_gain":0,"max_hp_loss":0,"event_name":"Accursed Blacksmith","floor":4,"gold_loss":0,"cards_obtained":["Pain"]}],"is_beta":false,"boss_relics":[],"items_purged_floors":[],"is_endless":false,"potions_floor_spawned":[2,3,12,15],"killed_by":"downfall:Defect","ascension_level":0}}