{"host":"3rj1dc1g3sucuw9t","time":1610365857,"event":{"mods":["BaseMod","Colored Powertips","Hermit","Minty Spire (QoL Compilation)","Replay The Spire","StSLib"],"gold_per_floor":[110,285,285,298,313,344,344,70,125,163,128,128,145,170,170,276,276,300,320,245,185,185,185,185,214,267,291,291,291,318,94,94,108,108],"floor_reached":33,"playtime":2626,"items_purged":["hermit:Strike_Hermit"],"score":273,"play_id":"2238f91e-6e6f-4fcd-8f21-551a730507c7","local_time":"20210111125057","is_ascension_mode":false,"campfire_choices":[{"data":"hermit:Vantage","floor":7,"key":"SMITH"},{"data":"hermit:HighCaliber","floor":23,"key":"SMITH"},{"floor":29,"key":"REST"},{"floor":32,"key":"REST"}],"circlet_count":0,"master_deck":["hermit:Strike_Hermit","hermit:Defend_Hermit","hermit:Defend_Hermit","hermit:Defend_Hermit","hermit:Defend_Hermit","hermit:Snapshot","hermit:Covet","hermit:Scavenge+1","hermit:Grudge","hermit:Vantage+1","hermit:Grudge","hermit:Quickdraw+1","hermit:BigShot","hermit:SprayPray","hermit:Scavenge+1","hermit:HighCaliber+1","hermit:Dissolve","hermit:ItchyTrigger","hermit:Dive+1","hermit:Ricochet","hermit:Deadeye+1","hermit:ItchyTrigger+1"],"relics":["hermit:Momento","War Paint","PreservedInsect","Blue Doll","Vajra","Quantum Egg","Simple Rune","Nloth\u0027s Gift","Snack Pack","Whetstone"],"acts_visited":["Exordium","TheCity"],"potions_floor_usage":[16,30,33,33],"damage_taken":[{"damage":0,"enemies":"2 Louse","floor":1,"turns":2},{"damage":6,"enemies":"Jaw Worm","floor":4,"turns":3},{"damage":1,"enemies":"Small Slimes","floor":5,"turns":3},{"damage":31,"enemies":"Gremlin Nob","floor":6,"turns":5},{"damage":4,"enemies":"3 Sentries","floor":10,"turns":5},{"damage":0,"enemies":"Looter","floor":13,"turns":3},{"damage":10,"enemies":"Exordium Wildlife","floor":14,"turns":3},{"damage":33,"enemies":"Fading Forest","floor":16,"turns":11},{"damage":8,"enemies":"Spheric Guardian","floor":18,"turns":4},{"damage":40,"enemies":"3 Byrds","floor":19,"turns":7},{"damage":2,"enemies":"Centurion and Healer","floor":25,"turns":13},{"damage":5,"enemies":"Chosen and Byrds","floor":27,"turns":7},{"damage":17,"enemies":"Slavers","floor":30,"turns":4},{"damage":65,"enemies":"Pondfish","floor":33,"turns":8}],"seed_played":"1045847134248075919","potions_obtained":[{"floor":4,"key":"Dexterity Potion"},{"floor":5,"key":"Venom Potion"},{"floor":10,"key":"Weak Potion"},{"floor":13,"key":"hermit:Eclipse"},{"floor":18,"key":"Cursed Concoction"}],"is_trial":false,"path_per_floor":["M","?","?","M","M","E","R","$","T","E","?","T","M","M","R","B",null,"M","M","?","?","?","R","?","M","T","M","?","R","E","$","R","B"],"character_chosen":"HERMIT","items_purchased":["hermit:Quickdraw","PreservedInsect","hermit:BigShot","Whetstone"],"campfire_rested":2,"item_purchase_floors":[8,8,8,31],"current_hp_per_floor":[82,82,82,76,75,44,44,44,44,40,60,60,60,50,74,51,82,74,34,34,34,34,34,34,32,32,27,27,51,34,34,58,0,0],"gold":108,"neow_bonus":"TEN_PERCENT_HP_BONUS","is_daily":false,"chose_seed":false,"campfire_upgraded":2,"win_rate":0.0,"timestamp":1610365857,"path_taken":["M","?","?","M","M","E","R","?","T","E","?","?","?","M","R","BOSS","M","M","?","?","?","R","?","M","T","?","?","R","E","$","R","BOSS"],"items_purchased_type":["Card","Relic","Card","Relic"],"build_version":"2020-12-22","purchased_purges":1,"victory":false,"max_hp_per_floor":[82,82,82,82,82,82,82,82,82,82,82,82,82,82,82,82,82,82,82,82,82,82,82,82,82,82,82,82,82,82,82,82,82,82],"card_choices":[{"not_picked":["hermit:Headshot","hermit:SprayPray"],"picked":"hermit:Scavenge","floor":1},{"not_picked":["hermit:Feint","hermit:BodyArmor"],"picked":"hermit:Grudge","floor":4},{"not_picked":["hermit:Feint","hermit:Purgatory"],"picked":"hermit:Vantage","floor":5},{"not_picked":["hermit:Virtue","hermit:DeadMansHand"],"picked":"hermit:Grudge","floor":6},{"not_picked":["hermit:Manifest","hermit:ItchyTrigger"],"picked":"hermit:SprayPray","floor":10},{"not_picked":["hermit:Virtue","hermit:BodyArmor"],"picked":"hermit:Scavenge","floor":13},{"not_picked":["hermit:Desperado","hermit:Grudge"],"picked":"hermit:HighCaliber","floor":14},{"not_picked":["hermit:OverwhelmingPower","hermit:EternalForm"],"picked":"hermit:Dissolve","floor":16},{"not_picked":["hermit:LuckOfTheDraw","hermit:Misfire"],"picked":"hermit:ItchyTrigger","floor":18},{"not_picked":["hermit:ItchyTrigger","hermit:WideOpen"],"picked":"hermit:Dive+1","floor":19},{"not_picked":["hermit:TakeCover+1","hermit:Gestalt"],"picked":"hermit:Ricochet","floor":25},{"not_picked":["hermit:Ricochet","hermit:HoleUp+1"],"picked":"hermit:Deadeye","floor":27},{"not_picked":["hermit:SprayPray","hermit:Adapt"],"picked":"hermit:ItchyTrigger+1","floor":30}],"player_experience":416704,"relics_obtained":[{"floor":6,"key":"War Paint"},{"floor":9,"key":"Blue Doll"},{"floor":10,"key":"Vajra"},{"floor":12,"key":"Quantum Egg"},{"floor":26,"key":"Simple Rune"},{"floor":30,"key":"Snack Pack"}],"event_choices":[{"damage_healed":0,"gold_gain":175,"player_choice":"AGREE","damage_taken":0,"max_hp_gain":0,"max_hp_loss":0,"event_name":"Liars Game","floor":2,"gold_loss":0,"cards_obtained":["Doubt"]},{"cards_removed":["Doubt"],"damage_healed":0,"gold_gain":0,"player_choice":"Forget","damage_taken":0,"max_hp_gain":0,"max_hp_loss":0,"event_name":"Living Wall","floor":3,"gold_loss":0},{"damage_healed":20,"gold_gain":0,"player_choice":"Healed","damage_taken":0,"max_hp_gain":0,"max_hp_loss":0,"event_name":"The Cleric","floor":11,"gold_loss":35},{"cards_removed":["hermit:Strike_Hermit"],"damage_healed":0,"gold_gain":0,"player_choice":"Gave Gold","damage_taken":0,"max_hp_gain":0,"max_hp_loss":0,"event_name":"Beggar","floor":20,"gold_loss":75},{"damage_healed":0,"gold_gain":0,"player_choice":"Ignored","damage_taken":0,"max_hp_gain":0,"max_hp_loss":0,"event_name":"Ghosts","floor":22,"gold_loss":0},{"cards_removed":["hermit:Strike_Hermit"],"damage_healed":0,"gold_gain":0,"player_choice":"Offered Basic","damage_taken":0,"max_hp_gain":0,"max_hp_loss":0,"event_name":"Bonfire Elementals","floor":24,"gold_loss":0},{"damage_healed":0,"gold_gain":0,"player_choice":"Traded Relic","damage_taken":0,"relics_obtained":["Nloth\u0027s Gift"],"max_hp_gain":0,"max_hp_loss":0,"event_name":"N\u0027loth","floor":28,"relics_lost":["Ring of Chaos"],"gold_loss":0}],"is_beta":false,"boss_relics":[{"not_picked":["Calling Bell","Runic Pyramid"],"picked":"Ring of Chaos"}],"items_purged_floors":[31],"is_endless":false,"potions_floor_spawned":[4,5,10,13,18,27],"killed_by":"Pondfish","ascension_level":0}}