{"host":"op7lvjy5lsqtpdgx","time":1610407807,"event":{"mods":["BaseMod","Minty Spire (QoL Compilation)","StSLib"],"gold_per_floor":[111,111,32,107,119,146,146,178,202,217,217,167,179,207,207,309,309,328,23,39,39,39],"floor_reached":21,"playtime":1060,"items_purged":[],"score":333,"play_id":"a956f043-74ad-48bd-b973-0a3d0478eb0b","local_time":"20210112123007","is_ascension_mode":true,"campfire_choices":[{"data":"Inflame","floor":11,"key":"SMITH"},{"data":"True Grit","floor":15,"key":"SMITH"}],"circlet_count":0,"master_deck":["Strike_R","Strike_R+1","Strike_R","Strike_R","Strike_R","Defend_R","Defend_R","Defend_R","Bash+1","Headbutt","Dropkick","Shrug It Off","Inflame+1","True Grit+1","Limit Break","Flex","Battle Trance"],"relics":["Burning Blood","NeowsBlessing","Mercury Hourglass","Champion Belt","Art of War","Juzu Bracelet","Whetstone","SlaversCollar","Matryoshka"],"acts_visited":["Exordium","TheCity"],"potions_floor_usage":[8,8,8,14,20],"damage_taken":[{"damage":0,"enemies":"Small Slimes","floor":1,"turns":1},{"damage":0,"enemies":"Cultist","floor":5,"turns":1},{"damage":0,"enemies":"3 Sentries","floor":6,"turns":2},{"damage":0,"enemies":"Lagavulin","floor":8,"turns":2},{"damage":3,"enemies":"2 Louse","floor":10,"turns":2},{"damage":11,"enemies":"Blue Slaver","floor":13,"turns":3},{"damage":25,"enemies":"3 Sentries","floor":14,"turns":6},{"damage":3,"enemies":"Slime Boss","floor":16,"turns":7},{"damage":28,"enemies":"Shell Parasite","floor":18,"turns":5},{"damage":14,"enemies":"2 Thieves","floor":20,"turns":4},{"damage":48,"enemies":"Cultist and Chosen","floor":21,"turns":6}],"seed_played":"-1828910935282634229","potions_obtained":[{"floor":2,"key":"SkillPotion"},{"floor":2,"key":"DuplicationPotion"},{"floor":2,"key":"GamblersBrew"},{"floor":6,"key":"AttackPotion"},{"floor":10,"key":"Ancient Potion"},{"floor":13,"key":"Fire Potion"},{"floor":14,"key":"ColorlessPotion"}],"is_trial":false,"path_per_floor":["M","?","$","?","M","E","T","E","T","M","R","?","M","E","R","B",null,"M","$","M","M"],"character_chosen":"IRONCLAD","items_purchased":["Dropkick","Matryoshka","Flex"],"campfire_rested":0,"item_purchase_floors":[3,19,19],"current_hp_per_floor":[78,78,78,67,73,79,79,80,80,80,80,80,75,56,56,59,75,53,53,45,0,0],"gold":39,"neow_bonus":"THREE_ENEMY_KILL","is_daily":false,"chose_seed":false,"campfire_upgraded":2,"win_rate":0.0,"timestamp":1610407807,"path_taken":["M","?","?","?","M","E","?","E","T","M","R","?","M","E","R","BOSS","M","$","M","M"],"items_purchased_type":["Card","Relic","Card"],"build_version":"2020-12-22","purchased_purges":0,"victory":false,"max_hp_per_floor":[80,80,80,80,80,80,80,80,80,80,80,80,80,80,80,80,80,80,80,80,80,80],"card_choices":[{"not_picked":["Pummel","Wild Strike"],"picked":"Headbutt","floor":1},{"not_picked":["Rage","Twin Strike","Intimidate"],"picked":"SKIP","floor":5},{"not_picked":["Perfected Strike","Headbutt","Sentinel"],"picked":"SKIP","floor":6},{"not_picked":["Second Wind","Rupture"],"picked":"Shrug It Off","floor":8},{"not_picked":["Heavy Blade","Dark Embrace"],"picked":"Inflame","floor":10},{"not_picked":["Rampage","Cleave"],"picked":"True Grit","floor":13},{"not_picked":["Corruption","Dark Embrace","Intimidate"],"picked":"SKIP","floor":14},{"not_picked":["Juggernaut","Fiend Fire"],"picked":"Limit Break","floor":16},{"not_picked":["Second Wind","Intimidate","Hemokinesis"],"picked":"SKIP","floor":18},{"not_picked":["Iron Wave","Havoc+1"],"picked":"Battle Trance","floor":20}],"player_experience":163340,"relics_obtained":[{"floor":6,"key":"Mercury Hourglass"},{"floor":7,"key":"Champion Belt"},{"floor":8,"key":"Art of War"},{"floor":9,"key":"Juzu Bracelet"},{"floor":14,"key":"Whetstone"}],"event_choices":[{"damage_healed":0,"gold_gain":0,"player_choice":"Got Potions","damage_taken":0,"max_hp_gain":0,"max_hp_loss":0,"event_name":"Lab","floor":2,"gold_loss":0},{"damage_healed":0,"gold_gain":75,"player_choice":"Gather Gold","damage_taken":11,"max_hp_gain":0,"max_hp_loss":0,"event_name":"World of Goop","floor":4,"gold_loss":0},{"cards_removed":["Defend_R"],"damage_healed":0,"gold_gain":0,"player_choice":"Card Removal","damage_taken":0,"max_hp_gain":0,"max_hp_loss":0,"event_name":"The Cleric","floor":12,"gold_loss":50}],"is_beta":false,"boss_relics":[{"not_picked":["SacredBark","Runic Pyramid"],"picked":"SlaversCollar"}],"items_purged_floors":[],"is_endless":false,"potions_floor_spawned":[6,10,13,14],"killed_by":"Cultist and Chosen","ascension_level":7}}