{"host":"tnsigirk6wurdark","time":1610358677,"event":{"mods":["BaseMod","Colored Map","Colored Powertips","DeckTracker","Highlight Path","Minty Spire (QoL Compilation)","Quick Restart","Relic Sorter","StSLib","SuperFastMode","Synergy Search"],"gold_per_floor":[116,191,25,39,56,91,16,45,45,45,45,120,295,325,325,325,325],"floor_reached":16,"playtime":650,"items_purged":["Strike_G"],"score":197,"play_id":"c09894de-6c6b-4ff4-b50c-e3ee64a2fef3","local_time":"20210111095117","is_ascension_mode":true,"campfire_choices":[{"floor":11,"key":"REST"},{"data":"Accuracy","floor":15,"key":"SMITH"}],"circlet_count":0,"master_deck":["AscendersBane","Strike_G","Strike_G","Strike_G","Strike_G","Defend_G","Defend_G","Defend_G","Defend_G","Defend_G","Survivor","Neutralize","Escape Plan","Blade Dance","Accuracy+1","Dodge and Roll","Terror","Choke","Infinite Blades","Flying Knee+1","Doubt","Slice+1"],"relics":["WristBlade","Question Card","Molten Egg 2","StrikeDummy","Anchor"],"acts_visited":["Exordium"],"potions_floor_usage":[6,6],"damage_taken":[{"damage":9,"enemies":"2 Louse","floor":1,"turns":3},{"damage":0,"enemies":"Cultist","floor":4,"turns":3},{"damage":0,"enemies":"Small Slimes","floor":5,"turns":2},{"damage":3,"enemies":"Lagavulin","floor":6,"turns":7},{"damage":8,"enemies":"3 Sentries","floor":8,"turns":6},{"damage":12,"enemies":"Lagavulin","floor":14,"turns":6},{"damage":41,"enemies":"The Guardian","floor":16,"turns":5}],"seed_played":"-966430303913114097","potions_obtained":[{"floor":1,"key":"Weak Potion"},{"floor":4,"key":"DuplicationPotion"}],"is_trial":false,"path_per_floor":["M","?","$","M","M","E","$","E","T","$","R","?","?","E","R","B"],"character_chosen":"THE_SILENT","items_purchased":["Blade Dance","Accuracy","Infinite Blades"],"campfire_rested":1,"item_purchase_floors":[3,3,7],"current_hp_per_floor":[50,44,44,44,44,41,41,33,33,33,52,52,52,40,40,0,0],"gold":325,"neow_bonus":"BOSS_RELIC","is_daily":false,"chose_seed":false,"campfire_upgraded":1,"win_rate":0.0,"timestamp":1610358677,"path_taken":["M","?","$","M","M","E","?","E","T","$","R","?","?","E","R","BOSS"],"items_purchased_type":["Card","Card","Card"],"build_version":"2020-12-22","purchased_purges":1,"victory":false,"max_hp_per_floor":[66,66,66,66,66,66,66,66,66,66,66,66,66,66,66,66,66],"card_choices":[{"not_picked":["Flechettes","Riddle With Holes"],"picked":"Escape Plan","floor":1},{"not_picked":["Caltrops","Quick Slash"],"picked":"Dodge and Roll","floor":4},{"not_picked":["Sucker Punch","Underhanded Strike"],"picked":"Terror","floor":5},{"not_picked":["Deflect","Endless Agony"],"picked":"Choke","floor":6},{"not_picked":["Bullet Time","Dagger Throw+1","Prepared"],"picked":"Flying Knee+1","floor":8},{"not_picked":["Well Laid Plans","Calculated Gamble","Flechettes+1"],"picked":"Slice+1","floor":14}],"player_experience":666173,"relics_obtained":[{"floor":6,"key":"Question Card"},{"floor":8,"key":"Molten Egg 2"},{"floor":9,"key":"StrikeDummy"},{"floor":14,"key":"Anchor"}],"event_choices":[{"damage_healed":0,"gold_gain":75,"player_choice":"Touch","damage_taken":6,"max_hp_gain":0,"max_hp_loss":0,"event_name":"FaceTrader","floor":2,"gold_loss":0},{"damage_healed":0,"gold_gain":75,"player_choice":"Gained Gold","damage_taken":0,"max_hp_gain":0,"max_hp_loss":0,"event_name":"Golden Wing","floor":12,"gold_loss":0},{"damage_healed":0,"gold_gain":175,"player_choice":"AGREE","damage_taken":0,"max_hp_gain":0,"max_hp_loss":0,"event_name":"Liars Game","floor":13,"gold_loss":0,"cards_obtained":["Doubt"]}],"is_beta":false,"boss_relics":[],"items_purged_floors":[3],"is_endless":false,"potions_floor_spawned":[1,4],"killed_by":"The Guardian","ascension_level":14}}