{"host":"pcbz64t4k17ey4z1","time":1610400294,"event":{"mods":["2.2 Compatiblity","AchievementEnabler","Act Like it!","Aspiration","BaseMod","Beaked The Cultist","Better Match","Better Third Choice","BetterRewards","Card Forge","Colored Map","Colored Powertips","Conspire","Disable Question Mark Monsters","Fireblade Mod","Friendly Minions","Gensokyo","GifTheSpireLib","Glutton Mod","Googly Eyes","Gremlin Mod","Hermit","Hubris","Infinite Spire","Koishi","Marisa????????","Minty Spire (QoL Compilation)","Permanent Neow","Potionbrewer","Quick Restart","Random Character Button","Rare Cards Sparkle","Relic Filter","Replay The Spire","Robot Space Explorer","Shade Mod","Shop Mod","Spicy Shops","StSLib","Stuff the Spire","SuperFastMode","The Animator","The Cursed","The Druid","The Gatherer","The Hierophant","The IronCluck","The Jungle","The Marked","The Runesmith","Virulent Crown","Waifu the Spire","Wandering Minibosses","vexMod"],"gold_per_floor":[112,123,123,137,137,163,163,196,222,234,234,268,282,294,294,395,395,360,372,392,406,416,416,445,445,471,498,515,534,562,62,62,158,158,172,103,130,148,176,221,253,300,346,346,386,437,437,480,480,480,480,480,103,144,144],"floor_reached":56,"playtime":3075,"items_purged":[],"score":2268,"play_id":"db9a777a-3998-420e-9bfa-9f1694c4c0ce","local_time":"20210111212454","is_ascension_mode":true,"campfire_choices":[{"floor":7,"key":"REST"},{"data":"Shade:ExtraLimbs","floor":11,"key":"SMITH"},{"floor":15,"key":"REST"},{"floor":23,"key":"REST"},{"floor":25,"key":"REST"},{"floor":32,"key":"REST"},{"floor":44,"key":"RECALL"},{"floor":47,"key":"REST"},{"data":"Shade:Coordination","floor":49,"key":"SMITH"},{"data":"Shade:LichForm","floor":52,"key":"SMITH"}],"circlet_count":0,"master_deck":["Shade:Strike_Shade","Shade:Defend_Shade+1","Shade:Defend_Shade+1","Shade:Defend_Shade+1","Shade:Defend_Shade+1","Shade:AnimateDead","Shade:CarefulCut","Looming Evil","Shade:Carnophage","Shade:CallOfTheGrave","Shade:DangerousRitual+1","Shade:ExtraLimbs+1","Shade:ExtraLimbs+1","Shade:AuraOfUnlife+1","Shade:ExtraLimbs+1","Shade:FleshLikeOak","Shade:AuraOfUnlife+1","Shade:CommandSoldier","Shade:Coordination+1","Shade:Awaken+1","Shade:ExtraLimbs+1","Shade:GreyBargain","Shade:OpenGraves","Shade:LichForm+1","Gensokyo:AllTheWorldsEvil","Shade:FleshLikeOak+1","Shade:WallOfFlesh+1","ReplayTheSpireMod:Brewmster","Shade:StitchTogether+1","Shade:OfferingToTheBeyond+1","Shade:OpenGraves","Shade:RavenousHorde+1","Shade:AuraOfUnlife+1","Shade:LichForm+1","Shade:TouchOfTheGrave+1","Shade:SensePrey+1","hubris:Wrath","Shade:Carnophage+1"],"relics":["Shade:YorickSkull","Hammer of Thor","Seething Fire","Anvil of the Gods","ReplayTheSpireMod:CursedCoin","ReplayTheSpireMod:Ninjato","Mango","Replay:Bottled Eggs","infinitespire:PuzzleCube","Question Card","Replay:Baseball","ReplayTheSpireMod:Lightbulb","Cursed Key","wanderingMiniBosses:Blackblade","StuffTheSpire:SapphireSignet","Pet Ghost","aspiration:Nostalgia","potionbrewer:PotionKit","Toy Ornithopter","ClockworkSouvenir","StuffTheSpire:Kangaroo","infinitespire:EvilPickle","Orichalcum","Ornamental Fan","infinitespire:Satchel","StuffTheSpire:Gunfinga","Anchor","hubris:EmptyBottle","aspiration:StickyExplosives_weak"],"acts_visited":["Exordium","TheCity","TheBeyond","TheEnding"],"potions_floor_usage":[2,6,10,12,14,19,24,24,29,29,30,30,33,33,33,33,33,33,33,33,37,37,39,40,40,41,42,46,48,50,50,54,54,54,54,54,54,55,55,55,55,55,55,55,55,55,55],"damage_taken":[{"damage":0,"enemies":"Cultist","floor":1,"turns":4},{"damage":0,"enemies":"Jaw Worm","floor":2,"turns":5},{"damage":4,"enemies":"infinitespire:Voidling","floor":4,"turns":4},{"damage":30,"enemies":"Gremlin Nob","floor":6,"turns":6},{"damage":2,"enemies":"Lagavulin","floor":8,"turns":10},{"damage":15,"enemies":"Gremlin Gang","floor":10,"turns":6},{"damage":2,"enemies":"3 Sentries","floor":12,"turns":5},{"damage":0,"enemies":"Large Slime","floor":13,"turns":7},{"damage":14,"enemies":"2 Fungi Beasts","floor":14,"turns":5},{"damage":35,"enemies":"Slime Boss","floor":16,"turns":9},{"damage":10,"enemies":"2 Thieves","floor":18,"turns":5},{"damage":20,"enemies":"Chosen","floor":19,"turns":7},{"damage":13,"enemies":"Shelled Parasite and Fungi","floor":20,"turns":6},{"damage":0,"enemies":"Cultist and Chosen","floor":21,"turns":5},{"damage":17,"enemies":"Sentry and Sphere","floor":22,"turns":4},{"damage":27,"enemies":"Book of Stabbing","floor":24,"turns":5},{"damage":3,"enemies":"Gremlin Leader","floor":27,"turns":6},{"damage":16,"enemies":"Shelled Parasite and Fungi","floor":28,"turns":4},{"damage":0,"enemies":"Snecko","floor":29,"turns":4},{"damage":14,"enemies":"Nightmare","floor":30,"turns":6},{"damage":12,"enemies":"Pondfish","floor":33,"turns":9},{"damage":0,"enemies":"Orb Walker","floor":35,"turns":4},{"damage":0,"enemies":"3 Darklings","floor":37,"turns":3},{"damage":1,"enemies":"Maw","floor":38,"turns":5},{"damage":18,"enemies":"4 Shapes","floor":39,"turns":4},{"damage":21,"enemies":"Nemesis","floor":40,"turns":4},{"damage":6,"enemies":"Writhing Mass","floor":41,"turns":3},{"damage":3,"enemies":"Giant Head","floor":42,"turns":5},{"damage":0,"enemies":"Spire Growth","floor":45,"turns":2},{"damage":44,"enemies":"Nightmare","floor":46,"turns":6},{"damage":2,"enemies":"Transient","floor":48,"turns":5},{"damage":6,"enemies":"Awakened One","floor":50,"turns":4},{"damage":10,"enemies":"Shield and Spear","floor":54,"turns":4},{"damage":5,"enemies":"The Heart","floor":55,"turns":6}],"seed_played":"-1518467836280466689","potions_obtained":[{"floor":1,"key":"potionbrewer:BarricadePotion"},{"floor":4,"key":"Swift Potion"},{"floor":8,"key":"Regen Potion"},{"floor":10,"key":"PowerPotion"},{"floor":13,"key":"potionbrewer:EndurancePotion"},{"floor":18,"key":"PowerPotion"},{"floor":21,"key":"potionbrewer:SplittingPotion"},{"floor":22,"key":"CultistPotion"},{"floor":27,"key":"Swift Potion"},{"floor":29,"key":"FearPotion"},{"floor":40,"key":"Fruit Juice"}],"is_trial":false,"path_per_floor":["M","M","?","M","?","E","R","E","T","M","R","E","M","M","R","B",null,"M","M","M","M","M","R","E","R","T","E","M","M","NM","$","R","B",null,"M","$","M","M","M","E","M","E","T","R","M","NM","R","M","R","B",null,"R","$","E","B",null],"character_chosen":"SHADE","items_purchased":["ReplayTheSpireMod:CursedCoin","ReplayTheSpireMod:Ninjato","Mango","Replay:Bottled Eggs","Shade:Carnophage","Regen Potion","ClockworkSouvenir","ReplayTheSpireMod:Brewmster","Shade:StitchTogether","Shade:OpenGraves","StuffTheSpire:Gunfinga","Anchor","hubris:EmptyBottle"],"campfire_rested":6,"item_purchase_floors":[0,0,0,0,0,31,31,31,31,36,53,53,53],"current_hp_per_floor":[79,79,79,79,79,49,72,70,70,70,70,68,68,54,77,42,79,69,49,36,36,19,42,15,38,38,35,21,21,7,7,30,79,79,79,79,79,78,65,54,58,71,71,71,71,42,67,82,82,78,84,84,84,84,84],"gold":144,"neow_bonus":"","is_daily":false,"chose_seed":false,"campfire_upgraded":3,"win_rate":0.0,"timestamp":1610400294,"path_taken":["M","M","?","M","?","E","R","E","T","M","R","E","M","M","R","BOSS","M","M","M","M","M","R","E","R","T","E","M","?","NM","$","R","BOSS","M","$","M","?","M","E","?","E","T","R","M","NM","R","M","R","BOSS","R","$","E","BOSS"],"items_purchased_type":["Relic","Relic","Relic","Relic","Card","Potion","Relic","Card","Card","Card","Relic","Relic","Relic"],"build_version":"2020-12-22","purchased_purges":0,"victory":true,"max_hp_per_floor":[79,79,79,79,79,79,79,79,79,79,79,79,79,79,79,79,79,79,79,79,79,79,79,79,79,79,79,79,79,79,79,79,79,79,79,79,79,79,79,79,84,84,84,84,84,84,84,84,84,84,84,84,84,84,84],"card_choices":[{"not_picked":["Shade:FuneraryJewels","Shade:SoulToxin"],"picked":"Shade:CallOfTheGrave","floor":1},{"not_picked":["Shade:FuneraryArmor","Shade:SkeletonHug"],"picked":"Shade:DangerousRitual","floor":2},{"not_picked":["Shade:WallOfFlesh","Shade:SoulPierce"],"picked":"Shade:ExtraLimbs","floor":4},{"not_picked":["Shade:Brains","Shade:AncientSpear"],"picked":"Shade:ExtraLimbs","floor":6},{"not_picked":["Shade:AblativeArmor","Shade:Bonestorm"],"picked":"Shade:AuraOfUnlife","floor":8},{"not_picked":["Shade:Frenzy","Shade:Doomsay","Shade:AncientSpear"],"picked":"Shade:ExtraLimbs","floor":10},{"not_picked":["Shade:Doomsay","Shade:RitualOffering","Shade:GreyBargain"],"picked":"Shade:FleshLikeOak","floor":12},{"not_picked":["Shade:PressTheAttack","Shade:SensePrey","Shade:GraveStillness"],"picked":"Shade:AuraOfUnlife","floor":13},{"not_picked":["Shade:SkeletonHug","Shade:FingerOfDeath","Shade:Excise"],"picked":"Shade:CommandSoldier","floor":14},{"not_picked":["Shade:Putrefaction","Shade:LastGasp","Shade:UnbarTheGrave"],"picked":"Shade:Coordination","floor":16},{"not_picked":["Shade:SkeletonHug","Shade:FleshToFlesh","Shade:AuraOfUnlife+1"],"picked":"Shade:Awaken+1","floor":18},{"not_picked":["Shade:FeralStrike","Shade:PressTheAttack","Shade:Premonition","Shade:BoneShards"],"picked":"SKIP","floor":19},{"not_picked":["Shade:PoundOfFlesh","Shade:CallOfTheGrave","Shade:BoneShards"],"picked":"Shade:ExtraLimbs","floor":20},{"not_picked":["Shade:RitualOffering","Shade:ClawBack","Shade:Excise"],"picked":"Shade:GreyBargain","floor":21},{"not_picked":["Shade:GraveStillness","Shade:WallOfFlesh","Shade:SoulToxin"],"picked":"Shade:OpenGraves","floor":22},{"not_picked":["wanderingMiniBosses:FinaleOfPromise"],"picked":"SKIP","floor":22},{"not_picked":["Shade:AblativeArmor","Shade:LyeBath","Shade:Bonestorm"],"picked":"Shade:LichForm","floor":24},{"not_picked":["Shade:CommandSoldier","Shade:Putrefaction","Shade:RitualOffering"],"picked":"Shade:FleshLikeOak+1","floor":27},{"not_picked":["Shade:ClawBack","Shade:SkeletonArmy","Shade:CoffinDance","Shade:GraveStillness+1"],"picked":"SKIP","floor":28},{"not_picked":["Shade:Doomsay+1","Shade:CallOfTheGrave","Shade:SkeletonHug","Shade:Asphyxiate"],"picked":"SKIP","floor":29},{"not_picked":["Shade:FreshBones","Shade:Bonestorm+1","Shade:AblativeArmor"],"picked":"Shade:WallOfFlesh+1","floor":30},{"not_picked":["Shade:Putrefaction","Shade:DarkOfNight","Shade:MadHubris"],"picked":"Shade:OfferingToTheBeyond","floor":33},{"not_picked":["Shade:FeralStrike+1","Shade:CloudOfShrapnel","Shade:ClawBack+1","Shade:Trample+1"],"picked":"SKIP","floor":35},{"not_picked":["Shade:Frenzy","Shade:CallOfTheGrave","Shade:WallOfFlesh+1","Shade:GoDigging+1"],"picked":"SKIP","floor":37},{"not_picked":["Shade:FleshLikeOak","Shade:FuneraryArmor","Shade:FingerOfDeath"],"picked":"Shade:RavenousHorde+1","floor":38},{"not_picked":["Shade:FuneraryArmor+1","Shade:FreshBones","Shade:SoulToxin"],"picked":"Shade:AuraOfUnlife","floor":39},{"not_picked":["Shade:FuneraryArmor+1","Shade:Asphyxiate+1","Shade:Bonestorm+1"],"picked":"Shade:LichForm","floor":40},{"not_picked":["Shade:SoulToxin","Shade:FeralStrike+1","Shade:WallOfFlesh"],"picked":"Shade:TouchOfTheGrave+1","floor":41},{"not_picked":["Shade:UnbarTheGrave","Shade:StitchTogether+1","Shade:OneIsEnough"],"picked":"Shade:SensePrey+1","floor":42},{"not_picked":["Shade:AncientSpear+1","Shade:SanguineRitual","Shade:Bonestorm","Shade:FingerOfDeath+1"],"picked":"SKIP","floor":45},{"not_picked":["Shade:SkeletonHug","Shade:Frenzy+1","Shade:Tombstone","Shade:ExtraLimbs+1"],"picked":"SKIP","floor":46},{"not_picked":["Shade:FingerOfDeath+1","Shade:Putrefaction","Shade:PotionOfRestlessness"],"picked":"Shade:Carnophage+1","floor":48},{"not_picked":["Shade:FleshToFlesh+1","Shade:Doomsay","Shade:DangerousRitual","Shade:Bite_Shade+1"],"picked":"SKIP","floor":54}],"player_experience":3900353,"relics_obtained":[{"floor":6,"key":"infinitespire:PuzzleCube"},{"floor":8,"key":"Question Card"},{"floor":9,"key":"Replay:Baseball"},{"floor":12,"key":"ReplayTheSpireMod:Lightbulb"},{"floor":22,"key":"wanderingMiniBosses:Blackblade"},{"floor":24,"key":"StuffTheSpire:SapphireSignet"},{"floor":26,"key":"Pet Ghost"},{"floor":27,"key":"aspiration:Nostalgia"},{"floor":30,"key":"Toy Ornithopter"},{"floor":40,"key":"Orichalcum"},{"floor":42,"key":"Ornamental Fan"},{"floor":46,"key":"infinitespire:Satchel"},{"floor":54,"key":"aspiration:StickyExplosives_weak"}],"event_choices":[{"damage_healed":0,"gold_gain":0,"player_choice":"Grow","damage_taken":0,"max_hp_gain":0,"max_hp_loss":0,"event_name":"Living Wall","floor":3,"gold_loss":0,"cards_upgraded":["Shade:DangerousRitual"]},{"cards_removed":["Shade:Strike_Shade"],"damage_healed":0,"gold_gain":0,"player_choice":"Purged","damage_taken":0,"max_hp_gain":0,"max_hp_loss":0,"event_name":"Purifier","floor":5,"gold_loss":0}],"is_beta":false,"boss_relics":[{"not_picked":["SacredBark","Calling Bell"],"picked":"Cursed Key"},{"not_picked":["conspire:RoyalGoblet","Black Star"],"picked":"StuffTheSpire:Kangaroo"}],"items_purged_floors":[],"is_endless":false,"potions_floor_spawned":[1,4,8,10,13,18,21,22,27,29,35,39,40,45,54],"ascension_level":2}}