{"host":"9kesdg97wkrx2bva","time":1610387962,"event":{"mods":["AchievementEnabler","BaseMod","Colored Map","Downfall","GifTheSpireLib","Infinite Spire","Minty Spire (QoL Compilation)","Replay The Spire","StSLib"],"gold_per_floor":[112,92,102,114,37,37,62,80,80,106,106,31,31,31,31,105,105,118,33,33,33,83,83,108,108,133,148,148,73,73,88,88,88,88],"floor_reached":33,"playtime":870,"items_purged":["Strike_B"],"score":484,"play_id":"f7f82783-c4e4-490b-9fce-975990da33a9","local_time":"20210111125922","is_ascension_mode":true,"campfire_choices":[{"data":"Coolheaded","floor":6,"key":"SMITH"},{"floor":13,"key":"REST"},{"data":"Zap","floor":13,"key":"SMITH"},{"data":"Dualcast","floor":15,"key":"SMITH"},{"floor":23,"key":"REST"},{"data":"Blizzard","floor":23,"key":"SMITH"},{"floor":32,"key":"REST"},{"data":"Blizzard","floor":32,"key":"SMITH"}],"circlet_count":0,"master_deck":["AscendersBane","Defend_B","Defend_B","Defend_B","Defend_B","Zap+1","Dualcast+1","Compile Driver","Coolheaded+1","Cold Snap","Blizzard+1","Self Repair","Streamline","Seek","Cold Snap","Blizzard+1","Blizzard","Coolheaded"],"relics":["Cracked Core","NeowsBlessing","Replay:Bottled Flurry","infinitespire:Magic Flask","WingedGreaves","Lantern","Velvet Choker","Dream Catcher","Empty Cage","ReplayTheSpireMod:Ninjato","PreservedInsect","MutagenicStrength"],"acts_visited":["Exordium","TheCity"],"potions_floor_usage":[7,10,16,24,31,33],"damage_taken":[{"damage":0,"enemies":"Jaw Worm","floor":1,"turns":1},{"damage":0,"enemies":"Cultist","floor":3,"turns":1},{"damage":0,"enemies":"2 Louse","floor":4,"turns":1},{"damage":20,"enemies":"3 Sentries","floor":7,"turns":8},{"damage":7,"enemies":"Looter","floor":8,"turns":4},{"damage":27,"enemies":"Lagavulin","floor":10,"turns":8},{"damage":26,"enemies":"The Guardian","floor":16,"turns":11},{"damage":17,"enemies":"Shell Parasite","floor":18,"turns":6},{"damage":47,"enemies":"Slavers","floor":24,"turns":6},{"damage":18,"enemies":"2 Thieves","floor":27,"turns":4},{"damage":16,"enemies":"Centurion and Healer","floor":31,"turns":7},{"damage":47,"enemies":"Automaton","floor":33,"turns":6}],"seed_played":"-323220912232310468","potions_obtained":[{"floor":2,"key":"Slimebound:ThreeZeroPotion"},{"floor":3,"key":"Reflective Coating"},{"floor":8,"key":"Ancient Potion"},{"floor":18,"key":"EssenceOfSteel"},{"floor":27,"key":"SpeedPotion"},{"floor":31,"key":"LiquidBronze"}],"is_trial":false,"path_per_floor":["M","?","M","M","$","R","E","M","T","E","?","?","R","T","R","B",null,"M","?","AVR","$","?","R","E","?","T","M","?","$","?","M","R","B"],"character_chosen":"DEFECT","items_purchased":["Blizzard"],"campfire_rested":3,"item_purchase_floors":[5],"current_hp_per_floor":[64,64,64,64,64,64,44,44,44,24,24,24,45,45,45,26,60,50,50,50,50,50,71,31,31,31,20,20,20,20,11,32,0,0],"gold":88,"neow_bonus":"THREE_ENEMY_KILL","is_daily":false,"chose_seed":false,"campfire_upgraded":5,"win_rate":0.0,"timestamp":1610387962,"path_taken":["M","?","?","M","$","R","E","M","T","E","?","?","R","?","R","BOSS","M","?","AVR","$","?","R","E","?","T","M","?","$","?","M","R","BOSS"],"items_purchased_type":["Card"],"build_version":"2020-12-22","purchased_purges":1,"victory":false,"max_hp_per_floor":[71,71,71,71,71,71,71,71,71,71,71,71,71,71,71,71,71,71,71,71,71,71,71,71,71,71,71,71,71,71,71,71,71,71],"card_choices":[{"not_picked":["BasicCrystalCard","Heatsinks"],"picked":"Compile Driver","floor":1},{"not_picked":["Compile Driver","Consume"],"picked":"Coolheaded","floor":3},{"not_picked":["Genetic Algorithm","Sweeping Beam"],"picked":"Cold Snap","floor":4},{"not_picked":["Hyperbeam","Barrage"],"picked":"Self Repair","floor":7},{"not_picked":["BootSequence","Ball Lightning"],"picked":"Streamline","floor":8},{"not_picked":["Tempest","Sweeping Beam","Compile Driver"],"picked":"SKIP","floor":10},{"not_picked":["ReplayTheSpireMod:Omega Cannon","Meteor Strike"],"picked":"Seek","floor":16},{"not_picked":["ReplayTheSpireMod:Repulse","Leap"],"picked":"Cold Snap","floor":18},{"not_picked":["Barrage","Coolheaded"],"picked":"Blizzard","floor":24},{"not_picked":["BootSequence","Consume","Time Bomb"],"picked":"SKIP","floor":27},{"not_picked":["Chaos","Streamline"],"picked":"Blizzard","floor":31},{"not_picked":["Consume","Storm+1"],"picked":"Coolheaded","floor":32}],"player_experience":923756,"relics_obtained":[{"floor":7,"key":"Replay:Bottled Flurry"},{"floor":9,"key":"infinitespire:Magic Flask"},{"floor":10,"key":"WingedGreaves"},{"floor":14,"key":"Lantern"},{"floor":24,"key":"ReplayTheSpireMod:Ninjato"},{"floor":26,"key":"PreservedInsect"}],"event_choices":[{"damage_healed":0,"gold_gain":0,"player_choice":"Bought 1 Potion","damage_taken":0,"max_hp_gain":0,"max_hp_loss":0,"event_name":"The Woman in Blue","floor":2,"gold_loss":0},{"cards_removed":["Strike_B"],"damage_healed":0,"gold_gain":0,"player_choice":"Card Removal","damage_taken":0,"max_hp_gain":0,"max_hp_loss":0,"event_name":"The Cleric","floor":12,"gold_loss":75},{"damage_healed":0,"gold_gain":0,"player_choice":"Obtained Relic","damage_taken":0,"relics_obtained":["Dream Catcher"],"max_hp_gain":0,"max_hp_loss":0,"event_name":"Addict","floor":19,"gold_loss":85},{"damage_healed":0,"gold_gain":50,"player_choice":"Stole From Cult","damage_taken":0,"max_hp_gain":0,"max_hp_loss":0,"event_name":"Nest","floor":22,"gold_loss":0},{"damage_healed":0,"gold_gain":0,"player_choice":"Ignored","damage_taken":0,"max_hp_gain":0,"max_hp_loss":0,"event_name":"The Mausoleum","floor":25,"gold_loss":0},{"damage_healed":0,"gold_gain":0,"player_choice":"Ignored","damage_taken":0,"max_hp_gain":0,"max_hp_loss":0,"event_name":"Vampires","floor":28,"gold_loss":0},{"damage_healed":0,"gold_gain":0,"player_choice":"Inject Mutagens","damage_taken":0,"relics_obtained":["MutagenicStrength"],"max_hp_gain":0,"max_hp_loss":0,"event_name":"Drug Dealer","floor":30,"gold_loss":0}],"is_beta":false,"boss_relics":[{"not_picked":["Replay:Ancient Bell","Pandora\u0027s Box"],"picked":"Velvet Choker"}],"items_purged_floors":[29],"is_endless":false,"potions_floor_spawned":[3,4,8,18,27,31],"killed_by":"Automaton","ascension_level":16}}