{"host":"13o02hya6v6rzuva","time":1610362119,"event":{"mods":["BaseMod","Minty Spire (QoL Compilation)","Relic Stats"],"gold_per_floor":[110,110,110,175,194,194,229,229,255,430,430,120,139,158,158,256,306,296,315,315,333,347,347,364,364,364,364,364,289,321,351,363,480,492,521,547,559,119,119,119,119,96,143,170,170,187,199,212,212,212,212],"floor_reached":50,"playtime":2790,"items_purged":["Doubt"],"score":940,"play_id":"70be6304-03d2-46cf-8e6f-efe1f687c001","local_time":"20210111114839","is_ascension_mode":true,"campfire_choices":[{"data":"Inflame","floor":6,"key":"SMITH"},{"data":"Infernal Blade","floor":11,"key":"SMITH"},{"data":"Fire Breathing","floor":15,"key":"SMITH"},{"floor":23,"key":"RECALL"},{"floor":25,"key":"REST"},{"data":"Inflame","floor":28,"key":"SMITH"},{"floor":32,"key":"REST"},{"data":"Corruption","floor":41,"key":"SMITH"},{"data":"1","floor":45,"key":"LIFT"},{"floor":49,"key":"REST"}],"circlet_count":0,"master_deck":["AscendersBane","Strike_R+1","Strike_R","Strike_R","Strike_R+1","Defend_R","Defend_R+1","Defend_R","Defend_R","Bash+1","Inflame+1","Inflame+1","Infernal Blade+1","Fire Breathing+1","Wild Strike","Offering","Evolve","Flex+1","Power Through","Rage+1","Clothesline+1","Corruption+1","Reaper","Feel No Pain+1","Shrug It Off+1","Enlightenment","Mayhem","Wild Strike","Seeing Red","Second Wind+1","Shrug It Off+1"],"relics":["Burning Blood","Boot","Dead Branch","Omamori","Tiny House","Red Skull","Potion Belt","Red Mask","MawBank","Calling Bell","Centennial Puzzle","Sundial","Girya","Akabeko","Strange Spoon","Orichalcum","Bag of Marbles"],"acts_visited":["Exordium","TheCity","TheBeyond"],"potions_floor_usage":[16,18,19,22,40,46,50,50],"damage_taken":[{"damage":1,"enemies":"Cultist","floor":1,"turns":4},{"damage":0,"enemies":"2 Louse","floor":5,"turns":4},{"damage":32,"enemies":"Lagavulin","floor":7,"turns":6},{"damage":0,"enemies":"Small Slimes","floor":13,"turns":3},{"damage":6,"enemies":"3 Louse","floor":14,"turns":3},{"damage":6,"enemies":"Slime Boss","floor":16,"turns":5},{"damage":19,"enemies":"2 Thieves","floor":18,"turns":4},{"damage":17,"enemies":"Spheric Guardian","floor":19,"turns":3},{"damage":30,"enemies":"Snake Plant","floor":21,"turns":3},{"damage":17,"enemies":"Centurion and Healer","floor":22,"turns":6},{"damage":24,"enemies":"Sentry and Sphere","floor":24,"turns":4},{"damage":25,"enemies":"Masked Bandits","floor":30,"turns":3},{"damage":26,"enemies":"Gremlin Leader","floor":31,"turns":5},{"damage":18,"enemies":"Champ","floor":33,"turns":9},{"damage":7,"enemies":"3 Darklings","floor":35,"turns":2},{"damage":10,"enemies":"Orb Walker","floor":36,"turns":3},{"damage":0,"enemies":"Reptomancer","floor":40,"turns":2},{"damage":9,"enemies":"Giant Head","floor":44,"turns":6},{"damage":50,"enemies":"Jaw Worm Horde","floor":46,"turns":5},{"damage":26,"enemies":"Maw","floor":47,"turns":5},{"damage":11,"enemies":"Transient","floor":48,"turns":5},{"damage":108,"enemies":"Time Eater","floor":50,"turns":9}],"seed_played":"4554260776514772124","potions_obtained":[{"floor":7,"key":"Weak Potion"},{"floor":13,"key":"Fire Potion"},{"floor":14,"key":"Dexterity Potion"},{"floor":17,"key":"LiquidMemories"},{"floor":19,"key":"Fruit Juice"},{"floor":30,"key":"Energy Potion"},{"floor":31,"key":"SmokeBomb"},{"floor":35,"key":"Strength Potion"},{"floor":48,"key":"LiquidMemories"}],"is_trial":false,"path_per_floor":["M","?","?","?","M","R","E","?","T","?","R","$","M","M","R","B",null,"M","M","?","M","M","R","M","R","T","?","R","?","?","E","R","B",null,"M","M","?","$","?","E","R","$","T","E","R","M","M","M","R","B"],"character_chosen":"IRONCLAD","items_purchased":["Fire Breathing","Omamori","Mayhem","Akabeko","Strange Spoon","Wild Strike"],"campfire_rested":3,"item_purchase_floors":[12,12,38,38,38,42],"current_hp_per_floor":[77,77,61,61,67,67,41,41,41,41,41,41,47,47,47,47,77,64,58,100,76,65,65,47,77,77,77,77,77,58,38,68,56,89,88,91,91,91,91,97,97,97,97,100,100,56,36,47,77,0,0],"gold":212,"neow_bonus":"UPGRADE_CARD","is_daily":false,"chose_seed":false,"campfire_upgraded":5,"win_rate":0.0,"timestamp":1610362119,"path_taken":["M","?","?","?","M","R","E","?","T","?","R","?","M","M","R","BOSS","M","M","?","M","?","R","M","R","T","?","R","?","?","E","R","BOSS","M","M","?","$","?","E","R","$","T","E","R","?","M","M","R","BOSS"],"items_purchased_type":["Card","Relic","Card","Relic","Relic","Card"],"build_version":"2020-12-22","purchased_purges":1,"victory":false,"max_hp_per_floor":[80,80,80,80,80,80,80,80,80,80,80,80,80,80,80,80,85,85,90,100,100,100,100,100,100,100,100,100,100,100,100,100,100,100,100,100,100,100,100,100,100,100,100,100,100,100,100,100,100,100,100],"relic_stats":{"Strange Spoon":[33],"Centennial Puzzle":[21],"counters":[22,99],"Sundial":[4],"Dead Branch":[120],"Orichalcum":[54],"Boot":[11],"MawBank":84,"obtain_stats":[{"Potion Belt":27,"Girya":34,"Tiny House":17,"Dead Branch":8,"Omamori":12,"Orichalcum":43,"Boot":7,"MawBank":31,"Burning Blood":0,"Akabeko":38,"Calling Bell":34,"Strange Spoon":38,"Centennial Puzzle":34,"Sundial":34,"Red Mask":30,"Bag of Marbles":44,"Red Skull":26},{"Potion Belt":11,"Girya":14,"Tiny House":6,"Dead Branch":3,"Omamori":3,"Orichalcum":17,"Boot":3,"MawBank":13,"Burning Blood":0,"Akabeko":16,"Calling Bell":14,"Strange Spoon":16,"Centennial Puzzle":14,"Sundial":14,"Red Mask":12,"Bag of Marbles":18,"Red Skull":11},{"Potion Belt":45,"Girya":62,"Tiny House":25,"Dead Branch":14,"Omamori":14,"Orichalcum":69,"Boot":14,"MawBank":53,"Burning Blood":0,"Akabeko":67,"Calling Bell":62,"Strange Spoon":67,"Centennial Puzzle":62,"Sundial":62,"Red Mask":48,"Bag of Marbles":75,"Red Skull":45}],"Burning Blood":120},"card_choices":[{"not_picked":["Thunderclap","Flex"],"picked":"Inflame","floor":1},{"not_picked":["Warcry","Rampage"],"picked":"Inflame","floor":5},{"not_picked":["Warcry","Combust"],"picked":"Infernal Blade","floor":7},{"not_picked":["Shrug It Off","Headbutt"],"picked":"Wild Strike","floor":13},{"not_picked":["Power Through","Cleave"],"picked":"Offering","floor":14},{"not_picked":["Limit Break","Offering"],"picked":"Juggernaut","floor":16},{"not_picked":["Body Slam","Hemokinesis"],"picked":"Evolve","floor":17},{"not_picked":["Carnage","Dropkick"],"picked":"Flex+1","floor":18},{"not_picked":["Pommel Strike","Body Slam","Flex"],"picked":"SKIP","floor":19},{"not_picked":["Warcry","Evolve+1","Perfected Strike"],"picked":"SKIP","floor":21},{"not_picked":["Twin Strike+1","Heavy Blade"],"picked":"Power Through","floor":22},{"not_picked":["Disarm","Body Slam+1"],"picked":"Rage+1","floor":24},{"not_picked":["Hemokinesis","Bloodletting"],"picked":"Clothesline+1","floor":30},{"not_picked":["Dual Wield+1","Twin Strike+1"],"picked":"Corruption","floor":31},{"not_picked":["Brutality","Offering"],"picked":"Reaper","floor":33},{"not_picked":["Shockwave","Perfected Strike+1"],"picked":"Feel No Pain+1","floor":35},{"not_picked":["Dual Wield","True Grit"],"picked":"Shrug It Off+1","floor":36},{"not_picked":["PanicButton","Trip"],"picked":"Enlightenment","floor":37},{"not_picked":["Clothesline","Anger"],"picked":"Seeing Red","floor":44},{"not_picked":["Sword Boomerang","Flex+1"],"picked":"Second Wind+1","floor":46},{"not_picked":["Spot Weakness","Searing Blow","Intimidate"],"picked":"SKIP","floor":47},{"not_picked":["Brutality","Sword Boomerang"],"picked":"Shrug It Off+1","floor":48}],"player_experience":1104667,"relics_obtained":[{"floor":7,"key":"Boot"},{"floor":26,"key":"Red Skull"},{"floor":30,"key":"Red Mask"},{"floor":31,"key":"MawBank"},{"floor":34,"key":"Centennial Puzzle"},{"floor":34,"key":"Sundial"},{"floor":34,"key":"Girya"},{"floor":43,"key":"Orichalcum"},{"floor":44,"key":"Bag of Marbles"}],"event_choices":[{"damage_healed":0,"gold_gain":0,"player_choice":"Leave","damage_taken":0,"max_hp_gain":0,"max_hp_loss":0,"event_name":"The Cleric","floor":2,"gold_loss":0},{"damage_healed":0,"gold_gain":0,"player_choice":"Entered Light","damage_taken":16,"max_hp_gain":0,"max_hp_loss":0,"event_name":"Shining Light","floor":3,"gold_loss":0,"cards_upgraded":["Strike_R","Defend_R"]},{"damage_healed":0,"gold_gain":65,"player_choice":"Gained Gold","damage_taken":0,"max_hp_gain":0,"max_hp_loss":0,"event_name":"Golden Wing","floor":4,"gold_loss":0},{"damage_healed":0,"gold_gain":0,"player_choice":"Searched \u00272\u0027 times","damage_taken":0,"relics_obtained":["Dead Branch"],"max_hp_gain":0,"max_hp_loss":0,"event_name":"Dead Adventurer","floor":8,"gold_loss":0},{"damage_healed":0,"gold_gain":175,"player_choice":"AGREE","damage_taken":0,"max_hp_gain":0,"max_hp_loss":0,"event_name":"Liars Game","floor":10,"gold_loss":0,"cards_obtained":["Doubt"]},{"cards_removed":["Juggernaut"],"damage_healed":32,"gold_gain":0,"player_choice":"Offered Rare","damage_taken":0,"max_hp_gain":10,"max_hp_loss":0,"event_name":"Bonfire Elementals","floor":20,"gold_loss":0},{"damage_healed":0,"gold_gain":0,"player_choice":"Opened","damage_taken":0,"relics_obtained":["Potion Belt"],"max_hp_gain":0,"max_hp_loss":0,"event_name":"The Mausoleum","floor":27,"gold_loss":0},{"cards_removed":["Strike_R"],"damage_healed":0,"gold_gain":0,"player_choice":"Gave Gold","damage_taken":0,"max_hp_gain":0,"max_hp_loss":0,"event_name":"Beggar","floor":29,"gold_loss":75},{"damage_healed":0,"gold_gain":0,"player_choice":"Fought Bandits","damage_taken":0,"max_hp_gain":0,"max_hp_loss":0,"event_name":"Masked Bandits","floor":30,"gold_loss":0},{"damage_healed":0,"gold_gain":0,"player_choice":"Memory 1","damage_taken":0,"max_hp_gain":0,"max_hp_loss":0,"event_name":"SensoryStone","floor":37,"gold_loss":0},{"damage_healed":0,"gold_gain":0,"player_choice":"Bought 0 Potions","damage_taken":0,"max_hp_gain":0,"max_hp_loss":0,"event_name":"The Woman in Blue","floor":39,"gold_loss":0}],"is_beta":false,"boss_relics":[{"not_picked":["Runic Cube","SlaversCollar"],"picked":"Tiny House"},{"not_picked":["Philosopher\u0027s Stone","Empty Cage"],"picked":"Calling Bell"}],"items_purged_floors":[12],"is_endless":false,"potions_floor_spawned":[7,13,14,19,30,31,35,48],"killed_by":"Time Eater","ascension_level":10}}