{"host":"8anlmvy5ylhozj27","time":1610401904,"event":{"mods":["2.2 Compatiblity","Act Like it!","Aspiration","BaseMod","Best Route Mod","Better Match","Better Note","Better Sensory Stone","Better Skull","Better Third Choice","BetterRewards","Block Reminder","Colored Map","Colored Powertips","Conspire","Curses Come First","Duelist Mod","Energized Spire","GifTheSpireLib","Gold Saver","Halation","Hermit","Highlight Path","Hubris","Infinite Spire","Ironclad Rager","Minty Spire (QoL Compilation)","Permanent Neow","Quick Restart","Rare Cards Sparkle","Replay The Spire","Robot Space Explorer","Spicy Shops","StSLib","Stuff the Spire","The Bladedancer","The Blue Laboratory","The Disciple","The Exalted","The Necromancer","The Sage","Transform Curses","Wandering Minibosses","vexMod"],"gold_per_floor":[109,109,109,109,126,152,152,178,205,205,224,224,234,61,61,61,61],"floor_reached":16,"playtime":493,"items_purged":[],"score":108,"play_id":"6e4fa149-12a2-4d5e-8419-199c9aa412d9","local_time":"20210111225144","is_ascension_mode":false,"campfire_choices":[{"data":"RobotSpaceExplorer:HighVoltage","floor":7,"key":"SMITH"},{"data":"RobotSpaceExplorer:Blitz","floor":10,"key":"SMITH"},{"data":"RobotSpaceExplorer:Blitz","floor":15,"key":"SMITH"}],"circlet_count":0,"master_deck":["RobotSpaceExplorer:Strike","RobotSpaceExplorer:Strike","RobotSpaceExplorer:Strike","RobotSpaceExplorer:Strike","RobotSpaceExplorer:Defend","RobotSpaceExplorer:Defend","RobotSpaceExplorer:Defend","RobotSpaceExplorer:Scan","RobotSpaceExplorer:MiniLasers","RobotSpaceExplorer:Blitz+1","Injury","Double Tap+1","RobotSpaceExplorer:HighVoltage+1","RobotSpaceExplorer:JunkDive+1","RobotSpaceExplorer:Fix+1","RobotSpaceExplorer:SurgingStrike","RobotSpaceExplorer:PowerCollector","RobotSpaceExplorer:Blitz+1","ReplayTheSpireMod:Private Reserves+1"],"relics":["RobotSpaceExplorer:RoboCore","Toxic Egg 2","Bromod:ArcaneConsequence","halation:LettersToHer","Replay:Mystery Machine","infinitespire:Joker Card"],"acts_visited":["Exordium"],"potions_floor_usage":[],"damage_taken":[{"damage":0,"enemies":"Small Slimes","floor":1,"turns":4},{"damage":0,"enemies":"2 Louse","floor":5,"turns":4},{"damage":15,"enemies":"3 Sentries","floor":6,"turns":5},{"damage":33,"enemies":"Gremlin Nob","floor":8,"turns":5},{"damage":0,"enemies":"Cultist","floor":11,"turns":1},{"damage":0,"enemies":"Blue Slaver","floor":13,"turns":2},{"damage":0,"enemies":"Fading Forest","floor":16,"turns":1}],"seed_played":"-2832620502614023680","potions_obtained":[{"floor":5,"key":"SteroidPotion"},{"floor":6,"key":"ColorlessPotion"},{"floor":11,"key":"Flashbang"},{"floor":13,"key":"Elixir"}],"is_trial":false,"path_per_floor":["M","?","?","?","M","E","R","E","T","R","M","?","M","$","R","B"],"character_chosen":"RobotSpaceExplorer","items_purchased":["RobotSpaceExplorer:Blitz","ReplayTheSpireMod:Private Reserves+1"],"campfire_rested":0,"item_purchase_floors":[14,14],"current_hp_per_floor":[75,75,80,80,80,65,65,32,32,32,32,32,32,32,32,32,32],"gold":61,"neow_bonus":"RANDOM_EVENT","is_daily":false,"chose_seed":false,"campfire_upgraded":3,"win_rate":0.0,"timestamp":1610401904,"path_taken":["M","?","?","?","M","E","R","E","T","R","?","?","?","$","R","BOSS"],"items_purchased_type":["Card","Card"],"build_version":"2020-12-22","purchased_purges":0,"victory":false,"max_hp_per_floor":[75,75,80,80,80,80,80,80,80,80,80,80,80,80,80,80,80],"card_choices":[{"not_picked":["RobotSpaceExplorer:SwiftStep","RobotSpaceExplorer:Counterblock"],"picked":"RobotSpaceExplorer:Blitz","floor":1},{"not_picked":["RobotSpaceExplorer:ShovelStrike","RobotSpaceExplorer:GlueSpray+1"],"picked":"RobotSpaceExplorer:HighVoltage","floor":5},{"not_picked":["RobotSpaceExplorer:Blitz","RobotSpaceExplorer:ExhaustFan"],"picked":"RobotSpaceExplorer:JunkDive+1","floor":6},{"not_picked":["RobotSpaceExplorer:IronShell+1","RobotSpaceExplorer:MiniDrones"],"picked":"RobotSpaceExplorer:Fix+1","floor":8},{"not_picked":["RobotSpaceExplorer:RigExplosive+1","RobotSpaceExplorer:StunGrenade"],"picked":"RobotSpaceExplorer:SurgingStrike","floor":11},{"not_picked":["RobotSpaceExplorer:ImprovisedAttack","RobotSpaceExplorer:MiniDrones"],"picked":"RobotSpaceExplorer:PowerCollector","floor":13}],"player_experience":148303,"relics_obtained":[{"floor":6,"key":"Bromod:ArcaneConsequence"},{"floor":8,"key":"halation:LettersToHer"},{"floor":9,"key":"halation:LettersToHer"},{"floor":9,"key":"Replay:Mystery Machine"}],"event_choices":[{"damage_healed":0,"gold_gain":0,"player_choice":"Donut","damage_taken":0,"max_hp_gain":5,"max_hp_loss":0,"event_name":"Big Fish","floor":3,"gold_loss":0},{"cards_removed":["RobotSpaceExplorer:MiniLasers"],"damage_healed":0,"gold_gain":0,"player_choice":"Take \u0026 Give","damage_taken":0,"max_hp_gain":0,"max_hp_loss":0,"event_name":"betterNote:BetterNote","floor":4,"gold_loss":0,"cards_obtained":["Double Tap"]},{"damage_healed":0,"gold_gain":0,"player_choice":"Gave Potion","damage_taken":0,"relics_obtained":["infinitespire:Joker Card"],"max_hp_gain":0,"max_hp_loss":0,"event_name":"WeMeetAgain","floor":12,"gold_loss":0}],"is_beta":false,"boss_relics":[],"items_purged_floors":[],"is_endless":false,"potions_floor_spawned":[5,6,11,13],"killed_by":"Fading Forest","ascension_level":0}}