{"host":"1c17lcvl7acx821p","time":1610373369,"event":{"mods":["AchievementEnabler","BaseMod","Colored Map","Minty Spire (QoL Compilation)","StSLib"],"gold_per_floor":[217,217,235,246,246,246,280,8,34,34,65,65,109,109,109,234,234,250,19,33,49,74,112,112,147,147,168,168,293,329,349,349,473,473,487,506,171,171,171,171,204,223,277,320,341,364,389,433,433,433],"floor_reached":51,"playtime":2512,"items_purged":["Strike_R","Strike_R"],"score":1307,"play_id":"45def54f-2ca2-45d5-bfc7-87d545ec5c1d","local_time":"20210111155609","is_ascension_mode":true,"campfire_choices":[{"data":"Twin Strike","floor":6.0,"key":"SMITH"},{"data":"Flex","floor":12.0,"key":"SMITH"},{"data":"Panacea","floor":15.0,"key":"SMITH"},{"data":"Uppercut","floor":24.0,"key":"SMITH"},{"floor":28.0,"key":"REST"},{"data":"Heavy Blade","floor":32.0,"key":"SMITH"},{"data":"Limit Break","floor":40.0,"key":"SMITH"},{"floor":49,"key":"REST"}],"circlet_count":0,"master_deck":["Strike_R","Strike_R+1","Defend_R","Defend_R+1","Defend_R","Defend_R","Bash","Thunderclap","Twin Strike+1","Flex+1","Juggernaut","Panacea+1","Heavy Blade+1","Uppercut+1","Offering","Second Wind+1","Shrug It Off+1","Feel No Pain","Inflame","Inflame","Limit Break+1","Inflame","Demon Form","Sentinel+1"],"relics":["Burning Blood","Bag of Preparation","Lee\u0027s Waffle","Vajra","Golden Idol","Darkstone Periapt","Anchor","Singing Bowl","Velvet Choker","Orrery","White Beast Statue","StoneCalendar","Sundial","Prayer Wheel","Pantograph","Gremlin Horn","Busted Crown","Membership Card","Boot","Dream Catcher","Pear","FossilizedHelix"],"acts_visited":["Exordium","TheCity","TheBeyond"],"potions_floor_usage":[48,50,50,50],"damage_taken":[{"damage":5.0,"enemies":"Small Slimes","floor":1.0,"turns":3.0},{"damage":1.0,"enemies":"Cultist","floor":3.0,"turns":3.0},{"damage":0.0,"enemies":"2 Louse","floor":4.0,"turns":3.0},{"damage":29.0,"enemies":"3 Sentries","floor":7.0,"turns":9.0},{"damage":17.0,"enemies":"Lagavulin","floor":11.0,"turns":5.0},{"damage":22.0,"enemies":"3 Sentries","floor":13.0,"turns":5.0},{"damage":25.0,"enemies":"The Guardian","floor":16.0,"turns":9.0},{"damage":19.0,"enemies":"3 Byrds","floor":18.0,"turns":4.0},{"damage":17.0,"enemies":"Shell Parasite","floor":20.0,"turns":4.0},{"damage":6.0,"enemies":"Snake Plant","floor":21.0,"turns":2.0},{"damage":22.0,"enemies":"Shelled Parasite and Fungi","floor":22.0,"turns":4.0},{"damage":21.0,"enemies":"Book of Stabbing","floor":23.0,"turns":4.0},{"damage":20.0,"enemies":"Slavers","floor":25.0,"turns":4.0},{"damage":7.0,"enemies":"3 Cultists","floor":27.0,"turns":5.0},{"damage":10.0,"enemies":"Colosseum Slavers","floor":29.0,"turns":4.0},{"damage":2.0,"enemies":"Colosseum Nobs","floor":29.0,"turns":5.0},{"damage":23.0,"enemies":"Gremlin Leader","floor":30.0,"turns":6.0},{"damage":14.0,"enemies":"Snecko","floor":31.0,"turns":3.0},{"damage":26.0,"enemies":"Collector","floor":33.0,"turns":5.0},{"damage":10.0,"enemies":"3 Darklings","floor":35.0,"turns":4.0},{"damage":9.0,"enemies":"3 Shapes","floor":36.0,"turns":5.0},{"damage":38.0,"enemies":"Nemesis","floor":41.0,"turns":5.0},{"damage":28.0,"enemies":"Writhing Mass","floor":42.0,"turns":5.0},{"damage":6.0,"enemies":"Giant Head","floor":44.0,"turns":4.0},{"damage":34.0,"enemies":"3 Darklings","floor":45.0,"turns":4.0},{"damage":16.0,"enemies":"Jaw Worm Horde","floor":46.0,"turns":3.0},{"damage":11.0,"enemies":"Transient","floor":47.0,"turns":5.0},{"damage":54,"enemies":"Reptomancer","floor":48,"turns":4},{"damage":74,"enemies":"Donu and Deca","floor":50,"turns":7}],"seed_played":"3040500497400559469","potions_obtained":[{"floor":3.0,"key":"PowerPotion"},{"floor":7.0,"key":"BloodPotion"},{"floor":11.0,"key":"FearPotion"},{"floor":16.0,"key":"Energy Potion"},{"floor":20.0,"key":"LiquidMemories"},{"floor":23.0,"key":"LiquidBronze"},{"floor":25.0,"key":"DistilledChaos"},{"floor":27.0,"key":"PowerPotion"},{"floor":29.0,"key":"Dexterity Potion"},{"floor":30.0,"key":"LiquidMemories"},{"floor":31.0,"key":"PowerPotion"},{"floor":33.0,"key":"LiquidBronze"},{"floor":36.0,"key":"FearPotion"},{"floor":41.0,"key":"BloodPotion"},{"floor":42.0,"key":"GamblersBrew"},{"floor":44.0,"key":"EssenceOfSteel"},{"floor":45.0,"key":"GamblersBrew"},{"floor":46.0,"key":"Ancient Potion"},{"floor":47.0,"key":"BloodPotion"},{"floor":48,"key":"Swift Potion"}],"is_trial":false,"path_per_floor":["M","?","M","M","?","R","E","$","T","?","E","R","E","T","R","B",null,"M","$","M","M","M","E","R","E","T","M","R","?","E","M","R","B",null,"M","M","$","?","?","R","E","M","T","E","M","M","M","E","R","B",null],"character_chosen":"IRONCLAD","items_purchased":["Lee\u0027s Waffle","Panacea","Heavy Blade","Orrery","Membership Card","Inflame","Master of Strategy"],"campfire_rested":2,"item_purchase_floors":[8,8,8,19,37,37,37],"current_hp_per_floor":[73,73,78,80,64,64,41,87,87,81,70,70,54,54,54,35,70,59,65,73,75,61,48,48,34,34,35,64,66,51,43,43,48,89,89,90,90,90,90,90,60,64,64,74,50,44,43,24,68,25],"gold":433,"neow_bonus":"HUNDRED_GOLD","is_daily":false,"chose_seed":false,"campfire_upgraded":6,"win_rate":0.0,"timestamp":1610373369,"path_taken":["M","?","M","?","?","R","E","$","T","?","E","R","E","?","R","BOSS","M","$","M","M","M","E","R","E","T","M","R","?","E","M","R","BOSS","M","M","$","?","?","R","E","M","T","E","?","M","M","E","R","BOSS"],"items_purchased_type":["Relic","Card","Card","Relic","Relic","Card","Card"],"build_version":"2020-12-22","purchased_purges":2,"victory":true,"max_hp_per_floor":[80,80,80,80,80,80,80,87,87,81,81,81,81,81,81,81,81,83,89,91,93,95,97,97,97,97,99,99,101,103,103,103,103,103,107,111,111,111,111,111,113,117,117,127,131,135,139,141,143,143],"card_choices":[{"not_picked":["Sword Boomerang","Bloodletting"],"picked":"Thunderclap","floor":1.0},{"not_picked":["Sever Soul","Headbutt"],"picked":"Twin Strike","floor":3.0},{"not_picked":["Sword Boomerang","Rampage"],"picked":"Flex","floor":4.0},{"not_picked":["Armaments","Clash"],"picked":"Juggernaut","floor":7.0},{"not_picked":["Pommel Strike","Headbutt","Thunderclap"],"picked":"SKIP","floor":11.0},{"not_picked":["Searing Blow","Cleave"],"picked":"Uppercut","floor":13.0},{"not_picked":["Juggernaut","Corruption"],"picked":"Offering","floor":16.0},{"not_picked":["Blood for Blood","Headbutt+1","Infernal Blade"],"picked":"Singing Bowl","floor":18.0},{"not_picked":["Heavy Blade+1","Entrench+1","Infernal Blade+1"],"picked":"Singing Bowl","floor":19.0},{"not_picked":["Clothesline","Wild Strike+1"],"picked":"Second Wind+1","floor":19.0},{"not_picked":["Berserk","Cleave","Pommel Strike"],"picked":"Singing Bowl","floor":19.0},{"not_picked":["Flex","Thunderclap"],"picked":"Shrug It Off+1","floor":19.0},{"not_picked":["Flame Barrier","Thunderclap","Anger"],"picked":"Singing Bowl","floor":19.0},{"not_picked":["Sentinel","Searing Blow+1","Pommel Strike"],"picked":"Singing Bowl","floor":20.0},{"not_picked":["Iron Wave","Fiend Fire","Flex"],"picked":"Singing Bowl","floor":21.0},{"not_picked":["Searing Blow","Dual Wield","Combust"],"picked":"Singing Bowl","floor":22.0},{"not_picked":["Pummel+1","Fire Breathing","Cleave+1"],"picked":"Singing Bowl","floor":23.0},{"not_picked":["Shrug It Off+1","Carnage"],"picked":"Feel No Pain","floor":25.0},{"not_picked":["Headbutt+1","Perfected Strike+1","Iron Wave+1"],"picked":"Singing Bowl","floor":27.0},{"not_picked":["Rampage","Twin Strike","Pommel Strike+1"],"picked":"Singing Bowl","floor":29.0},{"not_picked":["Juggernaut","Wild Strike","Shockwave"],"picked":"Singing Bowl","floor":30.0},{"not_picked":["Pommel Strike","Clash+1"],"picked":"Inflame","floor":31.0},{"not_picked":["Carnage","Clash"],"picked":"Inflame","floor":31.0},{"not_picked":["Impervious","Juggernaut"],"picked":"Limit Break","floor":33.0},{"not_picked":["Reckless Charge+1"],"picked":"Singing Bowl","floor":35.0},{"not_picked":["Sever Soul+1"],"picked":"Singing Bowl","floor":35.0},{"not_picked":["Clash+1"],"picked":"Singing Bowl","floor":36.0},{"not_picked":["Havoc"],"picked":"Singing Bowl","floor":36.0},{"not_picked":["Shrug It Off"],"picked":"Singing Bowl","floor":41.0},{"not_picked":["Power Through"],"picked":"Singing Bowl","floor":42.0},{"not_picked":["Seeing Red"],"picked":"Singing Bowl","floor":42.0},{"not_picked":[],"picked":"Sentinel+1","floor":44.0},{"not_picked":["Thunderclap+1"],"picked":"Singing Bowl","floor":45.0},{"not_picked":["Pummel+1"],"picked":"Singing Bowl","floor":45.0},{"not_picked":["Perfected Strike+1"],"picked":"Singing Bowl","floor":46.0},{"not_picked":["Carnage"],"picked":"Singing Bowl","floor":46.0},{"not_picked":["Anger+1"],"picked":"Singing Bowl","floor":47.0},{"not_picked":["Feed"],"picked":"Singing Bowl","floor":47.0},{"not_picked":["Whirlwind+1"],"picked":"Singing Bowl","floor":48},{"not_picked":["Pummel"],"picked":"Singing Bowl","floor":49}],"player_experience":40575,"relics_obtained":[{"floor":7.0,"key":"Bag of Preparation"},{"floor":9.0,"key":"Vajra"},{"floor":11.0,"key":"Darkstone Periapt"},{"floor":13.0,"key":"Anchor"},{"floor":14.0,"key":"Singing Bowl"},{"floor":23.0,"key":"White Beast Statue"},{"floor":25.0,"key":"StoneCalendar"},{"floor":26.0,"key":"Sundial"},{"floor":29.0,"key":"Prayer Wheel"},{"floor":29.0,"key":"Pantograph"},{"floor":30.0,"key":"Gremlin Horn"},{"floor":41.0,"key":"Boot"},{"floor":43.0,"key":"Dream Catcher"},{"floor":44.0,"key":"Pear"},{"floor":48,"key":"FossilizedHelix"}],"event_choices":[{"cards_removed":["Strike_R"],"damage_healed":0.0,"max_hp_gain":0.0,"max_hp_loss":0.0,"gold_gain":0.0,"event_name":"Purifier","player_choice":"Purged","floor":2.0,"gold_loss":0.0,"damage_taken":0.0},{"damage_healed":0.0,"max_hp_gain":0.0,"max_hp_loss":0.0,"gold_gain":0.0,"event_name":"Shining Light","player_choice":"Entered Light","floor":5.0,"gold_loss":0.0,"damage_taken":16.0,"cards_upgraded":["Defend_R","Strike_R"]},{"damage_healed":0.0,"max_hp_gain":0.0,"max_hp_loss":6.0,"gold_gain":0.0,"event_name":"Golden Idol","player_choice":"Lose Max HP","floor":10.0,"gold_loss":0.0,"damage_taken":0.0,"relics_obtained":["Golden Idol"]},{"damage_healed":0.0,"max_hp_gain":0.0,"max_hp_loss":0.0,"gold_gain":0.0,"event_name":"Colosseum","player_choice":"Fight","floor":29.0,"gold_loss":0.0,"damage_taken":0.0},{"damage_healed":0.0,"max_hp_gain":0.0,"max_hp_loss":0.0,"gold_gain":0.0,"event_name":"Colosseum","player_choice":"Fought Nobs","floor":29.0,"gold_loss":0.0,"damage_taken":0.0},{"cards_removed":["Master of Strategy"],"damage_healed":0.0,"max_hp_gain":0.0,"max_hp_loss":0.0,"gold_gain":0.0,"event_name":"Falling","player_choice":"Removed Skill","floor":38.0,"gold_loss":0.0,"damage_taken":0.0},{"damage_healed":0.0,"max_hp_gain":0.0,"max_hp_loss":0.0,"gold_gain":0.0,"event_name":"Match and Keep!","player_choice":"1 cards matched","floor":39.0,"gold_loss":0.0,"damage_taken":0.0,"cards_obtained":["Demon Form"]}],"is_beta":false,"boss_relics":[{"not_picked":["Runic Dome","Snecko Eye"],"picked":"Velvet Choker"},{"not_picked":["SlaversCollar","Fusion Hammer"],"picked":"Busted Crown"}],"items_purged_floors":[19,37],"is_endless":false,"potions_floor_spawned":[3,7,11,16,20,23,25,27,29,29,30,31,33,35,36,41,42,44,45,46,47,48],"ascension_level":9}}