{"host":"5ezk7t18wcb10u1o","time":1610401523,"event":{"mods":["BaseMod","Bestiary","Colored Powertips","Minty Spire (QoL Compilation)","Relic Sorter"],"gold_per_floor":[117,137,117,135,154,154,164,164,191,202,217,246,78,78,78,152,152,170,190,201,251,266,266,266,266,290,306,306,306],"floor_reached":28,"playtime":1374,"items_purged":[],"score":448,"play_id":"4c438017-deb5-448b-b3bf-c9261560393b","local_time":"20210111214523","is_ascension_mode":true,"campfire_choices":[{"data":"Static Discharge","floor":6,"key":"SMITH"},{"data":"Streamline","floor":8,"key":"SMITH"},{"floor":15,"key":"REST"},{"floor":23,"key":"REST"}],"circlet_count":0,"master_deck":["AscendersBane","Strike_B","Strike_B","Strike_B","Strike_B","Defend_B","Defend_B","Defend_B","Defend_B","Zap","Dualcast+1","Sweeping Beam","Gash","Static Discharge+1","Cold Snap","Streamline+1","Gash","Leap","Seek","Hologram","Beam Cell","Leap"],"relics":["Cracked Core","Akabeko","DataDisk","Happy Flower","Runic Pyramid","Bronze Scales"],"acts_visited":["Exordium","TheCity"],"potions_floor_usage":[5,10,11,12,18,20,28],"damage_taken":[{"damage":3,"enemies":"2 Louse","floor":1,"turns":3},{"damage":2,"enemies":"Cultist","floor":2,"turns":4},{"damage":7,"enemies":"Jaw Worm","floor":4,"turns":3},{"damage":3,"enemies":"Large Slime","floor":5,"turns":4},{"damage":2,"enemies":"2 Fungi Beasts","floor":7,"turns":3},{"damage":0,"enemies":"3 Louse","floor":10,"turns":1},{"damage":0,"enemies":"Looter","floor":11,"turns":1},{"damage":31,"enemies":"Lagavulin","floor":12,"turns":5},{"damage":20,"enemies":"Slime Boss","floor":16,"turns":8},{"damage":6,"enemies":"Chosen","floor":18,"turns":4},{"damage":24,"enemies":"Shell Parasite","floor":19,"turns":4},{"damage":11,"enemies":"Sentry and Sphere","floor":20,"turns":5},{"damage":27,"enemies":"Centurion and Healer","floor":22,"turns":6},{"damage":9,"enemies":"3 Cultists","floor":27,"turns":4},{"damage":18,"enemies":"Shelled Parasite and Fungi","floor":28,"turns":1}],"seed_played":"-4641749330315734182","potions_obtained":[{"floor":2,"key":"Block Potion"},{"floor":3,"key":"GamblersBrew"},{"floor":7,"key":"AttackPotion"},{"floor":10,"key":"SpeedPotion"},{"floor":11,"key":"Regen Potion"},{"floor":18,"key":"Fruit Juice"},{"floor":19,"key":"PotionOfCapacity"},{"floor":22,"key":"Swift Potion"}],"is_trial":false,"path_per_floor":["M","M","?","M","M","R","M","R","T","M","M","E","$","?","R","B",null,"M","M","M","?","M","R","$","?","T","M","M"],"character_chosen":"DEFECT","items_purchased":["Happy Flower"],"campfire_rested":2,"item_purchase_floors":[13],"current_hp_per_floor":[61,59,59,52,49,49,47,47,47,47,47,30,30,35,57,37,66,65,41,30,30,3,27,27,27,27,18,0,0],"gold":306,"neow_bonus":"UPGRADE_CARD","is_daily":false,"chose_seed":false,"campfire_upgraded":2,"win_rate":0.0,"timestamp":1610401523,"path_taken":["M","M","?","M","?","R","M","R","T","M","M","E","$","?","R","BOSS","M","M","M","?","M","R","$","?","T","M","M"],"items_purchased_type":["Relic"],"build_version":"2020-12-22","purchased_purges":0,"victory":false,"max_hp_per_floor":[71,71,71,71,71,71,71,71,71,71,71,71,71,76,76,76,76,81,81,81,81,81,81,81,81,81,81,81,81],"card_choices":[{"not_picked":["Gash","Beam Cell"],"picked":"Sweeping Beam","floor":1},{"not_picked":["Storm","Double Energy"],"picked":"Gash","floor":2},{"not_picked":["Barrage","Steam"],"picked":"Static Discharge","floor":4},{"not_picked":["Hologram","Sweeping Beam"],"picked":"Cold Snap","floor":5},{"not_picked":["Storm","Hyperbeam"],"picked":"Streamline","floor":7},{"not_picked":["Beam Cell","Streamline"],"picked":"Gash","floor":10},{"not_picked":["Rip and Tear","Streamline","Aggregate"],"picked":"SKIP","floor":11},{"not_picked":["Cold Snap","Heatsinks"],"picked":"Leap","floor":12},{"not_picked":["Creative AI","Meteor Strike"],"picked":"Seek","floor":16},{"not_picked":["Skim","Redo"],"picked":"Hologram","floor":18},{"not_picked":["Undo","Barrage","Tempest+1"],"picked":"SKIP","floor":19},{"not_picked":["Reprogram","Stack","Ball Lightning"],"picked":"SKIP","floor":20},{"not_picked":["Rainbow","Stack"],"picked":"Beam Cell","floor":22},{"not_picked":["Double Energy","Barrage+1"],"picked":"Leap","floor":27}],"player_experience":1117714,"relics_obtained":[{"floor":9,"key":"Akabeko"},{"floor":12,"key":"DataDisk"},{"floor":26,"key":"Bronze Scales"}],"event_choices":[{"damage_healed":0,"gold_gain":0,"player_choice":"Bought 1 Potion","damage_taken":0,"max_hp_gain":0,"max_hp_loss":0,"event_name":"The Woman in Blue","floor":3,"gold_loss":0},{"damage_healed":0,"gold_gain":0,"player_choice":"Donut","damage_taken":0,"max_hp_gain":5,"max_hp_loss":0,"event_name":"Big Fish","floor":14,"gold_loss":0},{"damage_healed":0,"gold_gain":50,"player_choice":"Stole From Cult","damage_taken":0,"max_hp_gain":0,"max_hp_loss":0,"event_name":"Nest","floor":21,"gold_loss":0},{"damage_healed":0,"gold_gain":0,"player_choice":"Ignored","damage_taken":0,"max_hp_gain":0,"max_hp_loss":0,"event_name":"Cursed Tome","floor":25,"gold_loss":0}],"is_beta":false,"boss_relics":[{"not_picked":["Philosopher\u0027s Stone","Calling Bell"],"picked":"Runic Pyramid"}],"items_purged_floors":[],"is_endless":false,"potions_floor_spawned":[2,7,10,11,18,19,22],"killed_by":"Shelled Parasite and Fungi","ascension_level":20}}