{"host":"i0avyit1s6jb1siw","time":1610392365,"event":{"mods":["BaseMod","DeckTracker","Dota2Spire","Highlight Path","Minty Spire (QoL Compilation)","Quick Restart","StSLib","SuperFastMode"],"gold_per_floor":[109,124,72,72,21,52,52,91,114,147,147,147,72,85,85,183,183,199,212,28,51,70,70,105,105,129,167,182,218,218,234,234,330,330,343,343,364,385,174,214,229,265,289,314,339,339,339,364,364,364,364,364,364,39,80,80],"floor_reached":57,"playtime":2332,"items_purged":["Strike_G","Strike_G","Dagger Spray+1","Endless Agony+1"],"score":3084,"play_id":"b77c2de8-9baa-4dac-aad1-fcfdde10a692","local_time":"20210111201245","is_ascension_mode":true,"campfire_choices":[{"floor":7.0,"key":"REST"},{"floor":12.0,"key":"REST"},{"floor":15.0,"key":"RECALL"},{"floor":23.0,"key":"REST"},{"floor":30.0,"key":"REST"},{"floor":32.0,"key":"REST"},{"floor":46.0,"key":"REST"},{"floor":49.0,"key":"REST"},{"floor":53,"key":"REST"}],"circlet_count":0,"master_deck":["AscendersBane","Defend_G","Defend_G","Defend_G","Survivor","Neutralize+1","Masterful Stab+1","Crippling Poison+1","Blade Dance+1","Reflex+1","Backflip+1","Grand Finale+1","Acrobatics+1","A Thousand Cuts+1","Accuracy+1","Well Laid Plans+1","Prepared+1","Prepared+1","Adrenaline+1","Footwork+1","Wraith Form v2+1","Footwork+1","Reflex+1","Calculated Gamble+1","Tactician+1","Wraith Form v2+1","Tactician+1","Footwork+1"],"relics":["Fusion Hammer","Toxic Egg 2","Frozen Egg 2","Molten Egg 2","Golden Idol","Dream Catcher","Dota2Spire:ArcaneBoots","Nunchaku","Question Card","Empty Cage","Smiling Mask","Anchor","Dota2Spire:PhaseBoots","Incense Burner","Astrolabe","OrangePellets","Vajra","Dota2Spire:Butterfly","Membership Card","Bag of Preparation","Bottled Tornado"],"acts_visited":["Exordium","TheCity","TheBeyond","TheEnding"],"potions_floor_usage":[51,56],"damage_taken":[{"damage":2.0,"enemies":"Small Slimes","floor":1.0,"turns":4.0},{"damage":12.0,"enemies":"Jaw Worm","floor":2.0,"turns":2.0},{"damage":2.0,"enemies":"Lagavulin","floor":6.0,"turns":7.0},{"damage":19.0,"enemies":"3 Sentries","floor":8.0,"turns":7.0},{"damage":1.0,"enemies":"Gremlin Nob","floor":10.0,"turns":3.0},{"damage":0.0,"enemies":"2 Louse","floor":14.0,"turns":2.0},{"damage":30.0,"enemies":"Slime Boss","floor":16.0,"turns":9.0},{"damage":7.0,"enemies":"Spheric Guardian","floor":18.0,"turns":4.0},{"damage":0.0,"enemies":"3 Byrds","floor":19.0,"turns":3.0},{"damage":8.0,"enemies":"Snecko","floor":21.0,"turns":4.0},{"damage":9.0,"enemies":"Shelled Parasite and Fungi","floor":22.0,"turns":3.0},{"damage":13.0,"enemies":"Book of Stabbing","floor":24.0,"turns":3.0},{"damage":16.0,"enemies":"Slavers","floor":27.0,"turns":4.0},{"damage":0.0,"enemies":"Sentry and Sphere","floor":28.0,"turns":2.0},{"damage":4.0,"enemies":"Gremlin Leader","floor":29.0,"turns":4.0},{"damage":8.0,"enemies":"Snecko","floor":31.0,"turns":3.0},{"damage":0.0,"enemies":"Automaton","floor":33.0,"turns":5.0},{"damage":0.0,"enemies":"Orb Walker","floor":35.0,"turns":1.0},{"damage":3.0,"enemies":"3 Shapes","floor":37.0,"turns":3.0},{"damage":0.0,"enemies":"Sphere and 2 Shapes","floor":38.0,"turns":3.0},{"damage":0.0,"enemies":"Nemesis","floor":40.0,"turns":5.0},{"damage":3.0,"enemies":"Writhing Mass","floor":41.0,"turns":2.0},{"damage":0.0,"enemies":"Reptomancer","floor":42.0,"turns":2.0},{"damage":4.0,"enemies":"Transient","floor":44.0,"turns":3.0},{"damage":0.0,"enemies":"3 Darklings","floor":45.0,"turns":2.0},{"damage":0.0,"enemies":"4 Shapes","floor":48.0,"turns":1.0},{"damage":0.0,"enemies":"Donu and Deca","floor":50.0,"turns":2.0},{"damage":30,"enemies":"Time Eater","floor":51,"turns":12},{"damage":13,"enemies":"Shield and Spear","floor":55,"turns":3},{"damage":20,"enemies":"The Heart","floor":56,"turns":7}],"seed_played":"-4846621851314052990","potions_obtained":[{"floor":1.0,"key":"Swift Potion"},{"floor":8.0,"key":"AttackPotion"},{"floor":14.0,"key":"Explosive Potion"},{"floor":21.0,"key":"Block Potion"},{"floor":27.0,"key":"SkillPotion"},{"floor":28.0,"key":"Block Potion"},{"floor":31.0,"key":"SkillPotion"},{"floor":35.0,"key":"Block Potion"},{"floor":44.0,"key":"BlessingOfTheForge"}],"is_trial":false,"path_per_floor":["M","M","$","?","$","E","R","E","T","E","?","R","$","M","R","B",null,"M","M","$","M","M","R","E","?","T","E","M","E","R","M","R","B",null,"M","?","M","M","$","E","M","E","T","M","M","R","?","M","R","B","B",null,"R","$","E","B",null],"character_chosen":"THE_SILENT","items_purchased":["Blade Dance+1","Dagger Spray+1","Well Laid Plans+1","OrangePellets","Membership Card","Bag of Preparation","Energy Potion"],"campfire_rested":8,"item_purchase_floors":[3,5,20,39,54,54,54],"current_hp_per_floor":[57,45,45,45,45,43,60,41,41,40,40,58,58,58,58,28,52,45,45,45,37,28,46,33,33,33,17,17,13,31,23,41,41,55,55,55,52,52,52,52,49,49,49,45,45,60,50,50,60,60,30,53,60,60,47,27],"gold":80,"neow_bonus":"BOSS_RELIC","is_daily":false,"chose_seed":false,"campfire_upgraded":0,"win_rate":0.0,"timestamp":1610392365,"path_taken":["M","M","$","?","$","E","R","E","T","E","?","R","$","?","R","BOSS","M","M","$","M","M","R","E","?","T","E","M","E","R","M","R","BOSS","M","?","M","?","$","E","?","E","T","M","M","R","?","M","R","BOSS","BOSS","R","$","E","BOSS"],"items_purchased_type":["Card","Card","Card","Relic","Relic","Relic","Potion"],"build_version":"2020-12-22","purchased_purges":4,"victory":true,"max_hp_per_floor":[66,66,66,60,60,60,60,60,60,60,60,60,60,60,60,60,60,60,60,60,60,60,60,60,60,60,60,60,60,60,60,60,60,60,60,60,60,60,60,60,60,60,60,60,60,60,60,60,60,60,60,60,60,60,60,60],"card_choices":[{"not_picked":["PiercingWail+1","Tactician+1"],"picked":"Masterful Stab+1","floor":1.0},{"not_picked":["Choke+1","PiercingWail+1"],"picked":"Crippling Poison+1","floor":2.0},{"not_picked":["Sucker Punch+1","Dodge and Roll+1"],"picked":"Endless Agony+1","floor":6.0},{"not_picked":["Dagger Throw+1","Heel Hook+1"],"picked":"Reflex+1","floor":7.0},{"not_picked":["Quick Slash+1","PiercingWail+1"],"picked":"Backflip+1","floor":8.0},{"not_picked":["Leg Sweep+1","Underhanded Strike+1"],"picked":"Grand Finale+1","floor":10.0},{"not_picked":["Crippling Poison+1","Reflex+1","Flying Knee+1"],"picked":"Acrobatics+1","floor":14.0},{"not_picked":["Phantasmal Killer+1","Storm of Steel+1","Tools of the Trade+1"],"picked":"A Thousand Cuts+1","floor":16.0},{"not_picked":["Reflex+1","Backflip+1","Blade Dance+1"],"picked":"Accuracy+1","floor":18.0},{"not_picked":["Endless Agony+1","Poisoned Stab+1","Backflip+1","Slice+1"],"picked":"SKIP","floor":19.0},{"not_picked":["Deadly Poison+1","Distraction+1","Predator+1","Bane+1"],"picked":"SKIP","floor":21.0},{"not_picked":["Quick Slash+1","PiercingWail+1","Cloak And Dagger+1"],"picked":"Prepared+1","floor":22.0},{"not_picked":["Bane+1","Sucker Punch+1","Expertise+1","Heel Hook+1"],"picked":"SKIP","floor":24.0},{"not_picked":["Cloak And Dagger+1","Poisoned Stab+1","Acrobatics+1","Deadly Poison+1"],"picked":"SKIP","floor":27.0},{"not_picked":["Predator+1","Finisher+1","Acrobatics+1","Cloak And Dagger+1"],"picked":"SKIP","floor":28.0},{"not_picked":["Backflip+1","Poisoned Stab+1","Outmaneuver+1","Leg Sweep+1"],"picked":"SKIP","floor":29.0},{"not_picked":["Dagger Throw+1","Flying Knee+1","Dodge and Roll+1","Poisoned Stab+1"],"picked":"SKIP","floor":31.0},{"not_picked":["Night Terror+1","Grand Finale+1","Tools of the Trade+1"],"picked":"Adrenaline+1","floor":33.0},{"not_picked":["PiercingWail+1","Riddle With Holes+1","Deflect+1"],"picked":"Reflex+1","floor":35.0},{"not_picked":["Terror+1","Dagger Spray+1","Distraction+1","Outmaneuver+1"],"picked":"SKIP","floor":37.0},{"not_picked":["Infinite Blades+1","Flechettes+1","Cloak And Dagger+1"],"picked":"Calculated Gamble+1","floor":38.0},{"not_picked":["Underhanded Strike+1","Endless Agony+1","Slice+1"],"picked":"Tactician+1","floor":40.0},{"not_picked":["Noxious Fumes+1","Quick Slash+1","Underhanded Strike+1"],"picked":"Wraith Form v2+1","floor":41.0},{"not_picked":["Setup+1","Cloak And Dagger+1","Slice+1"],"picked":"Tactician+1","floor":42.0},{"not_picked":["Poisoned Stab+1","Dagger Spray+1","Deflect+1","Dodge and Roll+1"],"picked":"SKIP","floor":44.0},{"not_picked":["Infinite Blades+1","Cloak And Dagger+1","Deflect+1","Glass Knife+1"],"picked":"SKIP","floor":45.0},{"not_picked":["Bane+1","Terror+1","Backflip+1","Poisoned Stab+1"],"picked":"SKIP","floor":48.0},{"not_picked":["Acrobatics+1","Heel Hook+1","Corpse Explosion+1"],"picked":"Footwork+1","floor":55}],"player_experience":2206498,"relics_obtained":[{"floor":6.0,"key":"Dream Catcher"},{"floor":8.0,"key":"Dota2Spire:ArcaneBoots"},{"floor":9.0,"key":"Nunchaku"},{"floor":10.0,"key":"Question Card"},{"floor":24.0,"key":"Smiling Mask"},{"floor":26.0,"key":"Anchor"},{"floor":27.0,"key":"Dota2Spire:PhaseBoots"},{"floor":29.0,"key":"Incense Burner"},{"floor":40.0,"key":"Vajra"},{"floor":42.0,"key":"Dota2Spire:Butterfly"},{"floor":55,"key":"Bottled Tornado"}],"event_choices":[{"damage_healed":0.0,"max_hp_gain":0.0,"max_hp_loss":6.0,"gold_gain":0.0,"event_name":"Golden Idol","player_choice":"Lose Max HP","floor":4.0,"gold_loss":0.0,"damage_taken":0.0,"relics_obtained":["Golden Idol"]},{"damage_healed":0.0,"max_hp_gain":0.0,"max_hp_loss":0.0,"gold_gain":0.0,"event_name":"Liars Game","player_choice":"Ignored","floor":11.0,"gold_loss":0.0,"damage_taken":0.0},{"damage_healed":0.0,"max_hp_gain":0.0,"max_hp_loss":0.0,"gold_gain":0.0,"event_name":"The Library","player_choice":"Read","floor":25.0,"gold_loss":0.0,"damage_taken":0.0,"cards_obtained":["Prepared"]},{"damage_healed":0.0,"max_hp_gain":0.0,"max_hp_loss":0.0,"gold_gain":0.0,"event_name":"Upgrade Shrine","player_choice":"Upgraded","floor":36.0,"gold_loss":0.0,"damage_taken":0.0,"cards_upgraded":["Neutralize"]},{"damage_healed":0.0,"max_hp_gain":0.0,"max_hp_loss":0.0,"gold_gain":0.0,"event_name":"SensoryStone","player_choice":"Memory 3","floor":47.0,"gold_loss":0.0,"damage_taken":10.0}],"is_beta":false,"boss_relics":[{"not_picked":["Busted Crown","Sozu"],"picked":"Empty Cage"},{"not_picked":["Tiny House","SacredBark"],"picked":"Astrolabe"}],"items_purged_floors":[13,20,39,54],"is_endless":false,"potions_floor_spawned":[1,8,14,21,27,28,31,35,40,42,44,48,55],"ascension_level":20}}