{"host":"mdbnki27vzqujy5q","time":1610349833,"event":{"mods":["BaseMod","Better Note","Better Skull","Colored Map","Colored Powertips","DeckTracker","Highlight Path","Minty Spire (QoL Compilation)","Quick Restart","Rare Cards Sparkle","StSLib"],"gold_per_floor":[109,119,194,194,209,238,251,251,276,17,29,55,55,80,80,175,175,194,194,41,5,5,40,40,67,114,142,142,152,181,197,197,302,352,362,362,378,378,398,398,431,431,431,465,490,514,526,567,579,591,591],"floor_reached":50,"playtime":2978,"items_purged":[],"score":710,"play_id":"fea8d69f-13ca-4365-9609-dac095f810eb","local_time":"20210110232353","is_ascension_mode":true,"campfire_choices":[{"floor":8.0,"key":"REST"},{"data":"Zap","floor":15.0,"key":"SMITH"},{"data":"Gash","floor":24.0,"key":"SMITH"},{"data":"Fusion","floor":32.0,"key":"SMITH"},{"data":"Sweeping Beam","floor":40.0,"key":"SMITH"},{"data":"1","floor":42.0,"key":"LIFT"},{"data":"Redo","floor":49.0,"key":"SMITH"}],"circlet_count":0,"master_deck":["Strike_B+1","Strike_B+1","Strike_B","Strike_B+1","Defend_B","Defend_B","Defend_B","Zap+1","Dualcast+1","Genetic Algorithm+1","Go for the Eyes+1","Gash+1","Electrodynamics","White Noise","White Noise","All For One","Barrage","Machine Learning","Rebound+1","Recycle","BootSequence+1","Chill","Coolheaded+1","Conserve Battery","Ball Lightning","Fusion+1","Meteor Strike","Sweeping Beam+1","Amplify","Doom and Gloom","Doubt","Redo+1"],"relics":["Cracked Core","Lantern","Happy Flower","Eternal Feather","Omamori","Vajra","Cursed Key","Whetstone","Nloth\u0027s Gift","HornCleat","Bag of Preparation","Oddly Smooth Stone","Gremlin Horn","Tiny House","Girya","White Beast Statue","MawBank","Kunai"],"acts_visited":["Exordium","TheCity","TheBeyond"],"potions_floor_usage":[50],"damage_taken":[{"damage":8.0,"enemies":"Small Slimes","floor":1.0,"turns":2.0},{"damage":0.0,"enemies":"2 Louse","floor":2.0,"turns":2.0},{"damage":0.0,"enemies":"Jaw Worm","floor":5.0,"turns":2.0},{"damage":16.0,"enemies":"Lagavulin","floor":6.0,"turns":7.0},{"damage":0.0,"enemies":"3 Louse","floor":7.0,"turns":1.0},{"damage":6.0,"enemies":"2 Fungi Beasts","floor":11.0,"turns":3.0},{"damage":9.0,"enemies":"3 Sentries","floor":12.0,"turns":3.0},{"damage":7.0,"enemies":"Gremlin Nob","floor":14.0,"turns":4.0},{"damage":0.0,"enemies":"Slime Boss","floor":16.0,"turns":8.0},{"damage":15.0,"enemies":"2 Thieves","floor":18.0,"turns":2.0},{"damage":24.0,"enemies":"Book of Stabbing","floor":23.0,"turns":5.0},{"damage":3.0,"enemies":"Slavers","floor":25.0,"turns":4.0},{"damage":23.0,"enemies":"Book of Stabbing","floor":27.0,"turns":5.0},{"damage":3.0,"enemies":"Shell Parasite","floor":29.0,"turns":5.0},{"damage":2.0,"enemies":"Slavers","floor":30.0,"turns":5.0},{"damage":0.0,"enemies":"Snake Plant","floor":31.0,"turns":2.0},{"damage":58.0,"enemies":"Automaton","floor":33.0,"turns":10.0},{"damage":3.0,"enemies":"Orb Walker","floor":35.0,"turns":4.0},{"damage":14.0,"enemies":"3 Shapes","floor":37.0,"turns":3.0},{"damage":5.0,"enemies":"3 Darklings","floor":39.0,"turns":4.0},{"damage":22.0,"enemies":"Nemesis","floor":41.0,"turns":7.0},{"damage":36.0,"enemies":"Reptomancer","floor":44.0,"turns":5.0},{"damage":0.0,"enemies":"Jaw Worm Horde","floor":45.0,"turns":3.0},{"damage":16.0,"enemies":"Sphere and 2 Shapes","floor":46.0,"turns":5.0},{"damage":32.0,"enemies":"Nemesis","floor":48.0,"turns":6.0},{"damage":103,"enemies":"Time Eater","floor":50,"turns":12}],"seed_played":"4497542654093198278","potions_obtained":[{"floor":1.0,"key":"SteroidPotion"},{"floor":2.0,"key":"Block Potion"},{"floor":5.0,"key":"SkillPotion"},{"floor":12.0,"key":"LiquidBronze"},{"floor":16.0,"key":"Strength Potion"},{"floor":18.0,"key":"Regen Potion"},{"floor":19.0,"key":"SkillPotion"},{"floor":19.0,"key":"Ancient Potion"},{"floor":25.0,"key":"Explosive Potion"},{"floor":31.0,"key":"AttackPotion"},{"floor":34.0,"key":"Fire Potion"},{"floor":39.0,"key":"Block Potion"},{"floor":41.0,"key":"Explosive Potion"},{"floor":44.0,"key":"EssenceOfDarkness"},{"floor":45.0,"key":"Strength Potion"},{"floor":48.0,"key":"FairyPotion"}],"is_trial":false,"path_per_floor":["M","M","?","?","M","E","M","R","T","$","M","E","$","E","R","B",null,"M","?","$","$","?","E","R","E","T","E","?","M","E","M","R","B",null,"M","?","M","?","M","R","E","R","T","E","M","M","?","E","R","B"],"character_chosen":"DEFECT","items_purchased":["Eternal Feather","Whetstone","Recycle"],"campfire_rested":1,"item_purchase_floors":[10,20,21],"current_hp_per_floor":[67,67,56,41,41,25,25,47,47,62,56,47,62,55,64,64,75,60,60,75,75,75,51,63,60,60,37,37,34,46,46,61,3,80,77,77,63,63,58,73,51,66,66,30,30,14,80,48,66,0,0],"gold":591,"neow_bonus":"RANDOM_COMMON_RELIC","is_daily":false,"chose_seed":false,"campfire_upgraded":5,"win_rate":0.0,"timestamp":1610349833,"path_taken":["M","M","?","?","M","E","M","R","T","?","M","E","$","E","R","BOSS","M","?","?","$","?","E","R","E","T","E","?","?","E","M","R","BOSS","BOSS","M","?","M","?","?","R","E","R","T","E","M","M","?","E","R","BOSS"],"items_purchased_type":["Relic","Relic","Card"],"build_version":"2020-12-22","purchased_purges":0,"victory":false,"max_hp_per_floor":[75,75,75,75,75,75,75,75,75,75,75,75,75,75,75,75,75,75,75,75,75,75,75,75,75,75,75,75,75,75,75,75,75,80,80,80,80,80,80,80,80,80,80,80,80,80,80,80,80,80,80],"card_choices":[{"not_picked":["Hello World","Stack"],"picked":"Genetic Algorithm","floor":1.0},{"not_picked":["White Noise","Fusion"],"picked":"Go for the Eyes","floor":2.0},{"not_picked":["Rip and Tear","Streamline"],"picked":"Gash","floor":5.0},{"not_picked":["Barrage","Leap"],"picked":"Electrodynamics","floor":6.0},{"not_picked":["Hello World","Hologram"],"picked":"White Noise","floor":7.0},{"not_picked":["Beam Cell","Recycle"],"picked":"White Noise","floor":11.0},{"not_picked":["Genetic Algorithm","Beam Cell"],"picked":"All For One","floor":12.0},{"not_picked":["Sweeping Beam","Streamline"],"picked":"Barrage","floor":14.0},{"not_picked":["Fission","Meteor Strike"],"picked":"Machine Learning","floor":16.0},{"not_picked":["Doom and Gloom","Auto Shields"],"picked":"Rebound+1","floor":18.0},{"not_picked":["Compile Driver","Beam Cell"],"picked":"BootSequence+1","floor":23.0},{"not_picked":["Rebound+1","Heatsinks"],"picked":"Chill","floor":25.0},{"not_picked":["Skim","Compile Driver"],"picked":"Coolheaded+1","floor":27.0},{"not_picked":["Turbo","Recycle"],"picked":"Conserve Battery","floor":29.0},{"not_picked":["Chaos","Undo"],"picked":"Ball Lightning","floor":30.0},{"not_picked":["Chill","Coolheaded"],"picked":"Fusion","floor":31.0},{"not_picked":["Hyperbeam","Seek"],"picked":"Meteor Strike","floor":33.0},{"not_picked":["Stack+1","BootSequence+1"],"picked":"Sweeping Beam","floor":34.0},{"not_picked":["Reprogram","Hello World+1"],"picked":"Amplify","floor":35.0},{"not_picked":["Barrage","Go for the Eyes+1","Consume+1"],"picked":"SKIP","floor":37.0},{"not_picked":["Conserve Battery+1","Ball Lightning","Turbo+1"],"picked":"SKIP","floor":39.0},{"not_picked":["Double Energy+1","Creative AI","Reinforced Body+1"],"picked":"SKIP","floor":41.0},{"not_picked":["Tempest","Hologram+1","Turbo+1"],"picked":"SKIP","floor":44.0},{"not_picked":["Beam Cell+1","FTL","Lockon+1"],"picked":"SKIP","floor":45.0},{"not_picked":["Double Energy+1","Sweeping Beam"],"picked":"Doom and Gloom","floor":46.0},{"not_picked":["Steam","Cold Snap+1"],"picked":"Redo","floor":48.0}],"player_experience":61039,"relics_obtained":[{"floor":6.0,"key":"MealTicket"},{"floor":9.0,"key":"Happy Flower"},{"floor":12.0,"key":"Omamori"},{"floor":14.0,"key":"Vajra"},{"floor":23.0,"key":"HornCleat"},{"floor":25.0,"key":"Bag of Preparation"},{"floor":27.0,"key":"Oddly Smooth Stone"},{"floor":30.0,"key":"Gremlin Horn"},{"floor":41.0,"key":"Girya"},{"floor":43.0,"key":"White Beast Statue"},{"floor":44.0,"key":"MawBank"},{"floor":48.0,"key":"Kunai"}],"event_choices":[{"damage_healed":0.0,"max_hp_gain":0.0,"max_hp_loss":0.0,"gold_gain":75.0,"event_name":"World of Goop","player_choice":"Gather Gold","floor":3.0,"gold_loss":0.0,"damage_taken":11.0},{"damage_healed":0.0,"max_hp_gain":0.0,"max_hp_loss":0.0,"gold_gain":0.0,"event_name":"Shining Light","player_choice":"Entered Light","floor":4.0,"gold_loss":0.0,"damage_taken":15.0,"cards_upgraded":["Genetic Algorithm","Dualcast"]},{"damage_healed":0.0,"max_hp_gain":0.0,"max_hp_loss":0.0,"gold_gain":0.0,"event_name":"Lab","player_choice":"Got Potions","floor":19.0,"gold_loss":0.0,"damage_taken":0.0},{"damage_healed":0.0,"max_hp_gain":0.0,"max_hp_loss":0.0,"gold_gain":0.0,"event_name":"N\u0027loth","player_choice":"Traded Relic","floor":22.0,"relics_lost":["MealTicket"],"gold_loss":0.0,"damage_taken":0.0,"relics_obtained":["Nloth\u0027s Gift"]},{"damage_healed":0.0,"max_hp_gain":0.0,"max_hp_loss":0.0,"gold_gain":0.0,"event_name":"Upgrade Shrine","player_choice":"Upgraded","floor":28.0,"gold_loss":0.0,"damage_taken":0.0,"cards_upgraded":["Go for the Eyes"]},{"damage_healed":0.0,"max_hp_gain":0.0,"max_hp_loss":0.0,"gold_gain":0.0,"event_name":"Tomb of Lord Red Mask","player_choice":"Ignored","floor":36.0,"gold_loss":0.0,"damage_taken":0.0},{"cards_removed":["Defend_B"],"damage_healed":0.0,"max_hp_gain":0.0,"max_hp_loss":0.0,"gold_gain":0.0,"event_name":"Purifier","player_choice":"Purged","floor":38.0,"gold_loss":0.0,"damage_taken":0.0},{"damage_healed":66.0,"max_hp_gain":0.0,"max_hp_loss":0.0,"gold_gain":0.0,"event_name":"MindBloom","player_choice":"Heal","floor":47.0,"gold_loss":0.0,"damage_taken":0.0,"cards_obtained":["Doubt"]}],"is_beta":false,"boss_relics":[{"not_picked":["Coffee Dripper","SacredBark"],"picked":"Cursed Key"},{"not_picked":["Runic Dome","Velvet Choker"],"picked":"Tiny House"}],"items_purged_floors":[],"is_endless":false,"potions_floor_spawned":[1,2,5,12,16,18,25,31,39,41,44,45,46,48],"killed_by":"Time Eater","ascension_level":1}}