{"host":"rwomhe7k24zy6c7l","time":1610378047,"event":{"mods":["Act Like it!","BaseMod","Colored Powertips","Conspire","Gensokyo","Luminous","Minty Spire (QoL Compilation)","RumiaBox-露米娅的神秘盒子","StSLib","The Bug Knight","Waifu the Spire","WarShipGirlsR/战舰少女R mod"],"gold_per_floor":[109,124,124,124,46,73,83,116,163,163,163,193,193,39,39,142,142,161,211,231,248,248,248,277,277,303,303,303],"floor_reached":27,"playtime":1568,"items_purged":[],"score":247,"play_id":"c5706385-a13c-44a4-ba88-e704190ec96c","local_time":"20210111231407","is_ascension_mode":false,"campfire_choices":[{"data":"rmod:wife","floor":11.0,"key":"SMITH"},{"floor":13.0,"key":"REST"},{"floor":15.0,"key":"REST"},{"data":"rmod:chargemoney","floor":23,"key":"SMITH"},{"floor":25,"key":"REST"}],"circlet_count":0,"master_deck":["rmod:strick","rmod:strick+1","rmod:strick","rmod:strick","rmod:defend","rmod:defend","rmod:defend","rmod:defend","rmod:basicallowance","rmod:maingunfire+1","rmod:wife+1","rmod:chargemoney+1","rmod:advancebysurprise","rmod:expeditionaryescort","rmod:aluminumsupply","rmod:secretscript","rmod:generalist","rmod:luckystar+1","rmod:overbreakdown"],"relics":["rmod:firstchargereward","NeowsBlessing","Pantograph","Pen Nib","Lantern","Dream Catcher","EasyGame_NEW","Nloth\u0027s Gift","Vajra","Tiny Chest"],"acts_visited":["Exordium","TheCity"],"potions_floor_usage":[20,21,24],"damage_taken":[{"damage":0.0,"enemies":"Small Slimes","floor":1.0,"turns":1.0},{"damage":0.0,"enemies":"2 Louse","floor":2.0,"turns":1.0},{"damage":3.0,"enemies":"3 Sentries","floor":6.0,"turns":2.0},{"damage":4.0,"enemies":"Jaw Worm","floor":7.0,"turns":2.0},{"damage":35.0,"enemies":"HollowMod:MossKnight","floor":8.0,"turns":10.0},{"damage":16.0,"enemies":"3 Sentries","floor":12.0,"turns":7.0},{"damage":69.0,"enemies":"The Guardian","floor":16.0,"turns":8.0},{"damage":3.0,"enemies":"Chosen","floor":18.0,"turns":3.0},{"damage":24,"enemies":"2 Thieves","floor":20,"turns":3},{"damage":16,"enemies":"3 Cultists","floor":21,"turns":4},{"damage":40,"enemies":"Slavers","floor":24,"turns":4},{"damage":6,"enemies":"Cultist and Chosen","floor":27,"turns":4}],"seed_played":"-2666516132750307959","potions_obtained":[{"floor":2.0,"key":"PowerPotion"},{"floor":6.0,"key":"Fire Potion"},{"floor":8.0,"key":"LiquidBronze"},{"floor":14.0,"key":"conspire:TimeTravelPotion"},{"floor":14.0,"key":"conspire:TimeTravelPotion"},{"floor":14.0,"key":"PowerPotion"},{"floor":18.0,"key":"LiquidMemories"},{"floor":21,"key":"AttackPotion"}],"is_trial":false,"path_per_floor":["M","M","?","?","$","E","M","E","T","?","R","E","R","$","R","B",null,"M","?","M","M","?","R","E","R","T","M"],"character_chosen":"PRAEFECT","items_purchased":["rmod:chargemoney","Cauldron"],"campfire_rested":3,"item_purchase_floors":[5,14],"current_hp_per_floor":[75,75,75,75,75,72,68,33,33,18,18,2,24,24,46,18,75,72,72,58,42,42,42,2,24,24,18,18],"gold":303,"neow_bonus":"THREE_ENEMY_KILL","is_daily":false,"chose_seed":false,"campfire_upgraded":2,"win_rate":0.0,"timestamp":1610378047,"path_taken":["M","M","?","?","?","E","M","E","T","?","R","E","R","$","R","BOSS","M","?","?","M","?","R","E","R","T","?"],"items_purchased_type":["Card","Relic"],"build_version":"2020-12-22","purchased_purges":0,"victory":false,"max_hp_per_floor":[75,75,75,75,75,75,75,75,75,75,75,75,75,75,75,75,75,75,75,75,75,75,75,75,75,75,75,75],"card_choices":[{"not_picked":["rmod:circuitoustactics","rmod:steelsupply","rmod:victimresponsibility"],"picked":"SKIP","floor":1.0},{"not_picked":["rmod:lonelyqueen","rmod:wolves"],"picked":"rmod:wife","floor":2.0},{"not_picked":["rmod:guardianhero","rmod:gendarmerie"],"picked":"rmod:advancebysurprise","floor":6.0},{"not_picked":["rmod:goodfighter","rmod:luckystar","rmod:fletcherpendant"],"picked":"SKIP","floor":7.0},{"not_picked":["rmod:aviationdawn","rmod:steelsupply"],"picked":"rmod:expeditionaryescort","floor":8.0},{"not_picked":["rmod:goodfighter","rmod:u235","rmod:firesupport"],"picked":"SKIP","floor":12.0},{"not_picked":["rmod:unsinkable","rmod:capitalist"],"picked":"rmod:aluminumsupply","floor":13.0},{"not_picked":["rmod:auspiciousomen","rmod:saltedfish"],"picked":"rmod:secretscript","floor":16.0},{"not_picked":["rmod:royalracing","rmod:combined","rmod:ammunitionsupply"],"picked":"SKIP","floor":18.0},{"not_picked":["rmod:fletcherpendant","rmod:launchingtorpedo","rmod:goodfighter"],"picked":"SKIP","floor":20},{"not_picked":["rmod:combined","rmod:fuelsupply"],"picked":"rmod:generalist","floor":21},{"not_picked":["rmod:gendarmerie","rmod:combined"],"picked":"rmod:luckystar+1","floor":24},{"not_picked":["rmod:royalracing","rmod:circuitoustactics"],"picked":"rmod:overbreakdown","floor":25}],"player_experience":132533,"relics_obtained":[{"floor":6.0,"key":"Pantograph"},{"floor":8.0,"key":"Pen Nib"},{"floor":9.0,"key":"Lantern"},{"floor":12.0,"key":"Dream Catcher"},{"floor":24,"key":"Vajra"},{"floor":26,"key":"Tiny Chest"}],"event_choices":[{"damage_healed":0.0,"max_hp_gain":0.0,"max_hp_loss":0.0,"gold_gain":0.0,"event_name":"conspire:LoneGhost","player_choice":"Disagree","floor":3.0,"gold_loss":0.0,"damage_taken":0.0},{"damage_healed":0.0,"max_hp_gain":0.0,"max_hp_loss":0.0,"gold_gain":0.0,"event_name":"Liars Game","player_choice":"Ignored","floor":4.0,"gold_loss":0.0,"damage_taken":0.0},{"damage_healed":0.0,"max_hp_gain":0.0,"max_hp_loss":0.0,"gold_gain":0.0,"event_name":"Shining Light","player_choice":"Entered Light","floor":10.0,"gold_loss":0.0,"damage_taken":15.0,"cards_upgraded":["rmod:strick","rmod:maingunfire"]},{"damage_healed":0,"gold_gain":100,"player_choice":"Bet on Murderer","damage_taken":0,"max_hp_gain":0,"max_hp_loss":0,"event_name":"The Joust","floor":19,"gold_loss":50},{"damage_healed":0,"gold_gain":0,"player_choice":"Traded Relic","damage_taken":0,"relics_obtained":["Nloth\u0027s Gift"],"max_hp_gain":0,"max_hp_loss":0,"event_name":"N\u0027loth","floor":22,"relics_lost":["Cauldron"],"gold_loss":0}],"is_beta":false,"boss_relics":[{"not_picked":["AddBug","Astrolabe"],"picked":"EasyGame_NEW"}],"items_purged_floors":[],"is_endless":false,"potions_floor_spawned":[2,6,8,18,21],"killed_by":"Cultist and Chosen","ascension_level":0}}