{"host":"ucgrft0m53zzt06v","time":1610336686,"event":{"mods":["BaseMod","Colored Map","Colored Powertips","Conspire","Lobotomy","Minty Spire (QoL Compilation)","Quick Restart","Replay The Spire","RumiaBox-露米娅的神秘盒子","Shop Mod","Spicy Shops","StSLib","Td1madao Mod","The Animator","The Bug Knight","Waifu the Spire","WarShipGirlsR/战舰少女R mod","Yuri Mod"],"gold_per_floor":[115,133,113,113,38,38,71,71,71,71,89,104,128,167,167,293,293,318,243,243,20,33,69,69,83,83,119,469,469,469,492,492,492,492],"floor_reached":33,"playtime":3124,"items_purged":["yuri:yuriDefend"],"score":393,"play_id":"628a43ec-f126-47e2-901e-56f0fc824b79","local_time":"20210111114446","is_ascension_mode":false,"campfire_choices":[{"data":"yuri:MirrorInsanity","floor":6.0,"key":"SMITH"},{"data":"yuri:DragonForm","floor":8.0,"key":"SMITH"},{"data":"yuri:GrowingInsanity","floor":15.0,"key":"SMITH"},{"floor":24.0,"key":"REST"},{"floor":29,"key":"REST"},{"data":"yuri:ConsumeGlitch","floor":32,"key":"SMITH"}],"circlet_count":0,"master_deck":["yuri:yuriStrike+1","yuri:yuriStrike","yuri:yuriStrike","yuri:yuriStrike","yuri:yuriStrike","yuri:yuriDefend","yuri:yuriDefend","yuri:yuriDefend","yuri:Oolong","yuri:yuriStab","yuri:BookBlue","yuri:Spin","yuri:Stalk","yuri:MirrorInsanity+1","yuri:DragonForm+1","yuri:GlitchedStrike","yuri:GrowingInsanity+1","yuri:HeavierStrike","yuri:BookBlue","yuri:ConsumeGlitch+1","yuri:GrowingInsanity","yuri:SelfHarm+1","yuri:CalmingAura","yuri:SeeingDouble+1","Regret","Pot Of Greed","Pot Of Greed","Pot Of Greed","yuri:WickedSlash+1"],"relics":["yuri:yuriKnife","Onion Ring","Gremlin Horn","Golden Idol","GodSword1","conspire:SlowCooker","ClockworkSouvenir","Omamori","MealTicket","Molten Egg 2","Ancient Tea Set","Ring of Hypnosis","Ring of Greed","Old Coin","Replay:Wax Seal","Grinning Jar"],"acts_visited":["Exordium","TheCity"],"potions_floor_usage":[27,33,33],"damage_taken":[{"damage":5.0,"enemies":"Small Slimes","floor":1.0,"turns":3.0},{"damage":2.0,"enemies":"Jaw Worm","floor":2.0,"turns":3.0},{"damage":7.0,"enemies":"Lagavulin","floor":7.0,"turns":5.0},{"damage":4.0,"enemies":"conspire:RoseBush","floor":11.0,"turns":3.0},{"damage":11.0,"enemies":"3 Louse","floor":12.0,"turns":2.0},{"damage":7.0,"enemies":"Looter","floor":13.0,"turns":3.0},{"damage":5.0,"enemies":"HollowMod:MossKnight","floor":14.0,"turns":4.0},{"damage":6.0,"enemies":"Slime Boss","floor":16.0,"turns":4.0},{"damage":9.0,"enemies":"Spheric Guardian","floor":18.0,"turns":3.0},{"damage":23.0,"enemies":"2 Thieves","floor":22.0,"turns":4.0},{"damage":39.0,"enemies":"HollowMod:Nosk","floor":23.0,"turns":5.0},{"damage":17.0,"enemies":"3 Cultists","floor":25.0,"turns":4.0},{"damage":20,"enemies":"Gremlin Leader","floor":27,"turns":4},{"damage":12,"enemies":"Snake Plant","floor":31,"turns":3},{"damage":38,"enemies":"Automaton","floor":33,"turns":4}],"seed_played":"9158427704658328675","potions_obtained":[{"floor":1.0,"key":"FearPotion"},{"floor":12.0,"key":"Venom Potion"},{"floor":14.0,"key":"LiquidMemories"},{"floor":16.0,"key":"Milkshake"},{"floor":27,"key":"LiquidMemories"}],"is_trial":false,"path_per_floor":["M","M","?","?","$","R","E","R","T","?","M","M","M","E","R","B",null,"M","?","?","$","M","E","R","M","T","E","?","R","?","M","R","B"],"character_chosen":"YURI","items_purchased":["ClockworkSouvenir","Omamori"],"campfire_rested":2,"item_purchase_floors":[21,21],"current_hp_per_floor":[75,77,77,82,82,82,79,79,79,58,58,51,48,47,47,45,85,76,76,68,68,49,14,39,26,26,10,10,35,35,27,27,0,0],"gold":492,"neow_bonus":"RANDOM_EVENT","is_daily":false,"chose_seed":false,"campfire_upgraded":4,"win_rate":0.0,"timestamp":1610336686,"path_taken":["M","M","?","?","?","R","E","R","T","?","M","M","M","E","R","BOSS","M","?","?","$","?","E","R","M","T","E","?","R","?","?","R","BOSS"],"items_purchased_type":["Relic","Relic"],"build_version":"2020-12-22","purchased_purges":1,"victory":false,"max_hp_per_floor":[80,80,80,85,85,85,85,85,85,85,85,85,85,85,85,85,85,85,85,85,85,85,85,85,85,85,85,85,85,85,85,85,90,90],"card_choices":[{"not_picked":["yuri:Stare","yuri:GlitchedStrike"],"picked":"yuri:BookBlue","floor":1.0},{"not_picked":["yuri:CorruptHitbox","yuri:ReloadGame"],"picked":"yuri:Spin","floor":2.0},{"not_picked":[],"picked":"yuri:Stalk","floor":3.0},{"not_picked":[],"picked":"yuri:MirrorInsanity","floor":3.0},{"not_picked":["yuri:Stare","yuri:MPose"],"picked":"yuri:DragonForm","floor":7.0},{"not_picked":["yuri:MPose","yuri:Stare"],"picked":"yuri:GlitchedStrike","floor":11.0},{"not_picked":["yuri:WickedSlash","yuri:Skip"],"picked":"yuri:GrowingInsanity","floor":12.0},{"not_picked":["yuri:ReloadGame","yuri:Stare"],"picked":"yuri:HeavierStrike","floor":13.0},{"not_picked":["yuri:InduceGlitch","yuri:Stalk"],"picked":"yuri:BookBlue","floor":14.0},{"not_picked":["yuri:RemoveSafetyChecks","yuri:RelentlessStrikes"],"picked":"yuri:ConsumeGlitch","floor":16.0},{"not_picked":["yuri:TPose","yuri:ChibiInvasion"],"picked":"yuri:GrowingInsanity","floor":18.0},{"not_picked":["yuri:SturdyUniform","yuri:ThrowBook"],"picked":"yuri:SelfHarm+1","floor":22.0},{"not_picked":["yuri:Stare","yuri:yuriHeavyStrike","yuri:yuriQuickStrike"],"picked":"SKIP","floor":23.0},{"not_picked":["yuri:WickedSlash","yuri:DebugCard"],"picked":"yuri:CalmingAura","floor":25.0},{"not_picked":["yuri:TPose+1","yuri:BrokenCode"],"picked":"yuri:SeeingDouble+1","floor":27},{"not_picked":["yuri:MPose+1","yuri:yuriHeavyStrike+1"],"picked":"yuri:WickedSlash+1","floor":31}],"player_experience":35307,"relics_obtained":[{"floor":7.0,"key":"Onion Ring"},{"floor":9.0,"key":"Gremlin Horn"},{"floor":14.0,"key":"GodSword1"},{"floor":23.0,"key":"MealTicket"},{"floor":26.0,"key":"Molten Egg 2"},{"floor":27,"key":"Ancient Tea Set"},{"floor":28,"key":"Ring of Hypnosis"},{"floor":28,"key":"Ring of Greed"},{"floor":28,"key":"Old Coin"},{"floor":28,"key":"Replay:Wax Seal"}],"event_choices":[{"damage_healed":0.0,"max_hp_gain":5.0,"max_hp_loss":0.0,"gold_gain":0.0,"event_name":"Big Fish","player_choice":"Donut","floor":4.0,"gold_loss":0.0,"damage_taken":0.0},{"damage_healed":0.0,"max_hp_gain":0.0,"max_hp_loss":0.0,"gold_gain":0.0,"event_name":"Golden Idol","player_choice":"Take Damage","floor":10.0,"gold_loss":0.0,"damage_taken":21.0,"relics_obtained":["Golden Idol"]},{"cards_removed":["yuri:yuriDefend"],"damage_healed":0.0,"max_hp_gain":0.0,"max_hp_loss":0.0,"gold_gain":0.0,"event_name":"Beggar","player_choice":"Gave Gold","floor":19.0,"gold_loss":75.0,"damage_taken":0.0},{"damage_healed":0.0,"max_hp_gain":0.0,"max_hp_loss":0.0,"gold_gain":0.0,"event_name":"Wheel of Change","player_choice":"Damaged","floor":20.0,"gold_loss":0.0,"damage_taken":8.0},{"damage_healed":0,"gold_gain":0,"player_choice":"Opened","damage_taken":0,"relics_obtained":["Grinning Jar"],"max_hp_gain":0,"max_hp_loss":0,"event_name":"The Mausoleum","floor":30,"gold_loss":0}],"is_beta":false,"boss_relics":[{"not_picked":["Snecko Eye","Calling Bell"],"picked":"conspire:SlowCooker"}],"items_purged_floors":[5],"is_endless":false,"potions_floor_spawned":[1,12,14,16,22,27],"killed_by":"Automaton","ascension_level":0}}