{"host":"3zhcrllo23fhqv4x","time":1610327383,"event":{"mods":["AchievementEnabler","BaseMod","Downfall","Hermit","Jorbs\u0027s Wanderer Trilogy","Marisa????????","Minty Spire (QoL Compilation)","Remilia??????","StSLib","The Cursed","The Disciple","The Hierophant","The Runesmith","The Servant 0.9.4"],"gold_per_floor":[99,111,111,111,111,36,36,46,31,43,43,60,60,74,84,184,184,184,204,204,204,222,241,288,288,303,228,60,60,88,99,116,214,214,214,226,226,281,295,295,295,295],"floor_reached":40,"playtime":1530,"items_purged":[],"score":448,"play_id":"3edb5873-e678-4d70-bad3-7ce9485ccbcb","local_time":"20210110200943","is_ascension_mode":false,"campfire_choices":[{"floor":1.0,"key":"RECALL"},{"data":"Slimebound:SplitMire","floor":6.0,"key":"SMITH"},{"data":"Slimebound:SlimeTap","floor":11.0,"key":"SMITH"},{"floor":18.0,"key":"REST"},{"floor":27.0,"key":"REST"},{"floor":29.0,"key":"REST"},{"floor":35,"key":"REST"}],"circlet_count":0,"master_deck":["Slimebound:Strike_Slimebound+1","Slimebound:Strike_Slimebound+1","Slimebound:Tackle","Slimebound:Defend_Slimebound+1","Slimebound:Defend_Slimebound","Slimebound:Defend_Slimebound","Slimebound:Defend_Slimebound+1","Slimebound:Split+1","Slimebound:CorrosiveSpit+1","Slimebound:SplitMire+1","Regret","Slimebound:Schlurp","Slimebound:HauntingLick","Slimebound:SlimeTap+1","Slimebound:SpikyOuterGoop","Slimebound:DivideAndConquer","Slimebound:SlimeSpikes","Slimebound:LeechLife","Slimebound:RollThrough+1","Writhe","Lust_TH","Slimebound:Equalize+1","Slimebound:ViciousTackle","Slimebound:Repurpose","Slimebound:SplitBruiser","Slimebound:SplitLeeching","Slimebound:LevelUp+1","Slimebound:Nibble","Slimebound:MinionMaster","Slimebound:RejuvenatingLick","Slimebound:Repurpose","Slimebound:SlimeSpikes+1"],"relics":["Slimebound:AbsorbEndCombat","downfall:HeartBlessingRed","Darkstone Periapt","ScarletDevilRocket","Fusion Hammer","Matryoshka","Whetstone","downfall:HeartBlessingBlue","Bronze Scales","Oddly Smooth Stone","Sozu","TungstenRod"],"acts_visited":["Exordium","TheCity","TheBeyond"],"potions_floor_usage":[],"damage_taken":[{"damage":10.0,"enemies":"Jaw Worm","floor":2.0,"turns":4.0},{"damage":16.0,"enemies":"Small Slimes","floor":8.0,"turns":2.0},{"damage":22.0,"enemies":"downfall:FleeingMerchant","floor":9.0,"turns":4.0},{"damage":15.0,"enemies":"2 Louse","floor":10.0,"turns":3.0},{"damage":14.0,"enemies":"Large Slime","floor":12.0,"turns":3.0},{"damage":19.0,"enemies":"Exordium Wildlife","floor":14.0,"turns":3.0},{"damage":15.0,"enemies":"3 Louse","floor":15.0,"turns":2.0},{"damage":57.0,"enemies":"downfall:Ironclad","floor":16.0,"turns":5.0},{"damage":25.0,"enemies":"Spheric Guardian","floor":19.0,"turns":4.0},{"damage":23.0,"enemies":"3 Byrds","floor":22.0,"turns":4.0},{"damage":36.0,"enemies":"Snake Plant","floor":23.0,"turns":4.0},{"damage":37.0,"enemies":"Centurion and Healer","floor":26.0,"turns":7.0},{"damage":23.0,"enemies":"downfall:FleeingMerchant","floor":28.0,"turns":4.0},{"damage":63.0,"enemies":"Book of Stabbing","floor":30.0,"turns":5.0},{"damage":22.0,"enemies":"3 Cultists","floor":31.0,"turns":5.0},{"damage":43.0,"enemies":"Chosen and Byrds","floor":32.0,"turns":5.0},{"damage":88.0,"enemies":"downfall:Watcher","floor":33.0,"turns":9.0},{"damage":40,"enemies":"Orb Walker","floor":36,"turns":4},{"damage":75,"enemies":"2 Orb Walkers","floor":38,"turns":4},{"damage":40,"enemies":"3 Darklings","floor":39,"turns":4},{"damage":36,"enemies":"Jaw Worm Horde","floor":40,"turns":2}],"seed_played":"2192526107568050252","potions_obtained":[{"floor":12.0,"key":"AttackPotion"},{"floor":14.0,"key":"ColorlessPotion"},{"floor":15.0,"key":"GamblersBrew"},{"floor":23.0,"key":"SteroidPotion"},{"floor":30.0,"key":"SpeedPotion"},{"floor":31.0,"key":"LiquidBronze"},{"floor":32.0,"key":"EntropicBrew"},{"floor":33.0,"key":"ColorlessPotion"}],"is_trial":false,"path_per_floor":["R","M","?","?","?","R","T","M","$","M","R","M","?","M","M","B",null,"R","M","?","?","M","M","T","?","M","R","$","R","E","M","M","B",null,"R","M","?","?","M","M"],"character_chosen":"SLIMEBOUND","items_purchased":["Bronze Scales"],"campfire_rested":4,"item_purchase_floors":[28],"current_hp_per_floor":[66,62,67,67,67,67,67,67,63,64,64,68,61,58,53,12,71,71,68,74,80,81,61,61,61,58,93,93,93,62,68,67,25,93,93,69,69,30,26,0,0,0],"gold":295,"neow_bonus":"TEN_PERCENT_HP_BONUS","is_daily":false,"chose_seed":false,"campfire_upgraded":2,"win_rate":0.0,"timestamp":1610327383,"path_taken":["R","M","?","?","?","R","T","M","$","M","R","M","?","?","M","BOSS","R","M","?","?","M","M","T","?","M","R","$","R","E","?","M","BOSS","R","M","?","?","M","M"],"items_purchased_type":["Relic"],"build_version":"2020-12-22","purchased_purges":0,"victory":false,"max_hp_per_floor":[66,66,71,71,71,71,71,71,71,71,71,71,71,71,71,71,71,71,71,77,83,83,83,83,83,83,93,93,93,93,93,93,93,93,93,93,93,93,93,93,93,93],"card_choices":[{"not_picked":["Slimebound:LeechingTouch","Slimebound:GrowthPunch"],"picked":"Slimebound:SplitMire","floor":2.0},{"not_picked":["Slimebound:SplitLeeching","Slimebound:GrowthPunch"],"picked":"Slimebound:Schlurp","floor":8.0},{"not_picked":["Slimebound:GoopTackle","Slimebound:FormOfPuddle"],"picked":"Slimebound:HauntingLick","floor":9.0},{"not_picked":["Slimebound:FlameTackle","Slimebound:AcidTongue"],"picked":"Slimebound:SlimeTap","floor":10.0},{"not_picked":["Slimebound:ViciousTackle","Slimebound:SplitLeeching"],"picked":"Slimebound:SpikyOuterGoop","floor":12.0},{"not_picked":["Slimebound:ForwardTackle","Slimebound:MegaLick"],"picked":"Slimebound:DivideAndConquer","floor":14.0},{"not_picked":["Slimebound:DivideAndConquer","Slimebound:ServeAndProtect"],"picked":"Slimebound:SlimeSpikes","floor":15.0},{"not_picked":["Slimebound:DouseInSlime","Slimebound:WasteNot"],"picked":"Slimebound:LeechLife","floor":16.0},{"not_picked":["Slimebound:FirmFortitude+1","Slimebound:TongueLash"],"picked":"Slimebound:RollThrough+1","floor":19.0},{"not_picked":["Slimebound:LeechingTouch+1","Slimebound:Chomp+1"],"picked":"Slimebound:Equalize","floor":22.0},{"not_picked":["Slimebound:ProtectTheBoss","Slimebound:PrepareCrush"],"picked":"Slimebound:ViciousTackle","floor":23.0},{"not_picked":["Slimebound:FlameTackle","Slimebound:SplitAcid"],"picked":"Slimebound:Repurpose","floor":26.0},{"not_picked":["Slimebound:SamplingLick","Slimebound:Replication"],"picked":"Slimebound:SplitBruiser","floor":28.0},{"not_picked":["Slimebound:RollThrough","Slimebound:SplitMire"],"picked":"Slimebound:SplitLeeching","floor":30.0},{"not_picked":["Slimebound:RollThrough+1","Slimebound:LeechingTouch"],"picked":"Slimebound:LevelUp+1","floor":31.0},{"not_picked":["Slimebound:DisruptingSlam","Slimebound:LeechingTouch+1"],"picked":"Slimebound:Nibble","floor":32.0},{"not_picked":["Slimebound:DuplicatedForm","Slimebound:SlimeSlap"],"picked":"Slimebound:MinionMaster","floor":33.0},{"not_picked":["Slimebound:Dissolve","Slimebound:Prepare+1"],"picked":"Slimebound:RejuvenatingLick","floor":36},{"not_picked":["Slimebound:PressTheAttack","Slimebound:RollThrough+1"],"picked":"Slimebound:Repurpose","floor":38},{"not_picked":["Slimebound:Chomp","Slimebound:SamplingLick"],"picked":"Slimebound:SlimeSpikes+1","floor":39}],"player_experience":286904,"relics_obtained":[{"floor":7.0,"key":"Darkstone Periapt"},{"floor":24.0,"key":"Whetstone"},{"floor":30.0,"key":"Oddly Smooth Stone"},{"floor":38,"key":"TungstenRod"}],"event_choices":[{"damage_healed":0.0,"max_hp_gain":5.0,"max_hp_loss":0.0,"gold_gain":0.0,"event_name":"Big Fish","player_choice":"Donut","floor":3.0,"gold_loss":0.0,"damage_taken":0.0},{"damage_healed":0.0,"max_hp_gain":0.0,"max_hp_loss":0.0,"gold_gain":0.0,"event_name":"Scrap Ooze","player_choice":"Success","floor":13.0,"gold_loss":0.0,"damage_taken":7.0,"relics_obtained":["ScarletDevilRocket"]},{"damage_healed":0.0,"max_hp_gain":0.0,"max_hp_loss":0.0,"gold_gain":0.0,"event_name":"Vampires","player_choice":"Ignored","floor":25.0,"gold_loss":0.0,"damage_taken":0.0},{"damage_healed":0,"gold_gain":0,"player_choice":"Fight","damage_taken":0,"max_hp_gain":0,"max_hp_loss":0,"event_name":"Mysterious Sphere","floor":38,"gold_loss":0}],"is_beta":false,"boss_relics":[{"not_picked":["SlaversCollar","Philosopher\u0027s Stone"],"picked":"Fusion Hammer"},{"not_picked":["Pandora\u0027s Box","Cursed Key"],"picked":"Sozu"}],"items_purged_floors":[],"is_endless":false,"potions_floor_spawned":[12,14,15,23,30,31,32,33],"killed_by":"Jaw Worm Horde","ascension_level":0}}