{"host":"9kesdg97wkrx2bva","time":1610397027,"event":{"mods":["AchievementEnabler","BaseMod","Colored Map","Downfall","GifTheSpireLib","Infinite Spire","Minty Spire (QoL Compilation)","Replay The Spire","StSLib"],"gold_per_floor":[361,230,243,84,96,129,279,279,349,372,372,372,389,404,404,404,404],"floor_reached":16,"playtime":337,"items_purged":["Clumsy","Strike_B"],"score":180,"play_id":"6b290649-3ef4-4671-abef-4c191b25eed1","local_time":"20210111153027","is_ascension_mode":true,"campfire_choices":[{"data":"Zap","floor":8,"key":"SMITH"},{"floor":12,"key":"REST"},{"floor":15,"key":"REST"}],"circlet_count":0,"master_deck":["AscendersBane","Strike_B","Strike_B","Strike_B","Defend_B","Defend_B","Defend_B","Defend_B","Zap+1","Dualcast","Sweeping Beam","Streamline","Conserve Battery","Streamline","Go for the Eyes","Rebound","Core Surge","Consume","ReplayGash"],"relics":["Cracked Core","Blue Candle","Replay:Bottled Flurry","Odd Mushroom"],"acts_visited":["Exordium"],"potions_floor_usage":[10,16],"damage_taken":[{"damage":3,"enemies":"2 Louse","floor":1,"turns":3},{"damage":7,"enemies":"Small Slimes","floor":3,"turns":2},{"damage":0,"enemies":"Cultist","floor":5,"turns":3},{"damage":26,"enemies":"Lagavulin","floor":6,"turns":6},{"damage":11,"enemies":"The Mushroom Lair","floor":10,"turns":3},{"damage":0,"enemies":"2 Fungi Beasts","floor":13,"turns":2},{"damage":9,"enemies":"Red Slaver","floor":14,"turns":3},{"damage":78,"enemies":"Fading Forest","floor":16,"turns":7}],"seed_played":"5604891025399928428","potions_obtained":[{"floor":6,"key":"Slimebound:ThreeZeroPotion"},{"floor":10,"key":"Death Potion"}],"is_trial":false,"path_per_floor":["M","$","M","$","M","E","?","R","T","?","?","R","M","M","R","B"],"character_chosen":"DEFECT","items_purchased":["Streamline","Streamline"],"campfire_rested":2,"item_purchase_floors":[2,4],"current_hp_per_floor":[61,61,54,54,54,28,28,28,28,17,17,38,38,29,50,0,0],"gold":404,"neow_bonus":"TWO_FIFTY_GOLD","is_daily":false,"chose_seed":false,"campfire_upgraded":1,"win_rate":0.0,"timestamp":1610397027,"path_taken":["M","$","M","$","M","E","?","R","T","?","?","R","M","M","R","BOSS"],"items_purchased_type":["Card","Card"],"build_version":"2020-12-22","purchased_purges":2,"victory":false,"max_hp_per_floor":[71,71,71,71,71,71,71,71,71,71,71,71,71,71,71,71,71],"card_choices":[{"not_picked":["Hologram","Turbo"],"picked":"Sweeping Beam","floor":1},{"not_picked":["Sweeping Beam","ReplayTheSpireMod:Omega Cannon"],"picked":"Conserve Battery","floor":3},{"not_picked":["Hologram","Hello World"],"picked":"Go for the Eyes","floor":5},{"not_picked":["Multi-Cast","Compile Driver"],"picked":"Rebound","floor":6},{"not_picked":["Turbo","Compile Driver"],"picked":"Core Surge","floor":10},{"not_picked":["Cold Snap","Skim"],"picked":"Consume","floor":13},{"not_picked":["Leap","ReplayTheSpireMod:GoodbyeWorld"],"picked":"ReplayGash","floor":14}],"player_experience":924626,"relics_obtained":[{"floor":6,"key":"Blue Candle"},{"floor":9,"key":"Replay:Bottled Flurry"},{"floor":10,"key":"Odd Mushroom"}],"event_choices":[{"damage_healed":0,"gold_gain":150,"player_choice":"AGREE","damage_taken":0,"max_hp_gain":0,"max_hp_loss":0,"event_name":"Liars Game","floor":7,"gold_loss":0,"cards_obtained":["Doubt"]},{"damage_healed":0,"gold_gain":0,"player_choice":"Fought Mushrooms","damage_taken":0,"max_hp_gain":0,"max_hp_loss":0,"event_name":"Mushrooms","floor":10,"gold_loss":0},{"cards_removed":["Doubt"],"damage_healed":0,"gold_gain":0,"player_choice":"Forget","damage_taken":0,"max_hp_gain":0,"max_hp_loss":0,"event_name":"Living Wall","floor":11,"gold_loss":0}],"is_beta":false,"boss_relics":[],"items_purged_floors":[2,4],"is_endless":false,"potions_floor_spawned":[6,10],"killed_by":"Fading Forest","ascension_level":16}}