{"host":"7gewg82ormp6yt4e","time":1610373482,"event":{"mods":["BaseMod","Block Reminder","Colored Map","Colored Powertips","DeckTracker","Highlight Path","Minty Spire (QoL Compilation)","Relic Stats","StSLib","ojb\u0027s Info Mod"],"gold_per_floor":[110,126,43,8,8,8,19,19,19,39,72,72,44,72,72,72,72],"floor_reached":16,"playtime":545,"items_purged":[],"score":266,"play_id":"d93c2658-40e8-443a-b8ff-6d0f6a1b1663","local_time":"20210111225802","is_ascension_mode":true,"campfire_choices":[{"data":"Zap","floor":6,"key":"SMITH"},{"data":"Sweeping Beam","floor":8,"key":"SMITH"},{"data":"Sunder","floor":12,"key":"SMITH"},{"data":"Melter","floor":15,"key":"SMITH"}],"circlet_count":0,"master_deck":["AscendersBane","Strike_B","Strike_B","Strike_B","Strike_B","Defend_B","Defend_B","Defend_B","Defend_B","Zap+1","Dualcast","Reinforced Body","FTL","Sweeping Beam+1","Sunder+1","Melter+1","Ball Lightning"],"relics":["Black Star","Singing Bowl","Darkstone Periapt","Cables","Akabeko","Question Card"],"acts_visited":["Exordium"],"potions_floor_usage":[11,11,11,11,14],"damage_taken":[{"damage":6,"enemies":"2 Louse","floor":1,"turns":3},{"damage":15,"enemies":"Small Slimes","floor":2,"turns":5},{"damage":0,"enemies":"Cultist","floor":7,"turns":3},{"damage":10,"enemies":"Exordium Thugs","floor":10,"turns":5},{"damage":10,"enemies":"Gremlin Nob","floor":11,"turns":3},{"damage":0,"enemies":"3 Sentries","floor":14,"turns":2},{"damage":43,"enemies":"Slime Boss","floor":16,"turns":6}],"seed_played":"8550059321821784858","potions_obtained":[{"floor":2,"key":"GamblersBrew"},{"floor":5,"key":"EntropicBrew"},{"floor":11,"key":"AttackPotion"}],"is_trial":false,"path_per_floor":["M","M","$","?","?","R","M","R","T","M","E","R","$","E","R","B"],"character_chosen":"DEFECT","items_purchased":["FTL","Ball Lightning"],"campfire_rested":0,"item_purchase_floors":[3,13],"current_hp_per_floor":[58,43,43,60,60,60,60,60,60,50,40,40,40,42,42,0,0],"gold":72,"neow_bonus":"BOSS_RELIC","is_daily":false,"chose_seed":false,"campfire_upgraded":4,"win_rate":0.0,"timestamp":1610373482,"path_taken":["M","M","$","?","?","R","M","R","T","?","E","R","?","E","R","BOSS"],"items_purchased_type":["Card","Card"],"build_version":"2020-12-22","purchased_purges":0,"victory":false,"max_hp_per_floor":[71,71,71,71,71,71,71,71,71,71,71,71,71,73,73,73,73],"relic_stats":{"Darkstone Periapt":0,"Singing Bowl":2,"counters":[7,27],"Black Star":2,"Question Card":0,"obtain_stats":[{"Darkstone Periapt":11,"Singing Bowl":9,"Black Star":0,"Cracked Core":0,"Question Card":14,"Akabeko":14,"Cables":11},{"Darkstone Periapt":5,"Singing Bowl":3,"Black Star":0,"Cracked Core":0,"Question Card":6,"Akabeko":6,"Cables":5},{"Darkstone Periapt":19,"Singing Bowl":11,"Black Star":0,"Cracked Core":0,"Question Card":21,"Akabeko":21,"Cables":19}],"Cables":[7,7,0,0,0]},"card_choices":[{"not_picked":["Steam","Rebound","Aggregate"],"picked":"SKIP","floor":1},{"not_picked":["Sweeping Beam","Hologram"],"picked":"Reinforced Body","floor":2},{"not_picked":["Barrage","Go for the Eyes"],"picked":"Sweeping Beam","floor":7},{"not_picked":["Stack","Sweeping Beam"],"picked":"Sunder","floor":10},{"not_picked":["Lockon","Rebound"],"picked":"Melter","floor":11},{"not_picked":["Barrage","Meteor Strike","Blizzard"],"picked":"Singing Bowl","floor":14}],"player_experience":2549096,"relics_obtained":[{"floor":9,"key":"Singing Bowl"},{"floor":11,"key":"Darkstone Periapt"},{"floor":11,"key":"Cables"},{"floor":14,"key":"Akabeko"},{"floor":14,"key":"Question Card"}],"event_choices":[{"damage_healed":17,"gold_gain":0,"player_choice":"Healed","damage_taken":0,"max_hp_gain":0,"max_hp_loss":0,"event_name":"The Cleric","floor":4,"gold_loss":35},{"damage_healed":0,"gold_gain":0,"player_choice":"Got Potions","damage_taken":0,"max_hp_gain":0,"max_hp_loss":0,"event_name":"Lab","floor":5,"gold_loss":0}],"is_beta":false,"boss_relics":[],"items_purged_floors":[],"is_endless":false,"potions_floor_spawned":[2,10,11],"killed_by":"Slime Boss","ascension_level":20}}