{"host":"4rvakrj1idbgia3f","time":1610381315,"event":{"mods":["BaseMod","Colored Map","Colored Powertips","DeckTracker","Highlight Path","Minty Spire (QoL Compilation)","Random Character Button","StSLib"],"gold_per_floor":[115,126,21,32,32,32,32,32,85,85,111,111,125,156,156,228,228,239,164,181,192,207,207,225,140,140,65,65,65,65,79,79,151,151,162,162,181,198,217,217,228,228,277,287,287,301,301,301,301,301,301],"floor_reached":50,"playtime":2210,"items_purged":["Heavy Blade"],"score":958,"play_id":"77dba10e-6b61-49db-8e34-eecfb6cf5dce","local_time":"20210112010835","is_ascension_mode":true,"campfire_choices":[{"data":"Cleave","floor":6,"key":"SMITH"},{"data":"Metallicize","floor":8,"key":"SMITH"},{"data":"Feel No Pain","floor":12,"key":"SMITH"},{"data":"Fire Breathing","floor":15,"key":"SMITH"},{"data":"Evolve","floor":23,"key":"SMITH"},{"data":"Feed","floor":28,"key":"SMITH"},{"data":"Power Through","floor":30,"key":"SMITH"},{"data":"Searing Blow","floor":32,"key":"SMITH"},{"data":"Corruption","floor":40,"key":"SMITH"},{"data":"True Grit","floor":42,"key":"SMITH"},{"data":"Searing Blow+1","floor":49,"key":"SMITH"}],"circlet_count":0,"master_deck":["AscendersBane","Strike_R","Strike_R","Strike_R","Strike_R","Defend_R","Defend_R","Bash+1","Clothesline+1","Metallicize+1","Cleave+1","Evolve+1","Feel No Pain+1","Fire Breathing+1","Shrug It Off","Power Through+1","Feed+1","Shrug It Off+1","Power Through","Power Through","Searing Blow+2","Corruption+1","True Grit+1","Body Slam+1","Purity"],"relics":["Burning Blood","PreservedInsect","White Beast Statue","StrikeDummy","Mark of Pain","Omamori","Self Forming Clay","SlaversCollar","Lantern"],"acts_visited":["Exordium","TheCity","TheBeyond"],"potions_floor_usage":[11,14,20,20,24,38,38,46,46,46,46,50],"damage_taken":[{"damage":8,"enemies":"Small Slimes","floor":1,"turns":5},{"damage":0,"enemies":"2 Louse","floor":2,"turns":3},{"damage":0,"enemies":"Cultist","floor":4,"turns":3},{"damage":8,"enemies":"Gremlin Nob","floor":11,"turns":3},{"damage":12,"enemies":"Red Slaver","floor":13,"turns":4},{"damage":18,"enemies":"3 Sentries","floor":14,"turns":5},{"damage":19,"enemies":"Slime Boss","floor":16,"turns":6},{"damage":0,"enemies":"Chosen","floor":18,"turns":4},{"damage":6,"enemies":"3 Byrds","floor":20,"turns":3},{"damage":16,"enemies":"Snake Plant","floor":21,"turns":5},{"damage":3,"enemies":"Centurion and Healer","floor":22,"turns":7},{"damage":18,"enemies":"3 Cultists","floor":24,"turns":5},{"damage":0,"enemies":"Chosen and Byrds","floor":31,"turns":5},{"damage":57,"enemies":"Automaton","floor":33,"turns":10},{"damage":16,"enemies":"Orb Walker","floor":35,"turns":7},{"damage":15,"enemies":"3 Shapes","floor":37,"turns":5},{"damage":67,"enemies":"Transient","floor":38,"turns":6},{"damage":9,"enemies":"Spire Growth","floor":39,"turns":7},{"damage":11,"enemies":"Maw","floor":41,"turns":8},{"damage":7,"enemies":"4 Shapes","floor":44,"turns":5},{"damage":35,"enemies":"Spire Growth","floor":46,"turns":5},{"damage":137,"enemies":"Awakened One","floor":50,"turns":10}],"seed_played":"3155912489233905390","potions_obtained":[{"floor":2,"key":"AttackPotion"},{"floor":13,"key":"Fire Potion"},{"floor":14,"key":"GamblersBrew"},{"floor":16,"key":"Fire Potion"},{"floor":18,"key":"SkillPotion"},{"floor":20,"key":"DistilledChaos"},{"floor":21,"key":"EssenceOfSteel"},{"floor":22,"key":"Regen Potion"},{"floor":24,"key":"Weak Potion"},{"floor":35,"key":"BloodPotion"},{"floor":38,"key":"LiquidBronze"},{"floor":39,"key":"EssenceOfSteel"},{"floor":41,"key":"Strength Potion"},{"floor":44,"key":"EntropicBrew"},{"floor":46,"key":"DuplicationPotion"}],"is_trial":false,"path_per_floor":["M","M","$","M","?","R","?","R","T","?","E","R","M","E","R","B",null,"M","$","M","M","M","R","M","?","T","?","R","?","R","M","R","B",null,"M","?","M","M","M","R","M","R","T","M","?","M","?","?","R","B"],"character_chosen":"IRONCLAD","items_purchased":["Cleave","Evolve"],"campfire_rested":0,"item_purchase_floors":[3,3],"current_hp_per_floor":[66,72,72,75,75,75,75,75,75,75,73,73,67,55,55,42,67,76,76,79,72,75,75,66,66,66,66,66,66,66,76,76,29,79,73,73,68,27,28,28,23,23,23,26,26,19,19,111,111,0,0],"gold":301,"neow_bonus":"UPGRADE_CARD","is_daily":false,"chose_seed":false,"campfire_upgraded":11,"win_rate":0.0,"timestamp":1610381315,"path_taken":["M","M","$","M","?","R","?","R","T","?","E","R","?","E","R","BOSS","M","$","M","M","M","R","M","?","T","?","R","?","R","?","R","BOSS","M","?","M","?","M","R","M","R","T","M","?","M","?","?","R","BOSS"],"items_purchased_type":["Card","Card"],"build_version":"2020-12-22","purchased_purges":1,"victory":false,"max_hp_per_floor":[75,75,75,75,75,75,75,75,75,75,75,75,75,75,75,75,75,78,78,81,84,84,84,87,87,87,87,87,87,87,91,91,95,95,99,99,103,103,107,107,107,107,107,111,111,111,111,111,111,111,111],"card_choices":[{"not_picked":["Entrench","Metallicize"],"picked":"Clothesline","floor":1},{"not_picked":["Armaments","Sword Boomerang"],"picked":"Metallicize","floor":2},{"not_picked":["Flex","Warcry"],"picked":"Feel No Pain","floor":4},{"not_picked":["Armaments","Flex"],"picked":"Fire Breathing","floor":11},{"not_picked":["Rage","Pommel Strike"],"picked":"Shrug It Off","floor":13},{"not_picked":["Headbutt","Clothesline"],"picked":"Power Through","floor":14},{"not_picked":["Double Tap","Barricade"],"picked":"Feed","floor":16},{"not_picked":["Rampage","Heavy Blade","Armaments"],"picked":"SKIP","floor":18},{"not_picked":["Warcry","Flame Barrier"],"picked":"Shrug It Off+1","floor":20},{"not_picked":["Intimidate","Spot Weakness"],"picked":"Power Through","floor":21},{"not_picked":["Clash","Iron Wave","Sword Boomerang"],"picked":"SKIP","floor":22},{"not_picked":["Headbutt","True Grit"],"picked":"Power Through","floor":24},{"not_picked":["Iron Wave","Limit Break"],"picked":"Searing Blow","floor":31},{"not_picked":["Barricade","Double Tap"],"picked":"Corruption","floor":33},{"not_picked":["Clash","Thunderclap+1","Wild Strike+1"],"picked":"SKIP","floor":35},{"not_picked":["Metallicize","Heavy Blade+1","Rupture"],"picked":"SKIP","floor":37},{"not_picked":["Heavy Blade","Rampage","Pummel"],"picked":"SKIP","floor":38},{"not_picked":["Dual Wield","Warcry","Twin Strike"],"picked":"SKIP","floor":39},{"not_picked":["Body Slam","Flex"],"picked":"True Grit","floor":41},{"not_picked":["Iron Wave","Heavy Blade"],"picked":"Body Slam+1","floor":44},{"not_picked":["Madness","Blind"],"picked":"Purity","floor":45},{"not_picked":["Sword Boomerang","Carnage","Limit Break"],"picked":"SKIP","floor":46}],"player_experience":2004566,"relics_obtained":[{"floor":9,"key":"PreservedInsect"},{"floor":11,"key":"White Beast Statue"},{"floor":14,"key":"StrikeDummy"},{"floor":26,"key":"Self Forming Clay"},{"floor":43,"key":"Lantern"}],"event_choices":[{"damage_healed":0,"gold_gain":0,"player_choice":"Ignored","damage_taken":0,"max_hp_gain":0,"max_hp_loss":0,"event_name":"Liars Game","floor":5,"gold_loss":0},{"damage_healed":0,"gold_gain":0,"player_choice":"Grow","damage_taken":0,"max_hp_gain":0,"max_hp_loss":0,"event_name":"Living Wall","floor":7,"gold_loss":0,"cards_upgraded":["Clothesline"]},{"damage_healed":0,"gold_gain":0,"cards_transformed":["Strike_R"],"player_choice":"Transformed","damage_taken":0,"max_hp_gain":0,"max_hp_loss":0,"event_name":"Transmorgrifier","floor":10,"gold_loss":0,"cards_obtained":["Heavy Blade"]},{"damage_healed":0,"gold_gain":0,"player_choice":"Obtained Relic","damage_taken":0,"relics_obtained":["Omamori"],"max_hp_gain":0,"max_hp_loss":0,"event_name":"Addict","floor":25,"gold_loss":85},{"cards_removed":["Defend_R"],"damage_healed":0,"gold_gain":0,"player_choice":"Gave Gold","damage_taken":0,"max_hp_gain":0,"max_hp_loss":0,"event_name":"Beggar","floor":27,"gold_loss":75},{"damage_healed":0,"gold_gain":0,"player_choice":"0 cards matched","damage_taken":0,"max_hp_gain":0,"max_hp_loss":0,"event_name":"Match and Keep!","floor":29,"gold_loss":0,"cards_obtained":[]},{"damage_healed":0,"gold_gain":0,"cards_transformed":["Defend_R"],"player_choice":"Transformed","damage_taken":0,"max_hp_gain":0,"max_hp_loss":0,"event_name":"Transmorgrifier","floor":36,"gold_loss":0,"cards_obtained":["Combust"]},{"damage_healed":0,"gold_gain":0,"player_choice":"Memory 1","damage_taken":0,"max_hp_gain":0,"max_hp_loss":0,"event_name":"SensoryStone","floor":45,"gold_loss":0},{"cards_removed":["Combust"],"damage_healed":0,"gold_gain":0,"player_choice":"Removed Power","damage_taken":0,"max_hp_gain":0,"max_hp_loss":0,"event_name":"Falling","floor":47,"gold_loss":0},{"damage_healed":92,"gold_gain":0,"player_choice":"Heal","damage_taken":0,"max_hp_gain":0,"max_hp_loss":0,"event_name":"MindBloom","floor":48,"gold_loss":0,"cards_obtained":["Doubt"]}],"is_beta":false,"boss_relics":[{"not_picked":["Cursed Key","Ectoplasm"],"picked":"Mark of Pain"},{"not_picked":["Runic Pyramid","Runic Cube"],"picked":"SlaversCollar"}],"items_purged_floors":[19],"is_endless":false,"potions_floor_spawned":[2,13,14,16,18,20,21,22,24,31,33,35,37,38,39,41,44,46],"killed_by":"Awakened One","ascension_level":20}}