{"host":"rfd0aujzbne52cnp","time":1610335094,"event":{"mods":["2.2 Compatiblity","BaseMod","Better Match","Better Third Choice","BetterRewards","Colored Powertips","Hermit","Jorbs\u0027s Wanderer Trilogy","Minty Spire (QoL Compilation)","Quick Restart","Shade Mod","Spicy Shops","StSLib","The Bladedancer","The Bug Knight","The Factory","everything is the same but u backflip on backflip"],"gold_per_floor":[115,115,130,146,162,200,200,239,239,274,289,289,289,46,46,171,171,184,184,173,193,25,56,56,100,125,164,207,207,250,250,250,374,374,393,421,441,122,157,157,157,237,237,237,267,311,357,380,380,387],"floor_reached":51,"playtime":6221,"items_purged":["hermit:Strike_Hermit","hermit:Strike_Hermit","hermit:Defend_Hermit","hermit:Strike_Hermit"],"score":1463,"play_id":"c2b9f1b2-238a-4855-874d-8de70fe85d54","local_time":"20210110221814","is_ascension_mode":true,"campfire_choices":[{"data":"hermit:Quickdraw","floor":7,"key":"SMITH"},{"data":"hermit:CalledShot","floor":12,"key":"SMITH"},{"data":"hermit:Covet","floor":15,"key":"SMITH"},{"data":"hermit:Glare","floor":24,"key":"SMITH"},{"data":"hermit:GoldenBullet","floor":32,"key":"SMITH"},{"floor":40,"key":"DIG"},{"floor":41,"key":"DIG"},{"floor":44,"key":"DIG"},{"floor":49,"key":"DIG"}],"circlet_count":0,"master_deck":["hermit:Strike_Hermit+1","hermit:Defend_Hermit+1","hermit:Defend_Hermit+1","hermit:Defend_Hermit+1","hermit:Snapshot+1","hermit:Covet+1","hermit:TrackingShot","hermit:GhostlyPresence+1","hermit:Quickdraw+1","hermit:Spite","hermit:GhostlyPresence","hermit:CalledShot+1","hermit:Combo+1","hermit:Glare+1","hermit:Dive+1","Writhe","hermit:CalledShot+1","hermit:Deadeye","hermit:GhostlyPresence+1","hermit:GoldenBullet+1","hermit:DeadOrAlive","Pride","hermit:Deadeye","hermit:Scavenge+1","hermit:TakeAim+1"],"relics":["hermit:Momento","Frozen Egg 2","Thread and Needle","Eternal Feather","Orichalcum","Golden Idol","PreservedInsect","hermit:RedScarf","WingedGreaves","Calipers","Membership Card","Black Star","Vajra","Oddly Smooth Stone","Kunai","Potion Belt","Pear","Whetstone","Strawberry","Toxic Egg 2","Gambling Chip","Gremlin Horn","Bronze Scales","Toy Ornithopter","Du-Vu Doll","Sozu","Shovel","HollowMod:LifeEnderRelic","HollowMod:StagPassRelic","Lantern","Bag of Preparation","Akabeko","Bird Faced Urn","MealTicket","Blue Candle","Art of War","War Paint","Ice Cream"],"acts_visited":["Exordium","TheCity","TheBeyond"],"potions_floor_usage":[6,20,20,23,25,33,50,50],"damage_taken":[{"damage":0,"enemies":"Small Slimes","floor":1,"turns":3},{"damage":0,"enemies":"Jaw Worm","floor":3,"turns":3},{"damage":0,"enemies":"2 Louse","floor":4,"turns":3},{"damage":0,"enemies":"Lots of Slimes","floor":5,"turns":5},{"damage":14,"enemies":"Lagavulin","floor":6,"turns":6},{"damage":0,"enemies":"3 Sentries","floor":8,"turns":5},{"damage":0,"enemies":"Lagavulin","floor":10,"turns":8},{"damage":0,"enemies":"Red Slaver","floor":11,"turns":3},{"damage":0,"enemies":"The Guardian","floor":16,"turns":14},{"damage":0,"enemies":"Spheric Guardian","floor":18,"turns":7},{"damage":0,"enemies":"2 Thieves","floor":20,"turns":4},{"damage":0,"enemies":"Snecko","floor":21,"turns":5},{"damage":13,"enemies":"Gremlin Leader","floor":23,"turns":9},{"damage":4,"enemies":"Slavers","floor":25,"turns":5},{"damage":1,"enemies":"Gremlin Leader","floor":27,"turns":8},{"damage":0,"enemies":"Book of Stabbing","floor":28,"turns":4},{"damage":0,"enemies":"Gremlin Leader","floor":30,"turns":4},{"damage":0,"enemies":"Collector","floor":33,"turns":12},{"damage":0,"enemies":"Orb Walker","floor":35,"turns":2},{"damage":0,"enemies":"3 Shapes","floor":36,"turns":1},{"damage":8,"enemies":"Transient","floor":37,"turns":5},{"damage":0,"enemies":"Writhing Mass","floor":39,"turns":5},{"damage":1,"enemies":"Reptomancer","floor":42,"turns":6},{"damage":0,"enemies":"Jaw Worm Horde","floor":45,"turns":2},{"damage":0,"enemies":"Giant Head","floor":46,"turns":5},{"damage":1,"enemies":"Sphere and 2 Shapes","floor":47,"turns":4},{"damage":5,"enemies":"Awakened One","floor":50,"turns":10}],"seed_played":"-2486481218011663273","potions_obtained":[{"floor":1,"key":"AttackPotion"},{"floor":4,"key":"Swift Potion"},{"floor":10,"key":"LiquidMemories"},{"floor":20,"key":"PowerPotion"},{"floor":23,"key":"ColorlessPotion"},{"floor":27,"key":"CultistPotion"},{"floor":31,"key":"Fruit Juice"},{"floor":31,"key":"BlessingOfTheForge"},{"floor":31,"key":"LiquidBronze"},{"floor":33,"key":"Regen Potion"}],"is_trial":false,"path_per_floor":["M","?","M","M","M","E","R","E","T","E","M","R","?","$","R","B",null,"M","?","M","M","$","E","R","E","T","E","E","?","E","?","R","B",null,"M","M","M","$","M","R","R","E","T","R","M","E","M","T","R","B",null],"character_chosen":"HERMIT","items_purchased":["Frozen Egg 2","Thread and Needle","Eternal Feather","Orichalcum","Membership Card","hermit:Combo+1","Vajra","Oddly Smooth Stone","Shovel","HollowMod:LifeEnderRelic","hermit:Deadeye"],"campfire_rested":0,"item_purchase_floors":[0,0,0,0,14,14,22,22,38,38,38],"current_hp_per_floor":[45,45,45,45,45,31,37,37,37,37,37,46,32,32,41,41,69,69,69,69,69,69,56,65,71,78,77,77,77,77,77,86,91,91,91,91,83,83,83,91,91,90,90,91,91,91,90,90,91,86],"gold":387,"neow_bonus":"","is_daily":false,"chose_seed":false,"campfire_upgraded":5,"win_rate":0.0,"timestamp":1610335094,"path_taken":["M","?","M","M","M","E","R","E","T","E","M","R","?","?","R","BOSS","M","?","M","M","$","E","R","E","T","E","E","?","E","?","R","BOSS","M","M","M","$","?","R","R","E","T","R","M","E","M","?","R","BOSS"],"items_purchased_type":["Relic","Relic","Relic","Relic","Relic","Card","Relic","Relic","Relic","Relic","Card"],"build_version":"2020-12-22","purchased_purges":4,"victory":true,"max_hp_per_floor":[75,69,69,69,69,69,69,69,69,69,69,69,69,69,69,69,69,69,69,69,69,69,69,69,79,86,86,86,86,86,86,86,91,91,91,91,91,91,91,91,91,91,91,91,91,91,91,91,91,91],"card_choices":[{"not_picked":["hermit:Manifest","hermit:TakeAim+1"],"picked":"hermit:TrackingShot","floor":1},{"not_picked":["hermit:Headshot","hermit:Snipe"],"picked":"hermit:GhostlyPresence","floor":3},{"not_picked":["hermit:DeadMansHand","hermit:TrackingShot"],"picked":"hermit:Quickdraw","floor":4},{"not_picked":["hermit:LowProfile","hermit:Shortfuse"],"picked":"hermit:Spite","floor":5},{"not_picked":["hermit:Snipe","hermit:Coalescence","hermit:Gestalt"],"picked":"SKIP","floor":6},{"not_picked":["hermit:Feint","hermit:DeadMansHand"],"picked":"hermit:GhostlyPresence","floor":8},{"not_picked":["hermit:TrackingShot","hermit:LuckOfTheDraw"],"picked":"hermit:CalledShot","floor":10},{"not_picked":["hermit:Coalescence","hermit:EternalForm+1","hermit:DeadMansHand"],"picked":"SKIP","floor":11},{"not_picked":["hermit:Showdown","hermit:SprayPray","hermit:Coalescence"],"picked":"SKIP","floor":18},{"not_picked":["hermit:ShadowCloak+1","hermit:HoleUp"],"picked":"hermit:Glare","floor":20},{"not_picked":["hermit:Quickdraw","hermit:LuckOfTheDraw"],"picked":"hermit:Dive+1","floor":21},{"not_picked":["hermit:GoldenBullet","hermit:SprayPray+1"],"picked":"hermit:CalledShot+1","floor":23},{"not_picked":["hermit:Manifest","hermit:HighNoon+1","hermit:Feint"],"picked":"SKIP","floor":25},{"not_picked":["hermit:PistolWhip","hermit:FullyLoaded+1"],"picked":"hermit:Deadeye","floor":27},{"not_picked":["hermit:OverwhelmingPower+1","hermit:ItchyTrigger+1"],"picked":"hermit:GhostlyPresence+1","floor":28},{"not_picked":["hermit:TakeAim+1","hermit:WideOpen"],"picked":"hermit:GoldenBullet","floor":30},{"not_picked":["hermit:HeroicBravado+1","hermit:Roughhouse"],"picked":"hermit:DeadOrAlive","floor":33},{"not_picked":["hermit:Maintenance+1","hermit:HoleUp+1","hermit:WideOpen"],"picked":"SKIP","floor":35},{"not_picked":["hermit:Misfire","hermit:Gestalt+1","hermit:Snipe+1"],"picked":"SKIP","floor":36},{"not_picked":["hermit:ShadowCloak+1","hermit:Snipe+1","hermit:Glare+1"],"picked":"SKIP","floor":37},{"not_picked":["hermit:TrackingShot","hermit:Headshot+1"],"picked":"hermit:Scavenge+1","floor":39},{"not_picked":["hermit:Glare+1","hermit:CalledShot+1"],"picked":"hermit:TakeAim+1","floor":42},{"not_picked":["hermit:DeadMansHand+1","hermit:Misfire","hermit:Dive+1"],"picked":"SKIP","floor":45},{"not_picked":["hermit:Determination+1","hermit:TakeAim+1","hermit:Manifest+1"],"picked":"SKIP","floor":46},{"not_picked":["hermit:Vantage+1","hermit:Roulette","hermit:GhostlyPresence+1"],"picked":"SKIP","floor":47}],"player_experience":1611433,"relics_obtained":[{"floor":6,"key":"PreservedInsect"},{"floor":8,"key":"hermit:RedScarf"},{"floor":9,"key":"WingedGreaves"},{"floor":10,"key":"Calipers"},{"floor":23,"key":"Kunai"},{"floor":23,"key":"Potion Belt"},{"floor":25,"key":"Pear"},{"floor":25,"key":"Whetstone"},{"floor":26,"key":"Strawberry"},{"floor":27,"key":"Toxic Egg 2"},{"floor":27,"key":"Gambling Chip"},{"floor":28,"key":"Gremlin Horn"},{"floor":28,"key":"Bronze Scales"},{"floor":30,"key":"Toy Ornithopter"},{"floor":30,"key":"Du-Vu Doll"},{"floor":40,"key":"HollowMod:StagPassRelic"},{"floor":41,"key":"Lantern"},{"floor":42,"key":"Bag of Preparation"},{"floor":42,"key":"Akabeko"},{"floor":43,"key":"Bird Faced Urn"},{"floor":44,"key":"MealTicket"},{"floor":46,"key":"Blue Candle"},{"floor":46,"key":"Art of War"},{"floor":48,"key":"War Paint"},{"floor":49,"key":"Ice Cream"}],"event_choices":[{"damage_healed":0,"gold_gain":0,"player_choice":"Lose Max HP","damage_taken":0,"relics_obtained":["Golden Idol"],"max_hp_gain":0,"max_hp_loss":6,"event_name":"Golden Idol","floor":2,"gold_loss":0},{"damage_healed":46,"gold_gain":0,"player_choice":"Upgrade","damage_taken":14,"max_hp_gain":0,"max_hp_loss":69,"event_name":"betterThird:BetterShining","floor":13,"gold_loss":0,"cards_upgraded":["hermit:Defend_Hermit","hermit:GhostlyPresence"]},{"damage_healed":0,"gold_gain":0,"player_choice":"Ignored","damage_taken":0,"max_hp_gain":0,"max_hp_loss":0,"event_name":"Vampires","floor":19,"gold_loss":0},{"damage_healed":0,"gold_gain":0,"player_choice":"Ignored","damage_taken":0,"max_hp_gain":0,"max_hp_loss":0,"event_name":"Ghosts","floor":29,"gold_loss":0},{"damage_healed":0,"gold_gain":0,"player_choice":"Got Potions","damage_taken":0,"max_hp_gain":0,"max_hp_loss":0,"event_name":"Lab","floor":31,"gold_loss":0}],"is_beta":false,"boss_relics":[{"not_picked":["Cursed Key","Busted Crown"],"picked":"Black Star"},{"not_picked":["Snecko Eye","hermit:DentedPlate"],"picked":"Sozu"}],"items_purged_floors":[0,14,22,38],"is_endless":false,"potions_floor_spawned":[1,4,10,11,16,20,23,27,33,35,37,45,47],"ascension_level":1}}