{"host":"4cz9gr89nglr7k8k","time":1610396687,"event":{"mods":["BaseMod","Minty Spire (QoL Compilation)","Relic Stats","Slay-I"],"gold_per_floor":[115,13,33,33,33,33,49,49,75,94,105,105,124,11,11,11,11],"floor_reached":16,"playtime":390,"items_purged":[],"score":184,"play_id":"df83eede-ff23-47a5-866c-6a114cc06c8f","local_time":"20210111212447","is_ascension_mode":true,"campfire_choices":[{"data":"Metallicize","floor":6,"key":"SMITH"},{"floor":8,"key":"REST"},{"data":"Reaper","floor":15,"key":"SMITH"}],"circlet_count":0,"master_deck":["AscendersBane","Strike_R","Strike_R","Strike_R","Strike_R","Defend_R","Defend_R","Defend_R","Bash","Metallicize+1","Swift Strike","Flex","Iron Wave","Cleave","Reaper+1","Exhume","Anger","Flex","Iron Wave"],"relics":["Burning Blood","Ancient Tea Set","Juzu Bracelet"],"acts_visited":["Exordium"],"potions_floor_usage":[11,16],"damage_taken":[{"damage":17,"enemies":"Cultist","floor":1,"turns":4},{"damage":10,"enemies":"2 Louse","floor":3,"turns":4},{"damage":7,"enemies":"Small Slimes","floor":7,"turns":3},{"damage":13,"enemies":"Blue Slaver","floor":10,"turns":3},{"damage":0,"enemies":"2 Fungi Beasts","floor":11,"turns":3},{"damage":15,"enemies":"Large Slime","floor":13,"turns":6},{"damage":93,"enemies":"Hexaghost","floor":16,"turns":11}],"seed_played":"-106522627661971810","potions_obtained":[{"floor":7,"key":"AttackPotion"},{"floor":11,"key":"Swift Potion"}],"is_trial":false,"path_per_floor":["M","$","M","?","?","R","M","R","T","M","M","?","M","$","R","B"],"character_chosen":"IRONCLAD","items_purchased":["Swift Strike","Flex","Iron Wave"],"campfire_rested":1,"item_purchase_floors":[2,14,14],"current_hp_per_floor":[57,57,53,46,51,51,50,74,74,67,73,73,72,72,72,0,0],"gold":11,"neow_bonus":"RANDOM_COMMON_RELIC","is_daily":false,"chose_seed":false,"campfire_upgraded":2,"win_rate":0.0,"timestamp":1610396687,"path_taken":["M","$","M","?","?","R","M","R","T","M","M","?","M","?","R","BOSS"],"items_purchased_type":["Card","Card","Card"],"build_version":"2020-12-22","purchased_purges":0,"victory":false,"max_hp_per_floor":[75,75,75,75,80,80,80,80,80,80,80,80,80,80,80,80,80],"relic_stats":{"counters":[7,34],"Juzu Bracelet":0,"obtain_stats":[{"Juzu Bracelet":9,"Ancient Tea Set":0,"Burning Blood":0},{"Juzu Bracelet":3,"Ancient Tea Set":0,"Burning Blood":0},{"Juzu Bracelet":11,"Ancient Tea Set":0,"Burning Blood":0}],"Burning Blood":36},"card_choices":[{"not_picked":["Twin Strike","Thunderclap"],"picked":"Metallicize","floor":1},{"not_picked":["Clothesline","Flame Barrier"],"picked":"Flex","floor":3},{"not_picked":["Shrug It Off","Rage"],"picked":"Iron Wave","floor":7},{"not_picked":["Pommel Strike","Flex"],"picked":"Cleave","floor":10},{"not_picked":["Cleave","Evolve"],"picked":"Reaper","floor":11},{"not_picked":["Pommel Strike","Bloodletting"],"picked":"Anger","floor":13}],"player_experience":1488496,"relics_obtained":[{"floor":9,"key":"Juzu Bracelet"}],"event_choices":[{"cards_removed":["Defend_R"],"damage_healed":0,"gold_gain":0,"player_choice":"Card Removal","damage_taken":7,"max_hp_gain":0,"max_hp_loss":0,"event_name":"Golden Wing","floor":4,"gold_loss":0},{"damage_healed":0,"gold_gain":0,"player_choice":"Donut","damage_taken":0,"max_hp_gain":5,"max_hp_loss":0,"event_name":"Big Fish","floor":5,"gold_loss":0},{"damage_healed":0,"gold_gain":0,"cards_transformed":["Strike_R"],"player_choice":"Change","damage_taken":0,"max_hp_gain":0,"max_hp_loss":0,"event_name":"Living Wall","floor":12,"gold_loss":0,"cards_obtained":["Exhume"]}],"is_beta":false,"boss_relics":[],"items_purged_floors":[],"is_endless":false,"potions_floor_spawned":[7,11],"killed_by":"Hexaghost","ascension_level":20}}