{"host":"vumwfieg2b2mnrfl","time":1610403709,"event":{"mods":["AchievementEnabler","BaseMod","Minty Spire (QoL Compilation)","Rare Cards Sparkle","Relic Stats"],"gold_per_floor":[159,159,178,178,189,214,133,133,208,243,311,311,327,351,351,428,428,428,428,428,428,81,81,81,81,81,81,81,81,81,81,81,81,81,81,81,61,61,0,0,0,0,0,0,0,0,0,0,0,0],"floor_reached":51,"playtime":2889,"items_purged":[],"score":1314,"play_id":"70677438-dfea-42df-98e9-6062e33bd311","local_time":"20210111162149","is_ascension_mode":true,"campfire_choices":[{"data":"Leg Sweep","floor":8,"key":"SMITH"},{"data":"Calculated Gamble","floor":12,"key":"SMITH"},{"floor":15,"key":"REST"},{"data":"RitualDagger","floor":23,"key":"SMITH"},{"data":"1","floor":25,"key":"LIFT"},{"floor":32,"key":"REST"},{"floor":40,"key":"REST"},{"data":"2","floor":42,"key":"LIFT"},{"data":"Well Laid Plans","floor":49,"key":"SMITH"}],"circlet_count":0,"master_deck":["AscendersBane","Strike_G","Strike_G","Strike_G","Strike_G","Defend_G","Defend_G","Defend_G+1","Defend_G","Survivor","Neutralize","Deadly Poison","Well Laid Plans+1","Dagger Spray","Dagger Throw","Calculated Gamble+1","Leg Sweep+1","After Image","Deadly Poison","After Image","RitualDagger+1","Quick Slash","Noxious Fumes+1","Blur","Predator","Blade Dance+1","Night Terror","Blade Dance+1","Cloak And Dagger+1","Prepared+1","Storm of Steel"],"relics":["Tiny House","Akabeko","Blue Candle","Mercury Hourglass","MealTicket","HornCleat","Orichalcum","Ectoplasm","Pocketwatch","Girya","Thread and Needle","Lizard Tail","Meat on the Bone","Philosopher\u0027s Stone","Red Mask","Lantern","Toy Ornithopter","Nunchaku"],"acts_visited":["Exordium","TheCity","TheBeyond"],"potions_floor_usage":[3,6,21,27,28,30,33,38,48,50],"damage_taken":[{"damage":3,"enemies":"2 Louse","floor":1,"turns":3},{"damage":0,"enemies":"Jaw Worm","floor":3,"turns":1},{"damage":0,"enemies":"Cultist","floor":5,"turns":3},{"damage":20,"enemies":"Gremlin Nob","floor":6,"turns":4},{"damage":7,"enemies":"3 Sentries","floor":10,"turns":4},{"damage":1,"enemies":"Looter","floor":13,"turns":3},{"damage":35,"enemies":"Slime Boss","floor":16,"turns":15},{"damage":6,"enemies":"3 Byrds","floor":18,"turns":5},{"damage":0,"enemies":"Spheric Guardian","floor":21,"turns":3},{"damage":9,"enemies":"Book of Stabbing","floor":24,"turns":8},{"damage":16,"enemies":"Snake Plant","floor":27,"turns":4},{"damage":5,"enemies":"Colosseum Slavers","floor":28,"turns":4},{"damage":3,"enemies":"Colosseum Nobs","floor":28,"turns":5},{"damage":3,"enemies":"Chosen and Byrds","floor":30,"turns":6},{"damage":0,"enemies":"Centurion and Healer","floor":31,"turns":6},{"damage":28,"enemies":"Champ","floor":33,"turns":14},{"damage":5,"enemies":"3 Darklings","floor":35,"turns":6},{"damage":9,"enemies":"3 Shapes","floor":36,"turns":4},{"damage":27,"enemies":"Transient","floor":38,"turns":6},{"damage":15,"enemies":"Giant Head","floor":41,"turns":11},{"damage":23,"enemies":"Nemesis","floor":44,"turns":11},{"damage":16,"enemies":"4 Shapes","floor":46,"turns":5},{"damage":0,"enemies":"Spire Growth","floor":48,"turns":6},{"damage":71,"enemies":"Donu and Deca","floor":50,"turns":12}],"seed_played":"-7982438146472921566","potions_obtained":[{"floor":0,"key":"AttackPotion"},{"floor":1,"key":"AttackPotion"},{"floor":6,"key":"PowerPotion"},{"floor":13,"key":"SmokeBomb"},{"floor":24,"key":"AttackPotion"},{"floor":28,"key":"DistilledChaos"},{"floor":29,"key":"GhostInAJar"},{"floor":30,"key":"DuplicationPotion"},{"floor":31,"key":"AttackPotion"},{"floor":36,"key":"ColorlessPotion"},{"floor":37,"key":"DuplicationPotion"},{"floor":38,"key":"Ancient Potion"}],"is_trial":false,"path_per_floor":["M","?","M","?","M","E","$","R","T","E","T","R","M","T","R","B",null,"M","?","?","M","$","R","E","R","T","M","?","?","M","M","R","B",null,"M","M","?","M","?","R","E","R","T","E","$","M","?","M","R","B",null],"character_chosen":"THE_SILENT","items_purchased":["Leg Sweep","Pocketwatch"],"campfire_rested":3,"item_purchase_floors":[7,22],"current_hp_per_floor":[61,61,61,61,61,41,41,41,41,34,34,34,33,33,54,19,58,52,46,46,46,61,61,52,52,52,36,28,28,37,37,58,42,64,59,50,50,35,35,56,41,41,41,30,45,41,71,71,71,17],"gold":0,"neow_bonus":"BOSS_RELIC","is_daily":false,"chose_seed":false,"campfire_upgraded":4,"win_rate":0.0,"timestamp":1610403709,"path_taken":["M","?","M","?","M","E","?","R","T","E","?","R","?","?","R","BOSS","M","?","?","M","$","R","E","R","T","M","?","?","M","?","R","BOSS","M","M","?","?","?","R","E","R","T","E","?","M","?","M","R","BOSS"],"items_purchased_type":["Card","Relic"],"build_version":"2020-12-22","purchased_purges":0,"victory":true,"max_hp_per_floor":[71,71,71,71,71,71,71,71,71,71,71,71,71,71,71,71,71,71,71,71,71,71,71,71,71,71,71,71,71,71,71,71,71,71,71,71,71,71,71,71,71,71,71,71,71,71,71,71,71,71],"relic_stats":{"Lizard Tail":0,"Nunchaku":[6],"counters":[24,148],"Blue Candle":[1],"MealTicket":30,"Ectoplasm":401,"Orichalcum":[12],"obtain_stats":[{"Girya":24,"Lantern":41,"Tiny House":0,"Blue Candle":6,"Thread and Needle":26,"Orichalcum":14,"Akabeko":2,"Mercury Hourglass":9,"Lizard Tail":28,"Nunchaku":44,"HornCleat":11,"MealTicket":10,"Philosopher\u0027s Stone":34,"Ectoplasm":17,"Red Mask":39,"Toy Ornithopter":43,"Ring of the Snake":0,"Pocketwatch":22,"Meat on the Bone":28},{"Girya":10,"Lantern":20,"Tiny House":0,"Blue Candle":4,"Thread and Needle":10,"Orichalcum":6,"Akabeko":1,"Mercury Hourglass":4,"Lizard Tail":13,"Nunchaku":21,"HornCleat":5,"MealTicket":5,"Philosopher\u0027s Stone":16,"Ectoplasm":7,"Red Mask":19,"Toy Ornithopter":20,"Ring of the Snake":0,"Pocketwatch":9,"Meat on the Bone":13},{"Girya":49,"Lantern":114,"Tiny House":0,"Blue Candle":11,"Thread and Needle":49,"Orichalcum":18,"Akabeko":3,"Mercury Hourglass":11,"Lizard Tail":62,"Nunchaku":125,"HornCleat":15,"MealTicket":15,"Philosopher\u0027s Stone":87,"Ectoplasm":33,"Red Mask":103,"Toy Ornithopter":114,"Ring of the Snake":0,"Pocketwatch":41,"Meat on the Bone":62}],"Toy Ornithopter":5,"Mercury Hourglass":[508],"Pocketwatch":[92],"Meat on the Bone":72},"card_choices":[{"not_picked":["Reflex","Dagger Throw"],"picked":"Deadly Poison","floor":0},{"not_picked":["Caltrops","Tactician"],"picked":"Well Laid Plans","floor":1},{"not_picked":["Quick Slash","Eviscerate"],"picked":"Dagger Spray","floor":3},{"not_picked":["Blade Dance","Tactician"],"picked":"Dagger Throw","floor":5},{"not_picked":["Underhanded Strike","Prepared"],"picked":"Calculated Gamble","floor":6},{"not_picked":["Blade Dance","Dagger Spray"],"picked":"After Image","floor":10},{"not_picked":["Dagger Throw","Sucker Punch"],"picked":"Deadly Poison","floor":13},{"not_picked":["Venomology","Tools of the Trade"],"picked":"After Image","floor":16},{"not_picked":["Dagger Spray","Backflip","Endless Agony"],"picked":"SKIP","floor":18},{"not_picked":["All Out Attack","Slice"],"picked":"Noxious Fumes+1","floor":24},{"not_picked":["Eviscerate","Outmaneuver"],"picked":"Blur","floor":27},{"not_picked":["Flying Knee","Dodge and Roll"],"picked":"Predator","floor":28},{"not_picked":["Outmaneuver","Acrobatics","Predator"],"picked":"SKIP","floor":30},{"not_picked":["Prepared","Choke"],"picked":"Blade Dance+1","floor":31},{"not_picked":["Doppelganger","Grand Finale"],"picked":"Night Terror","floor":33},{"not_picked":["Leg Sweep","Well Laid Plans"],"picked":"Blade Dance+1","floor":35},{"not_picked":["Bane+1","Poisoned Stab","Outmaneuver+1"],"picked":"SKIP","floor":36},{"not_picked":["Deflect","Terror+1"],"picked":"Cloak And Dagger+1","floor":38},{"not_picked":["Underhanded Strike+1","Noxious Fumes"],"picked":"Prepared+1","floor":41},{"not_picked":["Dagger Spray","Blur"],"picked":"Storm of Steel","floor":44},{"not_picked":["Outmaneuver","Quick Slash","PiercingWail"],"picked":"SKIP","floor":46},{"not_picked":["Dagger Spray","Dagger Throw+1","Prepared"],"picked":"SKIP","floor":48}],"player_experience":402942,"relics_obtained":[{"floor":6,"key":"Blue Candle"},{"floor":9,"key":"Mercury Hourglass"},{"floor":10,"key":"MealTicket"},{"floor":11,"key":"HornCleat"},{"floor":14,"key":"Orichalcum"},{"floor":24,"key":"Girya"},{"floor":26,"key":"Thread and Needle"},{"floor":28,"key":"Lizard Tail"},{"floor":28,"key":"Meat on the Bone"},{"floor":41,"key":"Lantern"},{"floor":43,"key":"Toy Ornithopter"},{"floor":44,"key":"Nunchaku"}],"event_choices":[{"damage_healed":0,"gold_gain":0,"player_choice":"Box","damage_taken":0,"relics_obtained":["Akabeko"],"max_hp_gain":0,"max_hp_loss":0,"event_name":"Big Fish","floor":2,"gold_loss":0,"cards_obtained":["Regret"]},{"cards_removed":["Regret"],"damage_healed":0,"gold_gain":0,"player_choice":"Forget","damage_taken":0,"max_hp_gain":0,"max_hp_loss":0,"event_name":"Living Wall","floor":4,"gold_loss":0},{"damage_healed":0,"gold_gain":0,"player_choice":"Joined the Cult","damage_taken":6,"max_hp_gain":0,"max_hp_loss":0,"event_name":"Nest","floor":19,"gold_loss":0,"cards_obtained":["RitualDagger"]},{"damage_healed":0,"gold_gain":0,"cards_transformed":["Strike_G","Defend_G"],"player_choice":"Became Test Subject","damage_taken":0,"max_hp_gain":0,"max_hp_loss":0,"event_name":"Drug Dealer","floor":20,"gold_loss":0,"cards_obtained":["Backstab","Quick Slash"]},{"damage_healed":0,"gold_gain":0,"player_choice":"Fight","damage_taken":0,"max_hp_gain":0,"max_hp_loss":0,"event_name":"Colosseum","floor":28,"gold_loss":0},{"damage_healed":0,"gold_gain":0,"player_choice":"Fought Nobs","damage_taken":0,"max_hp_gain":0,"max_hp_loss":0,"event_name":"Colosseum","floor":28,"gold_loss":0},{"damage_healed":0,"gold_gain":0,"player_choice":"Got Potions","damage_taken":0,"max_hp_gain":0,"max_hp_loss":0,"event_name":"Lab","floor":29,"gold_loss":0},{"damage_healed":0,"gold_gain":0,"player_choice":"Bought 1 Potion","damage_taken":0,"max_hp_gain":0,"max_hp_loss":0,"event_name":"The Woman in Blue","floor":37,"gold_loss":0},{"damage_healed":0,"gold_gain":0,"player_choice":"Paid","damage_taken":0,"relics_obtained":["Red Mask"],"max_hp_gain":0,"max_hp_loss":0,"event_name":"Tomb of Lord Red Mask","floor":39,"gold_loss":61},{"cards_removed":["Backstab"],"damage_healed":30,"gold_gain":0,"player_choice":"Offered Uncommon","damage_taken":0,"max_hp_gain":0,"max_hp_loss":0,"event_name":"Bonfire Elementals","floor":47,"gold_loss":0}],"is_beta":false,"boss_relics":[{"not_picked":["Runic Pyramid","Snecko Eye"],"picked":"Ectoplasm"},{"not_picked":["Runic Dome","Coffee Dripper"],"picked":"Philosopher\u0027s Stone"}],"items_purged_floors":[],"is_endless":false,"potions_floor_spawned":[1,6,13,16,21,24,28,30,31,36,38,46],"ascension_level":17}}