{"host":"m113y2j4kbc0e5kb","time":1610333995,"event":{"mods":["BaseMod","Colored Powertips","Lobotomy","LobotomyExtend","Minty Spire (QoL Compilation)","StSLib"],"gold_per_floor":[210,141,155,155,155,155,178,178,205,205,218,218,231,4,4,129,129,147,147,147,171,171,171,96,96,123,123,123,163,184,205,205,333,333,347,173,193,206,206,246,267,302,374,374,374,374,374],"floor_reached":46,"playtime":6521,"items_purged":["Clumsy"],"score":561,"play_id":"1f98d48b-a33b-4d66-957c-eace7195b4db","local_time":"20210111115955","is_ascension_mode":false,"campfire_choices":[],"circlet_count":0,"master_deck":["SpecialBullet","SpecialBullet","SpecialBullet","SpecialBullet","SpecialBullet","SpecialBullet","SpecialBullet","InformationCode","SecurityCode","CentralCode","GrinderMk4+1","WallGazer","Hypocrisy+1","WristCuter","Lantern","Mercenary","Spore","CrumblingArmor","Logging","ControlCode","Twilight","Hypocrisy+1","UniverseFragment","Logging","J.A.X.+1","DisciplinaryCode","SomewhereSpear","Mimicry","BearPaw","RedShoes","Adoration","CENSORED","Beak","Regret_ego+1","SpiderBud","Beak+1","ExtractionCode","BlackArmy","Hornet+1","QueenBee","Doubt"],"relics":["CogitoBucket","LetterFromLob","Golden Idol","Ancient Tea Set","Toy Ornithopter","ClockworkSouvenir","Cursed Key","HellTrain","FossilizedHelix","Meat on the Bone","War Paint","StrikeDummy","Empty Cage","BackwardClock","Bronze Scales","Boot","Bag of Preparation","Letter Opener"],"acts_visited":["Exordium","TheCity","TheBeyond"],"potions_floor_usage":[40,40,40,42],"damage_taken":[{"damage":7.0,"enemies":"Small Slimes","floor":1.0,"turns":3.0},{"damage":1.0,"enemies":"2 Louse","floor":3.0,"turns":2.0},{"damage":0.0,"enemies":"Cultist","floor":7.0,"turns":2.0},{"damage":2.0,"enemies":"Looter","floor":11.0,"turns":2.0},{"damage":2.0,"enemies":"2 Fungi Beasts","floor":13.0,"turns":2.0},{"damage":29.0,"enemies":"Hexaghost","floor":16.0,"turns":8.0},{"damage":16.0,"enemies":"Chosen","floor":18.0,"turns":5.0},{"damage":2.0,"enemies":"Spheric Guardian","floor":21.0,"turns":3.0},{"damage":14.0,"enemies":"Slavers","floor":29.0,"turns":3.0},{"damage":15.0,"enemies":"3 Cultists","floor":30.0,"turns":4.0},{"damage":0.0,"enemies":"Snecko","floor":31.0,"turns":2.0},{"damage":33.0,"enemies":"Champ","floor":33.0,"turns":5.0},{"damage":90.0,"enemies":"3 Darklings","floor":35.0,"turns":8.0},{"damage":0.0,"enemies":"Orb Walker","floor":37.0,"turns":2.0},{"damage":36.0,"enemies":"Maw","floor":38.0,"turns":5.0},{"damage":64,"enemies":"Reptomancer","floor":40,"turns":6},{"damage":15,"enemies":"Spire Growth","floor":41,"turns":4},{"damage":99,"enemies":"Nemesis","floor":42,"turns":7},{"damage":56,"enemies":"Writhing Mass","floor":46,"turns":3}],"seed_played":"5765769720683126329","potions_obtained":[{"floor":7.0,"key":"Explosive Potion"},{"floor":13.0,"key":"Strength Potion"},{"floor":16.0,"key":"DistilledChaos"},{"floor":21.0,"key":"FearPotion"},{"floor":29.0,"key":"ColorlessPotion"},{"floor":41,"key":"Energy Potion"}],"is_trial":false,"path_per_floor":["M","$","M","?","?","R","M","?","T","R","M","R","M","$","R","B",null,"M","?","?","M","T","R","$","?","T","R","?","E","M","M","R","B",null,"M","$","M","M","$","E","M","E","T","$","?","M"],"character_chosen":"Angela","items_purchased":["Hypocrisy","Logging","ClockworkSouvenir","Beak","Bronze Scales"],"campfire_rested":0,"item_purchase_floors":[2,14,14,36,36],"current_hp_per_floor":[70,70,70,56,39,39,47,47,47,47,53,53,63,63,63,46,74,62,62,47,57,57,57,57,57,57,57,57,69,75,84,84,55,88,42,42,73,74,74,78,89,104,104,104,104,69,69],"gold":374,"neow_bonus":"HUNDRED_GOLD","is_daily":false,"chose_seed":false,"campfire_upgraded":0,"win_rate":0.0,"timestamp":1610333995,"path_taken":["M","$","M","?","?","R","M","?","T","R","M","R","?","$","R","BOSS","M","?","?","M","?","R","$","?","T","R","?","E","M","M","R","BOSS","M","$","M","M","$","E","M","E","T","?","?","M"],"items_purchased_type":["Card","Card","Relic","Card","Relic"],"build_version":"2020-12-22","purchased_purges":1,"victory":false,"max_hp_per_floor":[70,70,70,70,70,70,70,70,70,70,70,70,74,74,74,74,74,78,78,83,83,83,83,83,83,83,83,83,80,80,84,84,88,88,92,92,96,96,96,100,100,104,104,104,104,104,104],"card_choices":[{"not_picked":["Beak"],"picked":"GrinderMk4","floor":1.0},{"not_picked":["Scorched","PunishingBird"],"picked":"WallGazer","floor":1.0},{"not_picked":["SolemnVow"],"picked":"WristCuter","floor":3.0},{"not_picked":["ShedSkin"],"picked":"Lantern","floor":7.0},{"not_picked":["SoundOfStar"],"picked":"Horn","floor":11.0},{"not_picked":["Murderer","Bloodbath"],"picked":"Mercenary","floor":11.0},{"not_picked":["Wingbeat"],"picked":"Spore","floor":13.0},{"not_picked":["BeautyBeast","DreamingCurrent"],"picked":"CrumblingArmor","floor":13.0},{"not_picked":["Mimicry"],"picked":"Twilight","floor":16.0},{"not_picked":["Horn"],"picked":"Hypocrisy","floor":18.0},{"not_picked":["ShyLook","FairyFestival"],"picked":"UniverseFragment","floor":18.0},{"not_picked":["SwordSharpenedByTears"],"picked":"Logging","floor":21.0},{"not_picked":["Horn"],"picked":"Mimicry","floor":29.0},{"not_picked":["Regret_ego","RapturousDream"],"picked":"SKIP","floor":30.0},{"not_picked":["Loneliness"],"picked":"BearPaw","floor":31.0},{"not_picked":["SpiderBud","Murderer"],"picked":"RedShoes","floor":31.0},{"not_picked":["Justitia"],"picked":"Adoration","floor":33.0},{"not_picked":["Bloodbath","MeatLantern"],"picked":"SpiderBud","floor":33.0},{"not_picked":["BodiesMountain","BeautyBeast"],"picked":"CENSORED","floor":35.0},{"not_picked":["Reverberation+1","Regret_ego"],"picked":"SKIP","floor":35.0},{"not_picked":["Tough+1"],"picked":"Regret_ego+1","floor":37.0},{"not_picked":["Wellcheers","Scorched"],"picked":"SpiderBud","floor":37.0},{"not_picked":["Lantern+1"],"picked":"Beak+1","floor":38.0},{"not_picked":["DreamingCurrent","LaLuna"],"picked":"BlackArmy","floor":40},{"not_picked":["MagicBullet","Gaze+1"],"picked":"SKIP","floor":40},{"not_picked":["Wingbeat+1","Logging"],"picked":"SKIP","floor":41},{"not_picked":["Hypocrisy+1"],"picked":"Hornet+1","floor":42},{"not_picked":["DespairKnight","LittlePrince"],"picked":"QueenBee","floor":42},{"not_picked":["Laetitia_ego","Loneliness+1"],"picked":"SKIP","floor":42}],"player_experience":1126407,"relics_obtained":[{"floor":1.0,"key":"LetterFromLob"},{"floor":9.0,"key":"Toy Ornithopter"},{"floor":22.0,"key":"Meat on the Bone"},{"floor":26.0,"key":"War Paint"},{"floor":29.0,"key":"StrikeDummy"},{"floor":40,"key":"Boot"},{"floor":42,"key":"Bag of Preparation"},{"floor":43,"key":"Letter Opener"}],"event_choices":[{"damage_healed":0.0,"max_hp_gain":0.0,"max_hp_loss":0.0,"gold_gain":0.0,"event_name":"Shining Light","player_choice":"Entered Light","floor":4.0,"gold_loss":0.0,"damage_taken":14.0,"cards_upgraded":["Hypocrisy","GrinderMk4"]},{"damage_healed":0.0,"max_hp_gain":0.0,"max_hp_loss":0.0,"gold_gain":0.0,"event_name":"Golden Idol","player_choice":"Take Damage","floor":5.0,"gold_loss":0.0,"damage_taken":17.0,"relics_obtained":["Golden Idol"]},{"damage_healed":0.0,"max_hp_gain":0.0,"max_hp_loss":0.0,"gold_gain":0.0,"event_name":"WeMeetAgain","player_choice":"Gave Potion","floor":8.0,"gold_loss":0.0,"damage_taken":0.0,"relics_obtained":["Ancient Tea Set"]},{"damage_healed":0.0,"max_hp_gain":0.0,"max_hp_loss":0.0,"gold_gain":0.0,"event_name":"The Mausoleum","player_choice":"Opened","floor":19.0,"gold_loss":0.0,"damage_taken":0.0,"relics_obtained":["FossilizedHelix"]},{"damage_healed":0.0,"max_hp_gain":5.0,"max_hp_loss":0.0,"gold_gain":0.0,"event_name":"Forgotten Altar","player_choice":"Shed Blood","floor":20.0,"gold_loss":0.0,"damage_taken":20.0},{"damage_healed":0.0,"max_hp_gain":0.0,"max_hp_loss":0.0,"gold_gain":0.0,"event_name":"Drug Dealer","player_choice":"Obtain J.A.X.","floor":25.0,"gold_loss":0.0,"damage_taken":0.0,"cards_obtained":["J.A.X."]},{"damage_healed":0.0,"max_hp_gain":0.0,"max_hp_loss":0.0,"gold_gain":0.0,"cards_transformed":["SpecialBullet"],"event_name":"Transmorgrifier","player_choice":"Transformed","floor":28.0,"gold_loss":0.0,"damage_taken":0.0,"cards_obtained":["SomewhereSpear"]},{"damage_healed":0,"gold_gain":0,"player_choice":"Ignored","damage_taken":0,"max_hp_gain":0,"max_hp_loss":0,"event_name":"Tomb of Lord Red Mask","floor":45,"gold_loss":0}],"is_beta":false,"boss_relics":[{"not_picked":["Calling Bell","Velvet Choker"],"picked":"Cursed Key"},{"not_picked":["Busted Crown","Snecko Eye"],"picked":"Empty Cage"}],"items_purged_floors":[24],"is_endless":false,"potions_floor_spawned":[7,13,16,21,29,35,41],"killed_by":"Writhing Mass","ascension_level":0}}