{"host":"e4hse1vg61zltgzv","time":1610326439,"event":{"mods":["AchievementEnabler","BaseMod","Block Reminder","Colored Map","DeckTracker","GifTheSpireLib","Minty Spire (QoL Compilation)","Rare Cards Sparkle","StSLib","SuperFastMode","everything is the same but u backflip on backflip"],"gold_per_floor":[109,121,131,150,166,166,193,206,232,232,248,79,79,114,114,188,188,207,220,240,240,240,267,267,292,292,292,324,324,355,355,355,432,432,447,274,293,310,330,357,357,391,439,270,283,283,294,320,320,320,320,320,320,66,100,100,100],"floor_reached":56,"playtime":1273,"items_purged":[],"score":3054,"play_id":"fe0224a5-465f-4521-997a-db5d1accd494","local_time":"20210111095359","is_ascension_mode":true,"campfire_choices":[{"data":"Adaptation","floor":6.0,"key":"SMITH"},{"data":"MentalFortress","floor":10.0,"key":"SMITH"},{"data":"Tantrum","floor":15.0,"key":"SMITH"},{"floor":24.0,"key":"DIG"},{"floor":27.0,"key":"DIG"},{"floor":29.0,"key":"DIG"},{"floor":32.0,"key":"RECALL"},{"floor":41.0,"key":"DIG"},{"floor":49.0,"key":"DIG"},{"floor":53.0,"key":"DIG"}],"circlet_count":0,"master_deck":["FearNoEvil","Adaptation+1","MentalFortress+1","Tantrum+1"],"relics":["PureWater","Singing Bowl","MealTicket","Juzu Bracelet","Nunchaku","Bag of Marbles","CeramicFish","Art of War","Busted Crown","Vajra","Shovel","Happy Flower","Ornamental Fan","Potion Belt","Matryoshka","Pocketwatch","Damaru","MutagenicStrength","Runic Pyramid","Bag of Preparation","TeardropLocket","Bottled Tornado","Ancient Tea Set","Orichalcum","Oddly Smooth Stone","ClockworkSouvenir","Anchor","Toy Ornithopter","InkBottle","PrismaticShard","Blood Vial"],"acts_visited":["Exordium","TheCity","TheBeyond","TheEnding"],"potions_floor_usage":[56,56,56,56,56],"damage_taken":[{"damage":0.0,"enemies":"Cultist","floor":1.0,"turns":2.0},{"damage":0.0,"enemies":"Jaw Worm","floor":2.0,"turns":1.0},{"damage":0.0,"enemies":"Small Slimes","floor":3.0,"turns":2.0},{"damage":0.0,"enemies":"Looter","floor":4.0,"turns":1.0},{"damage":0.0,"enemies":"Red Slaver","floor":5.0,"turns":1.0},{"damage":0.0,"enemies":"Lagavulin","floor":7.0,"turns":2.0},{"damage":0.0,"enemies":"3 Louse","floor":8.0,"turns":2.0},{"damage":0.0,"enemies":"2 Fungi Beasts","floor":11.0,"turns":1.0},{"damage":0.0,"enemies":"3 Sentries","floor":14.0,"turns":2.0},{"damage":0.0,"enemies":"Hexaghost","floor":16.0,"turns":2.0},{"damage":0.0,"enemies":"3 Byrds","floor":18.0,"turns":1.0},{"damage":0.0,"enemies":"2 Thieves","floor":19.0,"turns":1.0},{"damage":0.0,"enemies":"Cultist and Chosen","floor":20.0,"turns":2.0},{"damage":0.0,"enemies":"Book of Stabbing","floor":23.0,"turns":1.0},{"damage":0.0,"enemies":"Gremlin Leader","floor":25.0,"turns":2.0},{"damage":0.0,"enemies":"Book of Stabbing","floor":28.0,"turns":1.0},{"damage":0.0,"enemies":"Gremlin Leader","floor":30.0,"turns":1.0},{"damage":0.0,"enemies":"Collector","floor":33.0,"turns":2.0},{"damage":0.0,"enemies":"Orb Walker","floor":35.0,"turns":1.0},{"damage":7.0,"enemies":"3 Shapes","floor":37.0,"turns":1.0},{"damage":0.0,"enemies":"3 Darklings","floor":38.0,"turns":1.0},{"damage":0.0,"enemies":"Transient","floor":39.0,"turns":1.0},{"damage":0.0,"enemies":"Nemesis","floor":40.0,"turns":1.0},{"damage":0.0,"enemies":"Giant Head","floor":42.0,"turns":3.0},{"damage":0.0,"enemies":"Writhing Mass","floor":45.0,"turns":1.0},{"damage":0.0,"enemies":"Sphere and 2 Shapes","floor":47.0,"turns":1.0},{"damage":0.0,"enemies":"Nemesis","floor":48.0,"turns":1.0},{"damage":0.0,"enemies":"Awakened One","floor":50.0,"turns":2.0},{"damage":0.0,"enemies":"Time Eater","floor":51.0,"turns":3.0},{"damage":0.0,"enemies":"Shield and Spear","floor":55.0,"turns":1.0},{"damage":0,"enemies":"The Heart","floor":56,"turns":4}],"seed_played":"-2969245241521075578","potions_obtained":[{"floor":1.0,"key":"FearPotion"},{"floor":3.0,"key":"Block Potion"},{"floor":14.0,"key":"Explosive Potion"},{"floor":19.0,"key":"SteroidPotion"},{"floor":28.0,"key":"SkillPotion"},{"floor":33.0,"key":"ColorlessPotion"},{"floor":42.0,"key":"Swift Potion"},{"floor":46.0,"key":"EntropicBrew"},{"floor":48.0,"key":"Strength Potion"}],"is_trial":false,"path_per_floor":["M","M","M","M","M","R","E","M","T","R","M","$","?","E","R","B",null,"M","M","M","?","?","E","R","E","T","R","E","R","E","?","R","B",null,"M","$","M","M","M","E","R","E","T","$","M","?","M","E","R","B","B",null,"R","$","E","B"],"character_chosen":"WATCHER","items_purchased":["Bag of Marbles","Bag of Preparation","ClockworkSouvenir","DuplicationPotion","PrismaticShard"],"campfire_rested":0,"item_purchase_floors":[12,36,44,54,54],"current_hp_per_floor":[63,65,67,69,71,71,73,75,75,75,77,84,84,86,86,88,88,90,92,94,94,94,96,96,98,98,98,100,100,102,102,102,104,104,106,106,101,103,105,107,107,109,109,116,118,118,120,122,122,122,122,122,122,122,124,124,124],"gold":100,"neow_bonus":"RANDOM_COMMON_RELIC","is_daily":false,"chose_seed":false,"campfire_upgraded":3,"win_rate":0.0,"timestamp":1610326439,"path_taken":["M","M","M","M","M","R","E","M","T","R","M","?","?","E","R","BOSS","M","M","M","?","?","E","R","E","T","R","E","R","E","?","R","BOSS","M","$","M","M","M","E","R","E","T","$","M","?","M","E","R","BOSS","BOSS","R","$","E","BOSS"],"items_purchased_type":["Relic","Relic","Relic","Potion","Relic"],"build_version":"2020-12-22","purchased_purges":0,"victory":false,"max_hp_per_floor":[70,72,74,76,78,78,80,82,82,82,84,84,84,86,86,88,88,90,92,94,94,94,96,96,98,98,98,100,100,102,102,102,104,104,106,106,108,110,112,114,114,116,116,116,118,118,120,122,122,122,122,122,122,122,124,124,124],"card_choices":[{"not_picked":["SandsOfTime","Consecrate","Vengeance"],"picked":"Singing Bowl","floor":1.0},{"not_picked":["Consecrate","EmptyFist","Protect"],"picked":"Singing Bowl","floor":2.0},{"not_picked":["BowlingBash","Wallop","LikeWater"],"picked":"Singing Bowl","floor":3.0},{"not_picked":["CrushJoints","Adaptation","PathToVictory"],"picked":"Singing Bowl","floor":4.0},{"not_picked":["PathToVictory","TalkToTheHand","BowlingBash"],"picked":"Singing Bowl","floor":5.0},{"not_picked":["FlurryOfBlows","Prostrate","Brilliance"],"picked":"Singing Bowl","floor":7.0},{"not_picked":["PathToVictory","SandsOfTime","Prostrate"],"picked":"Singing Bowl","floor":8.0},{"not_picked":["Sanctity","PathToVictory","Prostrate"],"picked":"Singing Bowl","floor":11.0},{"not_picked":["Conclude","FollowUp","Tantrum"],"picked":"Singing Bowl","floor":14.0},{"not_picked":["Devotion","Alpha","Establishment"],"picked":"Singing Bowl","floor":16.0},{"not_picked":["Adaptation"],"picked":"Singing Bowl","floor":18.0},{"not_picked":["JustLucky"],"picked":"Singing Bowl","floor":19.0},{"not_picked":["FollowUp"],"picked":"Singing Bowl","floor":20.0},{"not_picked":["Protect"],"picked":"Singing Bowl","floor":23.0},{"not_picked":["Perseverance"],"picked":"Singing Bowl","floor":25.0},{"not_picked":["Prostrate"],"picked":"Singing Bowl","floor":28.0},{"not_picked":["Establishment"],"picked":"Singing Bowl","floor":30.0},{"not_picked":["Judgement"],"picked":"Singing Bowl","floor":33.0},{"not_picked":["CutThroughFate+1"],"picked":"Singing Bowl","floor":35.0},{"not_picked":["Nirvana"],"picked":"Singing Bowl","floor":37.0},{"not_picked":["EmptyFist+1"],"picked":"Singing Bowl","floor":38.0},{"not_picked":["Halt"],"picked":"Singing Bowl","floor":39.0},{"not_picked":["Nirvana+1"],"picked":"Singing Bowl","floor":40.0},{"not_picked":["WreathOfFlame"],"picked":"Singing Bowl","floor":42.0},{"not_picked":["Protect"],"picked":"Singing Bowl","floor":45.0},{"not_picked":["CutThroughFate"],"picked":"Singing Bowl","floor":47.0},{"not_picked":["FollowUp"],"picked":"Singing Bowl","floor":48.0},{"not_picked":["WindmillStrike"],"picked":"Singing Bowl","floor":55.0}],"player_experience":791966,"relics_obtained":[{"floor":7.0,"key":"Juzu Bracelet"},{"floor":9.0,"key":"Nunchaku"},{"floor":14.0,"key":"Art of War"},{"floor":23.0,"key":"Vajra"},{"floor":24.0,"key":"Happy Flower"},{"floor":25.0,"key":"Ornamental Fan"},{"floor":27.0,"key":"Potion Belt"},{"floor":28.0,"key":"Matryoshka"},{"floor":29.0,"key":"Pocketwatch"},{"floor":30.0,"key":"Damaru"},{"floor":40.0,"key":"TeardropLocket"},{"floor":41.0,"key":"Bottled Tornado"},{"floor":42.0,"key":"Ancient Tea Set"},{"floor":43.0,"key":"Orichalcum"},{"floor":43.0,"key":"Oddly Smooth Stone"},{"floor":48.0,"key":"Anchor"},{"floor":49.0,"key":"Toy Ornithopter"},{"floor":53.0,"key":"InkBottle"},{"floor":55.0,"key":"Blood Vial"}],"event_choices":[{"damage_healed":0.0,"max_hp_gain":0.0,"max_hp_loss":0.0,"gold_gain":0.0,"event_name":"WeMeetAgain","player_choice":"Gave Potion","floor":13.0,"gold_loss":0.0,"damage_taken":0.0,"relics_obtained":["CeramicFish"]},{"damage_healed":0.0,"max_hp_gain":0.0,"max_hp_loss":0.0,"gold_gain":0.0,"event_name":"Beggar","player_choice":"Ignored","floor":21.0,"gold_loss":0.0,"damage_taken":0.0},{"damage_healed":0.0,"max_hp_gain":0.0,"max_hp_loss":0.0,"gold_gain":0.0,"event_name":"Cursed Tome","player_choice":"Ignored","floor":22.0,"gold_loss":0.0,"damage_taken":0.0},{"damage_healed":0.0,"max_hp_gain":0.0,"max_hp_loss":0.0,"gold_gain":0.0,"event_name":"Drug Dealer","player_choice":"Inject Mutagens","floor":31.0,"gold_loss":0.0,"damage_taken":0.0,"relics_obtained":["MutagenicStrength"]},{"damage_healed":0.0,"max_hp_gain":0.0,"max_hp_loss":0.0,"gold_gain":0.0,"event_name":"Lab","player_choice":"Got Potions","floor":46.0,"gold_loss":0.0,"damage_taken":0.0}],"is_beta":false,"boss_relics":[{"not_picked":["Velvet Choker","Fusion Hammer"],"picked":"Busted Crown"},{"not_picked":["SlaversCollar","VioletLotus"],"picked":"Runic Pyramid"}],"items_purged_floors":[],"is_endless":false,"potions_floor_spawned":[1,3,4,11,14,19,28,33,39,42,45,47,48,55],"killed_by":"The Heart","ascension_level":20}}