{"host":"6749gst1gzuv21qf","time":1610406916,"event":{"mods":["Aspiration","BaseMod","Better Altar","Better Match","Better Note","Better Sensory Stone","Better Skull","Better Third Choice","BetterRewards","Colored Map","Colored Powertips","Downfall","Highlight Path","Minty Spire (QoL Compilation)","Permanent Neow","Replay The Spire","Shop Mod","Spicy Shops","StSLib","The Cursed"],"gold_per_floor":[99,115,115,115,131,131,154,170,170,184,194,219,219,236,253,350,350,125,141,161,161,174,131,131,151,169,169,194,194,194,220,235,340,340,340,355,31,42,9,28,75,89,89,119,132,145,145,170,190,190],"floor_reached":51,"playtime":22879,"items_purged":["Pain"],"score":780,"play_id":"2e0286f0-8777-45d8-90d0-a108603f5bd7","local_time":"20210111181516","is_ascension_mode":false,"campfire_choices":[{"data":"Midas Touch","floor":6,"key":"SMITH"},{"floor":9,"key":"RECALL"},{"data":"champ:StrikeOfGenius","floor":13,"key":"SMITH"},{"data":"champ:VampiricStrike","floor":18,"key":"SMITH"},{"data":"champ:ViciousMockery","floor":27,"key":"SMITH"},{"data":"champ:VampiricStrike","floor":29,"key":"SMITH"},{"data":"champ:CalledShot","floor":35,"key":"SMITH"},{"data":"expansioncontent:QuickStudy","floor":43,"key":"SMITH"}],"circlet_count":0,"master_deck":["champ:Strike","champ:Strike","champ:Strike","champ:Defend","champ:Defend","champ:Defend","champ:Defend","champ:Execute","champ:Taunt","Overencumbered","Midas Touch+1","champ:CrownThrow","champ:AdrenalArmor","champ:Haymaker","champ:RageSigil","champ:EndlessRage","champ:BladeFlurry","champ:StrikeOfGenius+1","champ:TornadoPunch","champ:RisingSlash","champ:VampiricStrike+1","CurseOfTheBell","champ:SwordSigil+1","champ:Lariat","champ:BringItOn+1","champ:Circumvent","champ:ViciousMockery+1","champ:FanOfKnives","champ:FlashCut","champ:VampiricStrike+1","champ:ViciousMockery+1","champ:CalledShot+1","champ:IronFortress","champ:DancingMaster","champ:RageSigil+1","champ:Riposte+1","expansioncontent:QuickStudy+1","champ:RisingSlash+1","champ:DefensiveStyle","ReplayTheSpireMod:IOU","champ:StanceDance+1","champ:Duel","champ:ShieldThrow","champ:BerserkerStyle","champ:RapidStrikes+1","Spreading Infection","champ:Lariat+1","champ:FaceSlap+1"],"relics":["champ:ChampionCrown","champ:LiftRelic","Replay:Wax Seal","The Courier","Replay:Rubber Ducky","Ginger","Replay:Bottled Flurry","downfall:HeartBlessingBlue","downfall:HeartBlessingRed","downfall:HeartBlessingGreen","WarpedTongs","HornCleat","Question Card","aspiration:Lifesprig","Coffee Dripper","MerchantsRug","Pen Nib","Nunchaku","champ:FightingForDummies","Orichalcum","Ring of Searing","ReplayTheSpireMod:Ring of Exchange","Blood Vial"],"acts_visited":["Exordium","TheCity","TheBeyond"],"potions_floor_usage":[8,25,28,28,48],"damage_taken":[{"damage":3,"enemies":"Small Slimes","floor":2,"turns":6},{"damage":11,"enemies":"Jaw Worm","floor":5,"turns":4},{"damage":3,"enemies":"Cultist","floor":8,"turns":6},{"damage":31,"enemies":"Gremlin Gang","floor":10,"turns":7},{"damage":32,"enemies":"Red Slaver","floor":11,"turns":6},{"damage":16,"enemies":"Lagavulin","floor":12,"turns":8},{"damage":15,"enemies":"3 Louse","floor":14,"turns":4},{"damage":16,"enemies":"Gremlin Gang","floor":15,"turns":4},{"damage":60,"enemies":"downfall:Watcher","floor":16,"turns":9},{"damage":39,"enemies":"3 Byrds","floor":19,"turns":10},{"damage":9,"enemies":"Spheric Guardian","floor":20,"turns":4},{"damage":52,"enemies":"Centurion and Healer","floor":22,"turns":8},{"damage":20,"enemies":"downfall:FleeingMerchant","floor":23,"turns":4},{"damage":70,"enemies":"Cultist and Chosen","floor":25,"turns":9},{"damage":8,"enemies":"Snake Plant","floor":26,"turns":5},{"damage":38,"enemies":"Slavers","floor":28,"turns":6},{"damage":15,"enemies":"Replay:Snechameleon","floor":31,"turns":8},{"damage":2,"enemies":"Snecko","floor":32,"turns":4},{"damage":49,"enemies":"downfall:Ironclad","floor":33,"turns":6},{"damage":52,"enemies":"3 Darklings","floor":36,"turns":8},{"damage":16,"enemies":"downfall:FleeingMerchant","floor":37,"turns":4},{"damage":36,"enemies":"Orb Walker","floor":38,"turns":4},{"damage":14,"enemies":"downfall:FleeingMerchant","floor":39,"turns":4},{"damage":8,"enemies":"4 Shapes","floor":40,"turns":6},{"damage":2,"enemies":"3 Darklings","floor":42,"turns":5},{"damage":45,"enemies":"Giant Head","floor":44,"turns":10},{"damage":12,"enemies":"Spire Growth","floor":45,"turns":5},{"damage":44,"enemies":"4 Shapes","floor":46,"turns":6},{"damage":33,"enemies":"Nemesis","floor":48,"turns":7},{"damage":20,"enemies":"Transient","floor":49,"turns":5},{"damage":77,"enemies":"downfall:Silent","floor":50,"turns":9}],"seed_played":"4508423604320540102","potions_obtained":[{"floor":5,"key":"Ancient Potion"},{"floor":8,"key":"FairyPotion"},{"floor":12,"key":"LifebloodPotion"},{"floor":15,"key":"PowerPotion"},{"floor":19,"key":"FearPotion"},{"floor":20,"key":"Strength Potion"},{"floor":31,"key":"Languid Potion"},{"floor":32,"key":"Energy Potion"},{"floor":33,"key":"ColorlessPotion"},{"floor":40,"key":"Milkshake"},{"floor":44,"key":"SpeedPotion"},{"floor":45,"key":"sneckomod:MuddlingPotion"},{"floor":46,"key":"LifebloodPotion"},{"floor":48,"key":"DistilledChaos"}],"is_trial":false,"path_per_floor":["R_BF","M","?","T","M","R","T","M","R","M","M","E","R","M","M","B",null,"R","M","M","?","M","$","T","M","M","R","E","R","?","E","M","B",null,"R","M","$","M","$","M","T","M","R","E","M","M","?","E","M","B",null],"character_chosen":"THE_CHAMP","items_purchased":["Omamori","champ:ViciousMockery","MerchantsRug","expansioncontent:QuickStudy","Pen Nib","Nunchaku"],"campfire_rested":0,"item_purchase_floors":[23,23,37,37,37,39],"current_hp_per_floor":[90,90,90,90,90,90,90,89,89,71,54,47,47,39,25,29,90,100,81,91,91,81,99,99,84,92,92,54,54,54,69,92,100,100,100,100,99,95,100,100,100,100,100,78,94,92,92,94,100,55],"gold":190,"neow_bonus":"RANDOM_COLORLESS_2","is_daily":false,"chose_seed":false,"campfire_upgraded":7,"win_rate":0.0,"timestamp":1610406916,"path_taken":["R_BF","M","?","?","M","R","T","M","R","M","?","E","R","?","M","BOSS","R","M","M","?","?","$","T","M","M","R","E","R","?","E","M","BOSS","R","M","$","M","$","M","T","M","R","E","?","M","?","E","M","BOSS"],"items_purchased_type":["Relic","Card","Relic","Card","Relic","Relic"],"build_version":"2020-12-22","purchased_purges":1,"victory":true,"max_hp_per_floor":[90,90,90,90,90,90,90,90,90,90,90,90,90,90,90,90,90,100,100,100,100,100,100,100,100,100,100,100,100,100,100,100,100,100,100,100,100,100,100,100,100,100,100,100,100,100,100,100,100,100],"card_choices":[{"not_picked":["Panache","Violence"],"picked":"Midas Touch","floor":0},{"not_picked":["champ:CrookedStrike","champ:PerfectedStrike"],"picked":"champ:AdrenalArmor","floor":2},{"not_picked":["champ:BerserkersShout","champ:DefensiveShout"],"picked":"champ:Haymaker","floor":5},{"not_picked":["champ:PerfectedStrike","champ:RecklessLeap"],"picked":"champ:RageSigil","floor":8},{"not_picked":["champ:CrookedStrike","champ:FalseCounter"],"picked":"champ:EndlessRage","floor":10},{"not_picked":["champ:DefensiveShout","champ:FocusedBerserking"],"picked":"champ:BladeFlurry","floor":11},{"not_picked":["champ:Circumvent","champ:GutPunch"],"picked":"champ:StrikeOfGenius","floor":12},{"not_picked":["champ:GutPunch","champ:BladeFlurry"],"picked":"champ:TornadoPunch","floor":14},{"not_picked":["champ:Encircle","champ:BladeFlurry"],"picked":"champ:RisingSlash","floor":15},{"not_picked":["champ:MurderStrike","champ:IgnorePain"],"picked":"champ:VampiricStrike","floor":16},{"not_picked":["champ:GladiatorsShout+1","champ:ShieldSigil"],"picked":"champ:SwordSigil+1","floor":19},{"not_picked":["champ:ShieldSigil+1","champ:EnragedBash"],"picked":"champ:Lariat","floor":20},{"not_picked":["champ:SwordSigil","champ:BerserkerStyle"],"picked":"champ:BringItOn+1","floor":22},{"not_picked":["champ:Haymaker","champ:BringItOn+1"],"picked":"champ:Circumvent","floor":23},{"not_picked":["champ:TornadoPunch","champ:StanceDance"],"picked":"champ:FanOfKnives","floor":25},{"not_picked":["champ:FocusedDefense+1","champ:Haymaker+1"],"picked":"champ:FlashCut","floor":26},{"not_picked":["champ:Haymaker","champ:CrookedStrike"],"picked":"champ:VampiricStrike","floor":28},{"not_picked":["champ:BringItOn","champ:DefensiveShout","champ:FanOfKnives+1"],"picked":"champ:CalledShot","floor":31},{"not_picked":["champ:BerserkerStyle","champ:GutPunch","champ:RisingSlash"],"picked":"champ:IronFortress","floor":32},{"not_picked":["champ:Devastate","champ:SteelEdge","champ:ShieldSlam"],"picked":"champ:DancingMaster","floor":33},{"not_picked":["champ:CrookedStrike+1","champ:BladeFlurry+1","champ:Haymaker"],"picked":"champ:RageSigil+1","floor":36},{"not_picked":["champ:TornadoPunch+1","champ:BerserkerStyle","champ:SkillfulDodge"],"picked":"champ:Riposte+1","floor":37},{"not_picked":["champ:SkillfulDodge+1","champ:RecklessLeap","champ:BladeFlurry"],"picked":"champ:RisingSlash+1","floor":38},{"not_picked":["champ:CrookedStrike","champ:BerserkersShout+1","champ:BladeFlurry"],"picked":"champ:DefensiveStyle","floor":39},{"not_picked":["champ:Circumvent","champ:ShieldSigil","champ:RageSigil"],"picked":"champ:StanceDance+1","floor":40},{"not_picked":["champ:DefensiveShout+1","champ:CrookedStrike+1","champ:BerserkersShout"],"picked":"champ:Duel","floor":42},{"not_picked":["champ:TornadoPunch","champ:RageSigil","champ:BringItOn"],"picked":"champ:ShieldThrow","floor":44},{"not_picked":["champ:Backstep","champ:AdrenalArmor","champ:Circumvent+1"],"picked":"champ:BerserkerStyle","floor":45},{"not_picked":["champ:BringItOn","champ:CrookedStrike+1","champ:Haymaker"],"picked":"champ:RapidStrikes+1","floor":46},{"not_picked":["champ:BringItOn","champ:GutPunch","champ:EnGarde"],"picked":"champ:Lariat+1","floor":48},{"not_picked":["champ:GutPunch+1","champ:PerfectedStrike","champ:Circumvent+1"],"picked":"champ:FaceSlap+1","floor":49}],"player_experience":663345,"relics_obtained":[{"floor":7,"key":"Replay:Wax Seal"},{"floor":12,"key":"The Courier"},{"floor":17,"key":"Replay:Rubber Ducky"},{"floor":17,"key":"Ginger"},{"floor":17,"key":"Replay:Bottled Flurry"},{"floor":24,"key":"HornCleat"},{"floor":28,"key":"Question Card"},{"floor":31,"key":"aspiration:Lifesprig"},{"floor":41,"key":"champ:FightingForDummies"},{"floor":44,"key":"Orichalcum"},{"floor":47,"key":"Ring of Searing"},{"floor":47,"key":"ReplayTheSpireMod:Ring of Exchange"},{"floor":48,"key":"Blood Vial"}],"event_choices":[{"damage_healed":0,"gold_gain":0,"player_choice":"Rummage","damage_taken":0,"relics_obtained":["WarpedTongs"],"max_hp_gain":0,"max_hp_loss":0,"event_name":"Accursed Blacksmith","floor":21,"gold_loss":0,"cards_obtained":["Pain"]},{"damage_healed":0,"gold_gain":0,"player_choice":"Copied","damage_taken":0,"max_hp_gain":0,"max_hp_loss":0,"event_name":"Duplicator","floor":30,"gold_loss":0,"cards_obtained":["champ:ViciousMockery"]}],"is_beta":false,"boss_relics":[{"not_picked":["Tiny House","Velvet Choker"],"picked":"Calling Bell"},{"not_picked":["Snecko Eye","ChewingGum"],"picked":"Coffee Dripper"}],"items_purged_floors":[37],"is_endless":false,"potions_floor_spawned":[5,8,10,12,15,19,20,31,32,33,40,44,45,46,48],"ascension_level":0}}