{"host":"3a1ypf1irl30q4k8","time":1610389312,"event":{"mods":["AchievementEnabler","BaseMod","Bestiary","Colored Map","Minty Spire (QoL Compilation)","Relic Stats"],"gold_per_floor":[115,133,150,170,170,195,195,226,279,13,33,33,66,76,76,176,176,194,227,243,243,260,260,260],"floor_reached":23,"playtime":1413,"items_purged":["Strike_R"],"score":259,"play_id":"fa70dfb1-c5be-41b6-b740-762bcb0a9013","local_time":"20210111182152","is_ascension_mode":true,"campfire_choices":[{"data":"Pummel","floor":7,"key":"SMITH"},{"data":"Uppercut","floor":15,"key":"SMITH"}],"circlet_count":0,"master_deck":["Strike_R","Strike_R","Strike_R","Strike_R","Defend_R","Defend_R","Defend_R","Defend_R","Bash","Fiend Fire","Cleave","Uppercut+1","Armaments","Spot Weakness","Pummel+1","Rampage","Shrug It Off","Dark Shackles","True Grit","Shrug It Off","Sword Boomerang","Barricade","Entrench+1","Decay"],"relics":["Burning Blood","Mango","HornCleat","Oddly Smooth Stone","Smiling Mask","Fusion Hammer","Red Mask"],"acts_visited":["Exordium","TheCity"],"potions_floor_usage":[4,4,4,6,13,14],"damage_taken":[{"damage":0,"enemies":"Small Slimes","floor":1,"turns":3},{"damage":6,"enemies":"2 Louse","floor":2,"turns":2},{"damage":6,"enemies":"Jaw Worm","floor":3,"turns":3},{"damage":4,"enemies":"Gremlin Gang","floor":4,"turns":5},{"damage":13,"enemies":"3 Sentries","floor":6,"turns":6},{"damage":28,"enemies":"Gremlin Nob","floor":8,"turns":4},{"damage":6,"enemies":"3 Louse","floor":11,"turns":3},{"damage":16,"enemies":"3 Sentries","floor":13,"turns":10},{"damage":17,"enemies":"Exordium Thugs","floor":14,"turns":5},{"damage":32,"enemies":"The Guardian","floor":16,"turns":12},{"damage":6,"enemies":"2 Thieves","floor":18,"turns":4},{"damage":32,"enemies":"Masked Bandits","floor":19,"turns":6},{"damage":17,"enemies":"Spheric Guardian","floor":20,"turns":5},{"damage":43,"enemies":"3 Cultists","floor":22,"turns":7},{"damage":26,"enemies":"Book of Stabbing","floor":23,"turns":4}],"seed_played":"4682109857311520400","potions_obtained":[{"floor":2,"key":"Weak Potion"},{"floor":3,"key":"EntropicBrew"},{"floor":4,"key":"Fire Potion"},{"floor":20,"key":"Dexterity Potion"}],"is_trial":false,"path_per_floor":["M","M","M","M","?","E","R","E","T","$","M","$","E","M","R","B",null,"M","?","M","?","M","E"],"character_chosen":"IRONCLAD","items_purchased":["Shrug It Off","Dark Shackles","BloodPotion"],"campfire_rested":0,"item_purchase_floors":[10,10,10],"current_hp_per_floor":[80,80,80,80,85,92,92,70,70,70,70,70,75,83,83,57,99,99,73,62,62,25,0,0],"gold":260,"neow_bonus":"ONE_RANDOM_RARE_CARD","is_daily":false,"chose_seed":false,"campfire_upgraded":2,"win_rate":0.0,"timestamp":1610389312,"path_taken":["M","M","M","M","?","E","R","E","T","$","M","$","E","M","R","BOSS","M","?","M","?","M","E"],"items_purchased_type":["Card","Card","Potion"],"build_version":"2020-12-22","purchased_purges":1,"victory":false,"max_hp_per_floor":[80,80,80,80,85,99,99,99,99,99,99,99,99,99,99,99,99,99,99,99,99,99,99,99],"relic_stats":{"counters":[15,79],"Smiling Mask":0,"obtain_stats":[{"HornCleat":8,"Oddly Smooth Stone":9,"Mango":6,"Fusion Hammer":17,"Red Mask":19,"Smiling Mask":13,"Burning Blood":0},{"HornCleat":6,"Oddly Smooth Stone":6,"Mango":5,"Fusion Hammer":10,"Red Mask":12,"Smiling Mask":8,"Burning Blood":0},{"HornCleat":23,"Oddly Smooth Stone":23,"Mango":19,"Fusion Hammer":53,"Red Mask":63,"Smiling Mask":36,"Burning Blood":0}],"Burning Blood":76},"card_choices":[{"not_picked":["Flex","Sentinel"],"picked":"Cleave","floor":1},{"not_picked":["Burning Pact","Armaments"],"picked":"Uppercut","floor":2},{"not_picked":["Anger","Clash"],"picked":"Armaments","floor":3},{"not_picked":["Wild Strike","Clash"],"picked":"Spot Weakness","floor":4},{"not_picked":["Limit Break","Disarm"],"picked":"Pummel","floor":6},{"not_picked":["Headbutt","Rupture"],"picked":"Rampage","floor":8},{"not_picked":["Thunderclap","Pommel Strike"],"picked":"True Grit","floor":11},{"not_picked":["Body Slam","Anger"],"picked":"Shrug It Off","floor":13},{"not_picked":["Seeing Red","Anger"],"picked":"Sword Boomerang","floor":14},{"not_picked":["Exhume","Immolate"],"picked":"Barricade","floor":16},{"not_picked":["Combust+1","Reckless Charge+1"],"picked":"Entrench+1","floor":18},{"not_picked":["Perfected Strike","Searing Blow+1","Sword Boomerang"],"picked":"SKIP","floor":20},{"not_picked":["Dark Embrace","Intimidate","Twin Strike"],"picked":"SKIP","floor":22}],"player_experience":1026723,"relics_obtained":[{"floor":6,"key":"Mango"},{"floor":8,"key":"HornCleat"},{"floor":9,"key":"Oddly Smooth Stone"},{"floor":13,"key":"Smiling Mask"},{"floor":19,"key":"Red Mask"}],"event_choices":[{"damage_healed":0,"gold_gain":0,"player_choice":"Donut","damage_taken":0,"max_hp_gain":5,"max_hp_loss":0,"event_name":"Big Fish","floor":5,"gold_loss":0},{"damage_healed":0,"gold_gain":0,"player_choice":"Fought Bandits","damage_taken":0,"max_hp_gain":0,"max_hp_loss":0,"event_name":"Masked Bandits","floor":19,"gold_loss":0},{"damage_healed":0,"gold_gain":0,"player_choice":"Cursed","damage_taken":0,"max_hp_gain":0,"max_hp_loss":0,"event_name":"Wheel of Change","floor":21,"gold_loss":0,"cards_obtained":["Decay"]}],"is_beta":false,"boss_relics":[{"not_picked":["Tiny House","Black Blood"],"picked":"Fusion Hammer"}],"items_purged_floors":[10],"is_endless":false,"potions_floor_spawned":[2,3,4,11,20],"killed_by":"Book of Stabbing","ascension_level":2}}