{"host":"xf9bcnwrsi0ee9y8","time":1610328257,"event":{"mods":["BaseMod","BetterRewards","Colored Map","Colored Powertips","Highlight Path","Jorbs\u0027s Wanderer Trilogy","Minty Spire (QoL Compilation)","Replay The Spire","Shop Mod","StSLib","The Cursed","The Exalted","The Runesmith"],"gold_per_floor":[110,129,149,168,53,72,72,84,109,144,999,999,999,999,1014,1029,1029,1126,1126,1145,1145,81,92,107,107,132,132,132,132,147,999,999,999,999,999,999,999,999,1009,1020,1037,1037,1055,1090,1090,1090,1120,1120,1145,1158,1158,1158],"floor_reached":53,"playtime":4811,"items_purged":["Bromod:Defend_Bro"],"score":930,"play_id":"0a9041ef-8a6f-46c7-b46f-79dc21350042","local_time":"20210111042416","is_ascension_mode":false,"campfire_choices":[{"floor":17,"key":"REST"},{"data":"Replay:Sssssssssstrike","floor":25,"key":"SMITH"},{"data":"Bromod:NorthWind","floor":27,"key":"SMITH"},{"data":"Bromod:ChillingReload","floor":29,"key":"SMITH"},{"data":"Bromod:PointStrike","floor":34,"key":"SMITH"},{"data":"Bromod:SteelFiber","floor":34,"key":"SMITH"},{"data":"Bromod:SlashDash","floor":42,"key":"SMITH"},{"data":"Bromod:SlashDash","floor":42,"key":"SMITH"},{"floor":46,"key":"REST"},{"data":"Bromod:Reflection","floor":48,"key":"SMITH"},{"data":"Bromod:ShatteringImpact","floor":48,"key":"SMITH"},{"data":"Bromod:FastHands","floor":51,"key":"SMITH"},{"data":"Bromod:SlashDash","floor":51,"key":"SMITH"}],"circlet_count":0,"master_deck":["Bromod:Strike_Bro","Bromod:Strike_Bro","Bromod:Strike_Bro","Bromod:Defend_Bro","Bromod:Defend_Bro","Bromod:Defend_Bro","Bromod:SlashDash+1","Bromod:SlashDash+1","Bromod:SlashDash+1","Bromod:NorthWind+1","Bromod:FastHands+1","Bromod:Reflection+1","Bromod:Serration","Bromod:Blaze+1","Bromod:SteelFiber+1","Bromod:PointStrike+1","Bromod:ChillingReload+1","Bromod:ShatteringImpact+1","PanicButton","PanicButton","Bromod:RendingStrike+1","Mayhem+1","Bromod:ArchwingLauncher+1","Bromod:SteelFiber+1","Bromod:BriefRespite+1","Bromod:Thunderbolt+1","Bromod:Reflection+1","Bromod:ContagiousSpread+1","Bromod:SlashDash+1","Bromod:HellsChamber+1","Bromod:Reflection+1","Bromod:Stretch+1","Panache+1","Replay:Sssssssssstrike+1","Bromod:SteelCharge+1","Bromod:Stormbringer+1","Bromod:NorthWind+1","Bromod:BodyCount+1","Dark Shackles","Crow Ritual+1","Bromod:DriftingContact","Bromod:ToxicBarrage","Bromod:FastHands","Bromod:PointStrike+1","Bromod:SlipMagazine+1","Bromod:FinishingTouch","Bromod:Foundry+1","Bromod:SeismicWave+1","Bromod:JaggedEdge+1","Bromod:Reflection+1","Bromod:BodyCount+1"],"relics":["Bromod:Ordis","Bromod:AscarisDevice","War Paint","Replay:Kaleidoscope","Frozen Egg 2","Bromod:ArcaneDeflection","DollysMirror","Whetstone","Painkiller Herb","Bird Faced Urn","Orrery","Replay:Mystery Machine","MerchantsRug","Orichalcum","ReplayTheSpireMod:Ninjato","Replay:Arrowhead","Simple Rune","Medical Kit","CaptainsWheel","Philosopher\u0027s Stone","Happy Flower","Potion Belt","Mummified Hand","Replay:Bottled Snecko"],"acts_visited":["Exordium","TheCity","TheBeyond"],"potions_floor_usage":[10,10,10,14,18,30,35,35,52],"damage_taken":[{"damage":0,"enemies":"Small Slimes","floor":1,"turns":3},{"damage":0,"enemies":"2 Louse","floor":2,"turns":2},{"damage":0,"enemies":"Cultist","floor":3,"turns":3},{"damage":0,"enemies":"2 Fungi Beasts","floor":4,"turns":3},{"damage":11,"enemies":"Exordium Wildlife","floor":6,"turns":5},{"damage":12,"enemies":"Looter","floor":8,"turns":3},{"damage":29,"enemies":"3 Sentries","floor":10,"turns":8},{"damage":0,"enemies":"Replay:BlueRogue","floor":14,"turns":4},{"damage":7,"enemies":"2 Fungi Beasts","floor":15,"turns":4},{"damage":12,"enemies":"Blue Slaver","floor":16,"turns":4},{"damage":0,"enemies":"Hexaghost","floor":18,"turns":10},{"damage":5,"enemies":"3 Byrds","floor":20,"turns":4},{"damage":2,"enemies":"Shell Parasite","floor":23,"turns":4},{"damage":1,"enemies":"Snecko","floor":24,"turns":5},{"damage":9,"enemies":"Replay:Snechameleon","floor":26,"turns":5},{"damage":6,"enemies":"Shelled Parasite and Fungi","floor":30,"turns":4},{"damage":6,"enemies":"Centurion and Healer","floor":32,"turns":6},{"damage":13,"enemies":"Book of Stabbing","floor":33,"turns":5},{"damage":7,"enemies":"Collector","floor":35,"turns":6},{"damage":12,"enemies":"3 Shapes","floor":37,"turns":5},{"damage":10,"enemies":"3 Darklings","floor":38,"turns":5},{"damage":0,"enemies":"Spire Growth","floor":39,"turns":4},{"damage":1,"enemies":"Maw","floor":40,"turns":6},{"damage":12,"enemies":"Jaw Worm Horde","floor":41,"turns":4},{"damage":39,"enemies":"Transient","floor":43,"turns":5},{"damage":19,"enemies":"R_Hoarder","floor":44,"turns":5},{"damage":8,"enemies":"Giant Head","floor":47,"turns":5},{"damage":12,"enemies":"R_Hoarder","floor":49,"turns":4},{"damage":4,"enemies":"Sphere and 2 Shapes","floor":50,"turns":3},{"damage":13,"enemies":"Donu and Deca","floor":52,"turns":6}],"seed_played":"642805077514197861","potions_obtained":[{"floor":1,"key":"Bromod:AmmoRestore"},{"floor":3,"key":"Flashbang"},{"floor":6,"key":"AttackPotion"},{"floor":14,"key":"AttackPotion"},{"floor":20,"key":"SteroidPotion"},{"floor":30,"key":"AttackPotion"},{"floor":35,"key":"Explosive Potion"},{"floor":39,"key":"FearPotion"},{"floor":43,"key":"Bromod:EnergyRestore"},{"floor":47,"key":"SpeedPotion"}],"is_trial":false,"path_per_floor":["M","M","M","M","$","M","?","M","T","E","$","PTL","PTL","E","M","M","R","B",null,"?","?","T","?","?","T","E","T","T","T","?","T","?","E","T","B",null,"?","?","?","?","?","T","?","E","T","T","E","T","E","?","T","B",null],"character_chosen":"THE_EXALTED","items_purchased":["Bromod:Blaze","Bromod:SteelFiber","PanicButton","Frozen Egg 2","Bromod:ArcaneDeflection","DollysMirror","Strength Potion","Bromod:ClemClone","Bromod:Kuva","Bromod:RendingStrike","Mayhem+1","Bird Faced Urn","Orrery","Replay:Mystery Machine","Panache+1","Replay:Sssssssssstrike","Adrenaline Potion","MerchantsRug","Dark Shackles","Crow Ritual+1","Replay:Arrowhead","Simple Rune","Medical Kit","FairyPotion","LiquidBronze"],"campfire_rested":2,"item_purchase_floors":[5,5,11,11,11,11,11,11,11,11,11,22,22,22,22,22,22,22,31,31,31,31,31,31,31],"current_hp_per_floor":[82,82,82,82,82,71,71,59,59,30,30,30,30,30,23,11,35,35,82,77,77,77,82,82,82,81,81,81,81,82,82,82,80,80,77,82,82,82,82,82,80,80,61,66,66,82,82,82,78,82,82,82],"gold":1158,"neow_bonus":"TEN_PERCENT_HP_BONUS","is_daily":false,"chose_seed":false,"campfire_upgraded":11,"win_rate":0.0,"timestamp":1610328256,"path_taken":["M","M","M","M","$","M","?","M","T","E","$","PTL","PTL","E","M","M","R","BOSS","?","?","T","?","?","T","E","T","T","T","?","T","?","E","T","BOSS","?","?","?","?","?","T","?","E","T","T","E","T","E","?","T","BOSS"],"items_purchased_type":["Card","Card","Card","Relic","Relic","Relic","Potion","Potion","Potion","Card","Card","Relic","Relic","Relic","Card","Card","Potion","Relic","Card","Card","Relic","Relic","Relic","Potion","Potion"],"build_version":"2020-12-22","purchased_purges":1,"victory":true,"max_hp_per_floor":[82,82,82,82,82,82,82,82,82,82,82,82,82,82,82,82,82,82,82,82,82,82,82,82,82,82,82,82,82,82,82,82,82,82,82,82,82,82,82,82,82,82,82,82,82,82,82,82,82,82,82,82],"card_choices":[{"not_picked":["Bromod:Reflection","Bromod:SeismicWave"],"picked":"Bromod:NorthWind","floor":1},{"not_picked":["Bromod:Patagium","Bromod:SlashDash"],"picked":"Bromod:FastHands","floor":2},{"not_picked":["Bromod:QuickDraw","Bromod:FastHands"],"picked":"Bromod:Reflection","floor":3},{"not_picked":["Bromod:SteelFiber","Bromod:Foundry"],"picked":"Bromod:Serration","floor":4},{"not_picked":["Bromod:SteelFiber","Bromod:PressurePoint"],"picked":"Bromod:PointStrike","floor":6},{"not_picked":["Bromod:RadialBlind","Bromod:BodyCount"],"picked":"Bromod:ChillingReload","floor":8},{"not_picked":["Bromod:PressurePoint","Bromod:KillingBlow"],"picked":"Bromod:ShatteringImpact","floor":10},{"not_picked":["Bromod:TacticalPump","Bromod:OrganShatter"],"picked":"Bromod:ArchwingLauncher+1","floor":14},{"not_picked":["Bromod:BulletJump","Bromod:SlipMagazine+1"],"picked":"Bromod:SteelFiber+1","floor":15},{"not_picked":["Bromod:PointStrike","Bromod:SlipMagazine+1"],"picked":"Bromod:BriefRespite+1","floor":16},{"not_picked":["Bromod:FashionFrame","Bromod:Frostbite"],"picked":"Bromod:Thunderbolt+1","floor":18},{"not_picked":["Bromod:PressurePoint","Bromod:SlipMagazine+1"],"picked":"Bromod:Reflection","floor":20},{"not_picked":["Bromod:PointStrike","Bromod:Reflection"],"picked":"Bromod:ContagiousSpread+1","floor":22},{"not_picked":["Bromod:FastHands","Bromod:ShatteringImpact+1"],"picked":"Bromod:SlashDash+1","floor":22},{"not_picked":["Bromod:Fury","Bromod:SpeedTrigger"],"picked":"Bromod:HellsChamber+1","floor":22},{"not_picked":["Bromod:PointStrike","Bromod:SlashDash"],"picked":"Bromod:Reflection+1","floor":22},{"not_picked":["Bromod:BloodRush","Bromod:Vitality"],"picked":"Bromod:Stretch+1","floor":22},{"not_picked":["Bromod:QuickDraw","Bromod:Fury+1"],"picked":"Bromod:SteelCharge+1","floor":23},{"not_picked":["Bromod:KillingBlow","Bromod:PointStrike"],"picked":"Bromod:Stormbringer+1","floor":24},{"not_picked":["Bromod:Frostbite","Bromod:Reflection+1"],"picked":"Bromod:NorthWind+1","floor":26},{"not_picked":["Bromod:BulletJump","Bromod:ShatteringImpact"],"picked":"Bromod:BodyCount+1","floor":30},{"not_picked":["Bromod:PointStrike+1","Bromod:TacticalPump","Bromod:QuickDraw"],"picked":"SKIP","floor":32},{"not_picked":["Bromod:PointStrike","Bromod:OrganShatter"],"picked":"Bromod:DriftingContact","floor":33},{"not_picked":["Bromod:Intensify+1","Bromod:Rage+1"],"picked":"Bromod:ToxicBarrage","floor":35},{"not_picked":["Bromod:NorthWind+1","Bromod:BloodRush+1","Bromod:ShatteringImpact"],"picked":"SKIP","floor":37},{"not_picked":["Bromod:Redirection","Bromod:SteelFiber+1"],"picked":"Bromod:FastHands","floor":38},{"not_picked":["Bromod:Patagium+1","Bromod:FastHands"],"picked":"Bromod:PointStrike+1","floor":39},{"not_picked":["Bromod:Serration","Bromod:TacticalPump+1"],"picked":"Bromod:SlipMagazine+1","floor":40},{"not_picked":["Bromod:KillingBlow","Bromod:SteelFiber+1"],"picked":"Bromod:FinishingTouch","floor":41},{"not_picked":["Bromod:Patagium+1","Bromod:BulletJump"],"picked":"Bromod:Foundry+1","floor":43},{"not_picked":["Bromod:RelentlessCombination+1","Bromod:BulletJump"],"picked":"Bromod:SeismicWave+1","floor":44},{"not_picked":["Bromod:SlipMagazine+1","Bromod:SteelFiber+1"],"picked":"Bromod:JaggedEdge+1","floor":47},{"not_picked":["Bromod:PointStrike","Bromod:BloodRush"],"picked":"Bromod:Reflection+1","floor":49},{"not_picked":["Bromod:Redirection+1","Bromod:BulletJump+1"],"picked":"Bromod:BodyCount+1","floor":50}],"player_experience":13321,"relics_obtained":[{"floor":9,"key":"War Paint"},{"floor":10,"key":"Replay:Kaleidoscope"},{"floor":14,"key":"Whetstone"},{"floor":26,"key":"Orichalcum"},{"floor":28,"key":"ReplayTheSpireMod:Ninjato"},{"floor":33,"key":"CaptainsWheel"},{"floor":44,"key":"Happy Flower"},{"floor":45,"key":"Potion Belt"},{"floor":47,"key":"Mummified Hand"},{"floor":49,"key":"Replay:Bottled Snecko"}],"event_choices":[],"is_beta":false,"boss_relics":[{"not_picked":["ReplayTheSpireMod:DimensionalGlitch","Replay:Grab Bag"],"picked":"Painkiller Herb"},{"not_picked":["Replay:Bronze Core","Fusion Hammer"],"picked":"Philosopher\u0027s Stone"}],"items_purged_floors":[11],"is_endless":false,"potions_floor_spawned":[1,3,6,14,20,30,32,35,39,40,43,47],"ascension_level":0}}