{"host":"yqtbic5c7ic4fq9g","time":1610406982,"event":{"mods":["2.2 Compatiblity","AchievementEnabler","Act Like it!","BaseMod","Downfall","Hallownest","Hermit","Minty Spire (QoL Compilation)","Robot Space Explorer","StSLib","The Alterego","The Dragon Tamer","The Marked","TheFirefly"],"gold_per_floor":[110,0,0,0,0,32,32,48,48,78,97,108,118,136,136,241,241,251,261,261,281,299,299,299,299],"floor_reached":24,"playtime":1610,"items_purged":[],"score":235,"play_id":"1132d944-13cc-485c-b054-8b543fc90c5a","local_time":"20210111211622","is_ascension_mode":false,"campfire_choices":[{"floor":7,"key":"RECALL"},{"floor":15,"key":"REST"},{"floor":23,"key":"REST"}],"circlet_count":0,"master_deck":["RobotSpaceExplorer:Strike","RobotSpaceExplorer:Strike","RobotSpaceExplorer:Strike","RobotSpaceExplorer:Strike","RobotSpaceExplorer:Defend","RobotSpaceExplorer:Defend","RobotSpaceExplorer:Defend","RobotSpaceExplorer:Defend","RobotSpaceExplorer:Scan","RobotSpaceExplorer:MiniLasers","RobotSpaceExplorer:StarDust","Doubt","RobotSpaceExplorer:PowerGlove","RobotSpaceExplorer:ScrapMissile","RobotSpaceExplorer:PlasmaMissile","RobotSpaceExplorer:DoubleFind","RobotSpaceExplorer:MiniDrones","RobotSpaceExplorer:PowerCollector","RobotSpaceExplorer:ChargingLaser","RobotSpaceExplorer:Accelerator","RobotSpaceExplorer:Probe+1","RobotSpaceExplorer:ScrapToss","Regret","RobotSpaceExplorer:Probe+1"],"relics":["RobotSpaceExplorer:TurboCore","NeowsBlessing","Hallownest:BankAccountRelic","Hallownest:DreamNailRelic","Art of War","Mummified Hand","InkBottle","Darkstone Periapt"],"acts_visited":["Hallownest:Greenpath","Hallownest:CityofTears"],"potions_floor_usage":[13,21,21],"damage_taken":[{"damage":0,"enemies":"Hallownest:monsterHuskGuard","floor":1,"turns":1},{"damage":0,"enemies":"Hallownest:eliteCrystalGuardian","floor":6,"turns":1},{"damage":0,"enemies":"Hallownest:monsterHuskWarrior","floor":8,"turns":1},{"damage":2,"enemies":"Hallownest:eliteVengeflyKing","floor":10,"turns":6},{"damage":2,"enemies":"2_ Uuma","floor":11,"turns":5},{"damage":0,"enemies":"Hallownest:monsterAspidMother","floor":12,"turns":5},{"damage":32,"enemies":"Hallownest:Guard_and_Warrior","floor":13,"turns":7},{"damage":10,"enemies":"Hallownest:Wandering_and_Horned","floor":14,"turns":3},{"damage":35,"enemies":"Hallownest:BossBrokenVessel","floor":16,"turns":9},{"damage":16,"enemies":"Hallownest:Guard_and_Sentry","floor":18,"turns":5},{"damage":5,"enemies":"Hallownest:Flukemon_and_Top","floor":19,"turns":5},{"damage":49,"enemies":"Hallownest:monsterMisterMushroom","floor":21,"turns":8},{"damage":7,"enemies":"Hallownest:Warrior_and_Youth","floor":22,"turns":4},{"damage":28,"enemies":"Hallownest:eliteWatcherKnight","floor":24,"turns":9}],"seed_played":"-6016228457925714232","potions_obtained":[{"floor":6,"key":"SpeedPotion"},{"floor":10,"key":"Regen Potion"},{"floor":11,"key":"LiquidBronze"},{"floor":16,"key":"SpeedPotion"},{"floor":19,"key":"SkillPotion"}],"is_trial":false,"path_per_floor":["M","?","?","?","?","E","R","M","T","E","M","M","M","M","R","B",null,"M","M","?","M","M","R","E"],"character_chosen":"RobotSpaceExplorer","items_purchased":[],"campfire_rested":2,"item_purchase_floors":[],"current_hp_per_floor":[75,75,75,75,75,75,75,75,75,73,71,71,51,41,63,28,75,59,54,60,11,4,28,0,0],"gold":299,"neow_bonus":"THREE_ENEMY_KILL","is_daily":false,"chose_seed":false,"campfire_upgraded":0,"win_rate":0.0,"timestamp":1610406982,"path_taken":["M","?","?","?","?","E","R","M","T","E","M","M","?","M","R","BOSS","M","M","?","M","M","R","E"],"items_purchased_type":[],"build_version":"2020-12-22","purchased_purges":0,"victory":false,"max_hp_per_floor":[75,75,75,75,75,75,75,75,75,75,75,75,75,75,75,75,75,75,75,81,81,81,81,81,81],"card_choices":[{"not_picked":["RobotSpaceExplorer:FrostMissile","RobotSpaceExplorer:SwiftStep"],"picked":"RobotSpaceExplorer:StarDust","floor":1},{"not_picked":["RobotSpaceExplorer:ImprovisedAttack","RobotSpaceExplorer:RigExplosive"],"picked":"RobotSpaceExplorer:PowerGlove","floor":6},{"not_picked":["RobotSpaceExplorer:MetalStrike","RobotSpaceExplorer:GlueShot"],"picked":"RobotSpaceExplorer:ScrapMissile","floor":8},{"not_picked":["RobotSpaceExplorer:FrostMissile","RobotSpaceExplorer:Ammunition"],"picked":"RobotSpaceExplorer:PlasmaMissile","floor":10},{"not_picked":["RobotSpaceExplorer:Electropulse","RobotSpaceExplorer:Explosion"],"picked":"RobotSpaceExplorer:DoubleFind","floor":11},{"not_picked":["RobotSpaceExplorer:ImprovisedAttack","RobotSpaceExplorer:ScrapToss"],"picked":"RobotSpaceExplorer:MiniDrones","floor":12},{"not_picked":["RobotSpaceExplorer:Ammunition","RobotSpaceExplorer:MiniDrones"],"picked":"RobotSpaceExplorer:PowerCollector","floor":13},{"not_picked":["RobotSpaceExplorer:Counterblock","RobotSpaceExplorer:ExhaustFan"],"picked":"RobotSpaceExplorer:ChargingLaser","floor":14},{"not_picked":["RobotSpaceExplorer:ShockMissile","RobotSpaceExplorer:Autoloader"],"picked":"RobotSpaceExplorer:Accelerator","floor":16},{"not_picked":["RobotSpaceExplorer:ImprovisedAttack","RobotSpaceExplorer:PowerCollector"],"picked":"RobotSpaceExplorer:Probe+1","floor":18},{"not_picked":["RobotSpaceExplorer:FrostMissile","RobotSpaceExplorer:SlimeMissile"],"picked":"RobotSpaceExplorer:ScrapToss","floor":19},{"not_picked":["RobotSpaceExplorer:Counterblock","RobotSpaceExplorer:SurgingShield"],"picked":"RobotSpaceExplorer:Probe+1","floor":21},{"not_picked":["RobotSpaceExplorer:FrostMissile","RobotSpaceExplorer:SurgingStrike","RobotSpaceExplorer:SlimeMissile+1"],"picked":"SKIP","floor":22}],"player_experience":778085,"relics_obtained":[{"floor":6,"key":"Art of War"},{"floor":9,"key":"Mummified Hand"},{"floor":10,"key":"InkBottle"}],"event_choices":[],"is_beta":false,"boss_relics":[{"not_picked":["Runic Pyramid","Pandora\u0027s Box"],"picked":"RobotSpaceExplorer:TurboCore"}],"items_purged_floors":[],"is_endless":false,"potions_floor_spawned":[6,10,11,16,19],"killed_by":"Hallownest:eliteWatcherKnight","ascension_level":0}}