{"host":"cv77zuuuekizn3ic","time":1610353325,"event":{"mods":["AchievementEnabler","BaseMod","Marisa£®ÏF”Í°°ƒß¿Ì…≥£©","Minty Spire (QoL Compilation)","StSLib","Waifu the Spire","everything is the same but u backflip on backflip","slay the spire mod where everything is the same but ironclad has a cowboy hat"],"gold_per_floor":[114,134,148,298,35,62,79,109,135,146,110,110,125,142,142,218,218,238,238,250,0,13,13,193,193,193],"floor_reached":25,"playtime":1578,"items_purged":["Doubt","Strike_R"],"score":430,"play_id":"2da780f1-8d22-4243-9207-375bb1237427","local_time":"20210111162205","is_ascension_mode":true,"campfire_choices":[{"data":"Armaments","floor":15.0,"key":"SMITH"},{"floor":23.0,"key":"REST"}],"circlet_count":0,"master_deck":["AscendersBane","Strike_R","Strike_R","Strike_R","Strike_R","Defend_R","Defend_R","Defend_R","Defend_R","Bash","Impatience+1","Seeing Red","Rage","Carnage","Shockwave","Pommel Strike","Flash of Steel","Barricade","True Grit","Shrug It Off","Entrench","Armaments+1","Fiend Fire","Body Slam","Bloodletting","PanicButton","True Grit","Burning Pact+1","Entrench"],"relics":["Burning Blood","Girya","Dream Catcher","Orichalcum","SacredBark"],"acts_visited":["Exordium","TheCity"],"potions_floor_usage":[25,25],"damage_taken":[{"damage":10.0,"enemies":"2 Louse","floor":1.0,"turns":3.0},{"damage":6.0,"enemies":"Small Slimes","floor":2.0,"turns":4.0},{"damage":13.0,"enemies":"Cultist","floor":3.0,"turns":5.0},{"damage":4.0,"enemies":"Lagavulin","floor":6.0,"turns":5.0},{"damage":1.0,"enemies":"2 Fungi Beasts","floor":7.0,"turns":3.0},{"damage":53.0,"enemies":"Gremlin Nob","floor":8.0,"turns":5.0},{"damage":7.0,"enemies":"Lots of Slimes","floor":10.0,"turns":4.0},{"damage":0.0,"enemies":"Gremlin Gang","floor":13.0,"turns":8.0},{"damage":4.0,"enemies":"Large Slime","floor":14.0,"turns":6.0},{"damage":13.0,"enemies":"The Guardian","floor":16.0,"turns":23.0},{"damage":59.0,"enemies":"3 Byrds","floor":18.0,"turns":12.0},{"damage":3.0,"enemies":"Spheric Guardian","floor":20.0,"turns":5.0},{"damage":9.0,"enemies":"Centurion and Healer","floor":22.0,"turns":9.0},{"damage":13,"enemies":"Shelled Parasite and Fungi","floor":25,"turns":3}],"seed_played":"-3223945853472224350","potions_obtained":[{"floor":2.0,"key":"SkillPotion"},{"floor":6.0,"key":"SpeedPotion"},{"floor":8.0,"key":"AttackPotion"},{"floor":14.0,"key":"LiquidMemories"},{"floor":18.0,"key":"BlessingOfTheForge"},{"floor":19.0,"key":"AttackPotion"},{"floor":22.0,"key":"Block Potion"}],"is_trial":false,"path_per_floor":["M","M","M","?","$","E","M","E","T","M","?","?","M","M","R","B",null,"M","?","M","$","M","R","?","M"],"character_chosen":"IRONCLAD","items_purchased":["Shockwave","Pommel Strike","Flash of Steel","PanicButton","True Grit"],"campfire_rested":1,"item_purchase_floors":[5,5,5,21,21],"current_hp_per_floor":[64,64,57,57,57,59,64,17,17,16,16,16,22,24,24,17,61,8,8,11,11,8,30,11,0,0],"gold":193,"neow_bonus":"RANDOM_COLORLESS","is_daily":false,"chose_seed":false,"campfire_upgraded":1,"win_rate":0.0,"timestamp":1610353325,"path_taken":["M","M","M","?","$","E","M","E","T","M","?","?","?","M","R","BOSS","M","?","?","$","M","R","?","?"],"items_purchased_type":["Card","Card","Card","Card","Card"],"build_version":"2020-12-22","purchased_purges":2,"victory":false,"max_hp_per_floor":[75,75,75,75,75,75,75,75,75,75,75,75,75,75,75,75,75,75,75,75,75,75,75,75,75,75],"card_choices":[{"not_picked":["Dramatic Entrance","Swift Strike"],"picked":"Impatience","floor":0.0},{"not_picked":["Anger","Thunderclap"],"picked":"Seeing Red","floor":1.0},{"not_picked":["Searing Blow","Anger"],"picked":"Rage","floor":2.0},{"not_picked":["Wild Strike","Thunderclap"],"picked":"Carnage","floor":3.0},{"not_picked":["Heavy Blade","Spot Weakness"],"picked":"Barricade","floor":6.0},{"not_picked":["Sword Boomerang","Rupture"],"picked":"True Grit","floor":7.0},{"not_picked":["Whirlwind","Shockwave"],"picked":"Shrug It Off","floor":8.0},{"not_picked":["Warcry","Reckless Charge","Whirlwind"],"picked":"SKIP","floor":10.0},{"not_picked":["Body Slam","Sword Boomerang"],"picked":"Entrench","floor":13.0},{"not_picked":["Ghostly Armor","Carnage"],"picked":"Armaments","floor":14.0},{"not_picked":["Corruption","Exhume"],"picked":"Fiend Fire","floor":16.0},{"not_picked":["Armaments","Shrug It Off"],"picked":"Body Slam","floor":18.0},{"not_picked":["Spot Weakness","Carnage"],"picked":"Bloodletting","floor":20.0},{"not_picked":["Perfected Strike","Power Through"],"picked":"Burning Pact+1","floor":22.0},{"not_picked":["Rage","Heavy Blade"],"picked":"Entrench","floor":23.0}],"player_experience":860562,"relics_obtained":[{"floor":6.0,"key":"Girya"},{"floor":8.0,"key":"Dream Catcher"},{"floor":9.0,"key":"Orichalcum"}],"event_choices":[{"damage_healed":0.0,"max_hp_gain":0.0,"max_hp_loss":0.0,"gold_gain":150.0,"event_name":"Liars Game","player_choice":"AGREE","floor":4.0,"gold_loss":0.0,"damage_taken":0.0,"cards_obtained":["Doubt"]},{"damage_healed":0.0,"max_hp_gain":0.0,"max_hp_loss":0.0,"gold_gain":0.0,"event_name":"World of Goop","player_choice":"Left Gold","floor":11.0,"gold_loss":36.0,"damage_taken":0.0},{"damage_healed":0.0,"max_hp_gain":0.0,"max_hp_loss":0.0,"gold_gain":0.0,"event_name":"Upgrade Shrine","player_choice":"Upgraded","floor":12.0,"gold_loss":0.0,"damage_taken":0.0,"cards_upgraded":["Impatience"]},{"damage_healed":0.0,"max_hp_gain":0.0,"max_hp_loss":0.0,"gold_gain":0.0,"event_name":"Lab","player_choice":"Got Potions","floor":19.0,"gold_loss":0.0,"damage_taken":0.0},{"damage_healed":0.0,"max_hp_gain":0.0,"max_hp_loss":0.0,"gold_gain":180.0,"event_name":"Knowing Skull","player_choice":"GOLD GOLD ","floor":24.0,"potions_obtained":[],"gold_loss":0.0,"damage_taken":19.0,"cards_obtained":[]}],"is_beta":false,"boss_relics":[{"not_picked":["Black Blood","Busted Crown"],"picked":"SacredBark"}],"items_purged_floors":[5,21],"is_endless":false,"potions_floor_spawned":[2,6,8,14,18,22],"killed_by":"Shelled Parasite and Fungi","ascension_level":20}}