{"host":"xwog71r75u8mqwn1","time":1610405408,"event":{"mods":["BaseMod","Evolution","Minty Spire (QoL Compilation)","StSLib"],"gold_per_floor":[110,125,125,145,145,145,95,128,155,169,232,232,246,256,256,357,357],"floor_reached":16,"playtime":502,"items_purged":[],"score":167,"play_id":"a157b0ec-3b39-4f8f-8803-bfcb983b1aee","local_time":"20210111165008","is_ascension_mode":true,"campfire_choices":[{"data":"PathToVictory","floor":6,"key":"SMITH"},{"data":"Eruption","floor":12,"key":"SMITH"},{"data":"CutThroughFate","floor":15,"key":"SMITH"}],"circlet_count":0,"master_deck":["Strike_P","Strike_P","Strike_P+1","Defend_P","Defend_P","Defend_P","Defend_P+1","Eruption+1","Vigilance","PathToVictory+1","JustLucky","JustLucky","CutThroughFate+1"],"relics":["PureWater","EVO:Axolotl","NeowsBlessing","Bag of Preparation","Happy Flower","Singing Bowl"],"acts_visited":["Exordium"],"potions_floor_usage":[16,16],"damage_taken":[{"damage":0,"enemies":"Small Slimes","floor":1,"turns":1},{"damage":0,"enemies":"Cultist","floor":2,"turns":1},{"damage":0,"enemies":"Jaw Worm","floor":4,"turns":1},{"damage":28,"enemies":"Gremlin Nob","floor":8,"turns":5},{"damage":1,"enemies":"Blue Slaver","floor":10,"turns":3},{"damage":0,"enemies":"Gremlin Nob","floor":11,"turns":3},{"damage":0,"enemies":"2 Fungi Beasts","floor":13,"turns":2},{"damage":0,"enemies":"3 Louse","floor":14,"turns":2},{"damage":31,"enemies":"Hexaghost","floor":16,"turns":8}],"seed_played":"2115921302080218984","potions_obtained":[{"floor":2,"key":"FearPotion"},{"floor":4,"key":"GamblersBrew"},{"floor":8,"key":"Regen Potion"}],"is_trial":false,"path_per_floor":["M","M","?","M","?","R","?","E","T","M","?","R","M","M","R","B"],"character_chosen":"WATCHER","items_purchased":[],"campfire_rested":0,"item_purchase_floors":[],"current_hp_per_floor":[72,72,72,72,58,58,58,30,30,29,31,31,33,35,35,18,18],"gold":357,"neow_bonus":"THREE_ENEMY_KILL","is_daily":false,"chose_seed":false,"campfire_upgraded":3,"win_rate":0.0,"timestamp":1610405408,"path_taken":["M","M","?","?","?","R","?","E","T","M","?","R","M","M","R","BOSS"],"items_purchased_type":[],"build_version":"2020-12-22","purchased_purges":0,"victory":false,"max_hp_per_floor":[72,72,72,72,72,72,72,72,72,72,74,74,76,78,78,78,78],"card_choices":[{"not_picked":["BowlingBash","Vengeance"],"picked":"PathToVictory","floor":1},{"not_picked":["Fasting2","FlyingSleeves"],"picked":"JustLucky","floor":2},{"not_picked":["WheelKick","Sanctity"],"picked":"JustLucky","floor":4},{"not_picked":["Adaptation","BowlingBash"],"picked":"CutThroughFate","floor":8},{"not_picked":["Evaluate","Halt","Ragnarok"],"picked":"SKIP","floor":10},{"not_picked":["ReachHeaven","FollowUp","Adaptation"],"picked":"Singing Bowl","floor":11},{"not_picked":["FollowUp","Perseverance","Conclude"],"picked":"Singing Bowl","floor":13},{"not_picked":["BowlingBash","EmptyFist","WheelKick"],"picked":"Singing Bowl","floor":14}],"player_experience":2440760,"relics_obtained":[{"floor":3,"key":"Bag of Preparation"},{"floor":8,"key":"Happy Flower"},{"floor":11,"key":"Singing Bowl"}],"event_choices":[{"damage_healed":0,"gold_gain":0,"player_choice":"Relic","damage_taken":0,"max_hp_gain":0,"max_hp_loss":0,"event_name":"Wheel of Change","floor":3,"gold_loss":0},{"damage_healed":0,"gold_gain":0,"player_choice":"Entered Light","damage_taken":14,"max_hp_gain":0,"max_hp_loss":0,"event_name":"Shining Light","floor":5,"gold_loss":0,"cards_upgraded":["Defend_P","Strike_P"]},{"cards_removed":["Strike_P"],"damage_healed":0,"gold_gain":0,"player_choice":"Card Removal","damage_taken":0,"max_hp_gain":0,"max_hp_loss":0,"event_name":"The Cleric","floor":7,"gold_loss":50},{"damage_healed":0,"gold_gain":0,"player_choice":"Searched \u00272\u0027 times","damage_taken":0,"max_hp_gain":0,"max_hp_loss":0,"event_name":"Dead Adventurer","floor":11,"gold_loss":0}],"is_beta":false,"boss_relics":[],"items_purged_floors":[],"is_endless":false,"potions_floor_spawned":[2,4,8,14],"killed_by":"Hexaghost","ascension_level":2}}