{"host":"jfbo3eu2ui08ej1u","time":1610377160,"event":{"mods":["2.2 Compatiblity","AchievementEnabler","Act Like it!","Aspiration","BaseMod","Better Altar","Better Match","Better Note","Better Sensory Stone","Better Skull","Better Third Choice","Block Reminder","Colored Map","Colored Powertips","Conspire","DeckTracker","Displayed Cursed Tome","Downfall","Energized Spire","Fox Events","GifTheSpireLib","Hermit","Hubris","Infinite Spire","Marked Mod","Minty Spire (QoL Compilation)","Pale of the Ancients","Quick Restart","RRrroohrrRGHHhhh!!","Relic Filter","Reorder Act Four","Replay The Spire","Shop Mod","Spicy Shops","StSLib","Stuff the Spire","The Blue Laboratory","The Disciple","The Forsaken","The Hierophant","The Marked","Uncapped","Unceasing Turn Reminder","Wandering Minibosses"],"gold_per_floor":[109,129,139,154,154,154,165,165,165,315,330,357,111,111,111,111,111],"floor_reached":16,"playtime":480,"items_purged":["Doubt"],"score":189,"play_id":"34fd59a3-507d-4808-a82e-7abf3dba8bce","local_time":"20210111095920","is_ascension_mode":true,"campfire_choices":[{"data":"rorgmod:Fuse Blower","floor":6,"key":"SMITH"},{"data":"Zap","floor":8,"key":"SMITH"},{"data":"hubris:Insight","floor":15,"key":"SMITH"}],"circlet_count":0,"master_deck":["AscendersBane","Strike_B","Strike_B","Strike_B","Strike_B","Defend_B","Defend_B","Defend_B","Defend_B","Zap+1","Dualcast","StuffTheSpire:Plugnplay","rorgmod:Fuse Blower+1","Genetic Algorithm","StuffTheSpire:CleanHardDrive","rorgmod:Leap","Rebound","hubris:Insight+1"],"relics":["Cracked Core","conspire:DecoderRing","hubris:BallOfYels","Pet Ghost"],"acts_visited":["Exordium"],"potions_floor_usage":[12],"damage_taken":[{"damage":1,"enemies":"2 Louse","floor":1,"turns":3},{"damage":6,"enemies":"Cultist","floor":2,"turns":4},{"damage":8,"enemies":"Small Slimes","floor":3,"turns":3},{"damage":8,"enemies":"Blue Slaver","floor":4,"turns":3},{"damage":2,"enemies":"2 Fungi Beasts","floor":7,"turns":4},{"damage":4,"enemies":"3 Louse","floor":11,"turns":3},{"damage":14,"enemies":"3 Sentries","floor":12,"turns":5},{"damage":38,"enemies":"Fading Forest","floor":16,"turns":7}],"seed_played":"-6762397297298511049","potions_obtained":[{"floor":1,"key":"blueLaboratory:BiasPotion"},{"floor":4,"key":"hexamod:EctoCoolerPotion"},{"floor":7,"key":"Explosive Potion"},{"floor":11,"key":"Fire Potion"}],"is_trial":false,"path_per_floor":["M","M","M","M","?","R","M","R","T","?","M","E","$","?","R","B"],"character_chosen":"DEFECT","items_purchased":["Rebound","hubris:Insight"],"campfire_rested":0,"item_purchase_floors":[13,13],"current_hp_per_floor":[70,64,56,48,50,50,48,48,48,48,44,30,30,30,30,0,0],"gold":111,"neow_bonus":"TEN_PERCENT_HP_BONUS","is_daily":false,"chose_seed":false,"campfire_upgraded":3,"win_rate":0.0,"timestamp":1610377160,"path_taken":["M","M","M","M","?","R","?","R","T","?","M","E","$","?","R","BOSS"],"items_purchased_type":["Card","Card"],"build_version":"2020-12-22","purchased_purges":1,"victory":false,"max_hp_per_floor":[78,78,78,78,78,78,78,78,78,78,78,78,78,78,78,78,78],"card_choices":[{"not_picked":["BootSequence","StuffTheSpire:LoadUp"],"picked":"StuffTheSpire:Plugnplay","floor":1},{"not_picked":["Hologram","Streamline"],"picked":"rorgmod:Fuse Blower","floor":2},{"not_picked":["StuffTheSpire:LoadUp","Compile Driver"],"picked":"Genetic Algorithm","floor":3},{"not_picked":["Consume","Turbo","Steam Power"],"picked":"SKIP","floor":4},{"not_picked":["rorgmod:Overcurrent","Coolheaded"],"picked":"StuffTheSpire:CleanHardDrive","floor":7},{"not_picked":["Meteor Strike","rorgmod:SQL Injection"],"picked":"rorgmod:Leap","floor":11},{"not_picked":["Streamline","StuffTheSpire:Plugnplay","conspire:SharedLibrary"],"picked":"SKIP","floor":12}],"player_experience":1196297,"relics_obtained":[{"floor":9,"key":"conspire:DecoderRing"},{"floor":12,"key":"hubris:BallOfYels"}],"event_choices":[{"damage_healed":2,"gold_gain":0,"player_choice":"LEAVE ","damage_taken":0,"relics_obtained":[],"max_hp_gain":0,"max_hp_loss":0,"event_name":"betterSkull:BetterSkull","floor":5,"gold_loss":0,"cards_upgraded":[]},{"damage_healed":0,"gold_gain":150,"player_choice":"AGREE","damage_taken":165,"max_hp_gain":0,"max_hp_loss":0,"event_name":"betterThird:BetterSerpent","floor":10,"gold_loss":0},{"damage_healed":0,"gold_gain":0,"player_choice":"Gave Potion","damage_taken":0,"relics_obtained":["Pet Ghost"],"max_hp_gain":0,"max_hp_loss":0,"event_name":"WeMeetAgain","floor":14,"gold_loss":0}],"is_beta":false,"boss_relics":[],"items_purged_floors":[13],"is_endless":false,"potions_floor_spawned":[1,4,7,11],"killed_by":"Fading Forest","ascension_level":17}}