{"host":"5wznv0010959mrmz","time":1610376987,"event":{"mods":["BaseMod","Highlight Path","Minty Spire (QoL Compilation)","Relic Stats"],"gold_per_floor":[112,130,130,49,64,64,25,25,25,66,81,95,133,133,133,226,226,245,245,270,285,285,285,285],"floor_reached":23,"playtime":524,"items_purged":[],"score":552,"play_id":"6be98c0d-6a07-495a-a3ce-f4f2c0776a21","local_time":"20210111085627","is_ascension_mode":true,"campfire_choices":[{"data":"Backstab","floor":6,"key":"SMITH"},{"data":"Blade Dance","floor":8,"key":"SMITH"},{"data":"Underhanded Strike","floor":15,"key":"SMITH"}],"circlet_count":0,"master_deck":["AscendersBane","Strike_G","Strike_G","Strike_G","Strike_G","Strike_G","Defend_G","Defend_G","Defend_G","Defend_G","Defend_G","Survivor","Neutralize","Underhanded Strike+1","Blade Dance+1","Backstab+1","Terror","Accuracy","Footwork","Dagger Throw","Corpse Explosion","Infinite Blades","Reflex"],"relics":["Ring of the Snake","NeowsBlessing","Golden Idol","Smiling Mask","FossilizedHelix","The Specimen","Runic Pyramid","Pocketwatch"],"acts_visited":["Exordium","TheCity"],"potions_floor_usage":[13,23],"damage_taken":[{"damage":0,"enemies":"Jaw Worm","floor":1,"turns":1},{"damage":0,"enemies":"Cultist","floor":2,"turns":1},{"damage":0,"enemies":"2 Louse","floor":5,"turns":1},{"damage":7,"enemies":"Gremlin Nob","floor":10,"turns":3},{"damage":0,"enemies":"Looter","floor":11,"turns":2},{"damage":7,"enemies":"Exordium Wildlife","floor":12,"turns":6},{"damage":0,"enemies":"Lagavulin","floor":13,"turns":3},{"damage":0,"enemies":"Slime Boss","floor":16,"turns":5},{"damage":11,"enemies":"2 Thieves","floor":18,"turns":3},{"damage":16,"enemies":"Spheric Guardian","floor":20,"turns":4},{"damage":30,"enemies":"Snake Plant","floor":21,"turns":5},{"damage":14,"enemies":"Slavers","floor":23,"turns":1}],"seed_played":"-6007553548845446253","potions_obtained":[{"floor":2,"key":"FearPotion"},{"floor":5,"key":"GamblersBrew"},{"floor":10,"key":"Strength Potion"}],"is_trial":false,"path_per_floor":["M","M","?","$","M","R","$","R","T","E","M","M","E","?","R","B",null,"M","?","M","M","T","E"],"character_chosen":"THE_SILENT","items_purchased":["Backstab","Accuracy"],"campfire_rested":0,"item_purchase_floors":[4,7],"current_hp_per_floor":[59,59,59,59,59,59,59,59,59,52,52,45,45,50,50,50,61,50,50,34,4,4,0,0],"gold":285,"neow_bonus":"THREE_ENEMY_KILL","is_daily":false,"chose_seed":false,"campfire_upgraded":3,"win_rate":0.0,"timestamp":1610376987,"path_taken":["M","M","?","?","?","R","$","R","T","E","M","?","E","?","R","BOSS","M","?","M","M","?","E"],"items_purchased_type":["Card","Card"],"build_version":"2020-12-22","purchased_purges":0,"victory":false,"max_hp_per_floor":[66,66,60,60,60,60,60,60,60,60,60,60,60,65,65,65,65,65,65,65,65,65,65,65],"relic_stats":{"counters":[12,35],"Golden Idol":56,"Smiling Mask":0,"obtain_stats":[{"NeowsBlessing":0,"The Specimen":13,"Golden Idol":3,"Smiling Mask":9,"FossilizedHelix":10,"Ring of the Snake":0,"Runic Pyramid":17,"Pocketwatch":22},{"NeowsBlessing":0,"The Specimen":7,"Golden Idol":2,"Smiling Mask":3,"FossilizedHelix":4,"Ring of the Snake":0,"Runic Pyramid":8,"Pocketwatch":11},{"NeowsBlessing":0,"The Specimen":17,"Golden Idol":2,"Smiling Mask":3,"FossilizedHelix":6,"Ring of the Snake":0,"Runic Pyramid":22,"Pocketwatch":34}],"Ring of the Snake":[24],"Pocketwatch":[0]},"card_choices":[{"not_picked":["Bane","Prepared"],"picked":"Underhanded Strike","floor":1},{"not_picked":["Eviscerate","Prepared"],"picked":"Blade Dance","floor":2},{"not_picked":["Skewer","Dash"],"picked":"Terror","floor":5},{"not_picked":["Slice","Night Terror"],"picked":"Footwork","floor":10},{"not_picked":["All Out Attack","Expertise","Outmaneuver"],"picked":"SKIP","floor":11},{"not_picked":["Poisoned Stab","Sucker Punch"],"picked":"Dagger Throw","floor":12},{"not_picked":["Terror","Setup","Dodge and Roll"],"picked":"SKIP","floor":13},{"not_picked":["A Thousand Cuts","Night Terror"],"picked":"Corpse Explosion","floor":16},{"not_picked":["Slice","PiercingWail","Terror"],"picked":"SKIP","floor":18},{"not_picked":["Acrobatics","Expertise"],"picked":"Infinite Blades","floor":20},{"not_picked":["Dagger Throw+1","PiercingWail"],"picked":"Reflex","floor":21}],"player_experience":440103,"relics_obtained":[{"floor":9,"key":"Smiling Mask"},{"floor":10,"key":"FossilizedHelix"},{"floor":13,"key":"The Specimen"},{"floor":22,"key":"Pocketwatch"}],"event_choices":[{"damage_healed":0,"gold_gain":0,"player_choice":"Lose Max HP","damage_taken":0,"relics_obtained":["Golden Idol"],"max_hp_gain":0,"max_hp_loss":6,"event_name":"Golden Idol","floor":3,"gold_loss":0},{"damage_healed":0,"gold_gain":0,"player_choice":"Donut","damage_taken":0,"max_hp_gain":5,"max_hp_loss":0,"event_name":"Big Fish","floor":14,"gold_loss":0},{"damage_healed":0,"gold_gain":0,"player_choice":"Ignored","damage_taken":0,"max_hp_gain":0,"max_hp_loss":0,"event_name":"Vampires","floor":19,"gold_loss":0}],"is_beta":false,"boss_relics":[{"not_picked":["SlaversCollar","Calling Bell"],"picked":"Runic Pyramid"}],"items_purged_floors":[],"is_endless":false,"potions_floor_spawned":[2,5,10,12],"killed_by":"Slavers","ascension_level":20}}