{"host":"sav7uxregyirlf69","time":1610379794,"event":{"mods":["AchievementEnabler","BaseMod","Colored Map","DeckTracker","Keyboard Shortcuts","Minty Spire (QoL Compilation)","READ ME - Guardian Mod","StSLib","SuperFastMode"],"gold_per_floor":[20,40,40,140,160,190,190,210,210,210,226,226,49,49,49,49,49],"floor_reached":16,"playtime":210,"items_purged":["Strike_G"],"score":200,"play_id":"d1068282-a191-45f1-a2d3-43f3c8c7bd8c","local_time":"20210112004314","is_ascension_mode":true,"campfire_choices":[{"floor":7,"key":"DIG"},{"floor":10,"key":"REST"},{"data":"Noxious Fumes","floor":15,"key":"SMITH"}],"circlet_count":0,"master_deck":["AscendersBane","Strike_G","Strike_G","Strike_G","Strike_G","Defend_G","Defend_G","Defend_G","Defend_G","Defend_G","Survivor","Neutralize","Poisoned Stab","Masterful Stab","Escape Plan","Noxious Fumes+1","Backflip","Parasite"],"relics":["Ring of the Snake","Shovel","Boot","Singing Bowl","Juzu Bracelet"],"acts_visited":["Exordium"],"potions_floor_usage":[6,11,16],"damage_taken":[{"damage":12,"enemies":"Jaw Worm","floor":1,"turns":7},{"damage":1,"enemies":"2 Louse","floor":2,"turns":2},{"damage":0,"enemies":"Cultist","floor":5,"turns":3},{"damage":29,"enemies":"Gremlin Nob","floor":6,"turns":5},{"damage":1,"enemies":"Looter","floor":8,"turns":3},{"damage":28,"enemies":"Exordium Thugs","floor":11,"turns":6},{"damage":29,"enemies":"The Guardian","floor":16,"turns":4}],"seed_played":"-849673196179863832","potions_obtained":[{"floor":2,"key":"Ancient Potion"},{"floor":5,"key":"Dexterity Potion"},{"floor":8,"key":"PowerPotion"}],"is_trial":false,"path_per_floor":["M","M","?","?","M","E","R","M","T","R","M","?","$","?","R","B"],"character_chosen":"THE_SILENT","items_purchased":["Noxious Fumes","Backflip"],"campfire_rested":1,"item_purchase_floors":[13,13],"current_hp_per_floor":[47,46,46,46,46,17,17,18,18,38,12,12,12,29,29,0,0],"gold":49,"neow_bonus":"ONE_RARE_RELIC","is_daily":false,"chose_seed":false,"campfire_upgraded":1,"win_rate":0.0,"timestamp":1610379794,"path_taken":["M","M","?","?","M","E","R","?","T","R","M","?","$","?","R","BOSS"],"items_purchased_type":["Card","Card"],"build_version":"2020-12-22","purchased_purges":1,"victory":false,"max_hp_per_floor":[66,66,66,66,66,66,66,68,68,68,70,70,70,70,70,70,70],"card_choices":[{"not_picked":["Cloak And Dagger","Quick Slash"],"picked":"Poisoned Stab","floor":1},{"not_picked":["Heel Hook","Outmaneuver"],"picked":"Masterful Stab","floor":2},{"not_picked":["Infinite Blades","Accuracy","Acrobatics"],"picked":"SKIP","floor":5},{"not_picked":["Underhanded Strike","Skewer","Predator"],"picked":"SKIP","floor":6},{"not_picked":["Blur","Poisoned Stab","Heel Hook"],"picked":"Singing Bowl","floor":8},{"not_picked":["Outmaneuver","Backflip","Catalyst"],"picked":"Singing Bowl","floor":11}],"player_experience":1254337,"relics_obtained":[{"floor":6,"key":"Boot"},{"floor":7,"key":"Singing Bowl"},{"floor":9,"key":"Juzu Bracelet"}],"event_choices":[{"damage_healed":0,"gold_gain":0,"player_choice":"Leave","damage_taken":0,"max_hp_gain":0,"max_hp_loss":0,"event_name":"The Cleric","floor":3,"gold_loss":0},{"damage_healed":0,"gold_gain":100,"player_choice":"Gold","damage_taken":0,"max_hp_gain":0,"max_hp_loss":0,"event_name":"Wheel of Change","floor":4,"gold_loss":0},{"damage_healed":0,"gold_gain":0,"player_choice":"1 cards matched","damage_taken":0,"max_hp_gain":0,"max_hp_loss":0,"event_name":"Match and Keep!","floor":12,"gold_loss":0,"cards_obtained":["Escape Plan"]},{"damage_healed":17,"gold_gain":0,"player_choice":"Healed and dodged fight","damage_taken":0,"max_hp_gain":0,"max_hp_loss":0,"event_name":"Mushrooms","floor":14,"gold_loss":0,"cards_obtained":["Parasite"]}],"is_beta":false,"boss_relics":[],"items_purged_floors":[13],"is_endless":false,"potions_floor_spawned":[2,5,8],"killed_by":"The Guardian","ascension_level":20}}