{"host":"dowi7cgbhepuzvpj","time":1610339033,"event":{"mods":["AchievementEnabler","BaseMod","Colored Map","Highlight Path","Keyboard Shortcuts","Minty Spire (QoL Compilation)","Permanent Neow","Quick Restart","StSLib","SuperFastMode"],"gold_per_floor":[366,376,64,78,78,78,78,253,253,42,72,72,92,110,110,215,215,229,144,157,172,172,172,197,122,122,122,221,146,163,163,163,263,263,280,25,25,25,25,25,38,63,133,144,144,21,31,46,46,46],"floor_reached":51,"playtime":2294,"items_purged":["Doubt","Strike_B"],"score":758,"play_id":"9637cb97-db29-48dd-baad-726db34e0453","local_time":"20210111132353","is_ascension_mode":false,"campfire_choices":[{"data":"Zap","floor":7,"key":"SMITH"},{"data":"Apotheosis","floor":12,"key":"SMITH"},{"data":"Self Repair","floor":15,"key":"SMITH"},{"data":"Creative AI","floor":23,"key":"SMITH"},{"data":"Double Energy","floor":27,"key":"SMITH"},{"data":"Force Field","floor":32,"key":"SMITH"},{"data":"Madness","floor":40,"key":"SMITH"},{"data":"White Noise","floor":49,"key":"SMITH"}],"circlet_count":0,"master_deck":["Strike_B","Defend_B","Defend_B","Defend_B","Zap+1","Dualcast","Cold Snap","Undo","Apotheosis+1","Conserve Battery","Self Repair+1","Double Energy+1","Creative AI+1","Barrage","Coolheaded+1","Coolheaded","Core Surge","Force Field+1","Thunder Strike","Madness+1","Madness","Defragment","Lockon","Hologram","White Noise+1"],"relics":["FrozenCore","Anchor","Runic Capacitor","Orichalcum","Kunai","Art of War","Odd Mushroom","Sozu","Blue Candle","Bag of Marbles","Sundial","DataDisk","Ancient Tea Set","Bottled Lightning"],"acts_visited":["Exordium","TheCity","TheBeyond"],"potions_floor_usage":[11,16,16],"damage_taken":[{"damage":1,"enemies":"Jaw Worm","floor":1,"turns":4},{"damage":0,"enemies":"Small Slimes","floor":2,"turns":2},{"damage":0,"enemies":"2 Louse","floor":4,"turns":3},{"damage":0,"enemies":"The Mushroom Lair","floor":11,"turns":5},{"damage":0,"enemies":"2 Fungi Beasts","floor":13,"turns":4},{"damage":0,"enemies":"Large Slime","floor":14,"turns":8},{"damage":31,"enemies":"Hexaghost","floor":16,"turns":11},{"damage":4,"enemies":"Chosen","floor":18,"turns":7},{"damage":15,"enemies":"3 Byrds","floor":20,"turns":7},{"damage":12,"enemies":"Cultist and Chosen","floor":21,"turns":8},{"damage":24,"enemies":"Book of Stabbing","floor":24,"turns":6},{"damage":12,"enemies":"3 Cultists","floor":30,"turns":7},{"damage":21,"enemies":"Collector","floor":33,"turns":15},{"damage":6,"enemies":"3 Darklings","floor":35,"turns":32},{"damage":3,"enemies":"Orb Walker","floor":41,"turns":6},{"damage":33,"enemies":"Reptomancer","floor":42,"turns":8},{"damage":5,"enemies":"4 Shapes","floor":44,"turns":8},{"damage":0,"enemies":"Sphere and 2 Shapes","floor":47,"turns":6},{"damage":0,"enemies":"Maw","floor":48,"turns":7},{"damage":0,"enemies":"Time Eater","floor":50,"turns":9}],"seed_played":"-34077607190928141","potions_obtained":[{"floor":4,"key":"SneckoOil"},{"floor":11,"key":"Fire Potion"},{"floor":13,"key":"PowerPotion"},{"floor":14,"key":"SmokeBomb"}],"is_trial":false,"path_per_floor":["M","M","$","M","?","T","R","?","T","$","?","R","M","M","R","B",null,"M","?","M","M","?","R","E","$","T","R","?","?","M","?","R","B",null,"M","$","?","?","?","R","M","E","T","M","?","$","M","M","R","B",null],"character_chosen":"DEFECT","items_purchased":["Anchor","Runic Capacitor","Apotheosis","Conserve Battery","DataDisk","Lockon","Hologram"],"campfire_rested":0,"item_purchase_floors":[3,3,10,10,36,46,46],"current_hp_per_floor":[53,53,53,53,20,20,20,20,20,20,20,20,30,40,40,19,75,75,75,70,68,68,68,54,54,54,54,54,54,52,52,52,41,75,75,75,75,75,66,66,73,50,50,55,55,55,65,75,75,75],"gold":46,"neow_bonus":"TWO_FIFTY_GOLD","is_daily":false,"chose_seed":false,"campfire_upgraded":8,"win_rate":0.0,"timestamp":1610339033,"path_taken":["M","M","$","M","?","?","R","?","T","$","?","R","M","M","R","BOSS","M","?","M","M","?","R","E","$","T","R","?","?","M","?","R","BOSS","M","$","?","?","?","R","M","E","T","M","?","$","M","M","R","BOSS"],"items_purchased_type":["Relic","Relic","Card","Card","Relic","Card","Card"],"build_version":"2020-12-22","purchased_purges":2,"victory":true,"max_hp_per_floor":[75,75,75,75,75,75,75,75,75,75,75,75,75,75,75,75,75,75,75,75,75,75,75,75,75,75,75,75,75,75,75,75,75,75,75,75,75,75,75,75,75,75,75,75,75,75,75,75,75,75],"card_choices":[{"not_picked":["Redo","Beam Cell"],"picked":"Cold Snap","floor":1},{"not_picked":["Rebound","Steam"],"picked":"Undo","floor":2},{"not_picked":["Doom and Gloom","Skim","Reinforced Body"],"picked":"SKIP","floor":4},{"not_picked":["Doom and Gloom","Rip and Tear"],"picked":"Self Repair","floor":11},{"not_picked":["Undo","Doom and Gloom","Tempest"],"picked":"SKIP","floor":13},{"not_picked":["Stack","Cold Snap"],"picked":"Double Energy","floor":14},{"not_picked":["Machine Learning","Thunder Strike"],"picked":"Creative AI","floor":16},{"not_picked":["Streamline","BootSequence"],"picked":"Barrage","floor":18},{"not_picked":["Go for the Eyes","Gash"],"picked":"Coolheaded+1","floor":20},{"not_picked":["Redo","Reinforced Body"],"picked":"Coolheaded","floor":21},{"not_picked":["Go for the Eyes","Turbo","Stack"],"picked":"SKIP","floor":24},{"not_picked":["Sunder","Sweeping Beam"],"picked":"Core Surge","floor":30},{"not_picked":["Machine Learning","Hyperbeam"],"picked":"Thunder Strike","floor":33},{"not_picked":["Tempest+1","Streamline","Go for the Eyes+1"],"picked":"SKIP","floor":35},{"not_picked":["Go for the Eyes","Steam+1","Compile Driver"],"picked":"SKIP","floor":41},{"not_picked":["Redo","Recycle+1","Auto Shields"],"picked":"SKIP","floor":42},{"not_picked":["Undo+1","Steam"],"picked":"Defragment","floor":44},{"not_picked":["Beam Cell","Go for the Eyes","Steam"],"picked":"SKIP","floor":47},{"not_picked":["Skim+1","Coolheaded"],"picked":"White Noise","floor":48}],"player_experience":803595,"relics_obtained":[{"floor":6,"key":"Kunai"},{"floor":9,"key":"Art of War"},{"floor":11,"key":"Odd Mushroom"},{"floor":24,"key":"Bag of Marbles"},{"floor":26,"key":"Sundial"},{"floor":42,"key":"Ancient Tea Set"},{"floor":43,"key":"Bottled Lightning"}],"event_choices":[{"damage_healed":0,"gold_gain":0,"player_choice":"Success","damage_taken":33,"relics_obtained":["Orichalcum"],"max_hp_gain":0,"max_hp_loss":0,"event_name":"Scrap Ooze","floor":5,"gold_loss":0},{"damage_healed":0,"gold_gain":175,"player_choice":"AGREE","damage_taken":0,"max_hp_gain":0,"max_hp_loss":0,"event_name":"Liars Game","floor":8,"gold_loss":0,"cards_obtained":["Doubt"]},{"damage_healed":0,"gold_gain":0,"player_choice":"Fought Mushrooms","damage_taken":0,"max_hp_gain":0,"max_hp_loss":0,"event_name":"Mushrooms","floor":11,"gold_loss":0},{"damage_healed":0,"gold_gain":0,"player_choice":"Obtained Relic","damage_taken":0,"relics_obtained":["Blue Candle"],"max_hp_gain":0,"max_hp_loss":0,"event_name":"Addict","floor":19,"gold_loss":85},{"damage_healed":0,"gold_gain":0,"player_choice":"Ignored","damage_taken":0,"max_hp_gain":0,"max_hp_loss":0,"event_name":"Vampires","floor":22,"gold_loss":0},{"damage_healed":0,"gold_gain":99,"player_choice":"Stole From Cult","damage_taken":0,"max_hp_gain":0,"max_hp_loss":0,"event_name":"Nest","floor":28,"gold_loss":0},{"cards_removed":["Strike_B"],"damage_healed":0,"gold_gain":0,"player_choice":"Gave Gold","damage_taken":0,"max_hp_gain":0,"max_hp_loss":0,"event_name":"Beggar","floor":29,"gold_loss":75},{"damage_healed":0,"gold_gain":0,"player_choice":"Read","damage_taken":0,"max_hp_gain":0,"max_hp_loss":0,"event_name":"The Library","floor":31,"gold_loss":0,"cards_obtained":["Force Field"]},{"damage_healed":0,"gold_gain":0,"player_choice":"Memory 1","damage_taken":0,"max_hp_gain":0,"max_hp_loss":0,"event_name":"SensoryStone","floor":37,"gold_loss":0},{"cards_removed":["Defend_B"],"damage_healed":0,"gold_gain":0,"player_choice":"Removed Skill","damage_taken":0,"max_hp_gain":0,"max_hp_loss":0,"event_name":"Falling","floor":38,"gold_loss":0},{"damage_healed":0,"gold_gain":0,"player_choice":"Embrace Madness","damage_taken":9,"max_hp_gain":0,"max_hp_loss":0,"event_name":"Winding Halls","floor":39,"gold_loss":0,"cards_obtained":["Madness","Madness"]},{"cards_removed":["Strike_B"],"damage_healed":0,"gold_gain":0,"player_choice":"Purged","damage_taken":0,"max_hp_gain":0,"max_hp_loss":0,"event_name":"Purifier","floor":45,"gold_loss":0}],"is_beta":false,"boss_relics":[{"not_picked":["Velvet Choker","Ectoplasm"],"picked":"Sozu"},{"not_picked":["Snecko Eye","Tiny House"],"picked":"FrozenCore"}],"items_purged_floors":[25,36],"is_endless":false,"potions_floor_spawned":[4,11,13,14,20,24,35,42],"ascension_level":0}}