{"host":"v54ek091sdz7ha6h","time":1610331156,"event":{"mods":["BaseMod","Better Vampires","Colored Map","Colored Powertips","Custom Start","DeckTracker","Friendly Minions","Highlight Path","KOR Keyword Fix","Minty Spire (QoL Compilation)","Rare Cards Sparkle","StSLib","SuperFastMode","everything is the same but u backflip on backflip","slay the spire mod where everything is the same but ironclad has a cowboy hat"],"gold_per_floor":[117,192,192,192,207,234,244,273,296,164,198,198,40,59,59,59,59],"floor_reached":16,"playtime":263,"items_purged":["Strike_B"],"score":286,"play_id":"58fdcdca-9df0-4f9e-9fe0-f2bfb4b76bde","local_time":"20210111111236","is_ascension_mode":true,"campfire_choices":[{"data":"Dualcast","floor":12.0,"key":"SMITH"},{"data":"Darkness","floor":15.0,"key":"SMITH"}],"circlet_count":0,"master_deck":["AscendersBane","Strike_B","Strike_B","Strike_B+1","Defend_B","Defend_B","Defend_B","Zap+1","Dualcast+1","Cold Snap","Thunder Strike","Sweeping Beam","Rip and Tear","Darkness+1"],"relics":["Cracked Core","NeowsBlessing","Ancient Tea Set","Potion Belt","Nunchaku","Eternal Feather","ClockworkSouvenir"],"acts_visited":["Exordium"],"potions_floor_usage":[16,16],"damage_taken":[{"damage":0.0,"enemies":"Jaw Worm","floor":1.0,"turns":1.0},{"damage":0.0,"enemies":"Small Slimes","floor":5.0,"turns":1.0},{"damage":0.0,"enemies":"Gremlin Nob","floor":6.0,"turns":1.0},{"damage":0.0,"enemies":"2 Louse","floor":7.0,"turns":1.0},{"damage":26.0,"enemies":"3 Sentries","floor":8.0,"turns":7.0},{"damage":4.0,"enemies":"Gremlin Nob","floor":11.0,"turns":3.0},{"damage":1.0,"enemies":"Looter","floor":14.0,"turns":2.0},{"damage":18,"enemies":"Hexaghost","floor":16,"turns":7}],"seed_played":"-2063368425149319370","potions_obtained":[{"floor":5.0,"key":"GamblersBrew"},{"floor":7.0,"key":"BlessingOfTheForge"},{"floor":8.0,"key":"SkillPotion"},{"floor":14.0,"key":"Block Potion"}],"is_trial":false,"path_per_floor":["M","?","?","?","M","E","M","E","T","$","E","R","$","M","R","B"],"character_chosen":"DEFECT","items_purchased":["Fire Potion","ClockworkSouvenir"],"campfire_rested":0,"item_purchase_floors":[10,13],"current_hp_per_floor":[64,53,53,32,32,32,32,6,6,6,2,8,8,7,13,0,0],"gold":59,"neow_bonus":"THREE_ENEMY_KILL","is_daily":false,"chose_seed":false,"campfire_upgraded":2,"win_rate":0.0,"timestamp":1610331156,"path_taken":["M","?","?","?","M","E","M","E","T","$","E","R","$","M","R","BOSS"],"items_purchased_type":["Potion","Relic"],"build_version":"2020-12-22","purchased_purges":1,"victory":false,"max_hp_per_floor":[71,71,71,71,71,71,71,71,71,71,71,71,71,71,71,71,71],"card_choices":[{"not_picked":["Hologram","Coolheaded"],"picked":"Cold Snap","floor":1.0},{"not_picked":["Thunder Strike","Hologram"],"picked":"Sweeping Beam","floor":5.0},{"not_picked":["Steam Power","Rainbow","Rip and Tear"],"picked":"SKIP","floor":6.0},{"not_picked":["Steam Power","Rainbow"],"picked":"Rip and Tear","floor":6.0},{"not_picked":["Gash","Hello World","Stack"],"picked":"SKIP","floor":7.0},{"not_picked":["Force Field","Stack","Reprogram"],"picked":"SKIP","floor":8.0},{"not_picked":["Stack","FTL","Barrage"],"picked":"SKIP","floor":11.0},{"not_picked":["Self Repair","Compile Driver"],"picked":"Darkness","floor":14.0}],"player_experience":1410173,"relics_obtained":[{"floor":6.0,"key":"Ancient Tea Set"},{"floor":8.0,"key":"Potion Belt"},{"floor":9.0,"key":"Nunchaku"},{"floor":11.0,"key":"Eternal Feather"}],"event_choices":[{"damage_healed":0.0,"max_hp_gain":0.0,"max_hp_loss":0.0,"gold_gain":75.0,"event_name":"World of Goop","player_choice":"Gather Gold","floor":2.0,"gold_loss":0.0,"damage_taken":11.0},{"damage_healed":0.0,"max_hp_gain":0.0,"max_hp_loss":0.0,"gold_gain":0.0,"cards_transformed":["Defend_B"],"event_name":"Living Wall","player_choice":"Change","floor":3.0,"gold_loss":0.0,"damage_taken":0.0,"cards_obtained":["Thunder Strike"]},{"damage_healed":0.0,"max_hp_gain":0.0,"max_hp_loss":0.0,"gold_gain":0.0,"event_name":"Shining Light","player_choice":"Entered Light","floor":4.0,"gold_loss":0.0,"damage_taken":21.0,"cards_upgraded":["Strike_B","Zap"]}],"is_beta":false,"boss_relics":[],"items_purged_floors":[10],"is_endless":false,"potions_floor_spawned":[5,7,8,14],"killed_by":"Hexaghost","ascension_level":20}}