{"host":"l60rmjjsfi0fipmi","time":1610402041,"event":{"mods":["BaseMod","Colored Map","DeckTracker","Highlight Path","Minty Spire (QoL Compilation)"],"gold_per_floor":[114,126,126,72,31,31,70,70,97,97,136,136,160,176,176,296,296,315,329,71,0,21,21,42,141,141,141,141],"floor_reached":27,"playtime":1190,"items_purged":["Strike_B"],"score":254,"play_id":"74869d07-2050-4569-8b31-ca4413327353","local_time":"20210111165401","is_ascension_mode":true,"campfire_choices":[{"data":"Hologram","floor":6,"key":"SMITH"},{"floor":10,"key":"REST"},{"floor":15,"key":"REST"},{"floor":23,"key":"REST"}],"circlet_count":0,"master_deck":["Strike_B","Strike_B","Strike_B","Defend_B","Defend_B","Defend_B","Defend_B","Zap","Dualcast","Ball Lightning","Capacitor","Hologram+1","Sweeping Beam","Leap","Redo","Electrodynamics","Rainbow","Doom and Gloom","Defragment"],"relics":["Cracked Core","Golden Idol","PreservedInsect","Omamori","Singing Bowl","Symbiotic Virus","Runic Pyramid","Eternal Feather"],"acts_visited":["Exordium","TheCity"],"potions_floor_usage":[16,16,20,22,24],"damage_taken":[{"damage":7,"enemies":"Small Slimes","floor":1,"turns":4},{"damage":11,"enemies":"2 Louse","floor":2,"turns":2},{"damage":25,"enemies":"Gremlin Nob","floor":7,"turns":4},{"damage":25,"enemies":"3 Sentries","floor":11,"turns":4},{"damage":7,"enemies":"Jaw Worm","floor":13,"turns":3},{"damage":17,"enemies":"3 Louse","floor":14,"turns":2},{"damage":13,"enemies":"Hexaghost","floor":16,"turns":9},{"damage":5,"enemies":"Chosen","floor":18,"turns":5},{"damage":36,"enemies":"Spheric Guardian","floor":19,"turns":6},{"damage":15,"enemies":"Chosen and Byrds","floor":22,"turns":4},{"damage":41,"enemies":"Snecko","floor":24,"turns":7},{"damage":17,"enemies":"Colosseum Slavers","floor":27,"turns":1}],"seed_played":"7906279862368059936","potions_obtained":[{"floor":1,"key":"SpeedPotion"},{"floor":7,"key":"SpeedPotion"},{"floor":14,"key":"Regen Potion"},{"floor":16,"key":"SpeedPotion"},{"floor":19,"key":"SneckoOil"},{"floor":22,"key":"Explosive Potion"}],"is_trial":false,"path_per_floor":["M","M","?","$","?","R","E","?","T","R","E","?","M","M","R","B",null,"M","M","$","?","M","R","M","?","T","?"],"character_chosen":"DEFECT","items_purchased":["Hologram","Defragment","Fruit Juice","PowerPotion"],"campfire_rested":3,"item_purchase_floors":[4,20,20,20],"current_hp_per_floor":[75,64,64,64,64,64,39,39,39,61,36,36,29,12,34,36,76,71,37,42,42,29,54,15,15,15,0,0],"gold":141,"neow_bonus":"TEN_PERCENT_HP_BONUS","is_daily":false,"chose_seed":false,"campfire_upgraded":1,"win_rate":0.0,"timestamp":1610402041,"path_taken":["M","M","?","$","?","R","E","?","T","R","E","?","M","M","R","BOSS","M","M","$","?","M","R","M","?","T","?"],"items_purchased_type":["Card","Card","Potion","Potion"],"build_version":"2020-12-22","purchased_purges":1,"victory":false,"max_hp_per_floor":[82,82,76,76,76,76,76,76,76,76,76,76,76,76,76,76,76,76,78,83,83,85,85,87,87,87,87,87],"card_choices":[{"not_picked":["Heatsinks","Compile Driver"],"picked":"Ball Lightning","floor":1},{"not_picked":["Hologram","Recycle"],"picked":"Capacitor","floor":2},{"not_picked":["Go for the Eyes","Melter"],"picked":"Sweeping Beam","floor":7},{"not_picked":["Fusion","Go for the Eyes"],"picked":"Leap","floor":11},{"not_picked":["Loop","Hologram"],"picked":"Redo","floor":13},{"not_picked":["Steam","Coolheaded"],"picked":"Electrodynamics","floor":14},{"not_picked":["Fission","Core Surge"],"picked":"Rainbow","floor":16},{"not_picked":["Leap","Coolheaded+1"],"picked":"Doom and Gloom","floor":18},{"not_picked":["Auto Shields","Hologram","Lockon"],"picked":"Singing Bowl","floor":19},{"not_picked":["Redo","Barrage","Hologram+1"],"picked":"Singing Bowl","floor":22},{"not_picked":["Sweeping Beam","Rebound","Genetic Algorithm"],"picked":"Singing Bowl","floor":24}],"player_experience":338980,"relics_obtained":[{"floor":7,"key":"PreservedInsect"},{"floor":9,"key":"Omamori"},{"floor":11,"key":"Singing Bowl"},{"floor":26,"key":"Eternal Feather"}],"event_choices":[{"damage_healed":0,"gold_gain":0,"player_choice":"Lose Max HP","damage_taken":0,"relics_obtained":["Golden Idol"],"max_hp_gain":0,"max_hp_loss":6,"event_name":"Golden Idol","floor":3,"gold_loss":0},{"damage_healed":0,"gold_gain":0,"player_choice":"Left Gold","damage_taken":0,"max_hp_gain":0,"max_hp_loss":0,"event_name":"World of Goop","floor":5,"gold_loss":41},{"damage_healed":0,"gold_gain":0,"player_choice":"Ignored","damage_taken":0,"max_hp_gain":0,"max_hp_loss":0,"event_name":"Golden Wing","floor":8,"gold_loss":0},{"damage_healed":0,"gold_gain":0,"player_choice":"Searched \u00271\u0027 times","damage_taken":0,"relics_obtained":["Symbiotic Virus"],"max_hp_gain":0,"max_hp_loss":0,"event_name":"Dead Adventurer","floor":12,"gold_loss":0},{"damage_healed":0,"gold_gain":0,"player_choice":"Paid Fearfully","damage_taken":0,"max_hp_gain":0,"max_hp_loss":0,"event_name":"Masked Bandits","floor":21,"gold_loss":71},{"damage_healed":0,"gold_gain":99,"player_choice":"Stole From Cult","damage_taken":0,"max_hp_gain":0,"max_hp_loss":0,"event_name":"Nest","floor":25,"gold_loss":0},{"damage_healed":0,"gold_gain":0,"player_choice":"Fight","damage_taken":0,"max_hp_gain":0,"max_hp_loss":0,"event_name":"Colosseum","floor":27,"gold_loss":0}],"is_beta":false,"boss_relics":[{"not_picked":["Runic Dome","Philosopher\u0027s Stone"],"picked":"Runic Pyramid"}],"items_purged_floors":[20],"is_endless":false,"potions_floor_spawned":[1,7,14,16,19,22],"killed_by":"Colosseum Slavers","ascension_level":3}}