{"host":"7l2t4psy44vpcd9q","time":1610346176,"event":{"mods":["AchievementEnabler","BaseMod","DeckTracker","Minty Spire (QoL Compilation)","SuperFastMode"],"gold_per_floor":[115,134,152,77,90,122,122,154,154,154,173,173,9,9,9,83,83,97,22,22,36,36,63,63,63,63,78,127,127,150,187,187,269,269,294,294,166,175,107,107,131,131,131,131,131,10,45,66,66,66,66],"floor_reached":50,"playtime":2586,"items_purged":["Strike_P","Decay","Strike_P"],"score":1182,"play_id":"307051ac-3300-456b-950d-8b47afdfb7f9","local_time":"20210111152256","is_ascension_mode":true,"campfire_choices":[{"data":"Eruption","floor":7.0,"key":"SMITH"},{"floor":10.0,"key":"REST"},{"data":"BattleHymn","floor":12.0,"key":"SMITH"},{"floor":15.0,"key":"REST"},{"floor":24.0,"key":"REST"},{"floor":29.0,"key":"REST"},{"floor":32.0,"key":"REST"},{"data":"Ragnarok","floor":40.0,"key":"SMITH"},{"data":"Adaptation","floor":42.0,"key":"SMITH"},{"floor":44.0,"key":"REST"},{"data":"MentalFortress","floor":49.0,"key":"SMITH"}],"circlet_count":0,"master_deck":["AscendersBane","Defend_P","Defend_P","Defend_P","Eruption+1","Vigilance","Protect","BowlingBash","Consecrate","BattleHymn+1","InnerPeace","JustLucky","Prostrate+1","Wish+1","Halt+1","Vengeance+1","Establishment","FearNoEvil+1","Protect+1","MentalFortress+1","Ragnarok+1","Meditate+1","WaveOfTheHand+1","Madness+1","Blasphemy+1","Adaptation+1","EmptyMind+1","Protect+1"],"relics":["PureWater","Orichalcum","Art of War","Kunai","Toxic Egg 2","Bag of Preparation","Sozu","Pear","CeramicFish","Smiling Mask","Velvet Choker","Shovel"],"acts_visited":["Exordium","TheCity","TheBeyond"],"potions_floor_usage":[],"damage_taken":[{"damage":6.0,"enemies":"Jaw Worm","floor":1.0,"turns":4.0},{"damage":8.0,"enemies":"2 Louse","floor":2.0,"turns":3.0},{"damage":0.0,"enemies":"Cultist","floor":3.0,"turns":3.0},{"damage":6.0,"enemies":"2 Fungi Beasts","floor":5.0,"turns":2.0},{"damage":2.0,"enemies":"Gremlin Nob","floor":6.0,"turns":3.0},{"damage":24.0,"enemies":"Lagavulin","floor":8.0,"turns":8.0},{"damage":8.0,"enemies":"3 Louse","floor":11.0,"turns":4.0},{"damage":0.0,"enemies":"Slime Boss","floor":16.0,"turns":5.0},{"damage":8.0,"enemies":"2 Thieves","floor":18.0,"turns":3.0},{"damage":16.0,"enemies":"Spheric Guardian","floor":21.0,"turns":4.0},{"damage":27.0,"enemies":"Book of Stabbing","floor":23.0,"turns":5.0},{"damage":10.0,"enemies":"Chosen and Byrds","floor":27.0,"turns":5.0},{"damage":21.0,"enemies":"Cultist and Chosen","floor":28.0,"turns":6.0},{"damage":21.0,"enemies":"Snake Plant","floor":30.0,"turns":4.0},{"damage":2.0,"enemies":"Gremlin Leader","floor":31.0,"turns":6.0},{"damage":28.0,"enemies":"Automaton","floor":33.0,"turns":9.0},{"damage":27.0,"enemies":"3 Shapes","floor":35.0,"turns":11.0},{"damage":1.0,"enemies":"3 Darklings","floor":41.0,"turns":4.0},{"damage":0.0,"enemies":"Nemesis","floor":47.0,"turns":3.0},{"damage":6.0,"enemies":"Jaw Worm Horde","floor":48.0,"turns":4.0},{"damage":56,"enemies":"Awakened One","floor":50,"turns":3}],"seed_played":"-5500943663147396513","potions_obtained":[{"floor":1.0,"key":"PowerPotion"},{"floor":3.0,"key":"EssenceOfSteel"},{"floor":8.0,"key":"SpeedPotion"},{"floor":11.0,"key":"DuplicationPotion"}],"is_trial":false,"path_per_floor":["M","M","M","$","M","E","R","E","T","R","M","R","$","?","R","B",null,"M","?","?","M","?","E","R","?","T","M","M","R","M","E","R","B",null,"M","?","$","?","$","R","M","R","T","R","?","$","E","M","R","B"],"character_chosen":"WATCHER","items_purchased":["Bag of Preparation","WaveOfTheHand+1","Blasphemy+1","EmptyMind+1"],"campfire_rested":6,"item_purchase_floors":[13,37,39,46],"current_hp_per_floor":[55,47,47,47,41,39,39,15,15,35,27,27,27,27,47,47,63,55,55,49,33,33,16,39,39,39,29,8,31,10,8,31,3,59,32,32,32,32,32,32,31,31,31,54,54,54,54,48,48,0,0],"gold":66,"neow_bonus":"RANDOM_COMMON_RELIC","is_daily":false,"chose_seed":false,"campfire_upgraded":5,"win_rate":0.0,"timestamp":1610346176,"path_taken":["M","M","M","$","M","E","R","E","T","R","M","R","$","?","R","BOSS","M","?","?","?","?","E","R","?","T","M","M","R","M","E","R","BOSS","M","?","$","?","$","R","M","R","T","R","?","$","E","M","R","BOSS"],"items_purchased_type":["Relic","Card","Card","Card"],"build_version":"2020-12-22","purchased_purges":3,"victory":false,"max_hp_per_floor":[68,68,68,68,68,68,68,68,68,68,68,68,68,68,68,68,68,68,68,68,68,68,78,78,78,78,78,78,78,78,78,78,78,78,78,78,78,78,78,78,78,78,78,78,78,78,78,78,78,78,78],"card_choices":[{"not_picked":["Indignation","ThirdEye"],"picked":"Protect","floor":1.0},{"not_picked":["Fasting2","Crescendo"],"picked":"BowlingBash","floor":2.0},{"not_picked":["Protect","ThirdEye"],"picked":"Consecrate","floor":3.0},{"not_picked":["JustLucky","SignatureMove"],"picked":"BattleHymn","floor":5.0},{"not_picked":["Wireheading","Alpha"],"picked":"InnerPeace","floor":6.0},{"not_picked":["BowlingBash","ReachHeaven"],"picked":"JustLucky","floor":8.0},{"not_picked":["WaveOfTheHand+1","WindmillStrike"],"picked":"Prostrate+1","floor":11.0},{"not_picked":["LessonLearned","ConjureBlade+1"],"picked":"Wish+1","floor":16.0},{"not_picked":["PathToVictory+1","Crescendo+1"],"picked":"Halt+1","floor":18.0},{"not_picked":["SashWhip","EmptyBody+1"],"picked":"Vengeance+1","floor":21.0},{"not_picked":["Pray+1","Crescendo+1"],"picked":"Establishment","floor":23.0},{"not_picked":["CrushJoints","CutThroughFate","Study"],"picked":"SKIP","floor":27.0},{"not_picked":["SignatureMove","LikeWater+1"],"picked":"FearNoEvil+1","floor":28.0},{"not_picked":["Wallop","CutThroughFate"],"picked":"Protect+1","floor":30.0},{"not_picked":["ClearTheMind+1","FlyingSleeves"],"picked":"MentalFortress","floor":31.0},{"not_picked":["Judgement+1","Brilliance"],"picked":"Ragnarok","floor":33.0},{"not_picked":["EmptyBody+1","JustLucky"],"picked":"Meditate+1","floor":35.0},{"not_picked":["Panache","Enlightenment+1"],"picked":"Madness+1","floor":38.0},{"not_picked":["CrushJoints","ClearTheMind+1"],"picked":"Adaptation","floor":41.0},{"not_picked":["EmptyFist","Collect+1","Devotion"],"picked":"SKIP","floor":47.0},{"not_picked":["Evaluate+1","SandsOfTime"],"picked":"Protect+1","floor":48.0}],"player_experience":1181321,"relics_obtained":[{"floor":6.0,"key":"Art of War"},{"floor":8.0,"key":"Kunai"},{"floor":9.0,"key":"Toxic Egg 2"},{"floor":23.0,"key":"Pear"},{"floor":26.0,"key":"CeramicFish"},{"floor":31.0,"key":"Smiling Mask"},{"floor":43.0,"key":"Shovel"}],"event_choices":[{"cards_removed":["Defend_P"],"damage_healed":0.0,"max_hp_gain":0.0,"max_hp_loss":0.0,"gold_gain":0.0,"event_name":"Living Wall","player_choice":"Forget","floor":14.0,"gold_loss":0.0,"damage_taken":0.0},{"cards_removed":["Strike_P"],"damage_healed":0.0,"max_hp_gain":0.0,"max_hp_loss":0.0,"gold_gain":0.0,"event_name":"Beggar","player_choice":"Gave Gold","floor":19.0,"gold_loss":75.0,"damage_taken":0.0},{"damage_healed":0.0,"max_hp_gain":0.0,"max_hp_loss":0.0,"gold_gain":0.0,"event_name":"Knowing Skull","player_choice":"","floor":20.0,"potions_obtained":[],"gold_loss":0.0,"damage_taken":6.0,"cards_obtained":[]},{"damage_healed":0.0,"max_hp_gain":0.0,"max_hp_loss":0.0,"gold_gain":0.0,"event_name":"Ghosts","player_choice":"Ignored","floor":22.0,"gold_loss":0.0,"damage_taken":0.0},{"damage_healed":0.0,"max_hp_gain":0.0,"max_hp_loss":0.0,"gold_gain":0.0,"event_name":"Forgotten Altar","player_choice":"Smashed Altar","floor":25.0,"gold_loss":0.0,"damage_taken":0.0,"cards_obtained":["Decay"]},{"cards_removed":["Strike_P"],"damage_healed":0.0,"max_hp_gain":0.0,"max_hp_loss":0.0,"gold_gain":0.0,"event_name":"Falling","player_choice":"Removed Attack","floor":36.0,"gold_loss":0.0,"damage_taken":0.0},{"damage_healed":0.0,"max_hp_gain":0.0,"max_hp_loss":0.0,"gold_gain":0.0,"event_name":"SensoryStone","player_choice":"Memory 1","floor":38.0,"gold_loss":0.0,"damage_taken":0.0},{"damage_healed":0.0,"max_hp_gain":0.0,"max_hp_loss":0.0,"gold_gain":0.0,"event_name":"Match and Keep!","player_choice":"0 cards matched","floor":45.0,"gold_loss":0.0,"damage_taken":0.0,"cards_obtained":[]}],"is_beta":false,"boss_relics":[{"not_picked":["Tiny House","Philosopher\u0027s Stone"],"picked":"Sozu"},{"not_picked":["Snecko Eye","Runic Dome"],"picked":"Velvet Choker"}],"items_purged_floors":[4,37,46],"is_endless":false,"potions_floor_spawned":[1,3,8,11,18,27,30,31,35],"killed_by":"Awakened One","ascension_level":20}}