{"host":"ika5blmljv34vrx1","time":1610375688,"event":{"mods":["AchievementEnabler","Act Like it!","Aspiration","BaseMod","CapriCore","Challenge The Spire","Conspire","Gensokyo","Gold Saver","Grow up Mod","KinomotoSakuraMod(ƒæ÷Æ±æ”£)","Koishi","Marisa£®ÏF”Í°°ƒß¿Ì…≥£©","Minty Spire (QoL Compilation)","Pale of the Ancients","Quick Restart","Reimu£®≤©¿ˆ¡È√Œ£©","Remilia£®¿Ÿ√◊¿Ú—«£©","Remove Card Discount Mod","Replay The Spire","StSLib","The Immortal","Yakumo Yukari mod"],"gold_per_floor":[1833,1195,1195,1195,1213,1213,1143,1143,1143,1187,1227,1239,1265,862,874,886,886],"floor_reached":16,"playtime":555,"items_purged":["Koishi:UnconsciousUprising","Koishi:EmbryosDream","Koishi:EmbersOfLove","Koishi:RacingHeart"],"score":242,"play_id":"a99786d9-44f3-4839-91f0-55245bd0c930","local_time":"20210111223448","daily_mods":["SealedDeck","Heirloom","Time Dilation","Flight"],"is_ascension_mode":true,"campfire_choices":[{"floor":6,"key":"RECALL"},{"data":"Koishi:UnseenTerror","floor":8,"key":"SMITH"},{"data":"Koishi:SubterraneanRose","floor":15,"key":"SMITH"}],"circlet_count":0,"master_deck":["AscendersBane","Koishi:BramblyRoseGarden+1","Koishi:Bloodlust","Koishi:SubterraneanRose+1","Koishi:Possession+1","Koishi:HeartAttack","Koishi:UnseenTerror+1","Koishi:TremblingHands","Koishi:YoukaiPolygraph","Koishi:SprinkleStarAndHeart+1","Gensokyo:Shovel","Gensokyo:RustyChest","Gensokyo:TarnishedGold"],"relics":["Koishi:ImaginaryFriend","Mango","Oddly Smooth Stone","Replay:Kaleidoscope","Gensokyo:CelestialsFlawlessClothing","MawBank","Pen Nib","Toxic Egg 2","conspire:TreasureMap","Frozen Eye"],"acts_visited":["Exordium"],"potions_floor_usage":[10,11,16],"damage_taken":[{"damage":0,"enemies":"Gensokyo:2_Kodama","floor":1,"turns":3},{"damage":5,"enemies":"Gensokyo:Python","floor":5,"turns":2},{"damage":14,"enemies":"Gensokyo:Aya","floor":10,"turns":3},{"damage":10,"enemies":"Gensokyo:Cirno","floor":11,"turns":4},{"damage":8,"enemies":"Gensokyo:3_Fairies","floor":13,"turns":5},{"damage":16,"enemies":"Gensokyo:Reimu","floor":16,"turns":7}],"seed_played":"-3053995981282610876","potions_obtained":[{"floor":11,"key":"Swift Potion"}],"is_trial":true,"path_per_floor":["M","$","T","?","M","R","?","R","T","E","E","?","M","COS","R","B"],"character_chosen":"KOISHI","items_purchased":["Oddly Smooth Stone","Replay:Kaleidoscope","Koishi:YoukaiPolygraph","PowerPotion","Explosive Potion"],"campfire_rested":0,"item_purchase_floors":[2,2,2,2,2],"current_hp_per_floor":[85,95,105,82,87,97,107,117,127,126,126,136,138,148,158,142,142],"gold":886,"neow_bonus":"","is_daily":false,"chose_seed":false,"campfire_upgraded":2,"win_rate":0.0,"timestamp":1610375688,"path_taken":["M","?","?","?","?","R","?","R","T","E","E","?","?","COS","R","BOSS"],"items_purchased_type":["Relic","Relic","Card","Potion","Potion"],"build_version":"2020-12-22","purchased_purges":4,"victory":false,"max_hp_per_floor":[91,101,111,121,131,141,151,161,171,181,191,201,211,221,231,231,231],"card_choices":[{"not_picked":["Koishi:RacingHeart","Koishi:PhilosophyOfTheDespised"],"picked":"Koishi:TremblingHands","floor":1},{"not_picked":["Koishi:SubterraneanRose","Koishi:EmbryosDream","Koishi:ReflexRadar"],"picked":"SKIP","floor":5},{"not_picked":["Koishi:BramblyRoseGarden","Koishi:PhantomStrike","Koishi:ParalyzingFear"],"picked":"SKIP","floor":10},{"not_picked":["Koishi:MassHysteria+1","Koishi:PhantomStrike","Koishi:EmbryosDream+1"],"picked":"SKIP","floor":11},{"not_picked":["Koishi:EmbryosDream+1","Koishi:Catatonia"],"picked":"Koishi:SprinkleStarAndHeart+1","floor":13}],"player_experience":2078678,"relics_obtained":[{"floor":9,"key":"MawBank"},{"floor":10,"key":"Pen Nib"},{"floor":11,"key":"Toxic Egg 2"}],"event_choices":[],"is_beta":false,"boss_relics":[],"items_purged_floors":[2,2,2,2],"is_endless":false,"potions_floor_spawned":[11,13],"killed_by":"Gensokyo:Reimu","ascension_level":20}}