{"host":"9709z2dy8v1s63sm","time":1610380528,"event":{"mods":["AchievementEnabler","BaseMod","Minty Spire (QoL Compilation)","StSLib","SuperFastMode"],"gold_per_floor":[209,209,227,245,245,245,278,278,278,278,294,98,109,143,143,239,239,258,274,294,294,294,294,294,294],"floor_reached":24,"playtime":1294,"items_purged":["Defend_R"],"score":303,"play_id":"5e053bfc-0013-4452-9dd7-d71b3cd91f5a","local_time":"20210112005528","is_ascension_mode":true,"campfire_choices":[{"data":"Shockwave","floor":6.0,"key":"SMITH"},{"data":"Evolve","floor":8.0,"key":"SMITH"},{"data":"Shrug It Off","floor":10.0,"key":"SMITH"},{"floor":15.0,"key":"REST"},{"data":"Feed","floor":23,"key":"SMITH"}],"circlet_count":0,"master_deck":["Strike_R","Strike_R","Strike_R","Strike_R","Defend_R","Defend_R","Defend_R","Bash","Shockwave+1","Shrug It Off+1","Evolve+1","Feel No Pain","Inflame","Sword Boomerang","Power Through","Immolate","Feed+1","Shrug It Off+1","Metallicize+1","Ghostly","Ghostly","Ghostly","Ghostly","Ghostly","Writhe"],"relics":["Burning Blood","CultistMask","Singing Bowl","Blood Vial","Anchor","Velvet Choker","Ornamental Fan"],"acts_visited":["Exordium","TheCity"],"potions_floor_usage":[],"damage_taken":[{"damage":0.0,"enemies":"Small Slimes","floor":1.0,"turns":3.0},{"damage":6.0,"enemies":"Cultist","floor":3.0,"turns":4.0},{"damage":0.0,"enemies":"2 Louse","floor":4.0,"turns":4.0},{"damage":35.0,"enemies":"Gremlin Nob","floor":7.0,"turns":6.0},{"damage":31.0,"enemies":"Lots of Slimes","floor":11.0,"turns":9.0},{"damage":11.0,"enemies":"Looter","floor":13.0,"turns":4.0},{"damage":25.0,"enemies":"Lagavulin","floor":14.0,"turns":7.0},{"damage":16.0,"enemies":"Hexaghost","floor":16.0,"turns":10.0},{"damage":19,"enemies":"Spheric Guardian","floor":18,"turns":7},{"damage":8,"enemies":"3 Byrds","floor":19,"turns":4},{"damage":7,"enemies":"Snecko","floor":20,"turns":7},{"damage":46,"enemies":"Book of Stabbing","floor":24,"turns":8}],"seed_played":"803286688685765573","potions_obtained":[{"floor":1.0,"key":"Strength Potion"},{"floor":4.0,"key":"SpeedPotion"},{"floor":13.0,"key":"Dexterity Potion"},{"floor":18,"key":"Dexterity Potion"},{"floor":20,"key":"AttackPotion"}],"is_trial":false,"path_per_floor":["M","?","M","M","?","R","E","R","T","R","M","$","M","E","R","B",null,"M","M","M","?","?","R","E"],"character_chosen":"IRONCLAD","items_purchased":["Inflame","Sword Boomerang"],"campfire_rested":1,"item_purchase_floors":[12,12],"current_hp_per_floor":[78,78,78,80,80,80,53,53,53,53,30,30,27,10,34,26,68,57,59,63,43,43,43,0,0],"gold":294,"neow_bonus":"HUNDRED_GOLD","is_daily":false,"chose_seed":false,"campfire_upgraded":4,"win_rate":0.0,"timestamp":1610380528,"path_taken":["M","?","M","?","?","R","E","R","T","R","?","$","?","E","R","BOSS","M","M","M","?","?","R","E"],"items_purchased_type":["Card","Card"],"build_version":"2020-12-22","purchased_purges":1,"victory":false,"max_hp_per_floor":[80,80,80,80,80,80,82,82,82,82,82,82,82,82,82,82,82,82,84,87,43,43,43,43,43],"card_choices":[{"not_picked":["Reckless Charge","Searing Blow"],"picked":"Shockwave","floor":1.0},{"not_picked":["Havoc","Cleave"],"picked":"Shrug It Off","floor":3.0},{"not_picked":["True Grit","Armaments"],"picked":"Evolve","floor":4.0},{"not_picked":["Rampage","Blood for Blood","Spot Weakness"],"picked":"Singing Bowl","floor":7.0},{"not_picked":["Thunderclap","Pummel"],"picked":"Feel No Pain","floor":11.0},{"not_picked":["Reckless Charge","Pommel Strike"],"picked":"Power Through","floor":13.0},{"not_picked":["Anger","Clothesline"],"picked":"Immolate","floor":14.0},{"not_picked":["Bludgeon","Demon Form"],"picked":"Feed","floor":16.0},{"not_picked":["Entrench+1","Clothesline"],"picked":"Shrug It Off+1","floor":18},{"not_picked":["Battle Trance","Armaments","Iron Wave+1"],"picked":"Singing Bowl","floor":19},{"not_picked":["Clash","Shrug It Off"],"picked":"Metallicize+1","floor":20}],"player_experience":63447,"relics_obtained":[{"floor":7.0,"key":"Singing Bowl"},{"floor":9.0,"key":"Blood Vial"},{"floor":14.0,"key":"Anchor"}],"event_choices":[{"damage_healed":0.0,"max_hp_gain":0.0,"max_hp_loss":0.0,"gold_gain":0.0,"event_name":"FaceTrader","player_choice":"Trade","floor":2.0,"gold_loss":0.0,"damage_taken":0.0,"relics_obtained":["CultistMask"]},{"cards_removed":["Strike_R"],"damage_healed":0.0,"max_hp_gain":0.0,"max_hp_loss":0.0,"gold_gain":0.0,"event_name":"Purifier","player_choice":"Purged","floor":5.0,"gold_loss":0.0,"damage_taken":0.0},{"damage_healed":0,"gold_gain":0,"player_choice":"Became a Ghost","damage_taken":0,"max_hp_gain":0,"max_hp_loss":44,"event_name":"Ghosts","floor":21,"gold_loss":0,"cards_obtained":["Ghostly","Ghostly","Ghostly","Ghostly","Ghostly"]},{"damage_healed":0,"gold_gain":0,"player_choice":"Opened","damage_taken":0,"relics_obtained":["Ornamental Fan"],"max_hp_gain":0,"max_hp_loss":0,"event_name":"The Mausoleum","floor":22,"gold_loss":0,"cards_obtained":["Writhe"]}],"is_beta":false,"boss_relics":[{"not_picked":["Runic Dome","Tiny House"],"picked":"Velvet Choker"}],"items_purged_floors":[12],"is_endless":false,"potions_floor_spawned":[1,4,13,18,20],"killed_by":"Book of Stabbing","ascension_level":7}}