{"host":"6azrrw3tf7wb0f4b","time":1610363194,"event":{"mods":["BaseMod","DeckTracker","Minty Spire (QoL Compilation)","SuperFastMode"],"gold_per_floor":[111,186,199,209,16,16,31,31,31,47,47,12,37,53,53,179,179,200,14,14,14],"floor_reached":20,"playtime":349,"items_purged":["Lockon"],"score":266,"play_id":"048f074d-ff04-46fd-905e-50af21c9987c","local_time":"20210111200634","is_ascension_mode":true,"campfire_choices":[{"data":"Hologram","floor":6,"key":"SMITH"},{"data":"Dualcast","floor":8,"key":"SMITH"},{"data":"Barrage","floor":15,"key":"SMITH"}],"circlet_count":0,"master_deck":["AscendersBane","Zap","Dualcast+1","Sweeping Beam","Leap","Capacitor","Hologram+1","Core Surge","Ball Lightning","Chaos","Barrage+1","Hello World","Creative AI","Storm","Blizzard","Echo Form","Hyperbeam","Beam Cell","Force Field","Double Energy"],"relics":["Cracked Core","Membership Card","Blue Candle","Golden Idol","Pandora\u0027s Box","Ginger"],"acts_visited":["Exordium","TheCity"],"potions_floor_usage":[7,13,16,18,20],"damage_taken":[{"damage":16.0,"enemies":"Small Slimes","floor":1.0,"turns":3.0},{"damage":5.0,"enemies":"2 Louse","floor":3.0,"turns":2.0},{"damage":6.0,"enemies":"Jaw Worm","floor":4.0,"turns":4.0},{"damage":7,"enemies":"Gremlin Gang","floor":7,"turns":5},{"damage":16,"enemies":"Blue Slaver","floor":10,"turns":3},{"damage":2,"enemies":"3 Louse","floor":13,"turns":4},{"damage":0,"enemies":"Lots of Slimes","floor":14,"turns":1},{"damage":10,"enemies":"Hexaghost","floor":16,"turns":9},{"damage":24,"enemies":"Spheric Guardian","floor":18,"turns":4},{"damage":35,"enemies":"Shell Parasite","floor":20,"turns":4}],"seed_played":"-5207218255931811316","potions_obtained":[{"floor":3.0,"key":"Energy Potion"},{"floor":10,"key":"EssenceOfSteel"},{"floor":13,"key":"DistilledChaos"},{"floor":14,"key":"Weak Potion"},{"floor":18,"key":"Weak Potion"}],"is_trial":false,"path_per_floor":["M","?","M","M","$","R","M","R","T","M","?","?","M","M","R","B",null,"M","$","M"],"character_chosen":"DEFECT","items_purchased":["Membership Card","Core Surge","Ginger"],"campfire_rested":0,"item_purchase_floors":[5,5,19],"current_hp_per_floor":[52,41,36,30,30,30,23,23,23,7,7,24,22,22,22,12,55,31,31,0,0],"gold":14,"neow_bonus":"THREE_CARDS","is_daily":false,"chose_seed":false,"campfire_upgraded":3,"win_rate":0.0,"timestamp":1610363194,"path_taken":["M","?","M","M","$","R","M","R","T","M","?","?","M","M","R","BOSS","M","$","M"],"items_purchased_type":["Relic","Card","Relic"],"build_version":"2020-12-22","purchased_purges":1,"victory":false,"max_hp_per_floor":[75,75,75,75,75,75,75,75,75,75,69,69,69,69,69,69,69,69,69,69,69],"card_choices":[{"not_picked":["Barrage","Leap"],"picked":"Sweeping Beam","floor":0.0},{"not_picked":["Heatsinks","Gash"],"picked":"Leap","floor":1.0},{"not_picked":["Leap","Aggregate"],"picked":"Capacitor","floor":3.0},{"not_picked":["Double Energy","Go for the Eyes"],"picked":"Hologram","floor":4.0},{"not_picked":["Genetic Algorithm","Beam Cell"],"picked":"Ball Lightning","floor":7},{"not_picked":["Hologram","Loop"],"picked":"Chaos","floor":10},{"not_picked":["Sunder","Heatsinks"],"picked":"Barrage","floor":13},{"not_picked":["Barrage","Redo"],"picked":"Hello World","floor":14},{"not_picked":["All For One","Meteor Strike"],"picked":"Creative AI","floor":16},{"not_picked":["Rebound","Gash","Conserve Battery"],"picked":"SKIP","floor":18}],"player_experience":692704,"relics_obtained":[{"floor":9,"key":"Blue Candle"}],"event_choices":[{"damage_healed":0.0,"max_hp_gain":0.0,"max_hp_loss":0.0,"gold_gain":75.0,"event_name":"World of Goop","player_choice":"Gather Gold","floor":2.0,"gold_loss":0.0,"damage_taken":11.0},{"damage_healed":0,"gold_gain":0,"player_choice":"Lose Max HP","damage_taken":0,"relics_obtained":["Golden Idol"],"max_hp_gain":0,"max_hp_loss":6,"event_name":"Golden Idol","floor":11,"gold_loss":0},{"damage_healed":17,"gold_gain":0,"player_choice":"Healed","damage_taken":0,"max_hp_gain":0,"max_hp_loss":0,"event_name":"The Cleric","floor":12,"gold_loss":35}],"is_beta":false,"boss_relics":[{"not_picked":["Philosopher\u0027s Stone","Runic Pyramid"],"picked":"Pandora\u0027s Box"}],"items_purged_floors":[19],"is_endless":false,"potions_floor_spawned":[3,10,13,14,18],"killed_by":"Shell Parasite","ascension_level":12}}