{"host":"ibckqdmmf9y74ymf","time":1610380962,"event":{"mods":["2.2 Compatiblity","Act Like it!","BaseMod","Minty Spire (QoL Compilation)","Quick Restart","Rare Cards Sparkle"],"gold_per_floor":[109,184,198,198,30,61,61,86,156,182,196,196,225,205,205,279,279,299,299,299,51,67,94,108,108,108],"floor_reached":25,"playtime":1122,"items_purged":["Strike_P"],"score":548,"play_id":"71bb00c0-decd-442b-8655-d6484e7b7e2a","local_time":"20210111170242","is_ascension_mode":true,"campfire_choices":[{"data":"EmptyBody","floor":7,"key":"SMITH"},{"data":"Alpha","floor":12,"key":"SMITH"},{"floor":15,"key":"REST"}],"circlet_count":0,"master_deck":["AscendersBane","Strike_P","Defend_P","Defend_P","Defend_P","Defend_P","Eruption","Vigilance","FlurryOfBlows","ClearTheMind","FollowUp","Alpha+1","EmptyBody+1","Conclude","DeceiveReality","Wallop","Wallop","Scrawl","EmptyBody","MentalFortress","Conclude","TalkToTheHand","Tantrum"],"relics":["PureWater","NeowsBlessing","Anchor","Oddly Smooth Stone","InkBottle","HornCleat","Dead Branch","PreservedInsect","Philosopher\u0027s Stone","Pen Nib","Bag of Marbles"],"acts_visited":["Exordium","TheCity"],"potions_floor_usage":[10,11,15,19,24],"damage_taken":[{"damage":0,"enemies":"Small Slimes","floor":1,"turns":1},{"damage":0,"enemies":"2 Louse","floor":3,"turns":1},{"damage":0,"enemies":"Gremlin Nob","floor":6,"turns":1},{"damage":18,"enemies":"3 Sentries","floor":8,"turns":6},{"damage":26,"enemies":"Lagavulin","floor":10,"turns":7},{"damage":0,"enemies":"Cultist","floor":11,"turns":4},{"damage":5,"enemies":"3 Sentries","floor":13,"turns":4},{"damage":22,"enemies":"Slime Boss","floor":16,"turns":6},{"damage":14,"enemies":"Shell Parasite","floor":18,"turns":5},{"damage":0,"enemies":"3 Byrds","floor":19,"turns":1},{"damage":9,"enemies":"Centurion and Healer","floor":22,"turns":5},{"damage":28,"enemies":"Book of Stabbing","floor":23,"turns":5},{"damage":0,"enemies":"Snake Plant","floor":24,"turns":4},{"damage":0,"enemies":"Gremlin Leader","floor":25,"turns":2}],"seed_played":"9070058871492747192","potions_obtained":[{"floor":6,"key":"Ambrosia"},{"floor":8,"key":"SneckoOil"},{"floor":10,"key":"Fruit Juice"},{"floor":11,"key":"PowerPotion"},{"floor":14,"key":"Fruit Juice"},{"floor":18,"key":"SmokeBomb"},{"floor":22,"key":"SneckoOil"},{"floor":24,"key":"Fire Potion"}],"is_trial":false,"path_per_floor":["M","?","M","?","$","E","R","E","T","E","M","R","E","?","R","B",null,"M","M","?","$","M","E","M","E"],"character_chosen":"WATCHER","items_purchased":["Anchor","Pen Nib"],"campfire_rested":1,"item_purchase_floors":[5,21],"current_hp_per_floor":[61,50,50,50,50,50,50,32,32,6,11,11,6,6,34,12,62,48,48,48,48,39,11,11,11,11],"gold":108,"neow_bonus":"THREE_ENEMY_KILL","is_daily":false,"chose_seed":false,"campfire_upgraded":2,"win_rate":0.0,"timestamp":1610380962,"path_taken":["M","?","M","?","$","E","R","E","T","E","?","R","E","?","R","BOSS","M","M","?","$","M","E","M","E"],"items_purchased_type":["Relic","Relic"],"build_version":"2020-12-22","purchased_purges":1,"victory":false,"max_hp_per_floor":[68,68,68,68,68,68,68,68,68,68,73,73,73,73,78,78,78,78,78,78,78,78,78,78,78,78],"card_choices":[{"not_picked":["PathToVictory","ThirdEye"],"picked":"FlurryOfBlows","floor":1},{"not_picked":["Fasting2","JustLucky"],"picked":"ClearTheMind","floor":3},{"not_picked":["JustLucky","Weave"],"picked":"EmptyBody","floor":6},{"not_picked":["BattleHymn","JustLucky"],"picked":"Conclude","floor":8},{"not_picked":["Indignation","Collect"],"picked":"DeceiveReality","floor":10},{"not_picked":["SashWhip","ConjureBlade"],"picked":"Wallop","floor":11},{"not_picked":["FearNoEvil","Prostrate"],"picked":"Wallop","floor":13},{"not_picked":["Ragnarok","Judgement"],"picked":"Scrawl","floor":16},{"not_picked":["SignatureMove","PathToVictory"],"picked":"EmptyBody","floor":18},{"not_picked":["Consecrate","ClearTheMind"],"picked":"TalkToTheHand","floor":22},{"not_picked":["FollowUp","Indignation"],"picked":"Tantrum","floor":23},{"not_picked":["Sanctity","JustLucky","EmptyFist"],"picked":"SKIP","floor":24}],"player_experience":892990,"relics_obtained":[{"floor":6,"key":"Oddly Smooth Stone"},{"floor":8,"key":"InkBottle"},{"floor":9,"key":"HornCleat"},{"floor":10,"key":"Dead Branch"},{"floor":13,"key":"PreservedInsect"},{"floor":23,"key":"Bag of Marbles"}],"event_choices":[{"damage_healed":0,"gold_gain":75,"player_choice":"Gather Gold","damage_taken":11,"max_hp_gain":0,"max_hp_loss":0,"event_name":"World of Goop","floor":2,"gold_loss":0},{"damage_healed":0,"gold_gain":0,"player_choice":"2 cards matched","damage_taken":0,"max_hp_gain":0,"max_hp_loss":0,"event_name":"Match and Keep!","floor":4,"gold_loss":0,"cards_obtained":["FollowUp","Alpha"]},{"damage_healed":0,"gold_gain":0,"player_choice":"Bought 1 Potion","damage_taken":0,"max_hp_gain":0,"max_hp_loss":0,"event_name":"The Woman in Blue","floor":14,"gold_loss":0},{"damage_healed":0,"gold_gain":0,"cards_transformed":["Strike_P","Strike_P"],"player_choice":"Became Test Subject","damage_taken":0,"max_hp_gain":0,"max_hp_loss":0,"event_name":"Drug Dealer","floor":20,"gold_loss":0,"cards_obtained":["MentalFortress","Conclude"]}],"is_beta":false,"boss_relics":[{"not_picked":["Ectoplasm","Calling Bell"],"picked":"Philosopher\u0027s Stone"}],"items_purged_floors":[21],"is_endless":false,"potions_floor_spawned":[6,8,10,11,18,22,24],"killed_by":"Gremlin Leader","ascension_level":20}}