{"host":"wxm9nhpxzwflah6x","time":1610357950,"event":{"mods":["2.2 Compatiblity","AchievementEnabler","BaseMod","Bestiary","Better Third Choice","Curses Come First","Minty Spire (QoL Compilation)","Quick Restart","Rare Cards Sparkle","StSLib"],"gold_per_floor":[116,128,128,142,152,152,163,163,188,188,201,212,212,238,238,238,238],"floor_reached":16,"playtime":639,"items_purged":[],"score":109,"play_id":"eacd8d83-2064-443c-af39-14b915b69ddc","local_time":"20210111013910","is_ascension_mode":true,"campfire_choices":[{"data":"Alpha","floor":6.0,"key":"SMITH"},{"floor":8.0,"key":"REST"},{"data":"ClearTheMind","floor":13.0,"key":"SMITH"},{"data":"Evaluate","floor":15.0,"key":"SMITH"}],"circlet_count":0,"master_deck":["Strike_P","Strike_P","Strike_P","Strike_P","Defend_P","Defend_P","Defend_P","Defend_P","Eruption","Vigilance","Impatience","FlurryOfBlows","FlurryOfBlows","EmptyFist","Alpha+1","Consecrate","ClearTheMind+1","Evaluate+1"],"relics":["PureWater","Bag of Preparation","Tiny Chest"],"acts_visited":["Exordium"],"potions_floor_usage":[],"damage_taken":[{"damage":0.0,"enemies":"Small Slimes","floor":1.0,"turns":3.0},{"damage":1.0,"enemies":"Jaw Worm","floor":2.0,"turns":4.0},{"damage":0.0,"enemies":"Cultist","floor":4.0,"turns":2.0},{"damage":5.0,"enemies":"Looter","floor":5.0,"turns":4.0},{"damage":8.0,"enemies":"Lots of Slimes","floor":7.0,"turns":4.0},{"damage":0.0,"enemies":"Large Slime","floor":11.0,"turns":3.0},{"damage":1.0,"enemies":"Exordium Wildlife","floor":12.0,"turns":5.0},{"damage":13.0,"enemies":"3 Sentries","floor":14.0,"turns":4.0},{"damage":0,"enemies":"The Guardian","floor":16,"turns":2}],"seed_played":"-5221761419412970411","potions_obtained":[{"floor":1.0,"key":"ColorlessPotion"},{"floor":5.0,"key":"PowerPotion"},{"floor":11.0,"key":"Swift Potion"},{"floor":12.0,"key":"Regen Potion"},{"floor":14.0,"key":"GamblersBrew"}],"is_trial":false,"path_per_floor":["M","M","?","M","M","R","M","R","T","?","M","M","R","E","R","B"],"character_chosen":"WATCHER","items_purchased":[],"campfire_rested":1,"item_purchase_floors":[],"current_hp_per_floor":[72,71,71,71,66,66,58,72,72,72,72,71,71,70,70,70,70],"gold":238,"neow_bonus":"RANDOM_COLORLESS","is_daily":false,"chose_seed":false,"campfire_upgraded":3,"win_rate":0.0,"timestamp":1610357950,"path_taken":["M","M","?","M","M","R","M","R","T","?","M","M","R","E","R","BOSS"],"items_purchased_type":[],"build_version":"2020-12-22","purchased_purges":0,"victory":false,"max_hp_per_floor":[72,72,72,72,72,72,72,72,72,72,72,72,72,72,72,72,72],"card_choices":[{"not_picked":["Purity","Forethought"],"picked":"Impatience","floor":0.0},{"not_picked":["ThirdEye","LikeWater"],"picked":"FlurryOfBlows","floor":1.0},{"not_picked":["Evaluate","Sanctity"],"picked":"FlurryOfBlows","floor":2.0},{"not_picked":["PathToVictory","Tantrum"],"picked":"EmptyFist","floor":4.0},{"not_picked":["JustLucky","BowlingBash"],"picked":"Alpha","floor":5.0},{"not_picked":["WaveOfTheHand","Nirvana","Wallop"],"picked":"SKIP","floor":7.0},{"not_picked":["Protect","PathToVictory"],"picked":"Consecrate","floor":11.0},{"not_picked":["Consecrate","FlyingSleeves"],"picked":"ClearTheMind","floor":12.0},{"not_picked":["Nirvana","CrushJoints"],"picked":"Evaluate","floor":14.0}],"player_experience":230707,"relics_obtained":[{"floor":9.0,"key":"Bag of Preparation"},{"floor":14.0,"key":"Tiny Chest"}],"event_choices":[{"damage_healed":0.0,"max_hp_gain":0.0,"max_hp_loss":0.0,"gold_gain":0.0,"event_name":"Golden Wing","player_choice":"Ignored","floor":3.0,"gold_loss":0.0,"damage_taken":0.0},{"damage_healed":0.0,"max_hp_gain":0.0,"max_hp_loss":0.0,"gold_gain":0.0,"event_name":"The Cleric","player_choice":"Leave","floor":10.0,"gold_loss":0.0,"damage_taken":0.0}],"is_beta":false,"boss_relics":[],"items_purged_floors":[],"is_endless":false,"potions_floor_spawned":[1,5,11,12,14],"killed_by":"The Guardian","ascension_level":1}}