{"host":"7sy3dyg71hje4mzx","time":1610362096,"event":{"mods":["BaseMod","Downfall","Minty Spire (QoL Compilation)","StSLib"],"gold_per_floor":[99,111,286,300,300,316,316,12,28,47,47,59,71,71,83,182,182,107,124,124,11,11,11,64,80,80,105,105,116,136,150,166,166,166,166],"floor_reached":33,"playtime":3270,"items_purged":["Shame"],"score":263,"play_id":"240663df-4d9b-47ac-a881-2ceb6ea07a2c","local_time":"20210111214816","is_ascension_mode":false,"campfire_choices":[{"floor":1,"key":"RECALL"},{"data":"Guardian:EvasiveProtocol","floor":11,"key":"SMITH"},{"data":"Guardian:PrismaticBarrier","floor":18,"key":"SMITH"},{"data":"Guardian:Harden","floor":23,"key":"SMITH"},{"data":"Guardian:EvasiveProtocol","floor":26,"key":"SMITH"},{"data":"Guardian:Planning","floor":28,"key":"SMITH"}],"circlet_count":0,"master_deck":["Guardian:Strike_Guardian","Guardian:Strike_Guardian","Guardian:Strike_Guardian","Guardian:Strike_Guardian","Guardian:Defend_Guardian","Guardian:Defend_Guardian","Guardian:Defend_Guardian","Guardian:Defend_Guardian","Guardian:CurlUp","Guardian:TwinSlam","Guardian:Suspension","Doubt","Guardian:PrismaticBarrier+1","Guardian:TemporalStrike","Guardian:EvasiveProtocol+1","Guardian:CrystalBeam","Guardian:Harden+1","Guardian:Planning+1","Guardian:TimeSifter","Guardian:Reroute","Guardian:Repulse","Guardian:EvasiveProtocol+1","Guardian:Gem_Yellow","Guardian:Gem_Cyan","Guardian:TimeCapacitor","Guardian:BronzeOrb+1","Guardian:TimeSifter"],"relics":["Guardian:ModeShifterPlus","Strange Spoon","Guardian:PickAxe","downfall:HeartBlessingRed","Smiling Mask","Nloth\u0027s Gift","Bronze Scales","Letter Opener"],"acts_visited":["Exordium","TheCity"],"potions_floor_usage":[16,16,16,27,27,30,33,33],"damage_taken":[{"damage":3,"enemies":"2 Louse","floor":2,"turns":2},{"damage":0,"enemies":"Small Slimes","floor":4,"turns":6},{"damage":2,"enemies":"Cultist","floor":6,"turns":5},{"damage":0,"enemies":"downfall:FleeingMerchant","floor":8,"turns":4},{"damage":8,"enemies":"Blue Slaver","floor":9,"turns":4},{"damage":8,"enemies":"2 Fungi Beasts","floor":10,"turns":5},{"damage":8,"enemies":"Large Slime","floor":12,"turns":7},{"damage":13,"enemies":"Gremlin Gang","floor":13,"turns":5},{"damage":9,"enemies":"Gremlin Gang","floor":14,"turns":6},{"damage":19,"enemies":"Exordium Thugs","floor":15,"turns":6},{"damage":32,"enemies":"downfall:Silent","floor":16,"turns":12},{"damage":0,"enemies":"Shell Parasite","floor":19,"turns":5},{"damage":1,"enemies":"downfall:FleeingMerchant","floor":21,"turns":4},{"damage":0,"enemies":"Chosen","floor":25,"turns":4},{"damage":47,"enemies":"Gremlin Leader","floor":27,"turns":10},{"damage":4,"enemies":"Snake Plant","floor":29,"turns":5},{"damage":4,"enemies":"Centurion and Healer","floor":30,"turns":8},{"damage":23,"enemies":"3 Cultists","floor":31,"turns":6},{"damage":21,"enemies":"Shelled Parasite and Fungi","floor":32,"turns":6},{"damage":33,"enemies":"downfall:Defect","floor":33,"turns":10}],"seed_played":"5594991690933677956","potions_obtained":[{"floor":4,"key":"Explosive Potion"},{"floor":5,"key":"downfall:CursedFountainPotion"},{"floor":9,"key":"Regen Potion"},{"floor":10,"key":"champ:CounterPotion"},{"floor":15,"key":"LiquidMemories"},{"floor":16,"key":"PowerPotion"},{"floor":25,"key":"PowerPotion"},{"floor":27,"key":"Swift Potion"},{"floor":29,"key":"FairyPotion"},{"floor":31,"key":"Fire Potion"},{"floor":32,"key":"Energy Potion"}],"is_trial":false,"path_per_floor":["R","M","?","M","?","M","T","$","M","M","R","M","M","?","M","B",null,"R","M","?","$","?","R","T","M","R","E","R","M","M","M","M","B"],"character_chosen":"GUARDIAN","items_purchased":["Strange Spoon","Guardian:Gem_Purple","Guardian:Gem_Lightblue","Guardian:CrystalBeam","Guardian:Gem_Green"],"campfire_rested":0,"item_purchase_floors":[8,8,8,8,21],"current_hp_per_floor":[88,85,85,85,85,83,83,83,75,67,67,59,46,37,18,1,88,88,88,88,87,87,87,87,87,87,40,40,36,32,9,26,0,0,0],"gold":166,"neow_bonus":"TEN_PERCENT_HP_BONUS","is_daily":false,"chose_seed":false,"campfire_upgraded":5,"win_rate":0.0,"timestamp":1610362096,"path_taken":["R","M","?","M","?","M","T","$","?","M","R","M","M","?","M","BOSS","R","M","?","$","?","R","T","M","R","E","R","?","M","M","M","BOSS"],"items_purchased_type":["Relic","Card","Card","Card","Card"],"build_version":"2020-12-22","purchased_purges":1,"victory":false,"max_hp_per_floor":[88,88,88,88,88,88,88,88,88,88,88,88,88,88,88,88,88,88,88,88,88,88,88,88,88,88,88,88,88,88,88,88,88,88,88],"card_choices":[{"not_picked":["Guardian:ShieldCharger","Guardian:ChargeCore"],"picked":"Guardian:Suspension","floor":2},{"not_picked":["Guardian:SentryBeam","Guardian:ShieldCharger"],"picked":"Guardian:PrismaticBarrier","floor":4},{"not_picked":["Guardian:TemporalShield","Guardian:AncientConstruct"],"picked":"Guardian:TemporalStrike","floor":6},{"not_picked":["Guardian:TemporalShield","Guardian:Gem_Cyan"],"picked":"Guardian:EvasiveProtocol","floor":8},{"not_picked":["Guardian:Gem_Lightblue","Guardian:PiercingHide"],"picked":"Guardian:Harden","floor":9},{"not_picked":["Guardian:Incinerate","Guardian:RefractedBeam"],"picked":"Guardian:Planning","floor":10},{"not_picked":["Guardian:PrismaticBeam","Guardian:ChargeCore"],"picked":"Guardian:TimeSifter","floor":12},{"not_picked":["Guardian:Gem_Fragmented","Guardian:PrismaticBeam"],"picked":"Guardian:Gem_Green","floor":13},{"not_picked":["Guardian:BronzeArmor","Guardian:GuardianWhirl"],"picked":"Guardian:Reroute","floor":15},{"not_picked":["Guardian:ExploitGems","Guardian:GemFire"],"picked":"Guardian:Gem_Orange","floor":16},{"not_picked":["Guardian:VentSteam","Guardian:WalkerClaw"],"picked":"Guardian:Repulse","floor":19},{"not_picked":["Guardian:Orbwalk","Guardian:WalkerClaw","Guardian:RollAttack"],"picked":"SKIP","floor":21},{"not_picked":["Guardian:PrismaticBeam","Guardian:GuardianWhirl"],"picked":"Guardian:EvasiveProtocol","floor":25},{"not_picked":["Guardian:Gem_Purple","Guardian:Gem_Synthetic"],"picked":"Guardian:Gem_Yellow","floor":27},{"not_picked":["Guardian:Incinerate+1","Guardian:BronzeOrb+1"],"picked":"Guardian:Gem_Cyan","floor":29},{"not_picked":["Guardian:VentSteam","Guardian:Suspension"],"picked":"Guardian:TimeCapacitor","floor":30},{"not_picked":["Guardian:Suspension+1","Guardian:TemporalShield"],"picked":"Guardian:BronzeOrb+1","floor":31},{"not_picked":["Guardian:Suspension","Guardian:TemporalStrike"],"picked":"Guardian:TimeSifter","floor":32}],"player_experience":194856,"relics_obtained":[{"floor":7,"key":"Pen Nib"},{"floor":24,"key":"Bronze Scales"},{"floor":27,"key":"Letter Opener"}],"event_choices":[{"damage_healed":0,"gold_gain":0,"player_choice":"Stole Relic","damage_taken":0,"relics_obtained":["Smiling Mask"],"max_hp_gain":0,"max_hp_loss":0,"event_name":"Addict","floor":20,"gold_loss":0,"cards_obtained":["Shame"]}],"is_beta":false,"boss_relics":[{"not_picked":["Velvet Choker","Snecko Eye"],"picked":"Guardian:ModeShifterPlus"}],"items_purged_floors":[21],"is_endless":false,"potions_floor_spawned":[4,9,10,12,13,15,16,25,27,29,31,32],"killed_by":"downfall:Defect","ascension_level":0}}