{"host":"ufl0k2so27eic2iy","time":1610389317,"event":{"mods":["BaseMod","Minty Spire (QoL Compilation)","StSLib","The Animator"],"gold_per_floor":[112,112,131,161,9,38,38,68,120,120,131,145,175,188,188,271,271,284,315,327,342,355,389,389,73,73,73,73,103,103,116,116,202,202,222,239,62,62,83,83,115,147,198,102,102,129,129,147,159,159,159],"floor_reached":50,"playtime":2948,"items_purged":["animator:Strike","animator:Strike"],"score":1031,"play_id":"aacccddb-755d-4b4b-b76b-483befb52b23","local_time":"20210111182157","is_ascension_mode":true,"campfire_choices":[{"data":"animator:ChaikaTrabant","floor":7.0,"key":"SMITH"},{"floor":10.0,"key":"REST"},{"data":"animator:AcuraTooru","floor":15.0,"key":"SMITH"},{"floor":24,"key":"REST"},{"data":"animator:AcuraShin","floor":27,"key":"SMITH"},{"data":"animator:Fredrika","floor":30,"key":"SMITH"},{"data":"animator:DolaStephanie","floor":32,"key":"SMITH"},{"floor":40,"key":"RECALL"},{"data":"animator:PinaCoLada","floor":45,"key":"SMITH"},{"floor":47,"key":"REST"},{"floor":49,"key":"REST"}],"circlet_count":0,"master_deck":["AscendersBane","animator:Strike_HitsugiNoChaika","animator:Defend_HitsugiNoChaika","animator:Defend+1","animator:Defend","animator:Defend","animator:AcuraAkari+1","animator:Gillette","animator:WinryRockbell","animator:ReimuHakurei","animator:AcuraTooru+1","animator:ChaikaTrabant+1","animator:IzunaHatsuse","animator:DolaStephanie+1","animator:YuukaKazami","animator:SanaeKochiya","animator:Gillette","animator:AcuraShin+1","animator:Evileye+1","animator:Fredrika+1","animator:AyaShameimaru+1","animator:PandorasActor","animator:PinaCoLada+1","animator:MarisaKirisame","animator:GuildGirl","animator:YaoHaDucy","animator:Shimakaze","animator:FielNirvalen","animator:MisaKurobane","animator:Envy","animator:AcuraAkari","animator:Sebas+1"],"relics":["animator:VividPicture","animator:ColorlessFragment","War Paint","Oddly Smooth Stone","Blue Candle","Happy Flower","Boot","animator:ShionDessert","Orichalcum","Ancient Tea Set","Dream Catcher","SlaversCollar","InkBottle","HornCleat"],"acts_visited":["Exordium","TheCity","TheBeyond"],"potions_floor_usage":[23,29,50],"damage_taken":[{"damage":4.0,"enemies":"Small Slimes","floor":1.0,"turns":3.0},{"damage":0.0,"enemies":"Cultist","floor":3.0,"turns":3.0},{"damage":1.0,"enemies":"Jaw Worm","floor":4.0,"turns":4.0},{"damage":7.0,"enemies":"Gremlin Nob","floor":6.0,"turns":3.0},{"damage":17.0,"enemies":"Lagavulin","floor":8.0,"turns":6.0},{"damage":11.0,"enemies":"3 Louse","floor":11.0,"turns":4.0},{"damage":0.0,"enemies":"Large Slime","floor":12.0,"turns":3.0},{"damage":17.0,"enemies":"Gremlin Nob","floor":13.0,"turns":4.0},{"damage":0.0,"enemies":"2 Fungi Beasts","floor":14.0,"turns":2.0},{"damage":4.0,"enemies":"Hexaghost","floor":16.0,"turns":5.0},{"damage":0.0,"enemies":"Chosen","floor":18.0,"turns":4.0},{"damage":16,"enemies":"2 Thieves","floor":19,"turns":4},{"damage":0,"enemies":"Snecko","floor":20,"turns":3},{"damage":8,"enemies":"Cultist and Chosen","floor":21,"turns":4},{"damage":18,"enemies":"Sentry and Sphere","floor":22,"turns":9},{"damage":14,"enemies":"Gremlin Leader","floor":23,"turns":4},{"damage":5,"enemies":"Book of Stabbing","floor":29,"turns":4},{"damage":0,"enemies":"Snake Plant","floor":31,"turns":3},{"damage":29,"enemies":"Automaton","floor":33,"turns":8},{"damage":3,"enemies":"Orb Walker","floor":35,"turns":3},{"damage":12,"enemies":"3 Darklings","floor":36,"turns":6},{"damage":0,"enemies":"Maw","floor":39,"turns":6},{"damage":0,"enemies":"Sphere and 2 Shapes","floor":41,"turns":6},{"damage":0,"enemies":"Giant Head","floor":42,"turns":8},{"damage":18,"enemies":"Reptomancer","floor":46,"turns":6},{"damage":4,"enemies":"Jaw Worm Horde","floor":48,"turns":5},{"damage":70,"enemies":"Time Eater","floor":50,"turns":9}],"seed_played":"-4422792187902689000","potions_obtained":[{"floor":4.0,"key":"Fire Potion"},{"floor":8.0,"key":"FearPotion"},{"floor":11.0,"key":"PowerPotion"},{"floor":16.0,"key":"Fruit Juice"},{"floor":18.0,"key":"Fire Potion"},{"floor":22,"key":"ColorlessPotion"},{"floor":23,"key":"Swift Potion"},{"floor":33,"key":"PowerPotion"},{"floor":36,"key":"Dexterity Potion"}],"is_trial":false,"path_per_floor":["M","?","M","M","$","E","R","E","T","R","M","M","E","M","R","B",null,"M","M","M","M","M","E","R","$","T","R","?","E","R","M","R","B",null,"M","M","$","?","M","R","M","E","T","$","R","E","R","M","R","B"],"character_chosen":"THE_ANIMATOR","items_purchased":["Oddly Smooth Stone","Regen Potion","animator:ColorlessFragment","animator:GuildGirl","animator:MisaKurobane"],"campfire_rested":4,"item_purchase_floors":[5,25,25,37,44],"current_hp_per_floor":[50,50,50,49,49,43,43,26,26,44,33,33,16,16,16,21,55,55,39,40,32,19,5,25,25,25,25,25,34,34,34,34,9,53,50,38,38,38,39,39,39,39,39,39,39,21,41,37,57,0,0],"gold":159,"neow_bonus":"RANDOM_COMMON_RELIC","is_daily":false,"chose_seed":true,"campfire_upgraded":6,"win_rate":0.0,"timestamp":1610389317,"path_taken":["M","?","M","M","$","E","R","E","T","R","M","M","E","M","R","BOSS","M","M","M","M","M","E","R","$","T","R","?","E","R","M","R","BOSS","M","M","$","?","M","R","M","E","T","$","R","E","R","M","R","BOSS"],"items_purchased_type":["Relic","Potion","Relic","Card","Card"],"build_version":"2020-12-22","purchased_purges":2,"victory":false,"max_hp_per_floor":[60,60,60,60,60,61,61,61,61,61,61,61,61,61,61,66,66,66,66,67,67,68,68,68,68,68,68,68,68,68,68,68,68,68,68,68,68,68,69,69,69,69,69,69,69,69,69,69,69,69,69],"card_choices":[{"not_picked":["animator:PandorasActor","animator:DwarfShaman"],"picked":"animator:WinryRockbell","floor":1.0},{"not_picked":["animator:HighElfArcher","animator:Demiurge"],"picked":"animator:ReimuHakurei","floor":3.0},{"not_picked":["animator:Bozes","animator:ElricAlphonse"],"picked":"animator:AcuraTooru","floor":4.0},{"not_picked":["animator:Viivi","animator:ChaikaBohdan"],"picked":"animator:ChaikaTrabant","floor":6.0},{"not_picked":["animator:Cocytus","animator:Clownpiece"],"picked":"animator:IzunaHatsuse","floor":8.0},{"not_picked":["animator:LizardPriest","animator:PandorasActor"],"picked":"animator:DolaStephanie","floor":11.0},{"not_picked":["animator:YaoHaDucy","animator:Tet"],"picked":"animator:YuukaKazami","floor":12.0},{"not_picked":["animator:ReimuHakurei","animator:YuukaKazami"],"picked":"animator:SanaeKochiya","floor":13.0},{"not_picked":["animator:DwarfShaman","animator:LizardPriest"],"picked":"animator:Gillette","floor":14.0},{"not_picked":["animator:Greed","animator:ChaikaTrabant"],"picked":"animator:AcuraShin","floor":16.0},{"not_picked":["animator:Pride","animator:Guy","animator:SanaeKochiya"],"picked":"SKIP","floor":18.0},{"not_picked":["animator:AliceMargatroid","animator:Guy"],"picked":"animator:Evileye+1","floor":19},{"not_picked":["animator:Gillette","animator:AcuraTooru"],"picked":"animator:Fredrika","floor":20},{"not_picked":["animator:RoyMustang","animator:Shalltear"],"picked":"animator:AyaShameimaru","floor":21},{"not_picked":["animator:Cocytus","animator:ElricAlphonse"],"picked":"animator:PandorasActor","floor":22},{"not_picked":["animator:Scar","animator:Witch","animator:ChlammyZell"],"picked":"SKIP","floor":23},{"not_picked":["animator:DwarfShaman","animator:Gillette","animator:ChaikaBohdan"],"picked":"SKIP","floor":29},{"not_picked":["animator:Father","animator:Shalltear+1","animator:YuukaKazami"],"picked":"SKIP","floor":31},{"not_picked":["animator:SatoriKomeiji","animator:Albedo"],"picked":"animator:PinaCoLada","floor":33},{"not_picked":["animator:AyaShameimaru","animator:Clownpiece"],"picked":"animator:MarisaKirisame","floor":35},{"not_picked":["animator:Layla","animator:MarisaKirisame","animator:Priestess"],"picked":"SKIP","floor":36},{"not_picked":["animator:RoryMercury+1","animator:HighElfArcher+1"],"picked":"animator:YaoHaDucy","floor":39},{"not_picked":["animator:TakanashiRikka","animator:Hibiki"],"picked":"animator:Shimakaze","floor":41},{"not_picked":["animator:Pride","animator:ChlammyZell"],"picked":"animator:FielNirvalen","floor":42},{"not_picked":["animator:HighElfArcher+1","animator:KomachiOnozuka+1"],"picked":"animator:Envy","floor":46},{"not_picked":["animator:ChaikaBohdan","animator:Guy"],"picked":"animator:AcuraAkari","floor":48},{"not_picked":["animator:Tet","animator:MaesHughes"],"picked":"animator:Sebas+1","floor":49}],"player_experience":2430818,"relics_obtained":[{"floor":6.0,"key":"Blue Candle"},{"floor":8.0,"key":"Happy Flower"},{"floor":9.0,"key":"Boot"},{"floor":13.0,"key":"animator:ShionDessert"},{"floor":23,"key":"Orichalcum"},{"floor":26,"key":"Ancient Tea Set"},{"floor":29,"key":"Dream Catcher"},{"floor":42,"key":"InkBottle"},{"floor":46,"key":"HornCleat"}],"event_choices":[{"damage_healed":0,"gold_gain":0,"player_choice":"Forge","damage_taken":0,"max_hp_gain":0,"max_hp_loss":0,"event_name":"Accursed Blacksmith","floor":28,"gold_loss":0,"cards_upgraded":["animator:AyaShameimaru"]},{"cards_removed":["animator:Strike"],"damage_healed":0,"gold_gain":0,"player_choice":"Offered Basic","damage_taken":0,"max_hp_gain":0,"max_hp_loss":0,"event_name":"Bonfire Elementals","floor":38,"gold_loss":0}],"is_beta":false,"boss_relics":[{"not_picked":["Mark of Pain","Philosopher\u0027s Stone"],"picked":"animator:VividPicture"},{"not_picked":["Sozu","animator:HolyGrailRelic"],"picked":"SlaversCollar"}],"items_purged_floors":[25,37],"is_endless":false,"potions_floor_spawned":[4,8,11,12,16,18,22,23,33,36,41,42,48],"killed_by":"Time Eater","ascension_level":15}}