{"host":"8lgo2trwv2o0qyml","time":1610388127,"event":{"mods":["BaseMod","Colored Map","Colored Powertips","DeckTracker","Highlight Path","Hubris","Infinite Spire","Minty Spire (QoL Compilation)","Quick Restart","Random Character Button","Relic Sorter","Replay The Spire","StSLib","SuperFastMode","Synergy Search"],"gold_per_floor":[215,63,63,63,79,107,120,149,149,0,0,15,34,101,101,246,296,309,324,340,358,358,358],"floor_reached":22,"playtime":1696,"items_purged":[],"score":225,"play_id":"bdede91e-6ed6-4ce3-a2eb-4639c0f83e11","local_time":"20210111130207","is_ascension_mode":false,"campfire_choices":[{"data":"Mirror Shield","floor":11,"key":"SMITH"}],"circlet_count":0,"master_deck":["Strike_B","Strike_B","Strike_B","Strike_B","Defend_B","Defend_B","Defend_B","Defend_B","Self Repair+1","Vigilance","Eruption","Writhe","Mirror Shield+1","Gash","Capacitor","Hologram","Force Field","FIFO Queue","Loop","Electrodynamics+1","Sweeping Beam","Gash","Turbo+1","Sweeping Beam","Gash+1"],"relics":["Cracked Core","ReplayTheSpireMod:Ring of Challenge","Toolbox","ReplayTheSpireMod:Ring of Addiction","Potion Belt","SacredBark","Replay:Antivirus Software","Vajra","CaptainsWheel","Lee\u0027s Waffle","Tiny House"],"acts_visited":["Exordium","TheCity"],"potions_floor_usage":[6,7,14,16,16,16,16,18,20],"damage_taken":[{"damage":0,"enemies":"Cultist","floor":1,"turns":4},{"damage":0,"enemies":"2 Louse","floor":5,"turns":4},{"damage":0,"enemies":"Replay:BlueRogue","floor":6,"turns":6},{"damage":0,"enemies":"Jaw Worm","floor":7,"turns":1},{"damage":30,"enemies":"Lagavulin","floor":8,"turns":11},{"damage":5,"enemies":"Red Slaver","floor":12,"turns":4},{"damage":4,"enemies":"Exordium Wildlife","floor":13,"turns":4},{"damage":20,"enemies":"Gremlin Gang","floor":14,"turns":3},{"damage":31,"enemies":"Fading Forest","floor":16,"turns":11},{"damage":24,"enemies":"3 Byrds","floor":18,"turns":4},{"damage":25,"enemies":"Shell Parasite","floor":19,"turns":9},{"damage":26,"enemies":"3 Cultists","floor":20,"turns":5},{"damage":26,"enemies":"Cultist and Chosen","floor":21,"turns":7},{"damage":12,"enemies":"Centurion and Healer","floor":22,"turns":1}],"seed_played":"-7730015236580689336","potions_obtained":[{"floor":1,"key":"ColorlessPotion"},{"floor":4,"key":"Energy Potion"},{"floor":4,"key":"Fire Potion"},{"floor":4,"key":"LifebloodPotion"},{"floor":5,"key":"Ancient Potion"},{"floor":8,"key":"LiquidMemories"},{"floor":13,"key":"DuplicationPotion"},{"floor":17,"key":"Reflective Coating"},{"floor":18,"key":"SneckoOil"}],"is_trial":false,"path_per_floor":["M","$","?","?","M","E","M","E","T","$","R","M","M","M","R_BF","B",null,"M","M","M","M","M"],"character_chosen":"DEFECT","items_purchased":["Toolbox","Lee\u0027s Waffle"],"campfire_rested":0,"item_purchase_floors":[2,10],"current_hp_per_floor":[75,75,75,75,75,75,75,52,52,82,80,80,80,58,78,57,83,69,54,28,12,0,0],"gold":358,"neow_bonus":"HUNDRED_GOLD","is_daily":false,"chose_seed":false,"campfire_upgraded":1,"win_rate":0.0,"timestamp":1610388127,"path_taken":["M","$","?","?","M","E","M","E","T","?","R","?","M","M","R_BF","BOSS","M","M","M","?","M"],"items_purchased_type":["Relic","Relic"],"build_version":"2020-12-22","purchased_purges":0,"victory":false,"max_hp_per_floor":[75,75,75,75,75,75,75,75,75,82,80,80,80,78,78,78,83,83,83,83,83,83,83],"card_choices":[{"not_picked":["Compile Driver","Redo"],"picked":"Self Repair","floor":1},{"not_picked":["Streamline","Consume"],"picked":"Mirror Shield","floor":5},{"not_picked":["Compile Driver","Undo"],"picked":"Gash","floor":6},{"not_picked":["Glacier","Coolheaded"],"picked":"Capacitor","floor":7},{"not_picked":["Streamline","Reprogram"],"picked":"Hologram","floor":8},{"not_picked":["Cold Snap","Recycle"],"picked":"Force Field","floor":12},{"not_picked":["Hologram","Beam Cell"],"picked":"FIFO Queue","floor":13},{"not_picked":["Conserve Battery","Panic Button"],"picked":"Loop","floor":14},{"not_picked":["All For One","Machine Learning"],"picked":"Electrodynamics","floor":16},{"not_picked":["Steam","Time Bomb"],"picked":"Sweeping Beam","floor":17},{"not_picked":["Tempest","Cold Snap"],"picked":"Gash","floor":18},{"not_picked":["Barrage+1","Compile Driver"],"picked":"Turbo+1","floor":19},{"not_picked":["Streamline","ReplayGash"],"picked":"Sweeping Beam","floor":20},{"not_picked":["Sweeping Beam","Leap"],"picked":"Gash+1","floor":21}],"player_experience":57723,"relics_obtained":[{"floor":4,"key":"ReplayTheSpireMod:Ring of Challenge"},{"floor":4,"key":"ReplayTheSpireMod:Ring of Addiction"},{"floor":4,"key":"Potion Belt"},{"floor":4,"key":"SacredBark"},{"floor":6,"key":"Replay:Antivirus Software"},{"floor":8,"key":"Vajra"},{"floor":9,"key":"CaptainsWheel"}],"event_choices":[],"is_beta":false,"boss_relics":[{"not_picked":["Inserter","hubris:HollowSoul"],"picked":"Tiny House"}],"items_purged_floors":[],"is_endless":false,"potions_floor_spawned":[1,5,8,13,18],"killed_by":"Centurion and Healer","ascension_level":0}}