{"host":"rolltorest","time":1610404812,"event":{"mods":["BaseMod","Minty Spire (QoL Compilation)","Relic Stats","Slay the Relics Exporter","StSLib","The Bladedancer"],"gold_per_floor":[113,113,113,113,129,160,173,173,199,227,290,290,321,333,333,429,429,447,447,447,462,462,488,488,488,488,515,515,527,542,571,571,675,675,685,685,738,738,238,273,307,333,333,360,372,372,39,58,58,58,58,58,6,40,40],"floor_reached":56,"playtime":2156,"items_purged":["blademaster:Strike"],"score":2609,"play_id":"5ca07f0d-4b1b-4f0d-a484-d4249b907e95","local_time":"20210111144012","is_ascension_mode":true,"campfire_choices":[{"data":"blademaster:DaggerAndCloak","floor":8,"key":"SMITH"},{"data":"blademaster:RollingTyphoon","floor":12,"key":"SMITH"},{"floor":15,"key":"REST"},{"data":"blademaster:Breeze","floor":28,"key":"SMITH"},{"data":"blademaster:FlockOfBlades","floor":32,"key":"SMITH"},{"floor":46,"key":"RECALL"},{"data":"blademaster:Flurry","floor":49,"key":"SMITH"},{"data":"blademaster:ColdBlood","floor":52,"key":"SMITH"}],"circlet_count":0,"master_deck":["AscendersBane","blademaster:Strike+1","blademaster:Defend","blademaster:Defend","blademaster:Defend+1","blademaster:Defend+1","blademaster:RagingBlow","blademaster:HighVoltage","blademaster:WindSlash","blademaster:ChargingUp","blademaster:Havoc+1","blademaster:DaggerAndCloak+1","blademaster:RollingTyphoon+1","blademaster:HighVoltage","blademaster:ColdBlood+1","blademaster:Breeze","blademaster:ChargingUp","blademaster:Breeze+1","Ghostly","Ghostly","Ghostly","Ghostly","Ghostly","RitualDagger","blademaster:Safeguard","blademaster:ThunderingOpener","blademaster:FlockOfBlades+1","blademaster:FuryOfTheElements","blademaster:FuriousStrike","Master of Strategy","blademaster:DeadlyDance+1","blademaster:Overcharge","blademaster:SharpBlades+1","blademaster:Cut","blademaster:Flurry+1"],"relics":["blademaster:DancersAmulet","NeowsBlessing","Regal Pillow","War Paint","Bird Faced Urn","Mercury Hourglass","Philosopher\u0027s Stone","Nilry\u0027s Codex","Question Card","Ornamental Fan","Happy Flower","Bag of Marbles","WingedGreaves","Busted Crown","Pocketwatch","Kunai","Pen Nib","StoneCalendar","Darkstone Periapt","Bottled Tornado","Incense Burner","Blood Vial"],"acts_visited":["Exordium","TheCity","TheBeyond","TheEnding"],"potions_floor_usage":[13,16,16,37,50,50,50,55,55],"damage_taken":[{"damage":0,"enemies":"Small Slimes","floor":1,"turns":2},{"damage":0,"enemies":"Cultist","floor":5,"turns":1},{"damage":0,"enemies":"3 Sentries","floor":6,"turns":1},{"damage":0,"enemies":"Jaw Worm","floor":7,"turns":5},{"damage":18,"enemies":"Gremlin Nob","floor":10,"turns":4},{"damage":0,"enemies":"3 Sentries","floor":13,"turns":3},{"damage":13,"enemies":"Large Slime","floor":14,"turns":6},{"damage":0,"enemies":"Slime Boss","floor":16,"turns":3},{"damage":17,"enemies":"2 Thieves","floor":18,"turns":4},{"damage":0,"enemies":"3 Byrds","floor":21,"turns":1},{"damage":8,"enemies":"Book of Stabbing","floor":23,"turns":6},{"damage":4,"enemies":"Slavers","floor":27,"turns":6},{"damage":0,"enemies":"Centurion and Healer","floor":29,"turns":8},{"damage":1,"enemies":"Snecko","floor":30,"turns":5},{"damage":0,"enemies":"Gremlin Leader","floor":31,"turns":3},{"damage":0,"enemies":"Automaton","floor":33,"turns":5},{"damage":1,"enemies":"3 Shapes","floor":35,"turns":7},{"damage":8,"enemies":"2 Orb Walkers","floor":37,"turns":4},{"damage":0,"enemies":"Reptomancer","floor":40,"turns":4},{"damage":0,"enemies":"Giant Head","floor":41,"turns":5},{"damage":0,"enemies":"Reptomancer","floor":42,"turns":2},{"damage":0,"enemies":"Nemesis","floor":44,"turns":5},{"damage":0,"enemies":"Orb Walker","floor":45,"turns":1},{"damage":6,"enemies":"Sphere and 2 Shapes","floor":48,"turns":1},{"damage":0,"enemies":"Time Eater","floor":50,"turns":6},{"damage":0,"enemies":"Shield and Spear","floor":54,"turns":3},{"damage":2,"enemies":"The Heart","floor":55,"turns":5}],"seed_played":"-7418242825038973247","potions_obtained":[{"floor":4,"key":"ColorlessPotion"},{"floor":4,"key":"DistilledChaos"},{"floor":14,"key":"DistilledChaos"},{"floor":21,"key":"Strength Potion"},{"floor":27,"key":"Strength Potion"},{"floor":40,"key":"SteroidPotion"},{"floor":48,"key":"EntropicBrew"},{"floor":54,"key":"Swift Potion"}],"is_trial":false,"path_per_floor":["M","?","$","?","M","E","M","R","T","E","?","R","E","M","R","B",null,"M","?","?","M","?","E","T","?","T","E","R","M","M","E","R","B",null,"M","?","?","?","$","E","E","E","T","E","M","R","$","M","R","B",null,"R","$","E","B",null],"character_chosen":"THE_BLADEMASTER","items_purchased":["Master of Strategy","Kunai","Incense Burner","blademaster:Cut","Strength Potion"],"campfire_rested":1,"item_purchase_floors":[39,39,47,47,53],"current_hp_per_floor":[68,53,53,53,53,53,53,53,53,35,35,35,35,22,59,61,72,57,41,41,43,37,32,32,26,26,37,37,37,37,37,37,37,37,37,37,37,37,37,37,37,37,37,37,37,37,37,37,37,37,37,37,37,37,37],"gold":40,"neow_bonus":"THREE_ENEMY_KILL","is_daily":false,"chose_seed":false,"campfire_upgraded":6,"win_rate":0.0,"timestamp":1610404812,"path_taken":["M","?","$","?","?","E","M","R","T","E","?","R","E","M","R","BOSS","M","?","?","M","?","E","?","?","T","E","R","M","M","E","R","BOSS","M","?","?","?","$","E","E","E","T","E","M","R","$","M","R","BOSS","R","$","E","BOSS"],"items_purchased_type":["Card","Relic","Relic","Card","Potion"],"build_version":"2020-12-18","purchased_purges":1,"victory":true,"max_hp_per_floor":[75,75,75,75,75,75,75,75,75,75,75,75,75,75,75,75,75,75,75,75,75,37,37,37,37,37,37,37,37,37,37,37,37,37,37,37,37,37,37,37,37,37,37,37,37,37,37,37,37,37,37,37,37,37,37],"relic_stats":{"Darkstone Periapt":0,"Regal Pillow":15,"Happy Flower":[23],"counters":[27,104],"StoneCalendar":[0],"Pen Nib":[9],"War Paint":["blademaster:Defend","blademaster:Havoc"],"Question Card":37,"Mercury Hourglass":[411],"Blood Vial":0,"Busted Crown":50,"Ornamental Fan":[196],"Bird Faced Urn":[13],"Kunai":[28],"obtain_stats":[{"Darkstone Periapt":42,"Regal Pillow":6,"Nilry\u0027s Codex":19,"blademaster:BonusFuryPerk":10,"StoneCalendar":41,"Incense Burner":47,"Bottled Tornado":44,"Blood Vial":54,"Philosopher\u0027s Stone":17,"WingedGreaves":31,"blademaster:ComboEveryTurnPerk":37,"Kunai":39,"blademaster:DextrousPerk":54,"blademaster:BleedingLaceratePerk":44,"NeowsBlessing":0,"Happy Flower":26,"blademaster:StrongPerk":41,"blademaster:BonusComboPerk":42,"Pen Nib":40,"blademaster:OnAttackedChargePerk":6,"blademaster:RandomBladePerk":40,"War Paint":9,"Question Card":23,"Mercury Hourglass":13,"Busted Crown":34,"Ornamental Fan":24,"blademaster:FuryEveryTurnPerk":31,"Bird Faced Urn":10,"blademaster:BleedingMoreDamagePerk":13,"blademaster:StanceHealPerk":23,"Bag of Marbles":27,"blademaster:DancersAmulet":0,"blademaster:WindChargePerk":27,"Pocketwatch":37},{"Darkstone Periapt":21,"Regal Pillow":3,"Nilry\u0027s Codex":9,"blademaster:BonusFuryPerk":5,"StoneCalendar":20,"Incense Burner":23,"Bottled Tornado":22,"Blood Vial":26,"Philosopher\u0027s Stone":8,"WingedGreaves":15,"blademaster:ComboEveryTurnPerk":18,"Kunai":18,"blademaster:DextrousPerk":26,"blademaster:BleedingLaceratePerk":22,"NeowsBlessing":0,"Happy Flower":11,"blademaster:StrongPerk":20,"blademaster:BonusComboPerk":21,"Pen Nib":19,"blademaster:OnAttackedChargePerk":3,"blademaster:RandomBladePerk":19,"War Paint":4,"Question Card":11,"Mercury Hourglass":6,"Busted Crown":16,"Ornamental Fan":11,"blademaster:FuryEveryTurnPerk":15,"Bird Faced Urn":5,"blademaster:BleedingMoreDamagePerk":6,"blademaster:StanceHealPerk":11,"Bag of Marbles":12,"blademaster:DancersAmulet":0,"blademaster:WindChargePerk":12,"Pocketwatch":18},{"Darkstone Periapt":83,"Regal Pillow":4,"Nilry\u0027s Codex":29,"blademaster:BonusFuryPerk":13,"StoneCalendar":81,"Incense Burner":89,"Bottled Tornado":88,"Blood Vial":99,"Philosopher\u0027s Stone":25,"WingedGreaves":57,"blademaster:ComboEveryTurnPerk":72,"Kunai":72,"blademaster:DextrousPerk":99,"blademaster:BleedingLaceratePerk":88,"NeowsBlessing":0,"Happy Flower":36,"blademaster:StrongPerk":81,"blademaster:BonusComboPerk":83,"Pen Nib":76,"blademaster:OnAttackedChargePerk":4,"blademaster:RandomBladePerk":76,"War Paint":9,"Question Card":36,"Mercury Hourglass":16,"Busted Crown":62,"Ornamental Fan":36,"blademaster:FuryEveryTurnPerk":57,"Bird Faced Urn":13,"blademaster:BleedingMoreDamagePerk":16,"blademaster:StanceHealPerk":36,"Bag of Marbles":42,"blademaster:DancersAmulet":0,"blademaster:WindChargePerk":42,"Pocketwatch":72}],"Pocketwatch":[6]},"card_choices":[{"not_picked":["blademaster:Breeze","blademaster:BloodyBlow"],"picked":"blademaster:WindSlash","floor":1},{"not_picked":["blademaster:Sunder","blademaster:Quickstep"],"picked":"blademaster:ChargingUp","floor":5},{"not_picked":["blademaster:BladeCross","blademaster:Sharpen"],"picked":"blademaster:Havoc","floor":6},{"not_picked":["blademaster:Quickstep","blademaster:DragonStrike"],"picked":"blademaster:DaggerAndCloak","floor":7},{"not_picked":["blademaster:AspectOfLightning","blademaster:Hailwind"],"picked":"blademaster:RollingTyphoon","floor":10},{"not_picked":["blademaster:Stability","blademaster:ParryingStrike"],"picked":"blademaster:HighVoltage","floor":13},{"not_picked":["blademaster:Sharpen","blademaster:Vortex"],"picked":"blademaster:Bloodbath","floor":14},{"not_picked":["blademaster:ThreePointStrike","blademaster:RollingTyphoon"],"picked":"blademaster:ColdBlood","floor":16},{"not_picked":["blademaster:AspectOfLightning","blademaster:Sharpen","blademaster:EyeOfTheTornado"],"picked":"SKIP","floor":18},{"not_picked":["blademaster:DragonStrike","blademaster:AirSlash+1"],"picked":"blademaster:Breeze","floor":21},{"not_picked":["blademaster:AwakeningDefend","blademaster:AirSlash","blademaster:Vortex"],"picked":"SKIP","floor":23},{"not_picked":["blademaster:BladeCross","blademaster:Meditate","blademaster:KiBarrier"],"picked":"blademaster:Safeguard","floor":27},{"not_picked":["blademaster:TraverseCut","blademaster:CullingStrike","blademaster:Hailwind+1","blademaster:Stormstrike"],"picked":"SKIP","floor":29},{"not_picked":["blademaster:EyeOfTheStorm","blademaster:Thrust","blademaster:CombatPrep"],"picked":"blademaster:ThunderingOpener","floor":30},{"not_picked":["blademaster:IcyWind","blademaster:Sunder","blademaster:BloodyBlow"],"picked":"blademaster:FlockOfBlades","floor":31},{"not_picked":["blademaster:CloudOfSteel","blademaster:RollingTyphoon","blademaster:LightningDraw"],"picked":"blademaster:FuryOfTheElements","floor":33},{"not_picked":["blademaster:SlyStabs+1"],"picked":"blademaster:FuriousStrike","floor":35},{"not_picked":["blademaster:AncestralHealing"],"picked":"blademaster:DeadlyDance+1","floor":40},{"not_picked":["blademaster:LightningCrash"],"picked":"blademaster:Overcharge","floor":41},{"not_picked":["blademaster:SlyStabs+1"],"picked":"blademaster:SharpBlades+1","floor":42},{"not_picked":["blademaster:IcyWind","blademaster:BladeCross+1"],"picked":"SKIP","floor":44},{"not_picked":["blademaster:FuriousStrike+1","blademaster:AspectOfLightning"],"picked":"SKIP","floor":45},{"not_picked":["blademaster:Quickstep"],"picked":"blademaster:Flurry","floor":48},{"not_picked":["blademaster:RollingTyphoon","blademaster:ChargingUp"],"picked":"SKIP","floor":54}],"player_experience":1749796,"relics_obtained":[{"floor":6,"key":"Regal Pillow"},{"floor":6,"key":"blademaster:OnAttackedChargePerk"},{"floor":9,"key":"War Paint"},{"floor":10,"key":"Bird Faced Urn"},{"floor":10,"key":"blademaster:BonusFuryPerk"},{"floor":13,"key":"Mercury Hourglass"},{"floor":13,"key":"blademaster:BleedingMoreDamagePerk"},{"floor":19,"key":"Nilry\u0027s Codex"},{"floor":23,"key":"Question Card"},{"floor":23,"key":"blademaster:StanceHealPerk"},{"floor":24,"key":"Ornamental Fan"},{"floor":26,"key":"Happy Flower"},{"floor":27,"key":"Bag of Marbles"},{"floor":27,"key":"blademaster:WindChargePerk"},{"floor":31,"key":"WingedGreaves"},{"floor":31,"key":"blademaster:FuryEveryTurnPerk"},{"floor":37,"key":"Pocketwatch"},{"floor":37,"key":"blademaster:ComboEveryTurnPerk"},{"floor":40,"key":"Pen Nib"},{"floor":40,"key":"blademaster:RandomBladePerk"},{"floor":41,"key":"StoneCalendar"},{"floor":41,"key":"blademaster:StrongPerk"},{"floor":42,"key":"Darkstone Periapt"},{"floor":42,"key":"blademaster:BonusComboPerk"},{"floor":44,"key":"blademaster:BleedingLaceratePerk"},{"floor":44,"key":"Bottled Tornado"},{"floor":54,"key":"Blood Vial"},{"floor":54,"key":"blademaster:DextrousPerk"}],"event_choices":[{"damage_healed":0,"gold_gain":0,"player_choice":"Entered Light","damage_taken":15,"max_hp_gain":0,"max_hp_loss":0,"event_name":"Shining Light","floor":2,"gold_loss":0,"cards_upgraded":["blademaster:Strike","blademaster:Defend"]},{"damage_healed":0,"gold_gain":0,"player_choice":"Got Potions","damage_taken":0,"max_hp_gain":0,"max_hp_loss":0,"event_name":"Lab","floor":4,"gold_loss":0},{"damage_healed":0,"gold_gain":63,"player_choice":"Gained Gold","damage_taken":0,"max_hp_gain":0,"max_hp_loss":0,"event_name":"Golden Wing","floor":11,"gold_loss":0},{"damage_healed":0,"gold_gain":0,"player_choice":"Obtained Book","damage_taken":16,"max_hp_gain":0,"max_hp_loss":0,"event_name":"Cursed Tome","floor":19,"gold_loss":0},{"damage_healed":0,"gold_gain":0,"cards_transformed":["blademaster:Strike","blademaster:Strike"],"player_choice":"Became Test Subject","damage_taken":0,"max_hp_gain":0,"max_hp_loss":0,"event_name":"Drug Dealer","floor":20,"gold_loss":0,"cards_obtained":["blademaster:Breeze","blademaster:ChargingUp"]},{"damage_healed":0,"gold_gain":0,"player_choice":"Became a Ghost","damage_taken":0,"max_hp_gain":0,"max_hp_loss":38,"event_name":"Ghosts","floor":22,"gold_loss":0,"cards_obtained":["Ghostly","Ghostly","Ghostly","Ghostly","Ghostly"]},{"damage_healed":0,"gold_gain":0,"player_choice":"Joined the Cult","damage_taken":6,"max_hp_gain":0,"max_hp_loss":0,"event_name":"Nest","floor":25,"gold_loss":0,"cards_obtained":["RitualDagger"]},{"cards_removed":["blademaster:Bloodbath"],"damage_healed":0,"gold_gain":0,"player_choice":"Removed Power","damage_taken":0,"max_hp_gain":0,"max_hp_loss":0,"event_name":"Falling","floor":36,"gold_loss":0},{"damage_healed":0,"gold_gain":0,"player_choice":"Fight","damage_taken":0,"max_hp_gain":0,"max_hp_loss":0,"event_name":"Mysterious Sphere","floor":37,"gold_loss":0},{"damage_healed":0,"gold_gain":0,"player_choice":"Memory 1","damage_taken":0,"max_hp_gain":0,"max_hp_loss":0,"event_name":"SensoryStone","floor":38,"gold_loss":0}],"is_beta":true,"boss_relics":[{"not_picked":["Ectoplasm","Astrolabe"],"picked":"Philosopher\u0027s Stone"},{"not_picked":["Fusion Hammer","Velvet Choker"],"picked":"Busted Crown"}],"items_purged_floors":[39],"is_endless":false,"potions_floor_spawned":[6,10,14,21,27,29,40,44,48,54],"ascension_level":12}}