{"host":"ktoxvvst1mwxww91","time":1610383961,"event":{"mods":["BaseMod","Hermit","Minty Spire (QoL Compilation)","StSLib","The Hierophant","The Mystic","The Necromancer"],"gold_per_floor":[111,111,111,36,54,86,36,66,66,79,99,76,76,107,107,107,107],"floor_reached":16,"playtime":432,"items_purged":["Strike_R"],"score":215,"play_id":"08a415ff-275b-40c2-bccd-d84ea2fd69a8","local_time":"20210111175241","is_ascension_mode":true,"campfire_choices":[{"data":"Armaments","floor":13,"key":"SMITH"},{"floor":15,"key":"REST"}],"circlet_count":0,"master_deck":["AscendersBane","Strike_R","Defend_R","Defend_R","Defend_R","Defend_R","Bash","Shrug It Off","Heavy Blade","Cleave","Pummel","Iron Wave","Heavy Blade","Armaments+1","Clothesline","True Grit"],"relics":["Burning Blood","NeowsBlessing","Bottled Lightning","Vajra","Bottled Flame","Turnip"],"acts_visited":["Exordium"],"potions_floor_usage":[8,8,11,16],"damage_taken":[{"damage":0,"enemies":"Cultist","floor":1,"turns":1},{"damage":0,"enemies":"2 Louse","floor":5,"turns":1},{"damage":0,"enemies":"Gremlin Nob","floor":6,"turns":1},{"damage":34,"enemies":"Lagavulin","floor":8,"turns":7},{"damage":0,"enemies":"Small Slimes","floor":10,"turns":3},{"damage":17,"enemies":"Red Slaver","floor":11,"turns":5},{"damage":30,"enemies":"3 Sentries","floor":14,"turns":8},{"damage":60,"enemies":"The Guardian","floor":16,"turns":8}],"seed_played":"-3110357050269506983","potions_obtained":[{"floor":1,"key":"CultistPotion"},{"floor":5,"key":"Dexterity Potion"},{"floor":8,"key":"SkillPotion"},{"floor":11,"key":"SpeedPotion"}],"is_trial":false,"path_per_floor":["M","?","?","$","M","E","?","E","T","M","M","$","R","E","R","B"],"character_chosen":"IRONCLAD","items_purchased":["Clothesline"],"campfire_rested":1,"item_purchase_floors":[12],"current_hp_per_floor":[78,78,71,71,77,80,80,52,52,58,47,47,47,23,47,0,0],"gold":107,"neow_bonus":"THREE_ENEMY_KILL","is_daily":false,"chose_seed":false,"campfire_upgraded":1,"win_rate":0.0,"timestamp":1610383961,"path_taken":["M","?","?","$","M","E","?","E","T","M","M","$","R","E","R","BOSS"],"items_purchased_type":["Card"],"build_version":"2020-12-22","purchased_purges":1,"victory":false,"max_hp_per_floor":[80,80,80,80,80,80,80,80,80,80,80,80,80,80,80,80,80],"card_choices":[{"not_picked":["Infernal Blade","Flex"],"picked":"Shrug It Off","floor":1},{"not_picked":["Armaments","True Grit"],"picked":"Cleave","floor":5},{"not_picked":["Clash","Havoc"],"picked":"Pummel","floor":6},{"not_picked":["Heavy Blade","Seeing Red"],"picked":"Iron Wave","floor":8},{"not_picked":["Second Wind","Anger"],"picked":"Heavy Blade","floor":10},{"not_picked":["Thunderclap","Ghostly Armor"],"picked":"Armaments","floor":11},{"not_picked":["Reckless Charge","Armaments"],"picked":"True Grit","floor":14}],"player_experience":991615,"relics_obtained":[{"floor":6,"key":"Bottled Lightning"},{"floor":8,"key":"Vajra"},{"floor":9,"key":"Bottled Flame"},{"floor":14,"key":"Turnip"}],"event_choices":[{"damage_healed":0,"gold_gain":0,"cards_transformed":["Strike_R"],"player_choice":"Change","damage_taken":0,"max_hp_gain":0,"max_hp_loss":0,"event_name":"Living Wall","floor":2,"gold_loss":0,"cards_obtained":["Heavy Blade"]},{"cards_removed":["Strike_R"],"damage_healed":0,"gold_gain":0,"player_choice":"Card Removal","damage_taken":7,"max_hp_gain":0,"max_hp_loss":0,"event_name":"Golden Wing","floor":3,"gold_loss":0},{"cards_removed":["Strike_R"],"damage_healed":0,"gold_gain":0,"player_choice":"Card Removal","damage_taken":0,"max_hp_gain":0,"max_hp_loss":0,"event_name":"The Cleric","floor":7,"gold_loss":50}],"is_beta":false,"boss_relics":[],"items_purged_floors":[4],"is_endless":false,"potions_floor_spawned":[1,5,8,11],"killed_by":"The Guardian","ascension_level":10}}