{"host":"rolltorest","time":1610335776,"event":{"mods":["BaseMod","Minty Spire (QoL Compilation)","Relic Stats","Robot Space Explorer","Slay the Relics Exporter","StSLib"],"gold_per_floor":[113,123,136,62,62,62,88,88],"floor_reached":7,"playtime":143,"items_purged":[],"score":102,"play_id":"a325d739-30e8-48f2-832e-58c166ae78e9","local_time":"20210110192936","is_ascension_mode":true,"campfire_choices":[{"data":"RobotSpaceExplorer:LaserBurst","floor":6,"key":"SMITH"}],"circlet_count":0,"master_deck":["AscendersBane","RobotSpaceExplorer:Strike","RobotSpaceExplorer:Strike","RobotSpaceExplorer:Strike","RobotSpaceExplorer:Strike","RobotSpaceExplorer:Defend","RobotSpaceExplorer:Defend","RobotSpaceExplorer:Defend","RobotSpaceExplorer:Defend","RobotSpaceExplorer:Scan","RobotSpaceExplorer:MiniLasers","RobotSpaceExplorer:LaserBurst+1","RobotSpaceExplorer:FrostMissile","RobotSpaceExplorer:StarLightning","RobotSpaceExplorer:StarLightning","RobotSpaceExplorer:GearShield"],"relics":["RobotSpaceExplorer:RoboCore","NeowsBlessing","StoneCalendar"],"acts_visited":["Exordium"],"potions_floor_usage":[],"damage_taken":[{"damage":0,"enemies":"Cultist","floor":1,"turns":1},{"damage":0,"enemies":"Jaw Worm","floor":2,"turns":1},{"damage":0,"enemies":"2 Louse","floor":3,"turns":1},{"damage":30,"enemies":"3 Sentries","floor":7,"turns":7}],"seed_played":"-1057567905920102479","potions_obtained":[{"floor":1,"key":"Dexterity Potion"},{"floor":7,"key":"RobotSpaceExplorer:LiquidFusion"}],"is_trial":false,"path_per_floor":["M","M","M","$","?","R","E"],"character_chosen":"RobotSpaceExplorer","items_purchased":["RobotSpaceExplorer:StarLightning"],"campfire_rested":0,"item_purchase_floors":[4],"current_hp_per_floor":[64,64,64,64,64,64,34,34],"gold":88,"neow_bonus":"THREE_ENEMY_KILL","is_daily":false,"chose_seed":false,"campfire_upgraded":1,"win_rate":0.0,"timestamp":1610335776,"path_taken":["M","M","?","$","?","R","E"],"items_purchased_type":["Card"],"build_version":"2020-12-18","purchased_purges":0,"victory":false,"max_hp_per_floor":[71,71,71,71,71,71,71,71],"relic_stats":{"counters":[4,10],"StoneCalendar":[0],"obtain_stats":[{"NeowsBlessing":0,"RobotSpaceExplorer:RoboCore":0,"StoneCalendar":7},{"NeowsBlessing":0,"RobotSpaceExplorer:RoboCore":0,"StoneCalendar":4},{"NeowsBlessing":0,"RobotSpaceExplorer:RoboCore":0,"StoneCalendar":10}]},"card_choices":[{"not_picked":["RobotSpaceExplorer:TurboDodge","RobotSpaceExplorer:GlueShot"],"picked":"RobotSpaceExplorer:LaserBurst","floor":1},{"not_picked":["RobotSpaceExplorer:FranticSearch","RobotSpaceExplorer:MiniDrones"],"picked":"RobotSpaceExplorer:FrostMissile","floor":2},{"not_picked":["RobotSpaceExplorer:Electropulse","RobotSpaceExplorer:GearShield"],"picked":"RobotSpaceExplorer:StarLightning","floor":3},{"not_picked":["RobotSpaceExplorer:MiniDrones","RobotSpaceExplorer:LuckyStrike"],"picked":"RobotSpaceExplorer:GearShield","floor":7}],"player_experience":1832354,"relics_obtained":[{"floor":7,"key":"StoneCalendar"}],"event_choices":[{"damage_healed":0,"gold_gain":0,"player_choice":"Leave","damage_taken":0,"max_hp_gain":0,"max_hp_loss":0,"event_name":"The Cleric","floor":5,"gold_loss":0}],"is_beta":true,"boss_relics":[],"items_purged_floors":[],"is_endless":false,"potions_floor_spawned":[1,7],"killed_by":"3 Sentries","ascension_level":20}}