{"host":"mdbnki27vzqujy5q","time":1610345541,"event":{"mods":["BaseMod","Better Note","Better Skull","Colored Map","Colored Powertips","DeckTracker","Highlight Path","Minty Spire (QoL Compilation)","Quick Restart","Rare Cards Sparkle","StSLib"],"gold_per_floor":[12,12,12,23,43,77,2,14,62,62,62,79,79,104,104,204,204,218,218,17,17,27,53,53,82,105,105,26,26,26],"floor_reached":29,"playtime":1258,"items_purged":["Strike_B","Defend_B"],"score":282,"play_id":"491a8ffa-df05-49e1-8d44-595c6083e241","local_time":"20210110221221","is_ascension_mode":true,"campfire_choices":[{"floor":11.0,"key":"DIG"},{"floor":13.0,"key":"REST"},{"floor":15,"key":"REST"},{"floor":24,"key":"REST"},{"floor":27,"key":"DIG"}],"circlet_count":0,"master_deck":["Strike_B","Strike_B","Strike_B","Defend_B","Defend_B","Zap","Dualcast","Streamline","Conserve Battery","Leap","Scrape","Conserve Battery","Melter","Seek","Gash+1","Zap","Redo","Static Discharge","Pain","Fusion+1","Redo+1","Gash","Defragment"],"relics":["Cracked Core","Shovel","Sundial","MealTicket","HornCleat","Centennial Puzzle","Bottled Flame","Nuclear Battery","WarpedTongs","Toxic Egg 2","Matryoshka","Strawberry","Nunchaku","Ornamental Fan"],"acts_visited":["TheCity"],"potions_floor_usage":[14,23,23,25],"damage_taken":[{"damage":6.0,"enemies":"Jaw Worm","floor":1.0,"turns":3.0},{"damage":6.0,"enemies":"Cultist","floor":4.0,"turns":3.0},{"damage":0.0,"enemies":"2 Louse","floor":5.0,"turns":2.0},{"damage":27.0,"enemies":"Lagavulin","floor":6.0,"turns":7.0},{"damage":2.0,"enemies":"Large Slime","floor":8.0,"turns":5.0},{"damage":6.0,"enemies":"2 Fungi Beasts","floor":12.0,"turns":4.0},{"damage":24,"enemies":"Gremlin Nob","floor":14,"turns":4},{"damage":41,"enemies":"Hexaghost","floor":16,"turns":13},{"damage":0,"enemies":"Spheric Guardian","floor":18,"turns":1},{"damage":16,"enemies":"Shell Parasite","floor":22,"turns":4},{"damage":25,"enemies":"Book of Stabbing","floor":23,"turns":4},{"damage":21,"enemies":"Slavers","floor":25,"turns":5},{"damage":60,"enemies":"Book of Stabbing","floor":29,"turns":5}],"seed_played":"2363571852870023805","potions_obtained":[{"floor":6.0,"key":"FearPotion"},{"floor":8.0,"key":"FearPotion"},{"floor":14,"key":"Strength Potion"},{"floor":16,"key":"EssenceOfDarkness"},{"floor":23,"key":"Strength Potion"}],"is_trial":false,"path_per_floor":["M","?","$","M","M","E","$","M","T","T","R","M","R","E","R","B",null,"M","?","$","?","M","E","R","E","T","R","$","E"],"character_chosen":"DEFECT","items_purchased":["Redo","Static Discharge","Defragment"],"campfire_rested":3,"item_purchase_floors":[20,20,28],"current_hp_per_floor":[69,69,69,63,63,36,36,34,34,34,34,28,50,26,48,7,75,75,75,75,75,59,34,56,35,42,42,57,0,0],"gold":26,"neow_bonus":"ONE_RARE_RELIC","is_daily":false,"chose_seed":false,"campfire_upgraded":0,"win_rate":0.0,"timestamp":1610345541,"path_taken":["M","?","?","M","M","E","$","?","T","?","R","M","R","E","R","BOSS","M","?","$","?","M","E","R","E","T","R","?","E"],"items_purchased_type":["Card","Card","Card"],"build_version":"2020-12-22","purchased_purges":2,"victory":false,"max_hp_per_floor":[75,75,75,75,75,75,75,75,75,75,75,75,75,75,75,75,75,75,75,75,75,75,75,75,75,82,82,82,82,82],"card_choices":[{"not_picked":["Barrage","Leap"],"picked":"Streamline","floor":1.0},{"not_picked":["Undo","Hologram","Tempest"],"picked":"SKIP","floor":4.0},{"not_picked":["Barrage","Steam"],"picked":"Conserve Battery","floor":5.0},{"not_picked":["Streamline","Scrape"],"picked":"Leap","floor":6.0},{"not_picked":["Biased Cognition","Turbo"],"picked":"Scrape","floor":8.0},{"not_picked":["Glacier","Conserve Battery","Stack"],"picked":"SKIP","floor":12.0},{"not_picked":["Glacier","Stack"],"picked":"Conserve Battery","floor":12.0},{"not_picked":["Turbo","Hologram"],"picked":"Melter","floor":14},{"not_picked":["Multi-Cast","Biased Cognition"],"picked":"Seek","floor":16},{"not_picked":["Stack+1","Darkness"],"picked":"Gash+1","floor":18},{"not_picked":["Steam","Redo"],"picked":"Fusion+1","floor":22},{"not_picked":["Tempest+1","Turbo+1"],"picked":"Redo+1","floor":23},{"not_picked":["Loop","Sweeping Beam"],"picked":"Gash","floor":25}],"player_experience":59781,"relics_obtained":[{"floor":6.0,"key":"Sundial"},{"floor":9.0,"key":"MealTicket"},{"floor":10.0,"key":"HornCleat"},{"floor":11.0,"key":"Centennial Puzzle"},{"floor":14,"key":"Bottled Flame"},{"floor":23,"key":"Toxic Egg 2"},{"floor":25,"key":"Matryoshka"},{"floor":26,"key":"Strawberry"},{"floor":26,"key":"Nunchaku"},{"floor":27,"key":"Ornamental Fan"}],"event_choices":[{"cards_removed":["Defend_B"],"damage_healed":0.0,"max_hp_gain":0.0,"max_hp_loss":0.0,"gold_gain":0.0,"event_name":"Bonfire Elementals","player_choice":"Offered Basic","floor":2.0,"gold_loss":0.0,"damage_taken":0.0},{"damage_healed":0,"gold_gain":0,"player_choice":"1 cards matched","damage_taken":0,"max_hp_gain":0,"max_hp_loss":0,"event_name":"Match and Keep!","floor":19,"gold_loss":0,"cards_obtained":["Zap"]},{"damage_healed":0,"gold_gain":0,"player_choice":"Rummage","damage_taken":0,"relics_obtained":["WarpedTongs"],"max_hp_gain":0,"max_hp_loss":0,"event_name":"Accursed Blacksmith","floor":21,"gold_loss":0,"cards_obtained":["Pain"]}],"is_beta":false,"boss_relics":[{"not_picked":["Inserter","Cursed Key"],"picked":"Nuclear Battery"}],"items_purged_floors":[7,20],"is_endless":false,"potions_floor_spawned":[6,8,14,16,18,23],"killed_by":"Book of Stabbing","ascension_level":1}}