{"host":"413p1sp2m49onuha","time":1610341170,"event":{"mods":["BaseMod","Beaked The Cultist","BetterRewards","Colored Powertips","Downfall","Halation","Marisa????????","Minty Spire (QoL Compilation)","Permanent Neow","Quick Restart","READ ME - Snecko Mod","Replay The Spire","Shop Mod","StSLib","The Bug Knight","The Cursed","The Factory","The Hierophant","The IronCluck","The Juggle","The Servant 0.9.4","TheBandit"],"gold_per_floor":[99,99,99,119,119,119,148,148,148,148,148,165,165,186,186,288,288,275,267,267,72,88,88,88,106,106,123,123,146,146,146,146,249,249,273,273,606,317,317,317],"floor_reached":39,"playtime":2726,"items_purged":["Regret"],"score":404,"play_id":"31d23f0f-1f17-4660-98c3-dc1f8b2533e0","local_time":"20210110205930","is_ascension_mode":false,"campfire_choices":[{"data":"hierophant:FlamingChariot","floor":6,"key":"SMITH"},{"floor":8,"key":"REST"},{"data":"hierophant:DisplayOfPower","floor":13,"key":"SMITH"},{"floor":15,"key":"REST"},{"floor":23,"key":"REST"},{"floor":32,"key":"REST"}],"circlet_count":0,"master_deck":["hierophant:Strike_Hierophant+1","hierophant:Strike_Hierophant+1","hierophant:Strike_Hierophant+1","hierophant:Strike_Hierophant+1","hierophant:Punish","hierophant:Defend_Hierophant","hierophant:Defend_Hierophant+1","hierophant:Defend_Hierophant","hierophant:Defend_Hierophant","hierophant:ChurchCoffers","hierophant:Kindle+1","hierophant:FlamingChariot+1","hierophant:DisplayOfPower+1","hierophant:OrnateBuckler","hierophant:Flagellation","hierophant:Levitation","hierophant:WrathOfGod","hierophant:Sermon","hierophant:OrnateBuckler","hierophant:DisplayOfPower","hierophant:Patience","hierophant:Racketeering+1","hierophant:DisplayOfPower","hierophant:ThreeLashes","Clumsy","hierophant:Repentance+1","hierophant:AuricBeam+1","Hallucinations","hierophant:ArchangelShield","hierophant:Upheaval+1"],"relics":["hierophant:PropheticMaskRelic","halation:VictoryRuler","Toy Ornithopter","Juzu Bracelet","halation:PinkSoulGem","beaked:SacredDeck","MutagenicStrength","Bag of Marbles","Boot","ReplayTheSpireMod:Shallot","Replay:Bottled Eggs","halation:SmartPhone","Ring of Searing","Ring of Fangs","MerchantsRug"],"acts_visited":["Exordium","TheCity","TheCity"],"potions_floor_usage":[16,33,33],"damage_taken":[{"damage":1,"enemies":"Cultist","floor":1,"turns":3},{"damage":1,"enemies":"Jaw Worm","floor":4,"turns":3},{"damage":31,"enemies":"Gremlin Nob","floor":7,"turns":4},{"damage":1,"enemies":"2 Louse","floor":12,"turns":2},{"damage":11,"enemies":"Large Slime","floor":14,"turns":2},{"damage":49,"enemies":"Hexaghost","floor":16,"turns":9},{"damage":15,"enemies":"Chosen","floor":18,"turns":4},{"damage":10,"enemies":"Spheric Guardian","floor":19,"turns":2},{"damage":0,"enemies":"Shelled Parasite and Fungi","floor":22,"turns":1},{"damage":20,"enemies":"Snake Plant","floor":25,"turns":2},{"damage":0,"enemies":"Sentry and Sphere","floor":27,"turns":1},{"damage":26,"enemies":"Shelled Parasite and Fungi","floor":29,"turns":3},{"damage":9,"enemies":"Snake Plant","floor":31,"turns":4},{"damage":12,"enemies":"Pondfish","floor":33,"turns":4},{"damage":17,"enemies":"theFactory:2_Experiment_Personnel","floor":35,"turns":4}],"seed_played":"1436970324229079152","potions_obtained":[{"floor":0,"key":"Explosive Potion"},{"floor":0,"key":"Adrenaline Potion"},{"floor":0,"key":"LiquidBronze"},{"floor":7,"key":"Death Potion"},{"floor":19,"key":"Energy Potion"},{"floor":29,"key":"Explosive Potion"},{"floor":31,"key":"Fire Potion"},{"floor":33,"key":"SteroidPotion"},{"floor":35,"key":"Adrenaline Potion"}],"is_trial":false,"path_per_floor":["M","?","$","M","?","R","E","R","T","?","?","M","R","M","R","B",null,"M","M","?","$","M","R","T","M","T","M","?","M","?","M","R","B",null,"M","?","?","$","?"],"character_chosen":"HIEROPHANT","items_purchased":["hierophant:DisplayOfPower","Bag of Marbles","MerchantsRug","hierophant:ArchangelShield"],"campfire_rested":4,"item_purchase_floors":[21,21,38,38],"current_hp_per_floor":[74,74,74,73,73,73,42,64,64,64,64,63,63,52,74,30,75,60,50,50,50,50,72,72,52,52,52,52,26,26,17,39,37,75,58,51,41,34,0,0],"gold":317,"neow_bonus":"THREE_SMALL_POTIONS","is_daily":false,"chose_seed":false,"campfire_upgraded":2,"win_rate":0.0,"timestamp":1610341170,"path_taken":["M","?","?","?","?","R","E","R","T","?","?","M","R","M","R","BOSS","M","M","?","$","M","R","?","M","T","M","?","M","?","M","R","BOSS","M","?","?","$","?"],"items_purchased_type":["Card","Relic","Relic","Card"],"build_version":"2020-12-22","purchased_purges":1,"victory":false,"max_hp_per_floor":[75,75,75,75,75,75,75,75,75,75,75,75,75,75,75,75,75,75,75,75,75,75,75,75,75,75,75,75,75,75,75,75,75,75,75,75,75,75,75,75],"card_choices":[{"not_picked":["hierophant:Empathy","hierophant:Zeal"],"picked":"hierophant:Kindle","floor":1},{"not_picked":["hierophant:Zeal","hierophant:Purify"],"picked":"hierophant:FlamingChariot","floor":4},{"not_picked":["hierophant:CoinFling","hierophant:FaithHealing"],"picked":"hierophant:DisplayOfPower","floor":7},{"not_picked":["hierophant:Remorse","hierophant:PristineSoul"],"picked":"hierophant:OrnateBuckler","floor":12},{"not_picked":["hierophant:Smite","hierophant:Exaltation"],"picked":"hierophant:Flagellation","floor":14},{"not_picked":["hierophant:Invocation","hierophant:Determination"],"picked":"hierophant:Levitation","floor":16},{"not_picked":["hierophant:Dazzle","hierophant:MirrorShield"],"picked":"hierophant:Sermon","floor":18},{"not_picked":["hierophant:CoinFling","hierophant:Encroach"],"picked":"hierophant:OrnateBuckler","floor":19},{"not_picked":["hierophant:MintersHammer","hierophant:Blessing","hierophant:Dazzle"],"picked":"SKIP","floor":22},{"not_picked":["hierophant:Alms","hierophant:Encroach"],"picked":"hierophant:Patience","floor":25},{"not_picked":["hierophant:Doubloon","hierophant:MorningPrayer"],"picked":"hierophant:Racketeering+1","floor":27},{"not_picked":["hierophant:Cornucopia","hierophant:MorningPrayer"],"picked":"hierophant:ThreeLashes","floor":29},{"not_picked":["hierophant:RecallFunds+1","hierophant:CoinFling+1"],"picked":"hierophant:Repentance+1","floor":31},{"not_picked":["hierophant:RecallFunds+1","hierophant:RepressedViolence+1"],"picked":"hierophant:AuricBeam+1","floor":35},{"not_picked":["hierophant:HolyVerse","hierophant:SolarFlare+1"],"picked":"hierophant:Upheaval+1","floor":39}],"player_experience":100921,"relics_obtained":[{"floor":7,"key":"Toy Ornithopter"},{"floor":9,"key":"Juzu Bracelet"},{"floor":24,"key":"Boot"},{"floor":26,"key":"ReplayTheSpireMod:Shallot"},{"floor":36,"key":"Ring of Searing"},{"floor":36,"key":"Ring of Fangs"}],"event_choices":[{"damage_healed":0,"gold_gain":0,"player_choice":"Upgraded","damage_taken":0,"max_hp_gain":0,"max_hp_loss":0,"event_name":"Upgrade Shrine","floor":2,"gold_loss":0,"cards_upgraded":["hierophant:Kindle"]},{"damage_healed":0,"gold_gain":0,"player_choice":"Box","damage_taken":0,"relics_obtained":["halation:VictoryRuler"],"max_hp_gain":0,"max_hp_loss":0,"event_name":"Big Fish","floor":5,"gold_loss":0,"cards_obtained":["Regret"]},{"damage_healed":0,"gold_gain":0,"player_choice":"Inject Mutagens","damage_taken":0,"relics_obtained":["MutagenicStrength"],"max_hp_gain":0,"max_hp_loss":0,"event_name":"Drug Dealer","floor":20,"gold_loss":0},{"damage_healed":0,"gold_gain":0,"player_choice":"Read","damage_taken":0,"max_hp_gain":0,"max_hp_loss":0,"event_name":"The Library","floor":28,"gold_loss":0,"cards_obtained":["hierophant:DisplayOfPower"]}],"is_beta":false,"boss_relics":[{"not_picked":["halation:CatFaceCupcake","halation:MonkeysPaw"],"picked":"beaked:SacredDeck"},{"not_picked":["Fusion Hammer","halation:ForbiddenBikini"],"picked":"halation:SmartPhone"}],"items_purged_floors":[38],"is_endless":false,"potions_floor_spawned":[1,7,12,19,29,31,33,35],"ascension_level":0}}