{"host":"25fn74ijs2305xd4","time":1610369703,"event":{"mods":["AchievementEnabler","BaseMod","Colored Map","Colored Powertips","Minty Spire (QoL Compilation)","Relic Stats","StSLib"],"gold_per_floor":[112,17,36,51,74,109,109,123,123,123,134,149,149,74,74,169,169,185,21,41,41,41,41,67,67,67,67,78,95,95,113,113,218,218,234,234,234,244,260,260,260,287,287,300,320,320,180,194,194,194,194],"floor_reached":50,"playtime":2625,"items_purged":["Strike_B","Strike_B"],"score":648,"play_id":"d563a5d4-4b1e-4985-8765-51721fbfa59b","local_time":"20210111135503","is_ascension_mode":true,"campfire_choices":[{"data":"Creative AI","floor":7,"key":"SMITH"},{"data":"Defragment","floor":10,"key":"SMITH"},{"floor":15,"key":"REST"},{"data":"Apotheosis","floor":23,"key":"SMITH"},{"data":"Defragment","floor":27,"key":"SMITH"},{"floor":30,"key":"REST"},{"floor":32,"key":"REST"},{"data":"Madness","floor":40,"key":"SMITH"},{"floor":46,"key":"REST"},{"floor":49,"key":"RECALL"}],"circlet_count":0,"master_deck":["Strike_B","Strike_B","Defend_B","Defend_B","Defend_B","Defend_B+1","Zap+1","Dualcast","Cold Snap","Loop","Coolheaded","Defragment+1","Creative AI+1","Defragment+1","Coolheaded","Defragment+1","Biased Cognition","Apotheosis+1","Streamline+1","Static Discharge+1","Redo","Stack","Defragment","Fission","Blizzard","Madness+1","Madness","Conserve Battery+1","Glacier","Amplify","Loop","Loop+1"],"relics":["FrozenCore","NeowsBlessing","War Paint","Gremlin Horn","Eternal Feather","Mercury Hourglass","Bottled Lightning","Inserter","Bronze Scales","Darkstone Periapt","Sundial"],"acts_visited":["Exordium","TheCity","TheBeyond"],"potions_floor_usage":[16,24,29,45,45,45,50],"damage_taken":[{"damage":0,"enemies":"Cultist","floor":1,"turns":1},{"damage":0,"enemies":"Jaw Worm","floor":3,"turns":1},{"damage":0,"enemies":"Small Slimes","floor":4,"turns":1},{"damage":23,"enemies":"Lagavulin","floor":6,"turns":9},{"damage":13,"enemies":"Exordium Wildlife","floor":8,"turns":4},{"damage":11,"enemies":"Exordium Thugs","floor":11,"turns":5},{"damage":8,"enemies":"Blue Slaver","floor":12,"turns":5},{"damage":26,"enemies":"Slime Boss","floor":16,"turns":13},{"damage":15,"enemies":"Chosen","floor":18,"turns":6},{"damage":4,"enemies":"3 Byrds","floor":20,"turns":6},{"damage":22,"enemies":"Slavers","floor":24,"turns":6},{"damage":18,"enemies":"Snake Plant","floor":28,"turns":4},{"damage":12,"enemies":"Cultist and Chosen","floor":29,"turns":6},{"damage":8,"enemies":"Shelled Parasite and Fungi","floor":31,"turns":7},{"damage":12,"enemies":"Champ","floor":33,"turns":8},{"damage":9,"enemies":"3 Darklings","floor":35,"turns":8},{"damage":3,"enemies":"Orb Walker","floor":38,"turns":5},{"damage":0,"enemies":"Maw","floor":39,"turns":10},{"damage":0,"enemies":"Giant Head","floor":42,"turns":11},{"damage":57,"enemies":"4 Shapes","floor":44,"turns":5},{"damage":14,"enemies":"Writhing Mass","floor":45,"turns":5},{"damage":1,"enemies":"Maw","floor":48,"turns":8},{"damage":61,"enemies":"Awakened One","floor":50,"turns":4}],"seed_played":"5058814445286447923","potions_obtained":[{"floor":3,"key":"LiquidBronze"},{"floor":4,"key":"SneckoOil"},{"floor":8,"key":"FearPotion"},{"floor":20,"key":"BlessingOfTheForge"},{"floor":24,"key":"BlessingOfTheForge"},{"floor":28,"key":"EssenceOfDarkness"},{"floor":39,"key":"AttackPotion"},{"floor":44,"key":"AttackPotion"},{"floor":48,"key":"EssenceOfDarkness"}],"is_trial":false,"path_per_floor":["M","$","M","M","T","E","R","M","T","R","M","M","?","$","R","B",null,"M","$","M","$","T","R","E","?","T","R","M","M","R","M","R","B",null,"M","?","$","M","M","R","T","E","T","M","M","R","$","M","R","B"],"character_chosen":"DEFECT","items_purchased":["Loop","Coolheaded","Apotheosis","Loop"],"campfire_rested":4,"item_purchase_floors":[2,2,19,47],"current_hp_per_floor":[75,75,75,75,75,52,52,39,39,39,28,20,20,20,42,16,75,60,60,56,56,56,68,46,46,46,58,40,28,62,54,75,63,75,66,57,57,54,54,72,72,72,72,15,1,41,41,40,58,0,0],"gold":194,"neow_bonus":"THREE_ENEMY_KILL","is_daily":false,"chose_seed":false,"campfire_upgraded":5,"win_rate":0.0,"timestamp":1610369703,"path_taken":["M","?","?","M","?","E","R","M","T","R","?","M","?","$","R","BOSS","M","$","?","$","?","R","E","?","T","R","M","M","R","M","R","BOSS","M","?","$","M","M","R","?","E","T","M","M","R","$","M","R","BOSS"],"items_purchased_type":["Card","Card","Card","Card"],"build_version":"2020-12-22","purchased_purges":2,"victory":false,"max_hp_per_floor":[75,75,75,75,75,75,75,75,75,75,75,75,75,75,75,75,75,75,75,75,75,75,75,75,75,75,75,75,75,75,75,75,75,75,75,75,75,75,75,75,75,75,75,75,75,75,75,75,75,75,75],"relic_stats":{"Darkstone Periapt":0,"Inserter":[28],"Gremlin Horn":[16,16],"counters":[23,135],"Sundial":[0],"Bronze Scales":[102],"Eternal Feather":102,"War Paint":["Defend_B","Zap"],"obtain_stats":[{"Darkstone Periapt":42,"Inserter":34,"NeowsBlessing":0,"Gremlin Horn":9,"Sundial":43,"Bronze Scales":41,"Eternal Feather":22,"Bottled Lightning":26,"War Paint":6,"Cracked Core":0,"FrozenCore":17,"Mercury Hourglass":24},{"Darkstone Periapt":19,"Inserter":15,"NeowsBlessing":0,"Gremlin Horn":5,"Sundial":19,"Bronze Scales":18,"Eternal Feather":10,"Bottled Lightning":11,"War Paint":4,"Cracked Core":0,"FrozenCore":8,"Mercury Hourglass":11},{"Darkstone Periapt":113,"Inserter":79,"NeowsBlessing":0,"Gremlin Horn":16,"Sundial":113,"Bronze Scales":102,"Eternal Feather":49,"Bottled Lightning":55,"War Paint":12,"Cracked Core":0,"FrozenCore":37,"Mercury Hourglass":55}],"FrozenCore":[51],"Mercury Hourglass":[297]},"card_choices":[{"not_picked":["Genetic Algorithm","Steam Power"],"picked":"Cold Snap","floor":1},{"not_picked":["Static Discharge","Lockon","Force Field"],"picked":"SKIP","floor":3},{"not_picked":["Hello World","Go for the Eyes"],"picked":"Defragment","floor":4},{"not_picked":["FTL","Stack"],"picked":"Creative AI","floor":6},{"not_picked":["Chill","Ball Lightning"],"picked":"Defragment","floor":8},{"not_picked":["Sunder","Rip and Tear"],"picked":"Coolheaded","floor":11},{"not_picked":["Redo","Conserve Battery"],"picked":"Defragment","floor":12},{"not_picked":["Echo Form","Thunder Strike"],"picked":"Biased Cognition","floor":16},{"not_picked":["Doom and Gloom","Chaos","Steam"],"picked":"SKIP","floor":18},{"not_picked":["Steam","Go for the Eyes"],"picked":"Streamline+1","floor":20},{"not_picked":["Rebound","Stack"],"picked":"Static Discharge+1","floor":24},{"not_picked":["Streamline","Rebound+1"],"picked":"Redo","floor":28},{"not_picked":["Biased Cognition","Go for the Eyes+1"],"picked":"Stack","floor":29},{"not_picked":["Chaos","Fusion"],"picked":"Defragment","floor":31},{"not_picked":["Biased Cognition","Buffer"],"picked":"Fission","floor":33},{"not_picked":["Turbo+1","Genetic Algorithm+1"],"picked":"Blizzard","floor":35},{"not_picked":["Coolheaded+1","Loop"],"picked":"Conserve Battery+1","floor":38},{"not_picked":["Force Field","Darkness+1"],"picked":"Glacier","floor":39},{"not_picked":["Hologram","Capacitor+1"],"picked":"Amplify","floor":42},{"not_picked":["Redo","Rebound+1","Cold Snap"],"picked":"SKIP","floor":44},{"not_picked":["Ball Lightning","Redo","Go for the Eyes"],"picked":"SKIP","floor":45},{"not_picked":["Gash+1","Double Energy+1"],"picked":"Loop+1","floor":48}],"player_experience":45612,"relics_obtained":[{"floor":6,"key":"War Paint"},{"floor":9,"key":"Gremlin Horn"},{"floor":22,"key":"Eternal Feather"},{"floor":24,"key":"Mercury Hourglass"},{"floor":26,"key":"Bottled Lightning"},{"floor":41,"key":"Bronze Scales"},{"floor":42,"key":"Darkstone Periapt"},{"floor":43,"key":"Sundial"}],"event_choices":[{"damage_healed":0,"gold_gain":0,"player_choice":"Forge","damage_taken":0,"max_hp_gain":0,"max_hp_loss":0,"event_name":"Accursed Blacksmith","floor":13,"gold_loss":0,"cards_upgraded":["Defragment"]},{"damage_healed":0,"gold_gain":0,"player_choice":"Ignored","damage_taken":0,"max_hp_gain":0,"max_hp_loss":0,"event_name":"Vampires","floor":25,"gold_loss":0},{"damage_healed":0,"gold_gain":0,"player_choice":"Embrace Madness","damage_taken":9,"max_hp_gain":0,"max_hp_loss":0,"event_name":"Winding Halls","floor":36,"gold_loss":0,"cards_obtained":["Madness","Madness"]}],"is_beta":false,"boss_relics":[{"not_picked":["Ectoplasm","Busted Crown"],"picked":"FrozenCore"},{"not_picked":["Runic Dome","Snecko Eye"],"picked":"Inserter"}],"items_purged_floors":[14,47],"is_endless":false,"potions_floor_spawned":[3,4,8,11,20,24,28,39,44,48],"killed_by":"Awakened One","ascension_level":4}}