{"host":"j0vzbnzm6n2ctevn","time":1610357163,"event":{"mods":["AchievementEnabler","BaseMod","Better Note","Dota2Spire","Minty Spire (QoL Compilation)","Quick Restart","Shop Mod","Spicy Shops","StSLib"],"gold_per_floor":[114,189,189,208,208,246,246,246,296,334,31,31,50,69,69,194,194,213,232,232,251,13,13,32,32,82,82,82,82,131,131,131,286,286,305,305,5,5,54,92,111,111,111,91,11,11,60,79,79,109],"floor_reached":51,"playtime":2214,"items_purged":["Strike_R","Strike_R"],"score":758,"play_id":"a7e05c0b-6975-4ca1-90b0-10c30515e963","local_time":"20210111172603","daily_mods":["Allstar","ControlledChaos","Lethality"],"is_ascension_mode":false,"campfire_choices":[{"data":"Strike_R","floor":7.0,"key":"PURGE"},{"data":"Limit Break","floor":12.0,"key":"SMITH"},{"data":"Strike_R","floor":15.0,"key":"PURGE"},{"floor":23.0,"key":"REST"},{"data":"Apotheosis","floor":25.0,"key":"SMITH"},{"floor":27.0,"key":"REST"},{"floor":32.0,"key":"REST"},{"data":"Strike_R","floor":42,"key":"PURGE"},{"data":"Decay","floor":49,"key":"PURGE"}],"circlet_count":0,"master_deck":["Defend_R","Defend_R","Defend_R","Defend_R","Bash","Mayhem","Panacea","Apotheosis+1","Good Instincts","Sword Boomerang","Metallicize","Cleave","Twin Strike","Limit Break+1","Shrug It Off","Offering","CurseOfTheBell","Intimidate+1","Twin Strike","Twin Strike","Heavy Blade","J.A.X.","Immolate","Demon Form","Secret Technique","Inflame","True Grit","Cleave","Flame Barrier","Inflame+1"],"relics":["Burning Blood","Frozen Eye","Golden Idol","Peace Pipe","Shuriken","Orichalcum","Dota2Spire:BlackKingBar","Lee\u0027s Waffle","Calling Bell","Dota2Spire:ArcaneBoots","The Courier","Ginger","Nilry\u0027s Codex","Membership Card","Dota2Spire:ArmletOfMordiggian","Dota2Spire:HandOfMidas","Dota2Spire:Bloodstone","Dota2Spire:BattleFury","Red Skull","Bottled Tornado","Bronze Scales","Pear","Meat on the Bone"],"acts_visited":["Exordium","TheCity","TheBeyond"],"potions_floor_usage":[50],"damage_taken":[{"damage":3.0,"enemies":"Jaw Worm","floor":1.0,"turns":3.0},{"damage":17.0,"enemies":"2 Louse","floor":4.0,"turns":3.0},{"damage":5.0,"enemies":"Gremlin Nob","floor":6.0,"turns":3.0},{"damage":20.0,"enemies":"Lagavulin","floor":10.0,"turns":4.0},{"damage":7.0,"enemies":"Small Slimes","floor":13.0,"turns":2.0},{"damage":10.0,"enemies":"Red Slaver","floor":14.0,"turns":2.0},{"damage":21.0,"enemies":"Hexaghost","floor":16.0,"turns":7.0},{"damage":17.0,"enemies":"Chosen","floor":18.0,"turns":4.0},{"damage":42.0,"enemies":"3 Byrds","floor":19.0,"turns":6.0},{"damage":21.0,"enemies":"Snake Plant","floor":21.0,"turns":3.0},{"damage":24.0,"enemies":"Chosen and Byrds","floor":24.0,"turns":4.0},{"damage":36.0,"enemies":"Shelled Parasite and Fungi","floor":30.0,"turns":4.0},{"damage":51.0,"enemies":"Automaton","floor":33.0,"turns":6.0},{"damage":7.0,"enemies":"3 Shapes","floor":35.0,"turns":3.0},{"damage":45,"enemies":"3 Darklings","floor":39,"turns":3},{"damage":0,"enemies":"Reptomancer","floor":40,"turns":2},{"damage":9,"enemies":"Jaw Worm Horde","floor":41,"turns":2},{"damage":3,"enemies":"Sphere and 2 Shapes","floor":47,"turns":2},{"damage":13,"enemies":"4 Shapes","floor":48,"turns":2},{"damage":54,"enemies":"Time Eater","floor":50,"turns":7}],"seed_played":"2608465768335268498","potions_obtained":[{"floor":4.0,"key":"DistilledChaos"},{"floor":8.0,"key":"BloodPotion"},{"floor":8.0,"key":"FearPotion"},{"floor":8.0,"key":"BloodPotion"},{"floor":14.0,"key":"Weak Potion"},{"floor":19.0,"key":"EssenceOfSteel"},{"floor":30.0,"key":"Energy Potion"},{"floor":39,"key":"EssenceOfSteel"},{"floor":40,"key":"Ancient Potion"},{"floor":44,"key":"ElixirPotion"}],"is_trial":false,"path_per_floor":["M","?","?","M","?","E","R","?","T","E","$","R","M","M","R","B",null,"M","M","?","M","$","R","M","R","T","R","?","?","M","?","R","B",null,"M","?","$","?","M","E","M","R","T","?","$","T","M","M","R","B",null],"character_chosen":"IRONCLAD","items_purchased":["Limit Break","Lee\u0027s Waffle","Membership Card","Dota2Spire:ArmletOfMordiggian","Strength Potion","Inflame","Dota2Spire:BattleFury","Red Skull","Bottled Tornado","BloodPotion"],"campfire_rested":3,"item_purchase_floors":[11,11,22,22,22,37,37,37,37,45],"current_hp_per_floor":[80,69,49,38,35,36,36,36,36,38,87,87,86,82,82,67,87,76,57,41,26,26,52,34,34,34,60,60,60,30,30,56,11,87,86,86,86,86,48,66,72,72,82,82,82,82,91,90,90,61],"gold":109,"neow_bonus":"","is_daily":true,"chose_seed":false,"campfire_upgraded":2,"win_rate":0.0,"timestamp":1610357163,"path_taken":["M","?","?","M","?","E","R","?","T","E","$","R","M","?","R","BOSS","M","M","?","M","$","R","M","R","T","R","?","?","?","?","R","BOSS","M","?","$","?","?","E","M","R","T","?","$","?","?","M","R","BOSS"],"items_purchased_type":["Card","Relic","Relic","Relic","Potion","Card","Relic","Relic","Relic","Potion"],"build_version":"2020-12-22","purchased_purges":2,"victory":true,"max_hp_per_floor":[80,80,80,80,80,80,80,80,80,80,87,87,87,87,87,87,87,87,87,87,87,87,87,87,87,87,87,87,87,87,87,87,87,87,87,87,87,87,87,87,87,87,97,97,97,97,97,97,97,97],"card_choices":[{"not_picked":["Anger","Warcry"],"picked":"Sword Boomerang","floor":1.0},{"not_picked":["Warcry","Headbutt"],"picked":"Metallicize","floor":4.0},{"not_picked":["Intimidate","Flex"],"picked":"Cleave","floor":6.0},{"not_picked":["Armaments","Seeing Red"],"picked":"Twin Strike","floor":10.0},{"not_picked":["Body Slam","Iron Wave","Power Through"],"picked":"SKIP","floor":13.0},{"not_picked":["True Grit","Warcry"],"picked":"Shrug It Off","floor":14.0},{"not_picked":["Brutality","Immolate"],"picked":"Offering","floor":16.0},{"not_picked":["Thunderclap","Clash"],"picked":"Intimidate+1","floor":18.0},{"not_picked":["Body Slam","Flex"],"picked":"Twin Strike","floor":19.0},{"not_picked":["Body Slam","Headbutt"],"picked":"Twin Strike","floor":21.0},{"not_picked":["Headbutt+1","Dark Embrace"],"picked":"Heavy Blade","floor":24.0},{"not_picked":["Pommel Strike","Body Slam"],"picked":"Immolate","floor":30.0},{"not_picked":["Bludgeon","Exhume"],"picked":"Demon Form","floor":33.0},{"not_picked":["Twin Strike+1","Carnage+1","Evolve+1"],"picked":"SKIP","floor":35.0},{"not_picked":["Metamorphosis","Master of Strategy"],"picked":"Secret Technique","floor":36.0},{"not_picked":["Wild Strike+1","Ghostly Armor","Body Slam+1"],"picked":"SKIP","floor":39},{"not_picked":["Uppercut","Body Slam"],"picked":"True Grit","floor":40},{"not_picked":["Clothesline+1","Rupture"],"picked":"Cleave","floor":41},{"not_picked":["Thunderclap+1","Sword Boomerang"],"picked":"Flame Barrier","floor":47},{"not_picked":["Havoc+1","Dropkick+1"],"picked":"Inflame+1","floor":48}],"player_experience":147273,"relics_obtained":[{"floor":6.0,"key":"Shuriken"},{"floor":9.0,"key":"Orichalcum"},{"floor":10.0,"key":"Dota2Spire:BlackKingBar"},{"floor":17.0,"key":"Dota2Spire:ArcaneBoots"},{"floor":17.0,"key":"The Courier"},{"floor":17.0,"key":"Ginger"},{"floor":20.0,"key":"Nilry\u0027s Codex"},{"floor":26.0,"key":"Dota2Spire:HandOfMidas"},{"floor":40,"key":"Bronze Scales"},{"floor":43,"key":"Pear"},{"floor":46,"key":"Meat on the Bone"}],"event_choices":[{"damage_healed":0.0,"max_hp_gain":0.0,"max_hp_loss":0.0,"gold_gain":75.0,"event_name":"World of Goop","player_choice":"Gather Gold","floor":2.0,"gold_loss":0.0,"damage_taken":11.0},{"damage_healed":0.0,"max_hp_gain":0.0,"max_hp_loss":0.0,"gold_gain":0.0,"event_name":"Golden Idol","player_choice":"Take Damage","floor":3.0,"gold_loss":0.0,"damage_taken":20.0,"relics_obtained":["Golden Idol"]},{"damage_healed":0.0,"max_hp_gain":0.0,"max_hp_loss":0.0,"gold_gain":0.0,"event_name":"Scrap Ooze","player_choice":"Success","floor":5.0,"gold_loss":0.0,"damage_taken":3.0,"relics_obtained":["Peace Pipe"]},{"damage_healed":0.0,"max_hp_gain":0.0,"max_hp_loss":0.0,"gold_gain":0.0,"event_name":"Lab","player_choice":"Got Potions","floor":8.0,"gold_loss":0.0,"damage_taken":0.0},{"damage_healed":0.0,"max_hp_gain":0.0,"max_hp_loss":0.0,"gold_gain":0.0,"event_name":"Cursed Tome","player_choice":"Obtained Book","floor":20.0,"gold_loss":0.0,"damage_taken":16.0},{"damage_healed":0.0,"max_hp_gain":0.0,"max_hp_loss":0.0,"gold_gain":0.0,"event_name":"Drug Dealer","player_choice":"Obtain J.A.X.","floor":29.0,"gold_loss":0.0,"damage_taken":0.0,"cards_obtained":["J.A.X."]},{"cards_removed":["Metamorphosis"],"damage_healed":0.0,"max_hp_gain":0.0,"max_hp_loss":0.0,"gold_gain":0.0,"event_name":"Back to Basics","player_choice":"Elegance","floor":31.0,"gold_loss":0.0,"damage_taken":0.0},{"damage_healed":0.0,"max_hp_gain":0.0,"max_hp_loss":0.0,"gold_gain":0.0,"event_name":"SensoryStone","player_choice":"Memory 1","floor":36.0,"gold_loss":0.0,"damage_taken":0.0},{"damage_healed":0.0,"max_hp_gain":0.0,"max_hp_loss":0.0,"gold_gain":0.0,"event_name":"Wheel of Change","player_choice":"Cursed","floor":38.0,"gold_loss":0.0,"damage_taken":0.0,"cards_obtained":["Decay"]},{"damage_healed":0,"gold_gain":0,"player_choice":"Bought 1 Potion","damage_taken":0,"max_hp_gain":0,"max_hp_loss":0,"event_name":"The Woman in Blue","floor":44,"gold_loss":0}],"is_beta":false,"boss_relics":[{"not_picked":["Pandora\u0027s Box","Snecko Eye"],"picked":"Calling Bell"},{"not_picked":["Cursed Key","Astrolabe"],"picked":"Dota2Spire:Bloodstone"}],"items_purged_floors":[22,45],"is_endless":false,"potions_floor_spawned":[4,14,19,30,39,40,47,48],"ascension_level":0}}