{"host":"s794kqxf2n1qz2yr","time":1610403887,"event":{"mods":["100% Spire Juice","2.2 Compatiblity","AchievementEnabler","Aspiration","BaseMod","ChefMod","Downfall","Friendly Minions","Hermit","Minty Spire (QoL Compilation)","Permanent Neow","StSLib","The Animator"],"gold_per_floor":[117,117,132,132,132,170,170,217,242,258,283,5,5,5,5,114,114,54,54,54,54,54,54,54,5,5,5,5,5,5,5,5,5,5,5,5,0,0,0,0,0,0,0,0,0,0,0,0,0,0,0],"floor_reached":50,"playtime":4795,"items_purged":[],"score":612,"play_id":"5647cd35-29db-47f2-8c6b-5ca5333a0179","local_time":"20210111222447","daily_mods":["SealedDeck"],"is_ascension_mode":true,"campfire_choices":[{"data":"hermit:Dive","floor":7,"key":"SMITH"},{"data":"hermit:EyeOfTheStorm","floor":13,"key":"SMITH"},{"data":"Master of Strategy","floor":15,"key":"SMITH"},{"floor":23,"key":"REST"},{"data":"hermit:Roughhouse","floor":32,"key":"SMITH"},{"floor":41,"key":"REST"},{"floor":49,"key":"REST"}],"circlet_count":0,"master_deck":["hermit:FlashPowder","hermit:Snipe","hermit:Scavenge","hermit:Dive+1","hermit:Vantage","hermit:ItchyTrigger","hermit:TrackingShot","hermit:TakeAim","hermit:Vantage","hermit:TrackingShot","hermit:Scavenge","hermit:Enervate","hermit:Dive","hermit:EyeOfTheStorm+1","Master of Strategy+1","hermit:Roughhouse+1","hermit:Dive","hermit:Deadeye","hermit:Headshot"],"relics":["hermit:Momento","Blue Candle","Lizard Tail","Blood Vial","Strawberry","Ectoplasm","PrismaticShard","Happy Flower","hermit:RyeStalk","hermit:BartenderGlass","Red Mask","MawBank","Ginger","StrikeDummy"],"acts_visited":["Exordium","TheCity","TheBeyond"],"potions_floor_usage":[6,8,16,28,28,33,35,35,39,39,39,50,50,50,50,50],"damage_taken":[{"damage":3,"enemies":"Jaw Worm","floor":1,"turns":6},{"damage":1,"enemies":"Small Slimes","floor":3,"turns":6},{"damage":13,"enemies":"3 Sentries","floor":6,"turns":10},{"damage":11,"enemies":"Lagavulin","floor":8,"turns":8},{"damage":1,"enemies":"2 Louse","floor":10,"turns":4},{"damage":2,"enemies":"Blue Slaver","floor":11,"turns":6},{"damage":24,"enemies":"The Guardian","floor":16,"turns":18},{"damage":1,"enemies":"2 Thieves","floor":18,"turns":4},{"damage":1,"enemies":"Shell Parasite","floor":19,"turns":11},{"damage":5,"enemies":"Book of Stabbing","floor":24,"turns":8},{"damage":1,"enemies":"Snecko","floor":27,"turns":5},{"damage":5,"enemies":"Snake Plant","floor":28,"turns":4},{"damage":12,"enemies":"Chosen and Byrds","floor":29,"turns":7},{"damage":8,"enemies":"Cultist and Chosen","floor":30,"turns":7},{"damage":1,"enemies":"3 Cultists","floor":31,"turns":6},{"damage":1,"enemies":"Automaton","floor":33,"turns":12},{"damage":5,"enemies":"3 Shapes","floor":35,"turns":4},{"damage":1,"enemies":"Orb Walker","floor":39,"turns":4},{"damage":77,"enemies":"Reptomancer","floor":40,"turns":11},{"damage":1,"enemies":"Jaw Worm Horde","floor":42,"turns":6},{"damage":1,"enemies":"Sphere and 2 Shapes","floor":44,"turns":8},{"damage":13,"enemies":"Maw","floor":45,"turns":9},{"damage":15,"enemies":"Spire Growth","floor":46,"turns":6},{"damage":22,"enemies":"4 Shapes","floor":48,"turns":9},{"damage":104,"enemies":"Time Eater","floor":50,"turns":12}],"seed_played":"5704786622108660100","potions_obtained":[{"floor":1,"key":"AttackPotion"},{"floor":3,"key":"FearPotion"},{"floor":10,"key":"FearPotion"},{"floor":27,"key":"Swift Potion"},{"floor":29,"key":"EntropicBrew"},{"floor":31,"key":"BlessingOfTheForge"},{"floor":33,"key":"BlessingOfTheForge"},{"floor":45,"key":"Strength Potion"},{"floor":48,"key":"sneckomod:MuddlingPotion"}],"is_trial":true,"path_per_floor":["M","?","M","?","?","E","R","E","T","M","M","$","R","?","R","B",null,"M","M","?","?","?","R","E","$","T","M","M","M","M","M","R","B",null,"M","$","?","?","M","E","R","M","T","M","M","M","?","M","R","B"],"character_chosen":"HERMIT","items_purchased":["Master of Strategy","FairyPotion","PowerPotion"],"campfire_rested":3,"item_purchase_floors":[12,12,25],"current_hp_per_floor":[72,72,71,75,63,50,50,39,46,47,47,47,47,47,47,25,82,81,81,65,65,57,83,80,80,80,81,78,68,62,63,63,64,87,82,82,82,82,83,8,34,35,35,36,25,12,12,24,48,0,0],"gold":0,"neow_bonus":"","is_daily":false,"chose_seed":false,"campfire_upgraded":4,"win_rate":0.0,"timestamp":1610403887,"path_taken":["M","?","M","?","?","E","R","E","T","?","M","$","R","?","R","BOSS","M","M","?","?","?","R","E","?","T","M","?","M","M","M","R","BOSS","M","$","?","?","M","E","R","M","T","M","M","?","?","M","R","BOSS"],"items_purchased_type":["Card","Potion","Potion"],"build_version":"2020-12-22","purchased_purges":0,"victory":false,"max_hp_per_floor":[75,75,75,75,75,75,75,75,82,82,82,82,82,82,82,82,82,82,82,87,87,87,87,87,87,87,87,87,87,87,87,87,87,87,87,87,87,87,87,87,87,87,87,87,87,87,83,83,83,83,83],"card_choices":[{"not_picked":["hermit:LuckOfTheDraw","hermit:Roulette","hermit:SprayPray"],"picked":"SKIP","floor":1},{"not_picked":["hermit:Virtue","hermit:Quickdraw"],"picked":"hermit:Scavenge","floor":3},{"not_picked":["hermit:Deadeye","hermit:DeadMansHand"],"picked":"hermit:Enervate","floor":6},{"not_picked":["hermit:Misfire","hermit:Desperado"],"picked":"hermit:Dive","floor":8},{"not_picked":["hermit:LowProfile","hermit:WideOpen"],"picked":"hermit:EyeOfTheStorm","floor":10},{"not_picked":["hermit:Purgatory","hermit:Quickdraw","hermit:FullyLoaded"],"picked":"SKIP","floor":11},{"not_picked":["hermit:Magnum","hermit:FinalCanter"],"picked":"hermit:Roughhouse","floor":16},{"not_picked":["hermit:Roulette","hermit:HoleUp"],"picked":"hermit:Dive","floor":18},{"not_picked":["hermit:Quickdraw","hermit:NoHoldsBarred+1","hermit:BodyArmor"],"picked":"SKIP","floor":19},{"not_picked":["hermit:Ricochet","hermit:Determination"],"picked":"hermit:Headshot","floor":22},{"not_picked":["animator:Emonzaemon","expansioncontent:Flail","chefmod:FullBurn"],"picked":"SKIP","floor":24},{"not_picked":["Flex+1","Dropkick","champ:Backstep"],"picked":"SKIP","floor":27},{"not_picked":["chefmod:MonsterBait","hexamod:BacktrackSmack","hexamod:SwordOfDarkness"],"picked":"SKIP","floor":28},{"not_picked":["animator:Mitsuba","sneckomod:UnknownStrike","Guardian:Gem_Cyan"],"picked":"SKIP","floor":29},{"not_picked":["expansioncontent:HyperBeam","FollowUp+1","Evolve+1"],"picked":"SKIP","floor":30},{"not_picked":["animator:Scar","sneckomod:UnknownCommonAttack+1","chefmod:TwoForOne"],"picked":"SKIP","floor":31},{"not_picked":["Crescendo+1","Slimebound:Schlurp","CrushJoints"],"picked":"SKIP","floor":35},{"not_picked":["hermit:Snipe","chefmod:IcePick","animator:Entoma+1"],"picked":"SKIP","floor":39},{"not_picked":["FearNoEvil","chefmod:Sorbet+1","Rip and Tear+1"],"picked":"SKIP","floor":40},{"not_picked":["Flying Knee","Slimebound:SamplingLick","Slimebound:MassRepurpose"],"picked":"SKIP","floor":42},{"not_picked":["Moonworks:NicePresent","BootSequence+1","Perfected Strike+1"],"picked":"SKIP","floor":44},{"not_picked":["hexamod:FourthSeal","Guardian:TemporalShield+1","FlurryOfBlows+1"],"picked":"SKIP","floor":45},{"not_picked":["Moonworks:ImmovableObject","Guardian:SpikerProtocol+1","animator:Guy+1"],"picked":"SKIP","floor":46},{"not_picked":["animator:Kuribayashi+1","Slimebound:RainOfGoop+1","champ:FocusedBerserking"],"picked":"SKIP","floor":48}],"player_experience":345039,"relics_obtained":[{"floor":6,"key":"Lizard Tail"},{"floor":8,"key":"Blood Vial"},{"floor":9,"key":"Strawberry"},{"floor":22,"key":"PrismaticShard"},{"floor":24,"key":"Happy Flower"},{"floor":26,"key":"hermit:RyeStalk"},{"floor":40,"key":"Ginger"},{"floor":43,"key":"StrikeDummy"}],"event_choices":[{"damage_healed":0,"gold_gain":0,"player_choice":"Leave","damage_taken":0,"max_hp_gain":0,"max_hp_loss":0,"event_name":"The Cleric","floor":2,"gold_loss":0},{"damage_healed":0,"gold_gain":0,"player_choice":"Success","damage_taken":12,"relics_obtained":["Blue Candle"],"max_hp_gain":0,"max_hp_loss":0,"event_name":"Scrap Ooze","floor":5,"gold_loss":0},{"damage_healed":0,"gold_gain":0,"player_choice":"Ignored","damage_taken":0,"max_hp_gain":0,"max_hp_loss":0,"event_name":"Golden Idol","floor":14,"gold_loss":0},{"damage_healed":0,"gold_gain":0,"player_choice":"Shed Blood","damage_taken":21,"max_hp_gain":5,"max_hp_loss":0,"event_name":"Forgotten Altar","floor":20,"gold_loss":0},{"damage_healed":0,"gold_gain":0,"player_choice":"Read","damage_taken":0,"max_hp_gain":0,"max_hp_loss":0,"event_name":"The Library","floor":21,"gold_loss":0,"cards_obtained":["hermit:Deadeye"]},{"damage_healed":0,"gold_gain":0,"player_choice":"Paid","damage_taken":0,"relics_obtained":["Red Mask"],"max_hp_gain":0,"max_hp_loss":0,"event_name":"Tomb of Lord Red Mask","floor":37,"gold_loss":5},{"damage_healed":0,"gold_gain":0,"player_choice":"Gave Potion","damage_taken":0,"relics_obtained":["MawBank"],"max_hp_gain":0,"max_hp_loss":0,"event_name":"WeMeetAgain","floor":38,"gold_loss":0},{"damage_healed":0,"gold_gain":0,"player_choice":"Max HP","damage_taken":0,"max_hp_gain":0,"max_hp_loss":4,"event_name":"Winding Halls","floor":47,"gold_loss":0}],"is_beta":false,"boss_relics":[{"not_picked":["Snecko Eye","aspiration:SecretTechniqueScroll"],"picked":"Ectoplasm"},{"not_picked":["Calling Bell","Cursed Key"],"picked":"hermit:BartenderGlass"}],"items_purged_floors":[],"is_endless":false,"potions_floor_spawned":[1,3,10,27,29,31,33,45,48],"killed_by":"Time Eater","ascension_level":2}}