{"host":"9nt1zhl3k8mtcf72","time":1610336633,"event":{"mods":["Aspiration","BaseMod","BetterRewards","Conjunction","Conspire","Downfall","Energized Spire","Friendly Minions","GifTheSpireLib","Halation","HexUI Lib","Hubris","Infinite Spire","Jedi Mod","JesterMod","Mimic Mod","Minty Spire (QoL Compilation)","RatMod","Replay The Spire","Spikes Relics","StSLib","Stuff the Spire","TheArtist","Trackpad","Useless Jewels Mod","Wandering Minibosses","vexMod"],"gold_per_floor":[110,110,122,122,197,231,231,265,304,324,175,175,32,42,42,143,143,158,158,158,168,168,168,181,200,230,230,230,230,230,230,242,302,302,302,302],"floor_reached":35,"playtime":1953,"items_purged":[],"score":288,"play_id":"acc36c88-1368-4180-8dad-cbe1ea5acc12","local_time":"20210110224353","is_ascension_mode":false,"campfire_choices":[{"floor":7,"key":"RECALL"},{"floor":12,"key":"REST"},{"floor":15,"key":"REST"},{"floor":23,"key":"REST"},{"floor":29,"key":"REST"},{"floor":31,"key":"REST"},{"floor":34,"key":"REST"}],"circlet_count":0,"master_deck":["artistmod:StrokeStrike","artistmod:DaringDefend","artistmod:DaringDefend","artistmod:DaringDefend","artistmod:DaringDefend","artistmod:BrushBash","artistmod:DarkenDrawing","artistmod:RainbowRazor","artistmod:ColorfulClobber","artistmod:PaintBreath","artistmod:TreasureTrove","artistmod:BlueBrews","artistmod:ColorCopy","artistmod:MeanMagenta","artistmod:RadicalRainbows","artistmod:BrownBrush","infinitespire:Gouge","artistmod:IchorInk","Pain","artistmod:YellowYouth","artistmod:RedRage+1","artistmod:BrownBrush","artistmod:ColorCopy+1","ReplayTheSpireMod:Splinters","StuffTheSpire:Ambrosia","artistmod:ColoredCollision+1"],"relics":["artistmod:BlueBrush","NeowsBlessing","aspiration:BabyByrd","ZombieTooth","PreservedInsect","ReplayTheSpireMod:TigerMarble","Regal Pillow","Empty Cage","hubris:64BitClover","aspiration:RitualDagger","Gremlin Horn","WarpedTongs","Replay:Bottled Steam","StuffTheSpire:Saxophone","hubris:TinFlute"],"acts_visited":["Exordium","TheCity"],"potions_floor_usage":[8,24,32,35],"damage_taken":[{"damage":0,"enemies":"Jaw Worm","floor":1,"turns":1},{"damage":0,"enemies":"2 Louse","floor":3,"turns":1},{"damage":0,"enemies":"Gremlin Nob","floor":6,"turns":1},{"damage":17,"enemies":"3 Sentries","floor":8,"turns":12},{"damage":0,"enemies":"Cultist","floor":9,"turns":5},{"damage":12,"enemies":"Cultist","floor":10,"turns":5},{"damage":24,"enemies":"3 Louse","floor":14,"turns":6},{"damage":50,"enemies":"Slime Boss","floor":16,"turns":8},{"damage":24,"enemies":"Shell Parasite","floor":18,"turns":5},{"damage":40,"enemies":"Spheric Guardian","floor":21,"turns":6},{"damage":44,"enemies":"Shelled Parasite and Fungi","floor":24,"turns":5},{"damage":54,"enemies":"Centurion and Healer","floor":25,"turns":5},{"damage":21,"enemies":"Snake Plant","floor":26,"turns":8},{"damage":43,"enemies":"Snake Plant","floor":32,"turns":4},{"damage":82,"enemies":"Collector","floor":35,"turns":5}],"seed_played":"628863679639698300","potions_obtained":[{"floor":1,"key":"AttackPotion"},{"floor":16,"key":"sneckomod:MuddlingPotion"},{"floor":18,"key":"PowerPotion"},{"floor":24,"key":"Slimebound:ThreeZeroPotion"},{"floor":33,"key":"SmokeBomb"}],"is_trial":false,"path_per_floor":["M","?","M","?","?","E","R","E","MIM","M","$","R","$","M","R","B",null,"M","AVR","T","M","?","R","M","M","MIM","PTL","PTL","R","$","R","M","?","R","B"],"character_chosen":"THE_ARTIST","items_purchased":["ReplayTheSpireMod:TigerMarble","Regal Pillow","StuffTheSpire:Saxophone"],"campfire_rested":6,"item_purchase_floors":[11,13,30],"current_hp_per_floor":[71,71,71,71,60,60,60,43,43,31,31,52,52,28,64,14,71,47,47,47,7,7,43,71,32,23,23,23,59,49,71,37,37,71,0,0],"gold":302,"neow_bonus":"THREE_ENEMY_KILL","is_daily":false,"chose_seed":false,"campfire_upgraded":0,"win_rate":0.0,"timestamp":1610336633,"path_taken":["M","?","M","?","?","E","R","E","MIM","M","?","R","$","M","R","BOSS","M","AVR","?","M","?","R","?","M","MIM","PTL","PTL","R","?","R","M","?","R","BOSS"],"items_purchased_type":["Relic","Relic","Relic"],"build_version":"2020-12-22","purchased_purges":0,"victory":false,"max_hp_per_floor":[71,71,71,71,71,71,71,71,71,71,71,71,71,71,71,71,71,71,71,71,71,71,71,71,71,71,71,71,71,71,71,71,71,71,72,72],"card_choices":[{"not_picked":["artistmod:YellowYearning","artistmod:CursedClash"],"picked":"artistmod:RainbowRazor","floor":1},{"not_picked":["artistmod:PurplePain","artistmod:SuperbSchooling"],"picked":"artistmod:ColorfulClobber","floor":3},{"not_picked":["artistmod:SuperbSchooling","artistmod:ResourceRampage"],"picked":"artistmod:PaintBreath","floor":6},{"not_picked":["artistmod:AquaAnger","artistmod:YellowYearning"],"picked":"artistmod:TreasureTrove","floor":8},{"not_picked":["artistmod:ColorfulClobber","artistmod:RedRazzing"],"picked":"artistmod:BlueBrews","floor":9},{"not_picked":["artistmod:ChromaCrash","artistmod:YellowYearning"],"picked":"artistmod:ColorCopy","floor":10},{"not_picked":["artistmod:ColoredCollision","artistmod:ColorCopy"],"picked":"artistmod:MeanMagenta","floor":14},{"not_picked":["artistmod:BlackBang","artistmod:ProfoundPurple"],"picked":"artistmod:RadicalRainbows","floor":16},{"not_picked":["artistmod:YellowYearning","artistmod:ColorfulClobber"],"picked":"artistmod:BrownBrush","floor":18},{"not_picked":["artistmod:BlueBurst","artistmod:RedRage"],"picked":"artistmod:IchorInk","floor":21},{"not_picked":["artistmod:PurplePain","artistmod:SuperbSchooling+1"],"picked":"artistmod:YellowYouth","floor":24},{"not_picked":["artistmod:EnlightenedEpiphany","artistmod:SuperbSchooling"],"picked":"artistmod:RedRage+1","floor":25},{"not_picked":["artistmod:SuperbSchooling","artistmod:MagentaMadness"],"picked":"artistmod:BrownBrush","floor":26},{"not_picked":["artistmod:YellowYearning","artistmod:ClearChroma"],"picked":"artistmod:ColorCopy+1","floor":32},{"not_picked":["artistmod:PrismaticPain","artistmod:CursedClash+1"],"picked":"artistmod:ColoredCollision+1","floor":33}],"player_experience":528136,"relics_obtained":[{"floor":6,"key":"ZombieTooth"},{"floor":8,"key":"PreservedInsect"},{"floor":20,"key":"Gremlin Horn"},{"floor":26,"key":"Replay:Bottled Steam"},{"floor":33,"key":"hubris:TinFlute"}],"event_choices":[{"damage_healed":0,"gold_gain":75,"player_choice":"Gather Gold","damage_taken":11,"max_hp_gain":0,"max_hp_loss":0,"event_name":"World of Goop","floor":5,"gold_loss":0},{"damage_healed":0,"gold_gain":0,"player_choice":"Rummage","damage_taken":0,"relics_obtained":["WarpedTongs"],"max_hp_gain":0,"max_hp_loss":0,"event_name":"Accursed Blacksmith","floor":22,"gold_loss":0,"cards_obtained":["Pain"]}],"is_beta":false,"boss_relics":[{"not_picked":["StuffTheSpire:Kangaroo","hubris:RunicObelisk"],"picked":"Empty Cage"}],"items_purged_floors":[],"is_endless":false,"potions_floor_spawned":[1,16,18,24],"killed_by":"Collector","ascension_level":0}}