{"host":"khm4we1ijduz33xh","time":1610379973,"event":{"mods":["AchievementEnabler","BaseMod","Colored Map","Minty Spire (QoL Compilation)","Rare Cards Sparkle","StSLib","SuperFastMode"],"gold_per_floor":[115,65,80,95,95,95,112,144,144,157,157,157,157,157,157],"floor_reached":14,"playtime":387,"items_purged":[],"score":99,"play_id":"9189f939-5bde-499c-9b6a-4548513f5d1a","local_time":"20210112004613","is_ascension_mode":true,"campfire_choices":[{"data":"Reaper","floor":6,"key":"SMITH"},{"data":"True Grit","floor":11,"key":"SMITH"},{"floor":13,"key":"REST"}],"circlet_count":0,"master_deck":["Strike_R","Strike_R","Strike_R","Strike_R","Defend_R","Defend_R+1","Defend_R+1","Defend_R","Bash","Reaper+1","Flex","Rupture","Bloodletting","True Grit+1"],"relics":["Burning Blood","Gambling Chip","StoneCalendar"],"acts_visited":["Exordium"],"potions_floor_usage":[8,8,14],"damage_taken":[{"damage":4.0,"enemies":"Small Slimes","floor":1.0,"turns":4.0},{"damage":1.0,"enemies":"2 Louse","floor":3.0,"turns":2.0},{"damage":2,"enemies":"Jaw Worm","floor":4,"turns":3},{"damage":21,"enemies":"2 Fungi Beasts","floor":7,"turns":5},{"damage":46,"enemies":"3 Sentries","floor":8,"turns":11},{"damage":22,"enemies":"Looter","floor":10,"turns":3},{"damage":45,"enemies":"Gremlin Nob","floor":14,"turns":5}],"seed_played":"-3014277978079122132","potions_obtained":[{"floor":3.0,"key":"DistilledChaos"},{"floor":4,"key":"LiquidMemories"},{"floor":8,"key":"EssenceOfSteel"}],"is_trial":false,"path_per_floor":["M","?","M","M","?","R","M","E","T","M","R","?","R","E"],"character_chosen":"IRONCLAD","items_purchased":[],"campfire_rested":1,"item_purchase_floors":[],"current_hp_per_floor":[62,62,75,79,79,79,69,41,41,32,32,16,40,0,0],"gold":157,"neow_bonus":"THREE_RARE_CARDS","is_daily":false,"chose_seed":false,"campfire_upgraded":2,"win_rate":0.0,"timestamp":1610379973,"path_taken":["M","?","M","M","?","R","M","E","T","M","R","?","R","E"],"items_purchased_type":[],"build_version":"2020-12-22","purchased_purges":0,"victory":false,"max_hp_per_floor":[80,80,80,80,80,80,80,80,80,80,80,80,80,80,80],"card_choices":[{"not_picked":["Barricade","Immolate"],"picked":"Reaper","floor":0.0},{"not_picked":["Wild Strike","Clothesline"],"picked":"Flex","floor":1.0},{"not_picked":["Anger","Clothesline"],"picked":"Rupture","floor":3.0},{"not_picked":["Dual Wield","Rupture","Warcry"],"picked":"SKIP","floor":4},{"not_picked":["Warcry","Thunderclap","Perfected Strike"],"picked":"SKIP","floor":7},{"not_picked":["Inflame","Dual Wield"],"picked":"Bloodletting","floor":8},{"not_picked":["Metallicize","Shockwave"],"picked":"True Grit","floor":10}],"player_experience":199049,"relics_obtained":[{"floor":8,"key":"Gambling Chip"},{"floor":9,"key":"StoneCalendar"}],"event_choices":[{"cards_removed":["Strike_R"],"damage_healed":0.0,"max_hp_gain":0.0,"max_hp_loss":0.0,"gold_gain":0.0,"event_name":"The Cleric","player_choice":"Card Removal","floor":2.0,"gold_loss":50.0,"damage_taken":0.0},{"damage_healed":0,"gold_gain":0,"player_choice":"Ignored","damage_taken":0,"max_hp_gain":0,"max_hp_loss":0,"event_name":"Liars Game","floor":5,"gold_loss":0},{"damage_healed":0,"gold_gain":0,"player_choice":"Entered Light","damage_taken":16,"max_hp_gain":0,"max_hp_loss":0,"event_name":"Shining Light","floor":12,"gold_loss":0,"cards_upgraded":["Defend_R","Defend_R"]}],"is_beta":false,"boss_relics":[],"items_purged_floors":[],"is_endless":false,"potions_floor_spawned":[3,4,8],"killed_by":"Gremlin Nob","ascension_level":2}}