{"host":"d66n7ln59ex8canu","time":1610395466,"event":{"mods":["AchievementEnabler","BaseMod","Colored Map","Minty Spire (QoL Compilation)","Quick Restart","StSLib"],"gold_per_floor":[109,284,51,51,66,101,101,128,154,182,201,227,227,227,227],"floor_reached":14,"playtime":262,"items_purged":[],"score":199,"play_id":"a8f2e4f8-519c-4626-9ae7-c9c957cdb0fa","local_time":"20210111150426","is_ascension_mode":true,"campfire_choices":[{"data":"Dramatic Entrance","floor":7,"key":"SMITH"}],"circlet_count":0,"master_deck":["Strike_G","Strike_G+1","Strike_G","Strike_G","Strike_G","Defend_G","Defend_G","Defend_G","Defend_G","Defend_G","Survivor","Neutralize+1","PiercingWail","Doubt","Dramatic Entrance+1","Blade Dance","Dagger Spray","Backstab","Cloak And Dagger","Blade Dance","Infinite Blades"],"relics":["Ring of the Snake","NeowsBlessing","Vajra","Art of War","Bronze Scales","Boot","Whetstone","Oddly Smooth Stone"],"acts_visited":["Exordium"],"potions_floor_usage":[10,12,12,14],"damage_taken":[{"damage":0,"enemies":"Small Slimes","floor":1,"turns":1},{"damage":0,"enemies":"Jaw Worm","floor":5,"turns":1},{"damage":0,"enemies":"3 Sentries","floor":6,"turns":1},{"damage":36,"enemies":"Gremlin Nob","floor":8,"turns":4},{"damage":27,"enemies":"Lagavulin","floor":10,"turns":6},{"damage":0,"enemies":"Cultist","floor":11,"turns":1},{"damage":0,"enemies":"Gremlin Nob","floor":12,"turns":1},{"damage":8,"enemies":"Lagavulin","floor":14,"turns":3}],"seed_played":"6719551279470898284","potions_obtained":[{"floor":1,"key":"SkillPotion"},{"floor":4,"key":"DuplicationPotion"},{"floor":4,"key":"Energy Potion"},{"floor":11,"key":"SteroidPotion"}],"is_trial":false,"path_per_floor":["M","?","$","?","M","E","R","E","T","E","M","E","?","E"],"character_chosen":"THE_SILENT","items_purchased":["Vajra","Dramatic Entrance"],"campfire_rested":0,"item_purchase_floors":[3,3],"current_hp_per_floor":[70,70,70,70,70,70,70,34,34,7,7,7,7,0,0],"gold":227,"neow_bonus":"THREE_ENEMY_KILL","is_daily":false,"chose_seed":false,"campfire_upgraded":1,"win_rate":0.0,"timestamp":1610395466,"path_taken":["M","?","$","?","?","E","R","E","T","E","?","E","?","E"],"items_purchased_type":["Relic","Card"],"build_version":"2020-12-22","purchased_purges":0,"victory":false,"max_hp_per_floor":[70,70,70,70,70,70,70,70,70,70,70,70,70,70,70],"card_choices":[{"not_picked":["Terror","Escape Plan"],"picked":"PiercingWail","floor":1},{"not_picked":["Flechettes","Deflect"],"picked":"Blade Dance","floor":5},{"not_picked":["Deflect","Venomology"],"picked":"Dagger Spray","floor":6},{"not_picked":["Sucker Punch","Venomology"],"picked":"Backstab","floor":8},{"not_picked":["Distraction","Dagger Throw"],"picked":"Cloak And Dagger","floor":10},{"not_picked":["Bouncing Flask","PiercingWail"],"picked":"Blade Dance","floor":11},{"not_picked":["Escape Plan","Choke"],"picked":"Infinite Blades","floor":12}],"player_experience":312379,"relics_obtained":[{"floor":6,"key":"Art of War"},{"floor":8,"key":"Bronze Scales"},{"floor":9,"key":"Boot"},{"floor":10,"key":"Whetstone"},{"floor":12,"key":"Oddly Smooth Stone"}],"event_choices":[{"damage_healed":0,"gold_gain":175,"player_choice":"AGREE","damage_taken":0,"max_hp_gain":0,"max_hp_loss":0,"event_name":"Liars Game","floor":2,"gold_loss":0,"cards_obtained":["Doubt"]},{"damage_healed":0,"gold_gain":0,"player_choice":"Got Potions","damage_taken":0,"max_hp_gain":0,"max_hp_loss":0,"event_name":"Lab","floor":4,"gold_loss":0},{"damage_healed":0,"gold_gain":0,"player_choice":"Fled","damage_taken":0,"max_hp_gain":0,"max_hp_loss":0,"event_name":"Scrap Ooze","floor":13,"gold_loss":0}],"is_beta":false,"boss_relics":[],"items_purged_floors":[],"is_endless":false,"potions_floor_spawned":[1,11],"killed_by":"Lagavulin","ascension_level":4}}