{"host":"m113y2j4kbc0e5kb","time":1610324865,"event":{"mods":["BaseMod","Colored Powertips","Lobotomy","LobotomyExtend","Minty Spire (QoL Compilation)","StSLib"],"gold_per_floor":[117,129,142,159,169,169,169],"floor_reached":6,"playtime":205,"items_purged":[],"score":40,"play_id":"38215f99-ef67-488b-b4c9-e058298e9b84","local_time":"20210111092745","is_ascension_mode":false,"campfire_choices":[],"circlet_count":0,"master_deck":["SpecialBullet","SpecialBullet","SpecialBullet","SpecialBullet","SpecialBullet","SpecialBullet","SpecialBullet","SpecialBullet","InformationCode","SecurityCode","CentralCode","UniverseFragment","Beak","PunishingBird","MeatLantern","SpiderBud","OldLady","GrinderMk4"],"relics":["CogitoBucket","NeowsBlessing","LetterFromLob"],"acts_visited":["Exordium"],"potions_floor_usage":[],"damage_taken":[{"damage":0,"enemies":"Cultist","floor":1,"turns":1},{"damage":0,"enemies":"Small Slimes","floor":2,"turns":1},{"damage":0,"enemies":"Jaw Worm","floor":3,"turns":1},{"damage":11,"enemies":"Exordium Thugs","floor":4,"turns":3},{"damage":15,"enemies":"3 Louse","floor":5,"turns":3},{"damage":5,"enemies":"3 Sentries","floor":6,"turns":2}],"seed_played":"-5123772617226513939","potions_obtained":[{"floor":1,"key":"AttackPotion"},{"floor":4,"key":"Fire Potion"}],"is_trial":false,"path_per_floor":["M","M","M","M","M","E"],"character_chosen":"Angela","items_purchased":[],"campfire_rested":0,"item_purchase_floors":[],"current_hp_per_floor":[70,70,70,67,60,55,55],"gold":169,"neow_bonus":"THREE_ENEMY_KILL","is_daily":false,"chose_seed":false,"campfire_upgraded":0,"win_rate":0.0,"timestamp":1610324865,"path_taken":["M","M","M","M","M","E"],"items_purchased_type":[],"build_version":"2020-12-22","purchased_purges":0,"victory":false,"max_hp_per_floor":[70,70,70,70,70,70,70],"card_choices":[{"not_picked":["MHz","GreedKing"],"picked":"UniverseFragment","floor":1},{"not_picked":["Harvest"],"picked":"Beak","floor":1},{"not_picked":["Wellcheers","FieryBird"],"picked":"PunishingBird","floor":2},{"not_picked":["FourthMatchFlame","Wingbeat"],"picked":"SKIP","floor":2},{"not_picked":["MHz","BeautyBeast"],"picked":"MeatLantern","floor":3},{"not_picked":["CherryBlossom","Wingbeat"],"picked":"SKIP","floor":3},{"not_picked":["Wellcheers","MHz"],"picked":"SpiderBud","floor":4},{"not_picked":["CherryBlossom","Wingbeat"],"picked":"SKIP","floor":4},{"not_picked":["ShyLook","WallGazer"],"picked":"OldLady","floor":5},{"not_picked":["ParadiseLost"],"picked":"GrinderMk4","floor":5}],"player_experience":1123961,"relics_obtained":[{"floor":1,"key":"LetterFromLob"}],"event_choices":[],"is_beta":false,"boss_relics":[],"items_purged_floors":[],"is_endless":false,"potions_floor_spawned":[1,4],"killed_by":"3 Sentries","ascension_level":0}}