{"host":"91blwi3hgehj6ch9","time":1610325977,"event":{"mods":["2.2 Compatiblity","AchievementEnabler","BaseMod","Colored Map","DeckTracker","Keyboard Shortcuts","Minty Spire (QoL Compilation)","Permanent Neow","Quick Restart","StSLib","SuperFastMode"],"gold_per_floor":[119,119,194,210,229,229,241,241,241,241,94,109,109,124,124,200,200,212,112,125,125,125,159,159,194,229,269,296,308,320,352,364,449,461,486,509,521,549,212,212,14,27,102,102,112,112,125,142,142,142],"floor_reached":51,"playtime":3226,"items_purged":["Strike_G","Defend_G","Decay"],"score":1096,"play_id":"56d7c1a0-ec23-4965-a997-86569522cdcc","local_time":"20210111094617","is_ascension_mode":true,"campfire_choices":[{"data":"Cloak And Dagger","floor":6.0,"key":"SMITH"},{"data":"Sucker Punch","floor":8.0,"key":"SMITH"},{"data":"Well Laid Plans","floor":13.0,"key":"SMITH"},{"floor":15.0,"key":"REST"},{"data":"Envenom","floor":24.0,"key":"SMITH"},{"floor":30.0,"key":"REST"},{"floor":32.0,"key":"REST"},{"data":"Wraith Form v2","floor":46,"key":"SMITH"},{"floor":49,"key":"REST"}],"circlet_count":0,"master_deck":["AscendersBane","Defend_G","Defend_G","Survivor","Neutralize","Dagger Throw","Cloak And Dagger+1","Well Laid Plans+1","Wraith Form v2+1","Backflip","After Image","Accuracy+1","Blade Dance+1","Calculated Gamble+1","Blade Dance","Envenom+1","Phantasmal Killer","Finisher+1","Wraith Form v2","PiercingWail","Dodge and Roll+1","Storm of Steel","Concentrate+1","PiercingWail","Infinite Blades","Wraith Form v2","Acrobatics","Infinite Blades+1"],"relics":["Ring of the Snake","Lizard Tail","Astrolabe","Girya","Calipers","MawBank","Happy Flower","Anchor","Sozu","Orrery","DollysMirror","Peace Pipe"],"acts_visited":["Exordium","TheCity","TheBeyond"],"potions_floor_usage":[50],"damage_taken":[{"damage":0.0,"enemies":"2 Louse","floor":1.0,"turns":3.0},{"damage":0.0,"enemies":"Cultist","floor":4.0,"turns":4.0},{"damage":0.0,"enemies":"Jaw Worm","floor":5.0,"turns":5.0},{"damage":9.0,"enemies":"Exordium Thugs","floor":7.0,"turns":4.0},{"damage":0.0,"enemies":"Looter","floor":12.0,"turns":3.0},{"damage":19.0,"enemies":"Exordium Wildlife","floor":14.0,"turns":7.0},{"damage":21.0,"enemies":"Hexaghost","floor":16.0,"turns":14.0},{"damage":5.0,"enemies":"Spheric Guardian","floor":18.0,"turns":4.0},{"damage":0.0,"enemies":"3 Byrds","floor":20.0,"turns":4.0},{"damage":17.0,"enemies":"Book of Stabbing","floor":23.0,"turns":7.0},{"damage":21.0,"enemies":"Slavers","floor":25.0,"turns":3.0},{"damage":12.0,"enemies":"Gremlin Leader","floor":27.0,"turns":6.0},{"damage":0.0,"enemies":"Sentry and Sphere","floor":28.0,"turns":3.0},{"damage":7.0,"enemies":"3 Cultists","floor":31.0,"turns":5.0},{"damage":33.0,"enemies":"Automaton","floor":33.0,"turns":8.0},{"damage":19.0,"enemies":"Orb Walker","floor":35.0,"turns":3.0},{"damage":3.0,"enemies":"3 Darklings","floor":36.0,"turns":4.0},{"damage":0.0,"enemies":"Jaw Worm Horde","floor":38.0,"turns":4.0},{"damage":2,"enemies":"Transient","floor":42,"turns":5},{"damage":3,"enemies":"Sphere and 2 Shapes","floor":45,"turns":5},{"damage":0,"enemies":"Maw","floor":47,"turns":7},{"damage":2,"enemies":"4 Shapes","floor":48,"turns":6},{"damage":23,"enemies":"Donu and Deca","floor":50,"turns":9}],"seed_played":"5215475455937638593","potions_obtained":[{"floor":4.0,"key":"CunningPotion"},{"floor":7.0,"key":"Block Potion"},{"floor":12.0,"key":"PowerPotion"},{"floor":16.0,"key":"SteroidPotion"},{"floor":27.0,"key":"Weak Potion"},{"floor":31.0,"key":"DuplicationPotion"},{"floor":33.0,"key":"SpeedPotion"}],"is_trial":false,"path_per_floor":["M","?","?","M","M","R","M","R","T","?","$","M","R","M","R","B",null,"M","$","M","?","T","E","R","E","T","E","M","?","R","M","R","B",null,"M","M","?","M","$","?","$","M","T","T","M","R","M","M","R","B",null],"character_chosen":"THE_SILENT","items_purchased":["Well Laid Plans","Orrery","Infinite Blades","DollysMirror","Acrobatics"],"campfire_rested":4,"item_purchase_floors":[11,39,39,41,41],"current_hp_per_floor":[45,50,43,43,43,43,34,34,34,27,27,27,27,8,30,9,59,54,54,54,54,54,37,37,16,16,4,4,4,26,19,41,8,58,39,36,36,36,36,36,36,34,34,34,31,31,31,29,51,28],"gold":142,"neow_bonus":"REMOVE_TWO","is_daily":false,"chose_seed":false,"campfire_upgraded":5,"win_rate":0.0,"timestamp":1610325977,"path_taken":["M","?","?","M","M","R","?","R","T","?","$","M","R","M","R","BOSS","M","$","M","?","?","E","R","E","T","E","M","?","R","M","R","BOSS","M","M","?","M","$","?","$","?","T","?","M","R","M","M","R","BOSS"],"items_purchased_type":["Card","Relic","Card","Relic","Card"],"build_version":"2020-12-22","purchased_purges":3,"victory":true,"max_hp_per_floor":[70,75,75,75,75,75,75,75,75,75,75,75,75,75,75,75,75,75,75,75,75,75,75,75,75,75,75,75,75,75,75,75,75,75,75,75,75,75,75,75,75,75,75,75,75,75,75,75,75,75],"card_choices":[{"not_picked":["Outmaneuver","Flying Knee"],"picked":"Dagger Throw","floor":1.0},{"not_picked":["Bane","Calculated Gamble"],"picked":"Sucker Punch","floor":4.0},{"not_picked":["Quick Slash","Dodge and Roll"],"picked":"Cloak And Dagger","floor":5.0},{"not_picked":["Quick Slash","Crippling Poison"],"picked":"Dagger Spray","floor":7.0},{"not_picked":["Noxious Fumes","Underhanded Strike"],"picked":"Wraith Form v2","floor":12.0},{"not_picked":["Bane","Prepared"],"picked":"Backflip","floor":14.0},{"not_picked":["Wraith Form v2","A Thousand Cuts"],"picked":"After Image","floor":16.0},{"not_picked":["Backflip","Prepared"],"picked":"Blade Dance","floor":18.0},{"not_picked":["Flying Knee","Well Laid Plans"],"picked":"Envenom","floor":20.0},{"not_picked":["Underhanded Strike","Outmaneuver","Dodge and Roll"],"picked":"SKIP","floor":23.0},{"not_picked":["Deflect","Backflip+1"],"picked":"Phantasmal Killer","floor":25.0},{"not_picked":["Caltrops","Expertise","Flying Knee"],"picked":"SKIP","floor":27.0},{"not_picked":["Predator","Bouncing Flask"],"picked":"Finisher+1","floor":28.0},{"not_picked":["Prepared","Dodge and Roll","Blur"],"picked":"SKIP","floor":31.0},{"not_picked":["A Thousand Cuts","Storm of Steel"],"picked":"Wraith Form v2","floor":33.0},{"not_picked":["Dagger Throw","Underhanded Strike","Backflip"],"picked":"SKIP","floor":35.0},{"not_picked":["Flying Knee","Poisoned Stab+1"],"picked":"PiercingWail","floor":36.0},{"not_picked":["Noxious Fumes","Bane"],"picked":"Dodge and Roll+1","floor":38.0},{"not_picked":["Sucker Punch","Die Die Die"],"picked":"Storm of Steel","floor":39.0},{"not_picked":["Backstab","Poisoned Stab"],"picked":"Concentrate+1","floor":39.0},{"not_picked":["Doppelganger","Outmaneuver"],"picked":"PiercingWail","floor":39.0},{"not_picked":["Blur","Prepared"],"picked":"Infinite Blades+1","floor":42},{"not_picked":["Noxious Fumes","Dagger Spray","Deadly Poison+1"],"picked":"SKIP","floor":45},{"not_picked":["Catalyst+1","Flechettes+1","Underhanded Strike"],"picked":"SKIP","floor":47},{"not_picked":["Deadly Poison","Venomology","Heel Hook"],"picked":"SKIP","floor":48}],"player_experience":146896,"relics_obtained":[{"floor":9.0,"key":"Lizard Tail"},{"floor":22.0,"key":"Girya"},{"floor":23.0,"key":"Calipers"},{"floor":25.0,"key":"MawBank"},{"floor":26.0,"key":"Happy Flower"},{"floor":27.0,"key":"Anchor"},{"floor":44,"key":"Peace Pipe"}],"event_choices":[{"damage_healed":0.0,"max_hp_gain":5.0,"max_hp_loss":0.0,"gold_gain":0.0,"event_name":"Big Fish","player_choice":"Donut","floor":2.0,"gold_loss":0.0,"damage_taken":0.0},{"damage_healed":0.0,"max_hp_gain":0.0,"max_hp_loss":0.0,"gold_gain":75.0,"event_name":"FaceTrader","player_choice":"Touch","floor":3.0,"gold_loss":0.0,"damage_taken":7.0},{"cards_removed":["Strike_G"],"damage_healed":0.0,"max_hp_gain":0.0,"max_hp_loss":0.0,"gold_gain":0.0,"event_name":"Golden Wing","player_choice":"Card Removal","floor":10.0,"gold_loss":0.0,"damage_taken":7.0},{"cards_removed":["Sucker Punch"],"damage_healed":0.0,"max_hp_gain":0.0,"max_hp_loss":0.0,"gold_gain":0.0,"event_name":"Back to Basics","player_choice":"Elegance","floor":21.0,"gold_loss":0.0,"damage_taken":0.0},{"damage_healed":0.0,"max_hp_gain":0.0,"max_hp_loss":0.0,"gold_gain":0.0,"event_name":"Forgotten Altar","player_choice":"Smashed Altar","floor":29.0,"gold_loss":0.0,"damage_taken":0.0,"cards_obtained":["Decay"]},{"cards_removed":["Dagger Spray"],"damage_healed":0.0,"max_hp_gain":0.0,"max_hp_loss":0.0,"gold_gain":0.0,"event_name":"Falling","player_choice":"Removed Attack","floor":37.0,"gold_loss":0.0,"damage_taken":0.0},{"damage_healed":0,"gold_gain":0,"player_choice":"Ignored","damage_taken":0,"max_hp_gain":0,"max_hp_loss":0,"event_name":"Mysterious Sphere","floor":40,"gold_loss":0}],"is_beta":false,"boss_relics":[{"not_picked":["Runic Pyramid","Snecko Eye"],"picked":"Astrolabe"},{"not_picked":["Coffee Dripper","Calling Bell"],"picked":"Sozu"}],"items_purged_floors":[11,19,39],"is_endless":false,"potions_floor_spawned":[4,7,12,16,27,31,33,42,47],"ascension_level":13}}