{"host":"bmdbvcjofwd14mow","time":1610331675,"event":{"mods":["BaseMod","BetterRewards","GifTheSpireLib","Minty Spire (QoL Compilation)","StSLib","The Blackbeard","The Saiyan","The Wild Card"],"gold_per_floor":[114,114,189,205,243,243,301,228,228,273,309,350,350,41,41,182,182,239,154,154,154,206,206,231,231,231],"floor_reached":24,"playtime":1982,"items_purged":[],"score":194,"play_id":"e99857c9-b00a-4301-9ce4-3ae8facab3f9","local_time":"20210110202115","is_ascension_mode":false,"campfire_choices":[{"data":"blackbeard:IntimidatingStrike","floor":6,"key":"SMITH"},{"floor":13,"key":"REST"},{"data":"blackbeard:CannonballSupply","floor":15,"key":"SMITH"},{"floor":23,"key":"REST"}],"circlet_count":0,"master_deck":["blackbeard:BlackbeardStrike","blackbeard:BlackbeardStrike","blackbeard:BlackbeardStrike","blackbeard:IntimidatingStrike+1","blackbeard:BlackbeardDefend","blackbeard:BlackbeardDefend","blackbeard:BlackbeardDefend","blackbeard:Cutlass","blackbeard:Sharpening","blackbeard:Bandana","blackbeard:JollyRoger","blackbeard:PirateEarring","blackbeard:CannonballSupply+1","blackbeard:RearmingStrike","blackbeard:TacticalRetreat","blackbeard:Shrapnel","blackbeard:GoldenRain","blackbeard:Fencing","blackbeard:JollyRoger","blackbeard:PirateEarring","blackbeard:Boarding+1"],"relics":["blackbeard:LoadTheCannons","Thread and Needle","TungstenRod","blackbeard:TreasureChest","blackbeard:PowderCan","SacredBark","Molten Egg 2"],"acts_visited":["Exordium","TheCity"],"potions_floor_usage":[],"damage_taken":[{"damage":10,"enemies":"Jaw Worm","floor":1,"turns":4},{"damage":2,"enemies":"2 Louse","floor":4,"turns":3},{"damage":9,"enemies":"Cultist","floor":5,"turns":4},{"damage":44,"enemies":"3 Sentries","floor":7,"turns":9},{"damage":2,"enemies":"Looter","floor":11,"turns":3},{"damage":0,"enemies":"3 Louse","floor":12,"turns":3},{"damage":26,"enemies":"The Guardian","floor":16,"turns":15},{"damage":29,"enemies":"Shell Parasite","floor":18,"turns":8},{"damage":7,"enemies":"Chosen","floor":22,"turns":4},{"damage":71,"enemies":"Book of Stabbing","floor":24,"turns":8}],"seed_played":"7033638386271289324","potions_obtained":[{"floor":5,"key":"Weak Potion"},{"floor":12,"key":"GamblersBrew"},{"floor":16,"key":"Explosive Potion"},{"floor":18,"key":"Explosive Potion"},{"floor":22,"key":"SkillPotion"}],"is_trial":false,"path_per_floor":["M","?","?","M","M","R","E","$","T","T","M","M","R","$","R","B",null,"M","?","?","?","M","R","E"],"character_chosen":"BLACKBEARD_CLASS","items_purchased":["blackbeard:CannonballSupply","blackbeard:Shrapnel","blackbeard:PowderCan"],"campfire_rested":2,"item_purchase_floors":[8,14,14],"current_hp_per_floor":[72,72,61,59,50,50,6,6,6,6,4,4,28,28,28,2,82,53,53,53,53,46,70,0,0,0],"gold":231,"neow_bonus":"TEN_PERCENT_HP_BONUS","is_daily":false,"chose_seed":false,"campfire_upgraded":2,"win_rate":0.0,"timestamp":1610331675,"path_taken":["M","?","?","M","M","R","E","$","T","?","M","M","R","?","R","BOSS","M","?","?","?","M","R","E"],"items_purchased_type":["Card","Card","Relic"],"build_version":"2020-12-22","purchased_purges":0,"victory":false,"max_hp_per_floor":[82,82,82,82,82,82,82,82,82,82,82,82,82,82,82,82,82,82,82,82,82,82,82,82,82,82],"card_choices":[{"not_picked":["blackbeard:BrownPants","blackbeard:GoldenStrike"],"picked":"blackbeard:Sharpening","floor":1},{"not_picked":["blackbeard:DeadlyArsenal","blackbeard:SmithingHammer"],"picked":"blackbeard:Bandana","floor":4},{"not_picked":["blackbeard:GoldenDefense","blackbeard:Upgrade"],"picked":"blackbeard:JollyRoger","floor":5},{"not_picked":["blackbeard:TheDrunkenSailor","blackbeard:WeaponProficiency"],"picked":"blackbeard:PirateEarring","floor":7},{"not_picked":["blackbeard:Provisioning","blackbeard:Shrapnel"],"picked":"blackbeard:RearmingStrike","floor":11},{"not_picked":["blackbeard:SwordDance","blackbeard:Toast"],"picked":"blackbeard:TacticalRetreat","floor":12},{"not_picked":["blackbeard:UndeadForm","blackbeard:PirateStrength"],"picked":"blackbeard:GoldenRain","floor":16},{"not_picked":["blackbeard:BeatUp+1","blackbeard:Toast"],"picked":"blackbeard:Fencing","floor":18},{"not_picked":["blackbeard:GoldenDefense+1","blackbeard:BeatUp+1"],"picked":"blackbeard:Boarding+1","floor":22}],"player_experience":13805,"relics_obtained":[{"floor":7,"key":"Thread and Needle"},{"floor":9,"key":"TungstenRod"},{"floor":10,"key":"blackbeard:TreasureChest"}],"event_choices":[{"damage_healed":0,"gold_gain":0,"player_choice":"Ignored","damage_taken":0,"max_hp_gain":0,"max_hp_loss":0,"event_name":"Golden Wing","floor":2,"gold_loss":0},{"damage_healed":0,"gold_gain":75,"player_choice":"Gather Gold","damage_taken":11,"max_hp_gain":0,"max_hp_loss":0,"event_name":"World of Goop","floor":3,"gold_loss":0},{"damage_healed":0,"gold_gain":0,"player_choice":"Obtained Relic","damage_taken":0,"relics_obtained":["Molten Egg 2"],"max_hp_gain":0,"max_hp_loss":0,"event_name":"Addict","floor":19,"gold_loss":85},{"damage_healed":0,"gold_gain":0,"player_choice":"Ignored","damage_taken":0,"max_hp_gain":0,"max_hp_loss":0,"event_name":"Ghosts","floor":20,"gold_loss":0},{"damage_healed":0,"gold_gain":0,"cards_transformed":["blackbeard:BlackbeardStrike","blackbeard:BlackbeardDefend"],"player_choice":"Became Test Subject","damage_taken":0,"max_hp_gain":0,"max_hp_loss":0,"event_name":"Drug Dealer","floor":21,"gold_loss":0,"cards_obtained":["blackbeard:JollyRoger","blackbeard:PirateEarring"]}],"is_beta":false,"boss_relics":[{"not_picked":["Cursed Key","SlaversCollar"],"picked":"SacredBark"}],"items_purged_floors":[],"is_endless":false,"potions_floor_spawned":[5,12,16,18,22],"killed_by":"Book of Stabbing","ascension_level":0}}