{"host":"40vzoph344nwp0en","time":1610356069,"event":{"mods":["2.2 Compatiblity","BaseMod","Bestiary","ChefMod","Colored Map","GifTheSpireLib","Highlight Path","Minty Spire (QoL Compilation)","Potionbrewer","Relic Sorter","StSLib","SuperFastMode","The Marked"],"gold_per_floor":[100113,99204,99204,99154,98237,98268,98280,98280,98280,98290,98332,97451,97451,97451,97451,97556,97556,97556,97556],"floor_reached":18,"playtime":1212,"items_purged":["chefmod:Strike","chefmod:LocoMoco","chefmod:Defend"],"score":266,"play_id":"f8314fea-9e32-4c97-9656-70e89cd0b2b8","local_time":"20210111020749","is_ascension_mode":false,"campfire_choices":[{"data":"chefmod:RaidPantry","floor":8,"key":"SMITH"},{"data":"chefmod:Escargot","floor":13,"key":"SMITH"},{"data":"chefmod:QuickThaw","floor":15,"key":"SMITH"}],"circlet_count":0,"master_deck":["chefmod:QuickThaw+1","chefmod:TodaysSpecial","chefmod:ZaruSoba","Flash of Steel","chefmod:Escargot+1","chefmod:DinoKale","chefmod:DinoKale","chefmod:Sorbet","chefmod:FreezeSolid","chefmod:Mince","Flash of Steel","Secret Technique","chefmod:Bruschetta","chefmod:RaidPantry+1","chefmod:Granita","Flash of Steel","chefmod:Chop","chefmod:Granita","chefmod:CuttingBoard","chefmod:PrepCook","chefmod:Granita","chefmod:Puree","chefmod:VegetableTart","chefmod:DoubleChop"],"relics":["chefmod:TrustyPot","NeowsBlessing","Omamori","Boot","OrangePellets","Shuriken","chefmod:RollingPin","potionbrewer:BoosterPack","Pantograph","HornCleat","potionbrewer:MortarAndPestle","Darkstone Periapt","Turnip","Membership Card","Pandora\u0027s Box"],"acts_visited":["Exordium","TheCity"],"potions_floor_usage":[11],"damage_taken":[{"damage":0,"enemies":"2 Louse","floor":1,"turns":1},{"damage":0,"enemies":"Lagavulin","floor":6,"turns":1},{"damage":0,"enemies":"Jaw Worm","floor":7,"turns":1},{"damage":0,"enemies":"Small Slimes","floor":10,"turns":3},{"damage":13,"enemies":"Gremlin Nob","floor":11,"turns":5},{"damage":23,"enemies":"Slime Boss","floor":16,"turns":8},{"damage":0,"enemies":"3 Byrds","floor":18,"turns":1}],"seed_played":"1742646157756369867","potions_obtained":[{"floor":11,"key":"Strength Potion"}],"is_trial":false,"path_per_floor":["M","$","?","?","$","E","M","R","T","M","E","$","R","?","R","B",null,"M"],"character_chosen":"THE_CHEF","items_purchased":["Omamori","Boot","OrangePellets","Flash of Steel","chefmod:Escargot","Regen Potion","potionbrewer:MidasPotion","potionbrewer:BarricadePotion","Shuriken","chefmod:RollingPin","potionbrewer:BoosterPack","Flash of Steel","Secret Technique","Darkstone Periapt","Turnip","Membership Card","Flash of Steel","chefmod:Chop","chefmod:Granita","chefmod:CuttingBoard"],"campfire_rested":0,"item_purchase_floors":[2,2,2,2,2,2,2,2,5,5,5,5,5,12,12,12,12,12,12,12],"current_hp_per_floor":[76,76,69,69,69,69,69,69,69,69,56,56,56,56,56,53,76,76,76],"gold":97556,"neow_bonus":"THREE_ENEMY_KILL","is_daily":false,"chose_seed":false,"campfire_upgraded":3,"win_rate":0.0,"timestamp":1610356069,"path_taken":["M","$","?","?","$","E","M","R","T","M","E","?","R","?","R","BOSS","M"],"items_purchased_type":["Relic","Relic","Relic","Card","Card","Potion","Potion","Potion","Relic","Relic","Relic","Card","Card","Relic","Relic","Relic","Card","Card","Card","Card"],"build_version":"2020-12-22","purchased_purges":3,"victory":false,"max_hp_per_floor":[76,76,76,76,76,76,76,76,76,76,76,76,76,76,76,76,76,76,76],"card_choices":[{"not_picked":["chefmod:BaoBuns","chefmod:Defrost"],"picked":"chefmod:ZaruSoba","floor":1},{"not_picked":["chefmod:FreezerBurn","chefmod:Defrost"],"picked":"chefmod:Bruschetta","floor":6},{"not_picked":["chefmod:DimSum","chefmod:DinoKale"],"picked":"chefmod:RaidPantry","floor":7},{"not_picked":["chefmod:DinoKale","chefmod:Defrost","chefmod:FireUp"],"picked":"SKIP","floor":10},{"not_picked":["chefmod:FarmersMarket","chefmod:Defrost"],"picked":"chefmod:Granita","floor":11},{"not_picked":["chefmod:BananaSplit","chefmod:Canape"],"picked":"chefmod:PrepCook","floor":16}],"player_experience":380494,"relics_obtained":[{"floor":6,"key":"Pantograph"},{"floor":9,"key":"HornCleat"},{"floor":11,"key":"potionbrewer:MortarAndPestle"}],"event_choices":[{"cards_removed":["chefmod:Defend"],"damage_healed":0,"gold_gain":0,"player_choice":"Card Removal","damage_taken":7,"max_hp_gain":0,"max_hp_loss":0,"event_name":"Golden Wing","floor":3,"gold_loss":0},{"cards_removed":["chefmod:Strike"],"damage_healed":0,"gold_gain":0,"player_choice":"Card Removal","damage_taken":0,"max_hp_gain":0,"max_hp_loss":0,"event_name":"The Cleric","floor":4,"gold_loss":50},{"damage_healed":0,"gold_gain":0,"player_choice":"Ignored","damage_taken":0,"max_hp_gain":0,"max_hp_loss":0,"event_name":"Liars Game","floor":14,"gold_loss":0}],"is_beta":false,"boss_relics":[{"not_picked":["Runic Pyramid","chefmod:PepperMill"],"picked":"Pandora\u0027s Box"}],"items_purged_floors":[2,5,12],"is_endless":false,"potions_floor_spawned":[6,11,16],"killed_by":"3 Byrds","ascension_level":0}}