{"host":"5apxsqgkueisybsc","time":1610339740,"event":{"mods":["A Magickal Journey","BaseMod","Better Third Choice","DeckTracker","Hermit","Hero for Fun","Hubris","Hunter ??","Mimic Mod","Minty Spire (QoL Compilation)","Random Character Button","Rare Cards Sparkle","Replay The Spire","Robot Space Explorer","SOS???????","Shade Mod","StSLib","The Blackbeard","The Bladedancer","The Bug Knight","The Clintock","The Cursed","The Disciple","The Druid","The Exalted","The Forsaken","The Servant 0.9.4","The Valiant","The Witch","[IsaacMod]????"],"gold_per_floor":[369,369,49,99,140,160,160],"floor_reached":6,"playtime":250,"items_purged":["Vigilance"],"score":36,"play_id":"65fb7357-3436-419d-b530-d13c762a4879","local_time":"20210110233540","is_ascension_mode":true,"campfire_choices":[],"circlet_count":0,"master_deck":["HollowMod:NailStrikeStart","HollowMod:NailStrikeStart","HollowMod:NailStrikeStart","HollowMod:NailStrikeStart","HollowMod:QuickDashStart","HollowMod:QuickDashStart","HollowMod:QuickDashStart","HollowMod:QuickDashStart","HollowMod:FocusHealStart","HollowMod:PogoStrike","Defend_Giant","HollowMod:SoulSplash","Injury","HollowMod:BaldurShell","HollowMod:SharpenedNail","Looming Evil","HollowMod:SoulVessel"],"relics":["HollowMod:VesselMask","HushsDoor","KeepersGift","Golden Idol","Replay:Bandana","Ring of Panic","Ring of Greed","Tiny Chest","MawBank"],"acts_visited":["Exordium"],"potions_floor_usage":[],"damage_taken":[{"damage":1,"enemies":"Jaw Worm","floor":1,"turns":4},{"damage":1,"enemies":"2 Louse","floor":5,"turns":3},{"damage":3,"enemies":"Gremlin Nob","floor":6,"turns":3}],"seed_played":"2278523517611178880","potions_obtained":[{"floor":1,"key":"Venom Potion"}],"is_trial":false,"path_per_floor":["M","?","$","?","M","E"],"character_chosen":"THE_BUGKNIGHT","items_purchased":["Replay:Bandana","HollowMod:BaldurShell","HollowMod:SharpenedNail"],"campfire_rested":0,"item_purchase_floors":[3,3,3],"current_hp_per_floor":[74,74,74,74,73,70,70],"gold":160,"neow_bonus":"TWO_FIFTY_GOLD","is_daily":false,"chose_seed":false,"campfire_upgraded":0,"win_rate":0.0,"timestamp":1610339740,"path_taken":["M","?","$","?","M","E"],"items_purchased_type":["Relic","Card","Card"],"build_version":"2020-12-22","purchased_purges":1,"victory":false,"max_hp_per_floor":[75,75,75,75,75,75,75],"card_choices":[{"not_picked":["HollowMod:BlackTendrils","HollowMod:InfectedCysts"],"picked":"HollowMod:SoulSplash","floor":1},{"not_picked":["HollowMod:TaintedHusks","HollowMod:VengefulVoid"],"picked":"HollowMod:SoulVessel","floor":5}],"player_experience":123982,"relics_obtained":[{"floor":4,"key":"Ring of Panic"},{"floor":4,"key":"Ring of Greed"},{"floor":4,"key":"Tiny Chest"},{"floor":4,"key":"MawBank"}],"event_choices":[{"damage_healed":0,"gold_gain":0,"player_choice":"Take Wound","damage_taken":0,"relics_obtained":["Golden Idol"],"max_hp_gain":0,"max_hp_loss":0,"event_name":"Golden Idol","floor":2,"gold_loss":0,"cards_obtained":["Injury"]}],"is_beta":false,"boss_relics":[],"items_purged_floors":[3],"is_endless":false,"potions_floor_spawned":[1],"killed_by":"Gremlin Nob","ascension_level":1}}