{"host":"7c402rm0fqc13zvz","time":1610380101,"event":{"mods":["BaseMod","Marisa£®ÏF”Í°°ƒß¿Ì…≥£©","Minty Spire (QoL Compilation)","Reimu£®≤©¿ˆ¡È√Œ£©","StSLib","The Administrix","Youmu£®ªÍ∆«—˝√Œ£©","[π¶ƒ‹]π¶ƒ‹‘ˆ«ø∫Õ–ﬁ∏¥MOD"],"gold_per_floor":[113,132,107,124,134,134,149,149,149,160,178,178,128,128,128,422,422,435,435,435,451,465,491,481,492,516,528,566,578,601,648,660,941,953,979,981,996,1009,1009,1009,1035,1035,1035,1053,1053,1088,1088,0,0,0],"floor_reached":51,"playtime":1096,"items_purged":["Defend_R","Defend_R","Defend_R","Defend_R","Strike_R","Strike_R","Strike_R","Strike_R","Strike_R"],"score":1218,"play_id":"5bf1a421-2cd4-415c-8645-458b30860e46","local_time":"20210111234821","is_ascension_mode":true,"campfire_choices":[{"data":"Perfected Strike","floor":6.0,"key":"SMITH"},{"data":"Flex","floor":8.0,"key":"SMITH"},{"data":"Master of Strategy","floor":12.0,"key":"SMITH"},{"data":"Battle Trance","floor":15.0,"key":"SMITH"},{"data":"Offering","floor":27.0,"key":"SMITH"},{"data":"Inflame","floor":29.0,"key":"SMITH"},{"data":"Offering","floor":32.0,"key":"SMITH"},{"data":"Limit Break","floor":40.0,"key":"SMITH"},{"data":"1","floor":42.0,"key":"LIFT"},{"data":"2","floor":45.0,"key":"LIFT"},{"data":"3","floor":47.0,"key":"LIFT"},{"data":"Pommel Strike","floor":49.0,"key":"SMITH"}],"circlet_count":0,"master_deck":["Perfected Strike+1","Master of Strategy+1","Flex+1","Battle Trance+1","Offering+1","Offering+1","Pommel Strike","Pommel Strike+1","Flash of Steel+1","Inflame+1","Perfected Strike+1","Perfected Strike+1","Reaper+1","Limit Break+1","Flash of Steel+1","Pommel Strike+1"],"relics":["Black Blood","TentaclePot:ReiMu","Bag of Marbles","Darkstone Periapt","Happy Flower","Dream Catcher","Philosopher\u0027s Stone","Smiling Mask","Molten Egg 2","Bottled Lightning","ClockworkSouvenir","MawBank","Du-Vu Doll","Sundial","Girya","Meat on the Bone","Mercury Hourglass","War Paint","Red Mask"],"acts_visited":["Exordium","TheCity","TheBeyond"],"potions_floor_usage":[50,50],"damage_taken":[{"damage":6.0,"enemies":"Cultist","floor":1.0,"turns":4.0},{"damage":13.0,"enemies":"Small Slimes","floor":2.0,"turns":4.0},{"damage":6.0,"enemies":"2 Louse","floor":4.0,"turns":2.0},{"damage":0.0,"enemies":"2 Fungi Beasts","floor":5.0,"turns":2.0},{"damage":0.0,"enemies":"Blue Slaver","floor":7.0,"turns":1.0},{"damage":0.0,"enemies":"Looter","floor":10.0,"turns":1.0},{"damage":0.0,"enemies":"3 Louse","floor":11.0,"turns":2.0},{"damage":59.0,"enemies":"Hexaghost","floor":16.0,"turns":5.0},{"damage":12.0,"enemies":"3 Byrds","floor":18.0,"turns":2.0},{"damage":12.0,"enemies":"2 Thieves","floor":21.0,"turns":1.0},{"damage":12.0,"enemies":"3 Cultists","floor":22.0,"turns":1.0},{"damage":12.0,"enemies":"Book of Stabbing","floor":23.0,"turns":1.0},{"damage":12.0,"enemies":"Shelled Parasite and Fungi","floor":25.0,"turns":1.0},{"damage":12.0,"enemies":"Gremlin Leader","floor":28.0,"turns":1.0},{"damage":20.0,"enemies":"Cultist and Chosen","floor":30.0,"turns":2.0},{"damage":6.0,"enemies":"Book of Stabbing","floor":31.0,"turns":1.0},{"damage":12.0,"enemies":"Automaton","floor":33.0,"turns":1.0},{"damage":17.0,"enemies":"Orb Walker","floor":35.0,"turns":2.0},{"damage":20.0,"enemies":"3 Shapes","floor":37.0,"turns":1.0},{"damage":12.0,"enemies":"Jaw Worm Horde","floor":38.0,"turns":1.0},{"damage":12.0,"enemies":"Giant Head","floor":41.0,"turns":1.0},{"damage":6.0,"enemies":"Sphere and 2 Shapes","floor":44.0,"turns":1.0},{"damage":6.0,"enemies":"Nemesis","floor":46.0,"turns":1.0},{"damage":61,"enemies":"Time Eater","floor":50,"turns":4}],"seed_played":"2979537011746963660","potions_obtained":[{"floor":2.0,"key":"GrandPatriotsElixir:ReiMu"},{"floor":2.0,"key":"BloodPotion"},{"floor":4.0,"key":"Fruit Juice"},{"floor":7.0,"key":"Dexterity Potion"},{"floor":10.0,"key":"PowerPotion"},{"floor":18.0,"key":"BlessingOfTheForge"},{"floor":23.0,"key":"PowerPotion"},{"floor":37.0,"key":"Weak Potion"},{"floor":37.0,"key":"LiquidBronze"},{"floor":38.0,"key":"Swift Potion"},{"floor":41.0,"key":"SkillPotion"},{"floor":41.0,"key":"Block Potion"}],"is_trial":false,"path_per_floor":["M","M","$","M","M","R","M","R","T","M","M","R","?","?","R","B",null,"M","?","?","M","M","E","$","M","T","R","E","R","M","E","R","B",null,"M","$","M","M","?","R","E","R","T","M","R","E","R","?","R","B",null],"character_chosen":"IRONCLAD","items_purchased":["TentaclePot:ReiMu","Bag of Marbles","Darkstone Periapt","Master of Strategy","Flex","Molten Egg 2","Flash of Steel+1","Inflame","Bottled Lightning","ClockworkSouvenir"],"campfire_rested":0,"item_purchase_floors":[3,3,3,3,3,24,24,24,24,24],"current_hp_per_floor":[80,73,73,78,84,84,85,85,85,85,85,85,85,90,90,37,90,84,84,66,60,54,48,48,42,42,42,55,55,41,41,41,35,95,90,90,95,95,85,85,85,85,85,95,95,95,95,95,95,58],"gold":0,"neow_bonus":"THREE_CARDS","is_daily":false,"chose_seed":false,"campfire_upgraded":9,"win_rate":0.0,"timestamp":1610380101,"path_taken":["M","M","$","M","M","R","M","R","T","M","M","R","?","?","R","BOSS","M","?","?","M","M","E","$","M","T","R","E","R","M","E","R","BOSS","M","$","M","M","?","R","E","R","T","M","R","E","R","?","R","BOSS"],"items_purchased_type":["Relic","Relic","Relic","Card","Card","Relic","Card","Card","Relic","Relic"],"build_version":"2020-12-22","purchased_purges":9,"victory":true,"max_hp_per_floor":[80,80,80,85,85,85,85,85,85,85,85,85,85,90,90,90,90,90,90,95,95,95,95,95,95,95,95,95,95,95,95,95,95,95,95,95,95,95,95,95,95,95,95,95,95,95,95,95,95,95],"card_choices":[{"not_picked":["Pommel Strike","Sentinel"],"picked":"Perfected Strike","floor":0.0},{"not_picked":["Armaments","Havoc","Cleave"],"picked":"SKIP","floor":1.0},{"not_picked":["Iron Wave","Shrug It Off","Cleave"],"picked":"SKIP","floor":2.0},{"not_picked":["Heavy Blade","Metallicize","Sentinel"],"picked":"SKIP","floor":4.0},{"not_picked":["Warcry","Whirlwind","Reckless Charge"],"picked":"SKIP","floor":5.0},{"not_picked":["Iron Wave","Havoc"],"picked":"Battle Trance","floor":7.0},{"not_picked":["Sever Soul","Searing Blow","Flex"],"picked":"SKIP","floor":10.0},{"not_picked":["Feel No Pain","Disarm","Second Wind"],"picked":"SKIP","floor":11.0},{"not_picked":["Fiend Fire","Demon Form"],"picked":"Offering","floor":16.0},{"not_picked":["Fiend Fire","Barricade"],"picked":"Offering","floor":16.0},{"not_picked":["Fire Breathing","Heavy Blade","Pommel Strike"],"picked":"SKIP","floor":18.0},{"not_picked":["Fire Breathing","Heavy Blade"],"picked":"Pommel Strike","floor":18.0},{"not_picked":["Havoc","Carnage"],"picked":"Pommel Strike","floor":21.0},{"not_picked":["Thunderclap","Dark Embrace","Clash"],"picked":"SKIP","floor":22.0},{"not_picked":["Blood for Blood","Anger","True Grit"],"picked":"SKIP","floor":23.0},{"not_picked":["Warcry+1","Burning Pact+1"],"picked":"Perfected Strike+1","floor":25.0},{"not_picked":["Corruption","Anger+1","Iron Wave+1"],"picked":"SKIP","floor":28.0},{"not_picked":["Shrug It Off","Infernal Blade+1"],"picked":"Perfected Strike+1","floor":30.0},{"not_picked":["Second Wind","Spot Weakness+1","Body Slam+1"],"picked":"SKIP","floor":31.0},{"not_picked":["Barricade","Fiend Fire+1"],"picked":"Reaper+1","floor":33.0},{"not_picked":["Impervious","Exhume"],"picked":"Limit Break","floor":33.0},{"not_picked":["Thunderclap+1","Flex+1","Body Slam+1"],"picked":"SKIP","floor":35.0},{"not_picked":["Thunderclap+1","Flex+1","Body Slam+1"],"picked":"SKIP","floor":35.0},{"not_picked":["Flex","Metallicize+1","Thunderclap+1"],"picked":"SKIP","floor":37.0},{"not_picked":["Whirlwind+1","Headbutt+1","Armaments"],"picked":"SKIP","floor":38.0},{"not_picked":["Apotheosis","Dramatic Entrance+1"],"picked":"Flash of Steel+1","floor":39.0},{"not_picked":["Havoc","Rage+1"],"picked":"Pommel Strike+1","floor":41.0},{"not_picked":["Havoc+1","Spot Weakness","Combust+1"],"picked":"SKIP","floor":44.0},{"not_picked":["Sever Soul+1","Rampage+1","Hemokinesis+1"],"picked":"SKIP","floor":46.0}],"player_experience":56859,"relics_obtained":[{"floor":9.0,"key":"Happy Flower"},{"floor":16.0,"key":"Dream Catcher"},{"floor":23.0,"key":"Smiling Mask"},{"floor":26.0,"key":"MawBank"},{"floor":28.0,"key":"Du-Vu Doll"},{"floor":31.0,"key":"Sundial"},{"floor":33.0,"key":"Girya"},{"floor":41.0,"key":"Meat on the Bone"},{"floor":43.0,"key":"Mercury Hourglass"},{"floor":46.0,"key":"War Paint"}],"event_choices":[{"cards_removed":["Bash"],"damage_healed":0.0,"max_hp_gain":0.0,"max_hp_loss":0.0,"gold_gain":0.0,"event_name":"The Cleric","player_choice":"Card Removal","floor":13.0,"gold_loss":50.0,"damage_taken":0.0},{"damage_healed":0.0,"max_hp_gain":5.0,"max_hp_loss":0.0,"gold_gain":0.0,"event_name":"Big Fish","player_choice":"Donut","floor":14.0,"gold_loss":0.0,"damage_taken":0.0},{"damage_healed":0.0,"max_hp_gain":0.0,"max_hp_loss":0.0,"gold_gain":0.0,"event_name":"Ghosts","player_choice":"Ignored","floor":19.0,"gold_loss":0.0,"damage_taken":0.0},{"damage_healed":0.0,"max_hp_gain":5.0,"max_hp_loss":0.0,"gold_gain":0.0,"event_name":"Forgotten Altar","player_choice":"Shed Blood","floor":20.0,"gold_loss":0.0,"damage_taken":23.0},{"damage_healed":0.0,"max_hp_gain":0.0,"max_hp_loss":0.0,"gold_gain":0.0,"event_name":"SensoryStone","player_choice":"Memory 3","floor":39.0,"gold_loss":0.0,"damage_taken":10.0},{"damage_healed":0.0,"max_hp_gain":0.0,"max_hp_loss":0.0,"gold_gain":0.0,"event_name":"Tomb of Lord Red Mask","player_choice":"Paid","floor":48.0,"gold_loss":1088.0,"damage_taken":0.0,"relics_obtained":["Red Mask"]}],"is_beta":false,"boss_relics":[{"not_picked":["Busted Crown","Coffee Dripper"],"picked":"Philosopher\u0027s Stone"},{"not_picked":["Runic Cube","Sozu"],"picked":"Black Blood"}],"items_purged_floors":[3,3,3,3,3,24,24,36,36],"is_endless":false,"potions_floor_spawned":[2,2,4,7,10,11,18,21,21,23,23,25,30,37,37,38,41,41,44],"ascension_level":4}}