{"host":"nia1zwr35jsu5y7h","time":1610387848,"event":{"mods":["2.2 Compatiblity","Abigail Mod","Bard","BaseMod","Colored Map","Conspire","Downfall","Friendly Minions","Hermit","Highlight Path","Hubris","Infinite Spire","Kiyohime????","Koishi","Marisa????????","Minty Spire (QoL Compilation)","Quick Restart","Replay The Spire","Shade Mod","Shop Mod","StSLib","The Administrix","The Animator","The Construct","The Cursed","The Disciple","The Mystic","The Necromancer","The Servant 0.9.4"],"gold_per_floor":[118,118,43,43,60,60,60,60,100,100,100,119,146,164,164,64,64,160,160,184,198,26,47,65,65,112,112,112,112,134,134,134,48,48,158,158,186,186,186,36,46,80,80,99,99,132,7,30,30,30,30,38],"floor_reached":53,"playtime":4344,"items_purged":["animator:Defend","animator:Strike","animator:Strike_Konosuba"],"score":935,"play_id":"f1dc5670-141a-4f3e-b690-1665925716e2","local_time":"20210111095728","is_ascension_mode":false,"campfire_choices":[{"data":"animator:EmiyaShirou","floor":8.0,"key":"SMITH"},{"data":"hermit:Virtue","floor":10.0,"key":"SMITH"},{"data":"animator:ChaikaTrabant","floor":15.0,"key":"SMITH"},{"data":"animator:AcuraShin","floor":17.0,"key":"SMITH"},{"data":"animator:HigakiRinne","floor":25.0,"key":"SMITH"},{"data":"animator:MetalKnight","floor":25.0,"key":"SMITH"},{"floor":34.0,"key":"REST"},{"data":"hubris:Fate","floor":43,"key":"SMITH"},{"data":"animator:GazelDwargon","floor":43,"key":"SMITH"},{"data":"animator:Ainz","floor":49,"key":"SMITH"},{"data":"animator:Biyorigo","floor":49,"key":"SMITH"},{"data":"animator:SwordMaiden","floor":51,"key":"SMITH"},{"data":"animator:Saitama","floor":51,"key":"SMITH"}],"circlet_count":0,"master_deck":["animator:Defend_Konosuba","animator:Defend","animator:Kazuma","animator:Emonzaemon+1","hermit:Virtue+1","animator:EmiyaShirou+1","animator:AcuraShin+1","animator:AcuraTooru","animator:ChaikaTrabant+1","animator:Entoma+4","animator:HigakiRinne+1","animator:YunYun","animator:AcuraAkari","animator:Cirno","animator:GuildGirl","animator:Megumin+9","animator:MetalKnight+1","animator:Biyorigo+1","animator:Saitama+1","animator:Sonic","animator:EmiyaShirou","animator:SwordMaiden+1","animator:GazelDwargon+1","hubris:Fate+1","animator:HighElfArcher+1","animator:TsurugaMeisai","animator:Biyorigo","animator:TsurugaMeisai+1","Parasite","animator:Ainz+1"],"relics":["animator:VividPicture","animator:TheMissingPiece","animator:PurgingStone","NeowsBlessing","Pet Ghost","infinitespire:Bottled Soul","hubris:Backtick","Replay:Arrowhead","Boot","hubris:PeanutButter","Ring of Peace","ReplayTheSpireMod:Ring of Challenge","hubris:Towel","Whetstone","hubris:BottledRain","HornCleat","Sundial"],"acts_visited":["Exordium","TheCity","TheBeyond"],"potions_floor_usage":[],"damage_taken":[{"damage":0.0,"enemies":"2 Louse","floor":1.0,"turns":2.0},{"damage":0.0,"enemies":"Jaw Worm","floor":5.0,"turns":1.0},{"damage":0.0,"enemies":"3 Sentries","floor":9.0,"turns":2.0},{"damage":0.0,"enemies":"Cultist","floor":12.0,"turns":6.0},{"damage":3.0,"enemies":"2 Fungi Beasts","floor":13.0,"turns":4.0},{"damage":14.0,"enemies":"Lots of Slimes","floor":14.0,"turns":8.0},{"damage":27.0,"enemies":"Slime Boss","floor":18.0,"turns":7.0},{"damage":14.0,"enemies":"Spheric Guardian","floor":20.0,"turns":5.0},{"damage":1.0,"enemies":"3 Byrds","floor":21.0,"turns":4.0},{"damage":18.0,"enemies":"Centurion and Healer","floor":23.0,"turns":6.0},{"damage":12.0,"enemies":"3 Cultists","floor":24.0,"turns":4.0},{"damage":6.0,"enemies":"animator:HornedBat","floor":26.0,"turns":7.0},{"damage":16.0,"enemies":"Shelled Parasite and Fungi","floor":30.0,"turns":5.0},{"damage":0.0,"enemies":"Snake Plant","floor":33.0,"turns":3.0},{"damage":26.0,"enemies":"Pondfish","floor":35.0,"turns":13.0},{"damage":0.0,"enemies":"3 Shapes","floor":37.0,"turns":3.0},{"damage":0.0,"enemies":"3 Darklings","floor":41.0,"turns":4.0},{"damage":14.0,"enemies":"Nemesis","floor":42.0,"turns":7.0},{"damage":0,"enemies":"Maw","floor":44,"turns":6},{"damage":0,"enemies":"Nightmare","floor":46,"turns":9},{"damage":0,"enemies":"Writhing Mass","floor":48,"turns":5},{"damage":12,"enemies":"Awakened One","floor":52,"turns":15}],"seed_played":"-2884812156349905257","potions_obtained":[{"floor":1.0,"key":"SkillPotion"},{"floor":13.0,"key":"CultistPotion"},{"floor":14.0,"key":"Swift Potion"},{"floor":21.0,"key":"SpeedPotion"},{"floor":24.0,"key":"ColorlessPotion"},{"floor":35.0,"key":"ColorlessPotion"}],"is_trial":false,"path_per_floor":["M","?","$","?","M","PTL","PTL","R","E","R","T","M","M","M","R","$","R","B",null,"M","M","$","M","M","R","E","?","T","?","M","?","?","M","R","B",null,"M","?","?","$","M","E","R","M","T","NM","$","M","R","$","R","B",null],"character_chosen":"THE_ANIMATOR","items_purchased":["animator:Cirno","animator:GuildGirl","Whetstone"],"campfire_rested":1,"item_purchase_floors":[22,22,40],"current_hp_per_floor":[66,66,66,66,66,66,66,66,66,66,66,67,64,50,50,50,50,25,69,55,57,57,40,28,28,22,22,22,22,8,8,8,8,30,4,75,75,57,57,57,57,43,43,43,43,43,43,43,43,43,43,31],"gold":38,"neow_bonus":"THREE_ENEMY_KILL","is_daily":false,"chose_seed":false,"campfire_upgraded":12,"win_rate":0.0,"timestamp":1610387848,"path_taken":["M","?","$","?","M","PTL","PTL","R","E","R","T","M","M","M","R","$","R","BOSS","M","?","$","M","M","R","E","?","T","?","?","?","?","M","R","BOSS","M","?","?","?","M","E","R","M","T","NM","$","?","R","?","R","BOSS"],"items_purchased_type":["Card","Card","Relic"],"build_version":"2020-12-22","purchased_purges":3,"victory":true,"max_hp_per_floor":[66,66,66,66,66,66,66,66,66,66,66,67,67,67,67,67,67,69,69,69,72,72,73,73,73,73,73,73,73,75,75,75,75,75,75,75,75,75,75,75,75,75,75,75,75,75,75,75,75,75,75,75],"card_choices":[{"not_picked":["animator:ZankiKiguchi","animator:Konayuki"],"picked":"animator:Emonzaemon","floor":1.0},{"not_picked":["animator:GazelDwargon","animator:RinTohsaka"],"picked":"animator:EmiyaShirou","floor":5.0},{"not_picked":["animator:Sonic","animator:Assassin"],"picked":"animator:AcuraShin","floor":9.0},{"not_picked":["animator:Fredrika","animator:Guy"],"picked":"animator:AcuraTooru","floor":12.0},{"not_picked":["animator:Emonzaemon","animator:Gillette"],"picked":"animator:ChaikaTrabant","floor":13.0},{"not_picked":["animator:Priestess","animator:Melzalgald"],"picked":"animator:Entoma","floor":14.0},{"not_picked":["animator:Ainz","animator:Eris"],"picked":"animator:HigakiRinne","floor":18.0},{"not_picked":["animator:Archer","animator:Lancer"],"picked":"animator:YunYun","floor":20.0},{"not_picked":["animator:Gillette","animator:Fredrika"],"picked":"animator:AcuraAkari","floor":21.0},{"not_picked":["animator:SuzuneAmano","animator:Vesta"],"picked":"animator:Megumin+1","floor":23.0},{"not_picked":["animator:Boros","animator:Viivi"],"picked":"animator:MetalKnight","floor":24.0},{"not_picked":["animator:ZankiKiguchi","animator:YunYun"],"picked":"animator:Biyorigo","floor":26.0},{"not_picked":["animator:Emonzaemon+1","animator:Berserker"],"picked":"animator:EmiyaShirou","floor":33.0},{"not_picked":["animator:HomuraAkemi","animator:GoblinSlayer"],"picked":"animator:SwordMaiden","floor":35.0},{"not_picked":["animator:AcuraTooru+1","animator:ShinjiMatou"],"picked":"animator:GazelDwargon","floor":37.0},{"not_picked":["infinitespire:FinalStrike","ReplayTheSpireMod:Haul"],"picked":"hubris:Fate","floor":38.0},{"not_picked":["animator:SilverFang","animator:Mitsurugi"],"picked":"animator:HighElfArcher+1","floor":41.0},{"not_picked":["animator:HighElfArcher","animator:Souei"],"picked":"animator:TsurugaMeisai","floor":42},{"not_picked":["animator:Konayuki","animator:Shuna"],"picked":"animator:Biyorigo","floor":44},{"not_picked":["animator:Vesta","animator:Tatsumaki"],"picked":"animator:TsurugaMeisai+1","floor":46},{"not_picked":["animator:PandorasActor","animator:Benimaru"],"picked":"animator:Ainz","floor":48}],"player_experience":2244879,"relics_obtained":[{"floor":9.0,"key":"Pet Ghost"},{"floor":11.0,"key":"infinitespire:Bottled Soul"},{"floor":26.0,"key":"Boot"},{"floor":28.0,"key":"hubris:PeanutButter"},{"floor":31.0,"key":"Ring of Peace"},{"floor":31.0,"key":"ReplayTheSpireMod:Ring of Challenge"},{"floor":42,"key":"hubris:BottledRain"},{"floor":45,"key":"HornCleat"},{"floor":46,"key":"Sundial"}],"event_choices":[{"damage_healed":0.0,"max_hp_gain":0.0,"max_hp_loss":0.0,"gold_gain":0.0,"event_name":"conspire:LoneGhost","player_choice":"Disagree","floor":2.0,"gold_loss":0.0,"damage_taken":0.0},{"cards_removed":["animator:Aqua"],"damage_healed":0.0,"max_hp_gain":0.0,"max_hp_loss":0.0,"gold_gain":0.0,"event_name":"NoteForYourself","player_choice":"Took Card","floor":4.0,"gold_loss":0.0,"damage_taken":0.0,"cards_obtained":["hermit:Virtue"]},{"cards_removed":["animator:Strike"],"damage_healed":0.0,"max_hp_gain":0.0,"max_hp_loss":0.0,"gold_gain":0.0,"event_name":"Back to Basics","player_choice":"Elegance","floor":27.0,"gold_loss":0.0,"damage_taken":0.0},{"damage_healed":0.0,"max_hp_gain":0.0,"max_hp_loss":0.0,"gold_gain":0.0,"event_name":"Lab","player_choice":"Got Potions","floor":29.0,"gold_loss":0.0,"damage_taken":0.0},{"damage_healed":0.0,"max_hp_gain":0.0,"max_hp_loss":0.0,"gold_gain":0.0,"cards_transformed":["animator:Strike","animator:Defend"],"event_name":"Drug Dealer","player_choice":"Became Test Subject","floor":32.0,"gold_loss":0.0,"damage_taken":0.0,"cards_obtained":["animator:Saitama","animator:Sonic"]}],"is_beta":false,"boss_relics":[{"not_picked":["Empty Cage","animator:HolyGrailRelic"],"picked":"hubris:Backtick"},{"not_picked":["conspire:SlowCooker","hubris:BlackHole"],"picked":"animator:VividPicture"}],"items_purged_floors":[3,16,47],"is_endless":false,"potions_floor_spawned":[1,13,14,18,21,23,24,35,42,46,48],"ascension_level":0}}