{"host":"4328iixd8pca51w5","time":1610357323,"event":{"mods":["2.2 Compatiblity","AchievementEnabler","BaseMod","CapriCore","Colored Map","KOR Keyword Fix","Minty Spire (QoL Compilation)","StSLib","The Immortal"],"gold_per_floor":[12,23,35,35,13,13,13,47,93,93,123,167,167,187,187,316,316,316,316,316],"floor_reached":18,"playtime":1678,"items_purged":[],"score":299,"play_id":"ee06b384-0800-4039-8d87-1d89549df778","local_time":"20210111182843","is_ascension_mode":true,"campfire_choices":[{"data":"MokouMod:RisingSunBarrier","floor":6,"key":"SMITH"},{"data":"MokouMod:RisingSunBarrier","floor":15,"key":"SMITH"}],"circlet_count":0,"master_deck":["AscendersBane","MokouMod:Strike","MokouMod:Strike","MokouMod:Strike","MokouMod:Strike","MokouMod:Defend","MokouMod:Defend","MokouMod:Defend","MokouMod:HeatSpark","MokouMod:FujiyamaVolcano","MokouMod:RisingSunBarrier+1","MokouMod:BurningDraft","MokouMod:RisingSunBarrier+1","MokouMod:RadiantBlade","MokouMod:PhoenixForm+1"],"relics":["MokouMod:PhoenixFeather","Golden Idol","Juzu Bracelet","Ancient Tea Set","Tiny Chest","Frozen Egg 2","Cursed Key"],"acts_visited":["Exordium","TheCity"],"potions_floor_usage":[12,16,16,18],"damage_taken":[{"damage":0,"enemies":"Small Slimes","floor":1,"turns":3},{"damage":9,"enemies":"Jaw Worm","floor":2,"turns":3},{"damage":7,"enemies":"2 Louse","floor":3,"turns":3},{"damage":0,"enemies":"3 Sentries","floor":8,"turns":9},{"damage":18,"enemies":"Gremlin Nob","floor":12,"turns":5},{"damage":11,"enemies":"Gremlin Gang","floor":14,"turns":3},{"damage":50,"enemies":"Hexaghost","floor":16,"turns":21},{"damage":0,"enemies":"3 Byrds","floor":18,"turns":1}],"seed_played":"-8645508125151068160","potions_obtained":[{"floor":3,"key":"SteroidPotion"},{"floor":8,"key":"AttackPotion"},{"floor":14,"key":"LiquidMemories"},{"floor":16,"key":"EssenceOfSteel"}],"is_trial":false,"path_per_floor":["M","M","M","?","$","R","T","E","T","?","?","E","?","M","R","B",null,"M"],"character_chosen":"MKU","items_purchased":["MokouMod:BurningDraft"],"campfire_rested":0,"item_purchase_floors":[5],"current_hp_per_floor":[68,59,52,34,34,34,34,34,34,75,75,57,57,46,46,16,60,60,60,60],"gold":316,"neow_bonus":"REMOVE_TWO","is_daily":false,"chose_seed":false,"campfire_upgraded":2,"win_rate":0.0,"timestamp":1610357323,"path_taken":["M","M","M","?","$","R","?","E","T","?","?","E","?","M","R","BOSS","M"],"items_purchased_type":["Card"],"build_version":"2020-12-22","purchased_purges":0,"victory":false,"max_hp_per_floor":[75,75,75,75,75,75,75,75,75,75,75,75,75,75,75,75,75,75,75,75],"card_choices":[{"not_picked":["MokouMod:Stoke","MokouMod:RoaringFlare"],"picked":"MokouMod:FujiyamaVolcano","floor":1},{"not_picked":["MokouMod:InfernalWave","MokouMod:Firecracker"],"picked":"MokouMod:RisingSunBarrier","floor":2},{"not_picked":["MokouMod:IndiscriminateIgnition","MokouMod:ScorchingColumn","MokouMod:UncontrollableSolarReaction"],"picked":"SKIP","floor":3},{"not_picked":["MokouMod:ResonanceReactor","MokouMod:FlickeringFlame"],"picked":"MokouMod:RisingSunBarrier","floor":8},{"not_picked":["MokouMod:ThermalPressure","MokouMod:RoaringFlare"],"picked":"MokouMod:RadiantBlade","floor":12},{"not_picked":["MokouMod:Stoke","MokouMod:Refresh","MokouMod:ShiftIgnition"],"picked":"SKIP","floor":14},{"not_picked":["MokouMod:HouraiForge+1","MokouMod:EnchantingBambooForest+1"],"picked":"MokouMod:PhoenixForm+1","floor":16}],"player_experience":221355,"relics_obtained":[{"floor":7,"key":"Juzu Bracelet"},{"floor":8,"key":"Ancient Tea Set"},{"floor":9,"key":"Tiny Chest"},{"floor":12,"key":"Frozen Egg 2"}],"event_choices":[{"damage_healed":0,"gold_gain":0,"player_choice":"Take Damage","damage_taken":18,"relics_obtained":["Golden Idol"],"max_hp_gain":0,"max_hp_loss":0,"event_name":"Golden Idol","floor":4,"gold_loss":0},{"damage_healed":41,"gold_gain":0,"player_choice":"Full Heal","damage_taken":0,"max_hp_gain":0,"max_hp_loss":0,"event_name":"Wheel of Change","floor":10,"gold_loss":0},{"damage_healed":0,"gold_gain":30,"player_choice":"Searched \u00271\u0027 times","damage_taken":0,"max_hp_gain":0,"max_hp_loss":0,"event_name":"Dead Adventurer","floor":11,"gold_loss":0},{"damage_healed":0,"gold_gain":0,"player_choice":"Ignored","damage_taken":0,"max_hp_gain":0,"max_hp_loss":0,"event_name":"Liars Game","floor":13,"gold_loss":0}],"is_beta":false,"boss_relics":[{"not_picked":["Ectoplasm","Runic Pyramid"],"picked":"Cursed Key"}],"items_purged_floors":[],"is_endless":false,"potions_floor_spawned":[3,8,14,16],"killed_by":"3 Byrds","ascension_level":11}}