{"host":"i0nufhl6g9ryeroh","time":1610387731,"event":{"mods":["2.2 Compatiblity","Act Like it!","Aspiration","Bard","BaseMod","ChefMod","Conspire","Dark Map","Dota2Spire","Downfall","Elementarium","Fox Events","Friendly Minions","GifTheSpireLib","Gremlin Mod","Halation","Hallownest","Hermit","Hubris","Infinite Spire","Jedi Mod","Jorbs\u0027s Wanderer Trilogy","Kratos Character Expansion","Lobotomy","LobotomyExtend","Minty Spire (QoL Compilation)","Mirrors Mod","Pale of the Ancients","Poem Panic","Potionbrewer","QueenMod","Relic Stats","Replay The Spire","Robot Space Explorer","SIMod","Shop Mod","StSLib","Strawberry Spire","Stuff the Spire","The Blackbeard","The Blue Laboratory","The Bug Knight","The Construct","The Cursed","The Disciple","The Dragon Tamer","The Gatherer","The Hayseed","The Judge","The Jungle","The Marked","The Runesmith","The Sage","The Servant 0.9.4","The Showman","The Trickster","TheArtist","TheBandit","TheVacant","Thieving Mod","Useless Jewels Mod","Wandering Minibosses"],"gold_per_floor":[219,219,231,242,24,57,57,90,90,90,90,108,8,33,33,128,128,138,63,63,63,63,63,177,177,200,211,211,244,262,280,280,329,329,249,249,259,359,359],"floor_reached":38,"playtime":2597,"items_purged":["RobotSpaceExplorer:Strike","RobotSpaceExplorer:Strike","RobotSpaceExplorer:Strike"],"score":412,"play_id":"e8e506a3-dc84-41ab-8f07-8befc47b00ae","local_time":"20210111205531","is_ascension_mode":false,"campfire_choices":[{"data":"RobotSpaceExplorer:MiniLasers","floor":7,"key":"SMITH"},{"data":"RobotSpaceExplorer:FreezingShield","floor":10,"key":"SMITH"},{"floor":15,"key":"REST"},{"floor":23,"key":"REST"},{"data":"RobotSpaceExplorer:GearShield","floor":25,"key":"SMITH"},{"floor":32,"key":"REST"}],"circlet_count":0,"master_deck":["RobotSpaceExplorer:Defend","RobotSpaceExplorer:Defend","RobotSpaceExplorer:Defend","RobotSpaceExplorer:Scan","RobotSpaceExplorer:MiniLasers+1","blackbeard:InfiniteBarrage+1","RobotSpaceExplorer:ScrapMissile","RobotSpaceExplorer:FreezingShield+1","RobotSpaceExplorer:Asteroid+1","RobotSpaceExplorer:GearShield+1","RobotSpaceExplorer:ImprovisedAttack+1","RobotSpaceExplorer:StarLightning+1","Shame","RobotSpaceExplorer:LaserBurst+1","RobotSpaceExplorer:IronShell","RobotSpaceExplorer:Exploration","Replay:Hysterical Blindness","Looming Evil","Regret","RobotSpaceExplorer:ChargingLaser+1","RobotSpaceExplorer:SurgingShield"],"relics":["RobotSpaceExplorer:RoboCore","strawberrySpire:InflatableHammer","Juzu Bracelet","strawberrySpire:Treaders","Molten Egg 2","hubris:Icosahedron","Replay:Accelerometer","RobotSpaceExplorer:Reprocessor","Gaze_r","Thread and Needle","Replay:Wax Seal","infinitespire:EmpoweringShard","Replay:Ancient Bell","hubris:TenFootPole","Singing Bowl","Dota2Spire:Satanic","LetterFromLob"],"acts_visited":["Exordium","TheCity","TheBeyond"],"potions_floor_usage":[8,28,28,29,30,33,38,38],"damage_taken":[{"damage":13,"enemies":"FloatingMirror","floor":1,"turns":6},{"damage":4,"enemies":"Jaw Worm","floor":3,"turns":5},{"damage":9,"enemies":"infinitespire:Voidling","floor":4,"turns":5},{"damage":19,"enemies":"HollowMod:MossKnight","floor":6,"turns":7},{"damage":17,"enemies":"Lagavulin","floor":8,"turns":5},{"damage":1,"enemies":"Blue Slaver","floor":12,"turns":2},{"damage":5,"enemies":"Replay:BlueRogue","floor":14,"turns":6},{"damage":12,"enemies":"Slime Boss","floor":16,"turns":10},{"damage":0,"enemies":"Shell Parasite","floor":18,"turns":5},{"damage":17,"enemies":"Shell Parasite","floor":21,"turns":3},{"damage":9,"enemies":"Snake Plant","floor":24,"turns":2},{"damage":14,"enemies":"conspire:HollyBat","floor":27,"turns":5},{"damage":1,"enemies":"strawberrySpire:AncientClocktower","floor":29,"turns":5},{"damage":0,"enemies":"Cultist and Chosen","floor":30,"turns":3},{"damage":0,"enemies":"Chosen and Byrds","floor":31,"turns":3},{"damage":10,"enemies":"Collector","floor":33,"turns":6},{"damage":0,"enemies":"Orb Walker","floor":35,"turns":2},{"damage":1,"enemies":"3 Shapes","floor":37,"turns":2},{"damage":35,"enemies":"infinitespire:Three Voidlings","floor":38,"turns":4},{"damage":60,"enemies":"Nightmare_Alpha","floor":38,"turns":7}],"seed_played":"-3815968646956742249","potions_obtained":[{"floor":1,"key":"blueLaboratory:BottledHope"},{"floor":6,"key":"EntropicBrew"},{"floor":12,"key":"SpeedPotion"},{"floor":30,"key":"blueLaboratory:FrostheartPotion"},{"floor":33,"key":"potionbrewer:BarricadePotion"}],"is_trial":false,"path_per_floor":["M","?","M","M","$","E","R","E","T","R","?","M","$","E","R","B",null,"M","?","?","?","AVR","R","M","R","T","M","?","E","M","M","R","B",null,"M","?","M","?"],"character_chosen":"RobotSpaceExplorer","items_purchased":["strawberrySpire:InflatableHammer"],"campfire_rested":3,"item_purchase_floors":[5],"current_hp_per_floor":[62,62,58,49,49,30,30,13,13,13,13,12,12,7,29,17,75,75,75,75,8,8,31,22,22,22,8,8,7,7,7,30,20,85,85,85,84,0,0],"gold":359,"neow_bonus":"HUNDRED_GOLD","is_daily":false,"chose_seed":false,"campfire_upgraded":3,"win_rate":0.0,"timestamp":1610387731,"path_taken":["M","?","?","?","$","E","R","E","T","R","?","M","$","E","R","BOSS","M","?","?","?","AVR","R","M","R","T","M","?","E","M","M","R","BOSS","M","?","M","?"],"items_purchased_type":["Relic"],"build_version":"2020-12-22","purchased_purges":3,"victory":false,"max_hp_per_floor":[75,75,75,75,75,75,75,75,75,75,75,75,75,75,75,75,75,75,75,75,79,79,79,79,79,79,79,79,79,79,79,79,79,85,85,85,85,85,85],"relic_stats":{"Singing Bowl":6,"counters":[20,93],"Juzu Bracelet":0,"obtain_stats":[{"Replay:Accelerometer":14,"Singing Bowl":34,"RobotSpaceExplorer:RoboCore":0,"Thread and Needle":22,"Juzu Bracelet":6,"Replay:Ancient Bell":34,"RobotSpaceExplorer:Reprocessor":17,"Gaze_r":21,"Dota2Spire:Satanic":34,"hubris:Icosahedron":11,"strawberrySpire:Treaders":8,"strawberrySpire:InflatableHammer":5,"Molten Egg 2":9,"infinitespire:EmpoweringShard":29,"hubris:TenFootPole":34,"LetterFromLob":37,"Replay:Wax Seal":26},{"Replay:Accelerometer":7,"Singing Bowl":16,"RobotSpaceExplorer:RoboCore":0,"Thread and Needle":10,"Juzu Bracelet":4,"Replay:Ancient Bell":16,"RobotSpaceExplorer:Reprocessor":8,"Gaze_r":10,"Dota2Spire:Satanic":16,"hubris:Icosahedron":5,"strawberrySpire:Treaders":5,"strawberrySpire:InflatableHammer":3,"Molten Egg 2":5,"infinitespire:EmpoweringShard":13,"hubris:TenFootPole":16,"LetterFromLob":18,"Replay:Wax Seal":11},{"Replay:Accelerometer":36,"Singing Bowl":78,"RobotSpaceExplorer:RoboCore":0,"Thread and Needle":54,"Juzu Bracelet":23,"Replay:Ancient Bell":78,"RobotSpaceExplorer:Reprocessor":46,"Gaze_r":54,"Dota2Spire:Satanic":78,"hubris:Icosahedron":28,"strawberrySpire:Treaders":28,"strawberrySpire:InflatableHammer":16,"Molten Egg 2":28,"infinitespire:EmpoweringShard":66,"hubris:TenFootPole":78,"LetterFromLob":82,"Replay:Wax Seal":56}]},"card_choices":[{"not_picked":["RobotSpaceExplorer:MiniDrones","RobotSpaceExplorer:MakeshiftVolley"],"picked":"RobotSpaceExplorer:StarLightning","floor":1},{"not_picked":["RobotSpaceExplorer:Ammunition","RobotSpaceExplorer:Electroshield","RobotSpaceExplorer:ImprovisedAttack"],"picked":"SKIP","floor":3},{"not_picked":["RobotSpaceExplorer:ShovelStrike","RobotSpaceExplorer:MakeshiftVolley"],"picked":"RobotSpaceExplorer:ScrapMissile","floor":4},{"not_picked":["RobotSpaceExplorer:TurboDodge","RobotSpaceExplorer:SlimeMissile"],"picked":"RobotSpaceExplorer:FreezingShield","floor":6},{"not_picked":["RobotSpaceExplorer:GlueShot","RobotSpaceExplorer:PowerGlove"],"picked":"RobotSpaceExplorer:Wormhole","floor":8},{"not_picked":["RobotSpaceExplorer:ShockKick+1","RobotSpaceExplorer:SurgingShield","RobotSpaceExplorer:FranticSearch"],"picked":"SKIP","floor":12},{"not_picked":["RobotSpaceExplorer:Counterblock","RobotSpaceExplorer:SurgingShield","RobotSpaceExplorer:SelfCleaning"],"picked":"SKIP","floor":14},{"not_picked":["RobotSpaceExplorer:Comet","RobotSpaceExplorer:HighVoltage+1"],"picked":"RobotSpaceExplorer:Asteroid+1","floor":16},{"not_picked":["RobotSpaceExplorer:Probe+1","RobotSpaceExplorer:Ammunition"],"picked":"RobotSpaceExplorer:GearShield","floor":18},{"not_picked":["RobotSpaceExplorer:SwiftStep","RobotSpaceExplorer:Pulsar"],"picked":"RobotSpaceExplorer:ImprovisedAttack+1","floor":24},{"not_picked":["RobotSpaceExplorer:StunGrenade+1","RobotSpaceExplorer:Counterblock"],"picked":"RobotSpaceExplorer:StarLightning+1","floor":27},{"not_picked":["RobotSpaceExplorer:GlueShot","RobotSpaceExplorer:SlimeMissile+1"],"picked":"RobotSpaceExplorer:LaserBurst+1","floor":29},{"not_picked":["RobotSpaceExplorer:Probe+1","RobotSpaceExplorer:StarDust+1"],"picked":"RobotSpaceExplorer:IronShell","floor":30},{"not_picked":["RobotSpaceExplorer:StunGrenade+1","RobotSpaceExplorer:PowerCollector","RobotSpaceExplorer:ShockKick+1"],"picked":"SKIP","floor":31},{"not_picked":["RobotSpaceExplorer:Multitool","RobotSpaceExplorer:DroneSwarm"],"picked":"RobotSpaceExplorer:Exploration","floor":33},{"not_picked":["hexamod:Haunted","Replay:Hysterical Blindness","WordoMod:Petrified"],"picked":"Singing Bowl","floor":34},{"not_picked":["SwitchThreat","Looming Evil","conspire:Blindness"],"picked":"Singing Bowl","floor":34},{"not_picked":["ReplayTheSpireMod:Splinters","strawberrySpire:AscendersBanana","Regret"],"picked":"Singing Bowl","floor":34},{"not_picked":["RobotSpaceExplorer:ShovelStrike+1","RobotSpaceExplorer:FreezeRay+1"],"picked":"RobotSpaceExplorer:ChargingLaser+1","floor":35},{"not_picked":["RobotSpaceExplorer:SwiftStep+1","RobotSpaceExplorer:Counterblock"],"picked":"RobotSpaceExplorer:SurgingShield","floor":37}],"player_experience":461525,"relics_obtained":[{"floor":6,"key":"Juzu Bracelet"},{"floor":8,"key":"strawberrySpire:Treaders"},{"floor":9,"key":"Molten Egg 2"},{"floor":14,"key":"Replay:Accelerometer"},{"floor":26,"key":"Replay:Wax Seal"},{"floor":29,"key":"infinitespire:EmpoweringShard"},{"floor":37,"key":"LetterFromLob"}],"event_choices":[{"cards_removed":["RobotSpaceExplorer:StarLightning"],"damage_healed":0,"gold_gain":0,"player_choice":"Took Card","damage_taken":0,"max_hp_gain":0,"max_hp_loss":0,"event_name":"NoteForYourself","floor":2,"gold_loss":0,"cards_obtained":["blackbeard:InfiniteBarrage"]},{"cards_removed":["RobotSpaceExplorer:Strike"],"damage_healed":0,"gold_gain":0,"player_choice":"Gave Gold","damage_taken":0,"max_hp_gain":0,"max_hp_loss":0,"event_name":"Beggar","floor":19,"gold_loss":75}],"is_beta":false,"boss_relics":[{"not_picked":["StuffTheSpire:RunicHypercube","halation:HeavySnake"],"picked":"RobotSpaceExplorer:Reprocessor"},{"not_picked":["halation:CatFaceCupcake","halation:Risk"],"picked":"Replay:Ancient Bell"},{"not_picked":["StuffTheSpire:Barrel","PreservedInsect"],"picked":"hubris:TenFootPole"},{"not_picked":["Replay:WaspNest","Dota2Spire:BattleFury"],"picked":"Singing Bowl"},{"not_picked":["Dota2Spire:OctarineCore","Pocketwatch"],"picked":"Dota2Spire:Satanic"}],"items_purged_floors":[5,13,22],"is_endless":false,"potions_floor_spawned":[1,6,12,21,30,33],"killed_by":"Nightmare_Alpha","ascension_level":0}}