{"host":"t3nmszc7fx0d6552","time":1610379478,"event":{"mods":["AchievementEnabler","BaseMod","Colored Map","Minty Spire (QoL Compilation)","Permanent Neow","StSLib","SuperFastMode"],"gold_per_floor":[99,99,99,99,99,99,99,99,99,99,99,99,99,99,99,99,99,54,54,13,13,13,13,13,13,13,13,13,13,13,13,13,13,13,13,13,13,13,13,13,13,13,13,13,13,13,13,13,13,13,13,13,13,13,13],"floor_reached":56,"playtime":3350,"items_purged":[],"score":1438,"play_id":"554e3bfc-ea3f-45bd-8f91-22a8c60031d8","local_time":"20210112003758","is_ascension_mode":true,"campfire_choices":[{"data":"TalkToTheHand","floor":11,"key":"SMITH"},{"data":"EmptyFist","floor":15,"key":"SMITH"},{"data":"TalkToTheHand","floor":24,"key":"SMITH"},{"data":"Omniscience","floor":28,"key":"SMITH"},{"data":"Scrawl","floor":32,"key":"SMITH"},{"floor":40,"key":"RECALL"},{"floor":49,"key":"REST"},{"floor":52,"key":"REST"}],"circlet_count":0,"master_deck":["Defend_P","Defend_P","Defend_P","Eruption+1","Vigilance","WaveOfTheHand","CutThroughFate","EmptyFist+1","ClearTheMind","InnerPeace","ThirdEye","TalkToTheHand+1","FearNoEvil","FollowUp+1","Scrawl+1","EmptyFist+1","Tantrum+1","ReachHeaven+1","LikeWater+1","SashWhip+1","TalkToTheHand+1","Crescendo+1","Omniscience+1","Protect","Wish+1","Wireheading+1","EmptyFist","Worship+1","FlurryOfBlows+1","EmptyMind+1"],"relics":["Ectoplasm","Art of War","Singing Bowl","Mercury Hourglass","The Courier","Omamori","Astrolabe","Akabeko","Happy Flower","Centennial Puzzle","Fusion Hammer","Whetstone","Pear","PreservedInsect","Potion Belt","Oddly Smooth Stone"],"acts_visited":["Exordium","TheCity","TheBeyond","TheEnding"],"potions_floor_usage":[8,10,16,27,55,55,55],"damage_taken":[{"damage":0,"enemies":"2 Louse","floor":1,"turns":3},{"damage":0,"enemies":"Jaw Worm","floor":2,"turns":3},{"damage":0,"enemies":"Cultist","floor":3,"turns":2},{"damage":0,"enemies":"3 Louse","floor":5,"turns":3},{"damage":0,"enemies":"Gremlin Nob","floor":6,"turns":3},{"damage":0,"enemies":"2 Fungi Beasts","floor":7,"turns":4},{"damage":20,"enemies":"3 Sentries","floor":8,"turns":8},{"damage":14,"enemies":"Gremlin Nob","floor":10,"turns":4},{"damage":9,"enemies":"3 Sentries","floor":12,"turns":5},{"damage":0,"enemies":"Lots of Slimes","floor":13,"turns":3},{"damage":0,"enemies":"Slime Boss","floor":16,"turns":6},{"damage":11,"enemies":"2 Thieves","floor":18,"turns":3},{"damage":10,"enemies":"Chosen","floor":19,"turns":2},{"damage":0,"enemies":"Snecko","floor":21,"turns":2},{"damage":0,"enemies":"Chosen and Byrds","floor":22,"turns":3},{"damage":7,"enemies":"Gremlin Leader","floor":23,"turns":5},{"damage":1,"enemies":"Snake Plant","floor":27,"turns":3},{"damage":3,"enemies":"Book of Stabbing","floor":29,"turns":4},{"damage":29,"enemies":"Collector","floor":33,"turns":4},{"damage":28,"enemies":"3 Shapes","floor":35,"turns":8},{"damage":0,"enemies":"Orb Walker","floor":36,"turns":3},{"damage":0,"enemies":"Maw","floor":39,"turns":6},{"damage":5,"enemies":"Nemesis","floor":41,"turns":5},{"damage":0,"enemies":"Transient","floor":42,"turns":5},{"damage":4,"enemies":"Giant Head","floor":44,"turns":7},{"damage":3,"enemies":"4 Shapes","floor":45,"turns":4},{"damage":6,"enemies":"Jaw Worm Horde","floor":46,"turns":3},{"damage":19,"enemies":"Reptomancer","floor":47,"turns":4},{"damage":75,"enemies":"Time Eater","floor":50,"turns":9},{"damage":0,"enemies":"Shield and Spear","floor":54,"turns":1},{"damage":50,"enemies":"The Heart","floor":55,"turns":8}],"seed_played":"7559667187998755134","potions_obtained":[{"floor":1,"key":"Explosive Potion"},{"floor":5,"key":"LiquidMemories"},{"floor":6,"key":"SteroidPotion"},{"floor":8,"key":"PowerPotion"},{"floor":18,"key":"Explosive Potion"},{"floor":19,"key":"Fire Potion"},{"floor":23,"key":"BottledMiracle"},{"floor":39,"key":"SteroidPotion"},{"floor":45,"key":"EssenceOfSteel"},{"floor":47,"key":"SkillPotion"}],"is_trial":false,"path_per_floor":["M","M","M","?","M","E","M","E","T","E","R","E","M","?","R","B",null,"M","M","$","M","M","E","R","?","T","M","R","E","?","?","R","B",null,"M","M","?","?","M","R","E","M","T","E","M","M","E","?","R","B",null,"R","$","E","B",null],"character_chosen":"WATCHER","items_purchased":["SashWhip"],"campfire_rested":2,"item_purchase_floors":[20],"current_hp_per_floor":[72,72,72,65,65,65,65,45,45,31,31,24,24,24,24,24,74,65,55,55,55,55,48,48,48,48,47,47,46,46,46,46,17,78,50,52,72,72,74,74,69,71,81,79,78,74,55,55,85,10,100,100,100,100,50],"gold":13,"neow_bonus":"BOSS_RELIC","is_daily":false,"chose_seed":false,"campfire_upgraded":5,"win_rate":0.0,"timestamp":1610379478,"path_taken":["M","M","M","?","M","E","M","E","T","E","R","E","M","?","R","BOSS","M","M","$","M","M","E","R","?","T","M","R","E","?","?","R","BOSS","M","?","?","?","M","R","E","M","T","E","?","M","E","?","R","BOSS","R","$","E","BOSS"],"items_purchased_type":["Card"],"build_version":"2020-12-22","purchased_purges":0,"victory":true,"max_hp_per_floor":[72,72,72,72,72,72,72,72,72,72,72,74,74,74,74,74,74,76,76,76,76,76,76,76,76,76,76,76,78,78,78,78,78,78,78,80,80,80,82,82,82,84,94,96,98,100,100,100,100,100,100,100,100,100,100],"card_choices":[{"not_picked":["EmptyMind","FlurryOfBlows"],"picked":"WaveOfTheHand","floor":1},{"not_picked":["Sanctity","Meditate"],"picked":"CutThroughFate","floor":2},{"not_picked":["Consecrate","Prostrate"],"picked":"EmptyFist","floor":3},{"not_picked":["CrushJoints","Halt"],"picked":"ClearTheMind","floor":5},{"not_picked":["Prostrate","Nirvana"],"picked":"InnerPeace","floor":6},{"not_picked":["SandsOfTime","SashWhip"],"picked":"ThirdEye","floor":7},{"not_picked":["Perseverance","Nirvana"],"picked":"TalkToTheHand","floor":8},{"not_picked":["FollowUp","Protect"],"picked":"FearNoEvil","floor":10},{"not_picked":["SandsOfTime","InnerPeace","CrushJoints"],"picked":"Singing Bowl","floor":12},{"not_picked":["Halt","Devotion"],"picked":"FollowUp","floor":13},{"not_picked":["MasterReality","SpiritShield"],"picked":"Scrawl","floor":16},{"not_picked":["Fasting2","FollowUp","SandsOfTime"],"picked":"Singing Bowl","floor":18},{"not_picked":["CrushJoints","SignatureMove+1"],"picked":"LikeWater+1","floor":19},{"not_picked":["Worship","Tantrum+1"],"picked":"TalkToTheHand","floor":21},{"not_picked":["Evaluate","ThirdEye"],"picked":"Crescendo+1","floor":22},{"not_picked":["ThirdEye","MasterReality"],"picked":"Omniscience","floor":23},{"not_picked":["Nirvana","JustLucky"],"picked":"Protect","floor":27},{"not_picked":["Swivel","SandsOfTime+1","FollowUp"],"picked":"Singing Bowl","floor":29},{"not_picked":["LessonLearned","SpiritShield"],"picked":"Wish","floor":33},{"not_picked":["Protect+1","WheelKick"],"picked":"Wireheading+1","floor":35},{"not_picked":["Evaluate","Crescendo","Conclude+1"],"picked":"Singing Bowl","floor":36},{"not_picked":["WindmillStrike","WaveOfTheHand+1","Wireheading+1"],"picked":"Singing Bowl","floor":39},{"not_picked":["Prostrate+1","ClearTheMind+1"],"picked":"Worship+1","floor":41},{"not_picked":["ThirdEye+1","FlyingSleeves","Protect"],"picked":"Singing Bowl","floor":42},{"not_picked":["ForeignInfluence+1","Halt+1","DeceiveReality+1"],"picked":"Singing Bowl","floor":44},{"not_picked":["Evaluate","Perseverance","EmptyFist"],"picked":"Singing Bowl","floor":45},{"not_picked":["LessonLearned","PathToVictory+1","Indignation+1"],"picked":"Singing Bowl","floor":46},{"not_picked":["Crescendo","Halt+1"],"picked":"FlurryOfBlows+1","floor":47},{"not_picked":["Protect+1","FearNoEvil+1"],"picked":"EmptyMind+1","floor":54}],"player_experience":1379056,"relics_obtained":[{"floor":6,"key":"Art of War"},{"floor":8,"key":"Singing Bowl"},{"floor":9,"key":"Mercury Hourglass"},{"floor":10,"key":"The Courier"},{"floor":12,"key":"Omamori"},{"floor":23,"key":"Akabeko"},{"floor":29,"key":"Happy Flower"},{"floor":41,"key":"Whetstone"},{"floor":43,"key":"Pear"},{"floor":44,"key":"PreservedInsect"},{"floor":47,"key":"Potion Belt"},{"floor":54,"key":"Oddly Smooth Stone"}],"event_choices":[{"cards_removed":["Strike_P"],"damage_healed":0,"gold_gain":0,"player_choice":"Card Removal","damage_taken":7,"max_hp_gain":0,"max_hp_loss":0,"event_name":"Golden Wing","floor":4,"gold_loss":0},{"damage_healed":0,"gold_gain":0,"player_choice":"Grow","damage_taken":0,"max_hp_gain":0,"max_hp_loss":0,"event_name":"Living Wall","floor":14,"gold_loss":0,"cards_upgraded":["FollowUp"]},{"damage_healed":0,"gold_gain":0,"player_choice":"Ignored","damage_taken":0,"max_hp_gain":0,"max_hp_loss":0,"event_name":"Vampires","floor":25,"gold_loss":0},{"damage_healed":0,"gold_gain":0,"player_choice":"Opened","damage_taken":0,"relics_obtained":["Centennial Puzzle"],"max_hp_gain":0,"max_hp_loss":0,"event_name":"The Mausoleum","floor":30,"gold_loss":0},{"damage_healed":0,"gold_gain":0,"cards_transformed":["Defend_P"],"player_choice":"Transformed","damage_taken":0,"max_hp_gain":0,"max_hp_loss":0,"event_name":"Transmorgrifier","floor":31,"gold_loss":0,"cards_obtained":["Tantrum"]},{"damage_healed":20,"gold_gain":0,"player_choice":"Writhe","damage_taken":0,"max_hp_gain":0,"max_hp_loss":0,"event_name":"Winding Halls","floor":37,"gold_loss":0,"cards_obtained":["Writhe"]},{"damage_healed":0,"gold_gain":0,"cards_transformed":["Tantrum"],"player_choice":"Transformed","damage_taken":0,"max_hp_gain":0,"max_hp_loss":0,"event_name":"Transmorgrifier","floor":38,"gold_loss":0,"cards_obtained":["EmptyFist"]},{"damage_healed":0,"gold_gain":0,"player_choice":"Upgraded","damage_taken":0,"max_hp_gain":0,"max_hp_loss":0,"event_name":"Upgrade Shrine","floor":48,"gold_loss":0,"cards_upgraded":["Wish"]}],"is_beta":false,"boss_relics":[{"not_picked":["Coffee Dripper","Busted Crown"],"picked":"Astrolabe"},{"not_picked":["Philosopher\u0027s Stone","Pandora\u0027s Box"],"picked":"Fusion Hammer"}],"items_purged_floors":[],"is_endless":false,"potions_floor_spawned":[1,5,6,8,18,19,23,39,44,45,46,47],"ascension_level":1}}