{"host":"kxs97zan5mba52e6","time":1610342554,"event":{"mods":["100% Spire Juice","BaseMod","Better Third Choice","BetterRewards","Colored Map","Downfall","Hermit","Magitek Elite","Marisa????????","Minty Spire (QoL Compilation)","Shade Mod","StSLib","The Bug Knight","The Cursed","The Death Knight","The Forsaken","The Senshi"],"gold_per_floor":[115,115,133,133,0,0,41,41,95,135,2,18,18,18,18,149,149,167,180,203,16,16,16,34,34,34,34,53,2,2,16,16,16,16],"floor_reached":33,"playtime":1906,"items_purged":[],"score":278,"play_id":"621243e0-65dc-4797-aed5-20407ffd60bd","local_time":"20210111002234","is_ascension_mode":false,"campfire_choices":[{"floor":13,"key":"REST"},{"floor":15,"key":"REST"},{"floor":23,"key":"REST"},{"floor":25,"key":"REST"},{"floor":32,"key":"REST"}],"circlet_count":0,"master_deck":["DeathKnight:Strike_DeathKnight","DeathKnight:Strike_DeathKnight","DeathKnight:Strike_DeathKnight","DeathKnight:Strike_DeathKnight","DeathKnight:Strike_DeathKnight","DeathKnight:Defend_DeathKnight","DeathKnight:Defend_DeathKnight","DeathKnight:Defend_DeathKnight","DeathKnight:Defend_DeathKnight","DeathKnight:Defend_DeathKnight","DeathKnight:RuneTap","DeathKnight:RuneStrike","DeathKnight:FrostStrike","DeathKnight:UnholyFrenzy","Burn","Enlightenment+1","DeathKnight:Runesurge","DeathKnight:UnholyExperiment+1","DeathKnight:DeathCoil+1","DeathKnight:MutagenicPlague","DeathKnight:Contagion","DeathKnight:RuneShock","DeathKnight:Simulacrum","CurseOfTheBell","DeathKnight:HartStrike+1","DeathKnight:ScourgeStrike+1","DeathKnight:DarkSuccor","DeathKnight:FesteringStrike+1","DeathKnight:PlagueStrike+1","DeathKnight:Rot+1","DeathKnight:DreadStrike","Writhe","DeathKnight:DreadStrike"],"relics":["DeathKnight:BrokenRuneblade","NeowsBlessing","Blood Vial","Golden Idol","DeathKnight:TomeOfUnholySpecialization","DeathKnight:SylvanasMusicBox","Mercury Hourglass","Calling Bell","Bag of Marbles","DeathKnight:TomeOfBloodSpecialization","Incense Burner","Orichalcum","DeathKnight:LanathelsBloodyNail","HollowMod:PaleOreRelic"],"acts_visited":["Exordium","TheCity"],"potions_floor_usage":[12,16,18,19,20,24,28,28,33,33,33],"damage_taken":[{"damage":0,"enemies":"Small Slimes","floor":1,"turns":2},{"damage":0,"enemies":"Cultist","floor":3,"turns":1},{"damage":0,"enemies":"Lagavulin","floor":7,"turns":1},{"damage":40,"enemies":"3 Sentries","floor":10,"turns":10},{"damage":8,"enemies":"2 Louse","floor":12,"turns":2},{"damage":35,"enemies":"The Guardian","floor":16,"turns":6},{"damage":21,"enemies":"3 Byrds","floor":18,"turns":5},{"damage":6,"enemies":"2 Thieves","floor":19,"turns":3},{"damage":44,"enemies":"Snake Plant","floor":20,"turns":3},{"damage":14,"enemies":"Centurion and Healer","floor":24,"turns":5},{"damage":1,"enemies":"Snecko","floor":28,"turns":5},{"damage":16,"enemies":"Snake Plant","floor":31,"turns":3},{"damage":71,"enemies":"Champ","floor":33,"turns":7}],"seed_played":"4737064601151183516","potions_obtained":[{"floor":1,"key":"DistilledChaos"},{"floor":3,"key":"sneckomod:MuddlingPotion"},{"floor":12,"key":"SpeedPotion"},{"floor":16,"key":"DeathKnight:RimePotion"},{"floor":20,"key":"CultistPotion"},{"floor":27,"key":"DeathKnight:BottledBloodEchoes"},{"floor":28,"key":"sneckomod:MuddlingPotion"}],"is_trial":false,"path_per_floor":["M","?","M","?","?","?","E","?","T","E","$","M","R","$","R","B",null,"M","M","M","$","?","R","M","R","T","?","M","$","?","M","R","B"],"character_chosen":"DEATH_KNIGHT","items_purchased":["DeathKnight:DeathCoil+1","DeathKnight:MutagenicPlague","DeathKnight:Contagion","DeathKnight:FesteringStrike+1","Orichalcum","DeathKnight:DreadStrike"],"campfire_rested":5,"item_purchase_floors":[11,11,11,21,21,29],"current_hp_per_floor":[75,75,75,75,81,75,75,75,75,35,35,29,51,51,73,40,75,54,50,8,8,8,30,18,40,40,40,41,41,41,27,49,0,0],"gold":16,"neow_bonus":"THREE_ENEMY_KILL","is_daily":false,"chose_seed":false,"campfire_upgraded":0,"win_rate":0.0,"timestamp":1610342554,"path_taken":["M","?","?","?","?","?","E","?","T","E","$","M","R","$","R","BOSS","M","M","M","?","?","R","M","R","T","?","?","$","?","M","R","BOSS"],"items_purchased_type":["Card","Card","Card","Card","Relic","Card"],"build_version":"2020-12-22","purchased_purges":0,"victory":false,"max_hp_per_floor":[75,75,75,75,81,75,75,75,75,75,75,75,75,75,75,75,75,75,75,75,75,75,75,75,75,75,75,75,75,75,75,75,75,75],"card_choices":[{"not_picked":["DeathKnight:PillarOfFrost","DeathKnight:ChainsOfIce"],"picked":"DeathKnight:FrostStrike","floor":1},{"not_picked":["DeathKnight:DeathRune","DeathKnight:ThirstingStrike"],"picked":"DeathKnight:UnholyFrenzy","floor":3},{"not_picked":["DeathKnight:PathOfFrost","DeathKnight:BoneSpear"],"picked":"DeathKnight:Runesurge","floor":7},{"not_picked":["DeathKnight:DeathRune","DeathKnight:FrosPresence"],"picked":"DeathKnight:UnholyExperiment+1","floor":10},{"not_picked":["DeathKnight:IcyTouch","DeathKnight:BladedArmor"],"picked":"DeathKnight:RuneShock","floor":12},{"not_picked":["DeathKnight:MarkOfBlood","DeathKnight:VampiricBlood"],"picked":"DeathKnight:Simulacrum","floor":16},{"not_picked":["DeathKnight:BloodEchoes+1","DeathKnight:BoneShield+1"],"picked":"DeathKnight:HartStrike+1","floor":18},{"not_picked":["DeathKnight:IcyTouch+1","DeathKnight:DeathStrike+1"],"picked":"DeathKnight:ScourgeStrike+1","floor":19},{"not_picked":["DeathKnight:Lichborne+1","DeathKnight:BloodPact+1"],"picked":"DeathKnight:DarkSuccor","floor":20},{"not_picked":["DeathKnight:Parry","DeathKnight:RaiseAlly+1"],"picked":"DeathKnight:PlagueStrike+1","floor":24},{"not_picked":["DeathKnight:PathOfFrost","DeathKnight:ChainsOfIce"],"picked":"DeathKnight:Rot+1","floor":28},{"not_picked":["DeathKnight:Frostscythe","DeathKnight:BladedArmor"],"picked":"DeathKnight:DreadStrike","floor":31}],"player_experience":19167,"relics_obtained":[{"floor":7,"key":"DeathKnight:TomeOfUnholySpecialization"},{"floor":9,"key":"DeathKnight:SylvanasMusicBox"},{"floor":10,"key":"Mercury Hourglass"},{"floor":17,"key":"Bag of Marbles"},{"floor":17,"key":"DeathKnight:TomeOfBloodSpecialization"},{"floor":17,"key":"Incense Burner"},{"floor":26,"key":"DeathKnight:LanathelsBloodyNail"}],"event_choices":[{"damage_healed":0,"gold_gain":0,"player_choice":"Gave Potion","damage_taken":0,"relics_obtained":["Blood Vial"],"max_hp_gain":0,"max_hp_loss":0,"event_name":"WeMeetAgain","floor":2,"gold_loss":0},{"damage_healed":75,"gold_gain":0,"player_choice":"Embrace Burn","damage_taken":0,"max_hp_gain":0,"max_hp_loss":75,"event_name":"betterThird:BetterShining","floor":4,"gold_loss":0},{"damage_healed":0,"gold_gain":0,"player_choice":"RENOUNCE","damage_taken":133,"max_hp_gain":0,"max_hp_loss":0,"event_name":"betterThird:BetterSerpent","floor":5,"gold_loss":133,"cards_obtained":["Enlightenment"]},{"damage_healed":0,"gold_gain":0,"player_choice":"Lose Max HP","damage_taken":0,"relics_obtained":["Golden Idol"],"max_hp_gain":0,"max_hp_loss":6,"event_name":"Golden Idol","floor":6,"gold_loss":0},{"damage_healed":0,"gold_gain":0,"player_choice":"Ignored","damage_taken":0,"max_hp_gain":0,"max_hp_loss":0,"event_name":"NoteForYourself","floor":8,"gold_loss":0},{"damage_healed":0,"gold_gain":0,"player_choice":"Serpent","damage_taken":0,"max_hp_gain":0,"max_hp_loss":0,"event_name":"BanditSerpent","floor":22,"gold_loss":0},{"damage_healed":0,"gold_gain":0,"player_choice":"Got Potions","damage_taken":0,"max_hp_gain":0,"max_hp_loss":0,"event_name":"Lab","floor":27,"gold_loss":0},{"damage_healed":0,"gold_gain":0,"player_choice":"Opened","damage_taken":0,"relics_obtained":["HollowMod:PaleOreRelic"],"max_hp_gain":0,"max_hp_loss":0,"event_name":"The Mausoleum","floor":30,"gold_loss":0,"cards_obtained":["Writhe"]}],"is_beta":false,"boss_relics":[{"not_picked":["Empty Cage","Fusion Hammer"],"picked":"Calling Bell"}],"items_purged_floors":[],"is_endless":false,"potions_floor_spawned":[1,3,12,16,20,28],"killed_by":"Champ","ascension_level":0}}