{"host":"dn025qx6yu0j7rqc","time":1610347732,"event":{"mods":["BaseMod","Colored Map","Minty Spire (QoL Compilation)","Relic Stats","StSLib"],"gold_per_floor":[117,117,61,61,72,72,103,103,103,128,146,180,15,28,28,100,100,114,126,176,190,190,216,229,229,253,264,294,294,327,79,79,154,154,168,188,88,104,114,146,146,146,146,175,175,175,189,215,215,215,215,215,215,46,76,76],"floor_reached":57,"playtime":3703,"items_purged":["Strike_R","Strike_R"],"score":3086,"play_id":"a747df32-88e1-484b-a033-ff016ac51c5d","local_time":"20210110224852","is_ascension_mode":true,"campfire_choices":[{"data":"Clothesline","floor":6.0,"key":"SMITH"},{"data":"Uppercut","floor":8.0,"key":"SMITH"},{"data":"Armaments","floor":15.0,"key":"SMITH"},{"data":"Fiend Fire","floor":25.0,"key":"SMITH"},{"data":"Carnage","floor":29.0,"key":"SMITH"},{"data":"Bash","floor":32.0,"key":"SMITH"},{"data":"Demon Form","floor":42.0,"key":"SMITH"},{"data":"Heavy Blade","floor":45,"key":"SMITH"},{"floor":49,"key":"RECALL"},{"floor":53,"key":"REST"}],"circlet_count":0,"master_deck":["AscendersBane","Strike_R","Defend_R","Defend_R+1","Defend_R+1","Defend_R","Bash+1","Clothesline+1","Heavy Blade+1","Uppercut+1","Armaments+1","Fiend Fire+1","Carnage+1","Double Tap+1","Shrug It Off+1","Uppercut+1","Shrug It Off+1","Disarm+1","Parasite","Heavy Blade+1","Demon Form+1","Spot Weakness+1","Feel No Pain","Normality","Flame Barrier+1","Transmutation+1","Flame Barrier+1","Barricade","Corruption","Feel No Pain"],"relics":["Snecko Eye","Dream Catcher","HornCleat","Blood Vial","Toxic Egg 2","Orichalcum","Cursed Key","Bottled Lightning","Oddly Smooth Stone","Incense Burner","Ancient Tea Set","ClockworkSouvenir","Runic Cube","Blue Candle","War Paint","Potion Belt","Happy Flower"],"acts_visited":["Exordium","TheCity","TheBeyond","TheEnding"],"potions_floor_usage":[56,56,56],"damage_taken":[{"damage":15.0,"enemies":"Small Slimes","floor":1.0,"turns":3.0},{"damage":5.0,"enemies":"2 Louse","floor":5.0,"turns":4.0},{"damage":10.0,"enemies":"Lagavulin","floor":7.0,"turns":3.0},{"damage":0.0,"enemies":"Gremlin Nob","floor":10.0,"turns":3.0},{"damage":9.0,"enemies":"Jaw Worm","floor":11.0,"turns":2.0},{"damage":21.0,"enemies":"3 Sentries","floor":12.0,"turns":7.0},{"damage":0.0,"enemies":"Large Slime","floor":14.0,"turns":3.0},{"damage":11.0,"enemies":"The Guardian","floor":16.0,"turns":6.0},{"damage":11.0,"enemies":"3 Byrds","floor":18.0,"turns":6.0},{"damage":0.0,"enemies":"Spheric Guardian","floor":19.0,"turns":1.0},{"damage":0.0,"enemies":"Snecko","floor":21.0,"turns":2.0},{"damage":0.0,"enemies":"Gremlin Leader","floor":23.0,"turns":5.0},{"damage":6.0,"enemies":"Chosen and Byrds","floor":24.0,"turns":5.0},{"damage":2.0,"enemies":"Sentry and Sphere","floor":27.0,"turns":5.0},{"damage":9.0,"enemies":"Book of Stabbing","floor":28.0,"turns":3.0},{"damage":6.0,"enemies":"Slavers","floor":30.0,"turns":4.0},{"damage":37.0,"enemies":"Automaton","floor":33.0,"turns":9.0},{"damage":0.0,"enemies":"Orb Walker","floor":35.0,"turns":1.0},{"damage":3.0,"enemies":"3 Shapes","floor":36.0,"turns":4.0},{"damage":5.0,"enemies":"Sphere and 2 Shapes","floor":38.0,"turns":3.0},{"damage":1.0,"enemies":"3 Darklings","floor":39.0,"turns":4.0},{"damage":6.0,"enemies":"Nemesis","floor":40.0,"turns":5.0},{"damage":38,"enemies":"Reptomancer","floor":44,"turns":7},{"damage":1,"enemies":"Jaw Worm Horde","floor":47,"turns":4},{"damage":0,"enemies":"Nemesis","floor":48,"turns":1},{"damage":1,"enemies":"Time Eater","floor":50,"turns":7},{"damage":14,"enemies":"Donu and Deca","floor":51,"turns":6},{"damage":8,"enemies":"Shield and Spear","floor":55,"turns":6},{"damage":11,"enemies":"The Heart","floor":56,"turns":6}],"seed_played":"-6852461669725098069","potions_obtained":[{"floor":1.0,"key":"Fire Potion"},{"floor":5.0,"key":"SteroidPotion"},{"floor":11.0,"key":"FearPotion"},{"floor":19.0,"key":"EntropicBrew"},{"floor":27.0,"key":"SteroidPotion"},{"floor":28.0,"key":"SkillPotion"},{"floor":38.0,"key":"Strength Potion"},{"floor":55,"key":"FairyPotion"}],"is_trial":false,"path_per_floor":["M","?","$","?","M","R","E","R","T","E","M","E","$","M","R","B",null,"M","M","?","M","?","E","M","R","T","M","E","R","E","$","R","B",null,"M","M","$","M","M","E","?","R","T","E","R","?","M","E","R","B","B",null,"R","$","E","B",null],"character_chosen":"IRONCLAD","items_purchased":["Clothesline","Orichalcum","ClockworkSouvenir","Corruption"],"campfire_rested":1,"item_purchase_floors":[3,13,31,54],"current_hp_per_floor":[53,53,53,53,48,48,38,38,38,38,31,12,12,14,14,5,58,49,51,51,53,53,55,51,51,51,51,44,44,40,40,40,5,58,60,59,59,56,57,53,53,53,53,17,17,17,18,20,20,21,9,56,71,71,63,54],"gold":76,"neow_bonus":"BOSS_RELIC","is_daily":false,"chose_seed":false,"campfire_upgraded":8,"win_rate":0.0,"timestamp":1610347732,"path_taken":["M","?","$","?","?","R","E","R","T","E","M","E","$","M","R","BOSS","M","M","?","?","?","E","M","R","T","M","E","R","E","?","R","BOSS","M","M","$","M","M","E","?","R","T","E","R","?","M","E","R","BOSS","BOSS","R","$","E","BOSS"],"items_purchased_type":["Card","Relic","Relic","Card"],"build_version":"2020-12-22","purchased_purges":2,"victory":true,"max_hp_per_floor":[75,75,75,75,75,75,75,75,75,75,75,75,75,75,75,75,75,75,75,75,75,75,75,75,75,75,75,75,75,75,75,75,75,75,75,75,75,75,75,75,71,71,71,71,71,71,71,71,71,71,71,71,71,71,71,71],"relic_stats":{"Blood Vial":48,"Dream Catcher":1,"Happy Flower":[2],"counters":[29,125],"Blue Candle":[12],"Snecko Eye":[216,188,225,201],"Orichalcum":[126],"War Paint":["Defend_R","Defend_R"],"Cursed Key":2,"obtain_stats":[{"Potion Belt":48,"Happy Flower":55,"Blue Candle":40,"Oddly Smooth Stone":26,"Incense Burner":28,"Orichalcum":13,"War Paint":44,"Cursed Key":17,"Ancient Tea Set":30,"Burning Blood":0,"ClockworkSouvenir":31,"Blood Vial":10,"Dream Catcher":7,"HornCleat":9,"Snecko Eye":0,"Bottled Lightning":23,"Toxic Egg 2":12,"Runic Cube":34},{"Potion Belt":25,"Happy Flower":28,"Blue Candle":22,"Oddly Smooth Stone":13,"Incense Burner":15,"Orichalcum":6,"War Paint":23,"Cursed Key":8,"Ancient Tea Set":16,"Burning Blood":0,"ClockworkSouvenir":16,"Blood Vial":4,"Dream Catcher":3,"HornCleat":3,"Snecko Eye":0,"Bottled Lightning":12,"Toxic Egg 2":6,"Runic Cube":17},{"Potion Belt":100,"Happy Flower":119,"Blue Candle":88,"Oddly Smooth Stone":50,"Incense Burner":58,"Orichalcum":22,"War Paint":95,"Cursed Key":31,"Ancient Tea Set":62,"Burning Blood":0,"ClockworkSouvenir":62,"Blood Vial":13,"Dream Catcher":10,"HornCleat":10,"Snecko Eye":0,"Bottled Lightning":45,"Toxic Egg 2":22,"Runic Cube":71}],"Runic Cube":[27]},"card_choices":[{"not_picked":["Anger","Havoc","Flex"],"picked":"SKIP","floor":1.0},{"not_picked":["Rupture","Combust","Iron Wave"],"picked":"SKIP","floor":5.0},{"not_picked":["Clash","Shockwave"],"picked":"Uppercut","floor":7.0},{"not_picked":["Seeing Red","Havoc","Burning Pact"],"picked":"SKIP","floor":10.0},{"not_picked":["Warcry","Searing Blow"],"picked":"Armaments","floor":11.0},{"not_picked":["Reckless Charge","Second Wind+1"],"picked":"Fiend Fire","floor":12.0},{"not_picked":["Pommel Strike","Perfected Strike"],"picked":"Carnage","floor":14.0},{"not_picked":["Juggernaut","Feed"],"picked":"Double Tap+1","floor":16.0},{"not_picked":["Clothesline","Thunderclap"],"picked":"Shrug It Off+1","floor":18.0},{"not_picked":["Flex+1","Rage+1","Intimidate+1"],"picked":"SKIP","floor":19.0},{"not_picked":["Pommel Strike","Shockwave+1"],"picked":"Uppercut+1","floor":21.0},{"not_picked":["Anger+1","Iron Wave","Heavy Blade"],"picked":"SKIP","floor":23.0},{"not_picked":["Twin Strike","Shrug It Off+1"],"picked":"Disarm+1","floor":24.0},{"not_picked":["Pommel Strike","Carnage"],"picked":"Heavy Blade+1","floor":27.0},{"not_picked":["Pummel+1","Hemokinesis","Cleave"],"picked":"SKIP","floor":28.0},{"not_picked":["Twin Strike+1","Hemokinesis","Whirlwind"],"picked":"SKIP","floor":30.0},{"not_picked":["Double Tap+1","Bludgeon"],"picked":"Demon Form","floor":33.0},{"not_picked":["Sword Boomerang","Twin Strike","Thunderclap"],"picked":"SKIP","floor":35.0},{"not_picked":["Wild Strike+1","Perfected Strike+1","Havoc+1"],"picked":"SKIP","floor":36.0},{"not_picked":["Sword Boomerang","Cleave+1"],"picked":"Spot Weakness+1","floor":38.0},{"not_picked":["Cleave","Battle Trance+1","Anger"],"picked":"SKIP","floor":39.0},{"not_picked":["Cleave","Battle Trance+1","Anger"],"picked":"SKIP","floor":39.0},{"not_picked":["Body Slam","Searing Blow"],"picked":"Feel No Pain","floor":40.0},{"not_picked":["Disarm+1","Feed"],"picked":"Flame Barrier+1","floor":44},{"not_picked":["Jack Of All Trades+1","Purity+1"],"picked":"Transmutation+1","floor":46},{"not_picked":["Iron Wave","Twin Strike","True Grit+1"],"picked":"SKIP","floor":47},{"not_picked":["Pommel Strike","Warcry+1"],"picked":"Flame Barrier+1","floor":48},{"not_picked":["Heavy Blade+1","Second Wind+1"],"picked":"Barricade","floor":53},{"not_picked":["Clothesline","Dropkick"],"picked":"Feel No Pain","floor":55}],"player_experience":1060560,"relics_obtained":[{"floor":7.0,"key":"Dream Catcher"},{"floor":9.0,"key":"HornCleat"},{"floor":10.0,"key":"Blood Vial"},{"floor":12.0,"key":"Toxic Egg 2"},{"floor":23.0,"key":"Bottled Lightning"},{"floor":26.0,"key":"Oddly Smooth Stone"},{"floor":28.0,"key":"Incense Burner"},{"floor":30.0,"key":"Ancient Tea Set"},{"floor":40.0,"key":"Blue Candle"},{"floor":44,"key":"War Paint"},{"floor":48,"key":"Potion Belt"},{"floor":55,"key":"Happy Flower"}],"event_choices":[{"damage_healed":0.0,"max_hp_gain":0.0,"max_hp_loss":0.0,"gold_gain":0.0,"event_name":"Scrap Ooze","player_choice":"Fled","floor":2.0,"gold_loss":0.0,"damage_taken":0.0},{"damage_healed":0.0,"max_hp_gain":0.0,"max_hp_loss":0.0,"gold_gain":0.0,"cards_transformed":["Strike_R"],"event_name":"Living Wall","player_choice":"Change","floor":4.0,"gold_loss":0.0,"damage_taken":0.0,"cards_obtained":["Heavy Blade"]},{"damage_healed":0.0,"max_hp_gain":0.0,"max_hp_loss":0.0,"gold_gain":50.0,"event_name":"Golden Shrine","player_choice":"Pray","floor":20.0,"gold_loss":0.0,"damage_taken":0.0},{"damage_healed":0.0,"max_hp_gain":0.0,"max_hp_loss":0.0,"gold_gain":0.0,"cards_transformed":["Strike_R"],"event_name":"Transmorgrifier","player_choice":"Transformed","floor":22.0,"gold_loss":0.0,"damage_taken":0.0,"cards_obtained":["Shrug It Off"]},{"damage_healed":0.0,"max_hp_gain":0.0,"max_hp_loss":4.0,"gold_gain":0.0,"event_name":"Winding Halls","player_choice":"Max HP","floor":41.0,"gold_loss":0.0,"damage_taken":0.0},{"damage_healed":0,"gold_gain":0,"player_choice":"Memory 1","damage_taken":0,"max_hp_gain":0,"max_hp_loss":0,"event_name":"SensoryStone","floor":46,"gold_loss":0}],"is_beta":false,"boss_relics":[{"not_picked":["Runic Pyramid","SacredBark"],"picked":"Cursed Key"},{"not_picked":["Sozu","Tiny House"],"picked":"Runic Cube"}],"items_purged_floors":[31,37],"is_endless":false,"potions_floor_spawned":[1,5,11,16,19,23,27,28,38,44,47,55],"ascension_level":20}}