{"host":"a5lz0e76zb3fcwkm","time":1610378564,"event":{"mods":["AchievementEnabler","BaseMod","Colored Map","Colored Powertips","Minty Spire (QoL Compilation)","StSLib","SuperFastMode"],"gold_per_floor":[110,110,127,127,52,83,83,109,136,136,155,185,66,79,79,79,79],"floor_reached":16,"playtime":181,"items_purged":["Strike_R"],"score":266,"play_id":"6ed72595-16a4-4779-b70b-4a8ab41da7d3","local_time":"20210112002244","is_ascension_mode":true,"campfire_choices":[{"data":"Evolve","floor":7,"key":"SMITH"},{"data":"Fiend Fire","floor":10,"key":"SMITH"},{"data":"Limit Break","floor":15,"key":"SMITH"}],"circlet_count":0,"master_deck":["AscendersBane","Strike_R","Strike_R","Strike_R","Defend_R","Defend_R","Defend_R","Defend_R","Bash","Battle Trance","Evolve+1","Disarm","Fiend Fire+1","Flex","Anger","Fire Breathing","Shockwave","Limit Break+1"],"relics":["Burning Blood","NeowsBlessing","Happy Flower","Darkstone Periapt","Red Skull","Odd Mushroom"],"acts_visited":["Exordium"],"potions_floor_usage":[8,16,16],"damage_taken":[{"damage":0,"enemies":"2 Louse","floor":1,"turns":1},{"damage":0,"enemies":"Small Slimes","floor":3,"turns":1},{"damage":0,"enemies":"Lagavulin","floor":6,"turns":1},{"damage":51,"enemies":"Gremlin Nob","floor":8,"turns":5},{"damage":4,"enemies":"Jaw Worm","floor":11,"turns":3},{"damage":16,"enemies":"The Mushroom Lair","floor":12,"turns":4},{"damage":12,"enemies":"Blue Slaver","floor":14,"turns":3},{"damage":0,"enemies":"The Guardian","floor":16,"turns":2}],"seed_played":"8152366471493969858","potions_obtained":[{"floor":6,"key":"EssenceOfSteel"},{"floor":12,"key":"HeartOfIron"},{"floor":14,"key":"LiquidBronze"}],"is_trial":false,"path_per_floor":["M","?","M","?","$","E","R","E","T","R","M","?","$","M","R","B"],"character_chosen":"IRONCLAD","items_purchased":["Fire Breathing","Shockwave"],"campfire_rested":0,"item_purchase_floors":[13,13],"current_hp_per_floor":[74,79,80,80,80,80,80,35,35,35,37,27,27,21,21,21,21],"gold":79,"neow_bonus":"THREE_ENEMY_KILL","is_daily":false,"chose_seed":false,"campfire_upgraded":3,"win_rate":0.0,"timestamp":1610378564,"path_taken":["M","?","M","?","$","E","R","E","T","R","M","?","?","?","R","BOSS"],"items_purchased_type":["Card","Card"],"build_version":"2020-12-22","purchased_purges":1,"victory":false,"max_hp_per_floor":[75,80,80,80,80,80,80,80,80,80,80,80,80,80,80,80,80],"card_choices":[{"not_picked":["Perfected Strike","Havoc"],"picked":"Battle Trance","floor":1},{"not_picked":["Flex","Clothesline"],"picked":"Evolve","floor":3},{"not_picked":["Havoc","Uppercut","Combust"],"picked":"SKIP","floor":6},{"not_picked":["Clash","Pommel Strike"],"picked":"Fiend Fire","floor":8},{"not_picked":["Clash","Flame Barrier"],"picked":"Flex","floor":11},{"not_picked":["Rage","Clothesline"],"picked":"Anger","floor":12},{"not_picked":["Infernal Blade","Havoc"],"picked":"Limit Break","floor":14}],"player_experience":1720055,"relics_obtained":[{"floor":6,"key":"Happy Flower"},{"floor":8,"key":"Darkstone Periapt"},{"floor":9,"key":"Red Skull"},{"floor":12,"key":"Odd Mushroom"}],"event_choices":[{"damage_healed":0,"gold_gain":0,"player_choice":"Donut","damage_taken":0,"max_hp_gain":5,"max_hp_loss":0,"event_name":"Big Fish","floor":2,"gold_loss":0},{"damage_healed":0,"gold_gain":0,"cards_transformed":["Strike_R"],"player_choice":"Change","damage_taken":0,"max_hp_gain":0,"max_hp_loss":0,"event_name":"Living Wall","floor":4,"gold_loss":0,"cards_obtained":["Disarm"]},{"damage_healed":0,"gold_gain":0,"player_choice":"Fought Mushrooms","damage_taken":0,"max_hp_gain":0,"max_hp_loss":0,"event_name":"Mushrooms","floor":12,"gold_loss":0}],"is_beta":false,"boss_relics":[],"items_purged_floors":[5],"is_endless":false,"potions_floor_spawned":[6,12,14],"killed_by":"The Guardian","ascension_level":20}}