{"host":"Timothy","time":1610380439,"event":{"mods":["AchievementEnabler","BaseMod","Bestiary","Highlight Path","Minty Spire (QoL Compilation)","Quick Restart","Slay-I"],"gold_per_floor":[117,117,137,212,232,232,232,247,270,282,292,307,36,58,58,154,154,168,168,184,196,196,196,223,223,223,0,20,20,32,50,50,50,50],"floor_reached":33,"playtime":729,"items_purged":["Defend_R"],"score":261,"play_id":"995d45fd-1b53-4f3c-ba9c-bb1f87b246ff","local_time":"20210111075359","is_ascension_mode":false,"campfire_choices":[{"data":"Flex","floor":6.0,"key":"SMITH"},{"floor":15.0,"key":"REST"},{"floor":23.0,"key":"REST"},{"floor":29,"key":"REST"},{"floor":32,"key":"REST"}],"circlet_count":0,"master_deck":["Strike_R+1","Strike_R+1","Strike_R+1","Strike_R+1","Strike_R+1","Bash","Heavy Blade","Flex+1","Heavy Blade","Sword Boomerang","Clash","Sword Boomerang","Havoc+1"],"relics":["Burning Blood","Orichalcum","Omamori","Odd Mushroom","Cursed Key","Bag of Preparation"],"acts_visited":["Exordium","TheCity"],"potions_floor_usage":[33,33,33],"damage_taken":[{"damage":10.0,"enemies":"2 Louse","floor":1.0,"turns":2.0},{"damage":6.0,"enemies":"Cultist","floor":3.0,"turns":3.0},{"damage":7.0,"enemies":"Small Slimes","floor":5.0,"turns":3.0},{"damage":14.0,"enemies":"Blue Slaver","floor":8.0,"turns":3.0},{"damage":7.0,"enemies":"Red Slaver","floor":10.0,"turns":2.0},{"damage":8.0,"enemies":"Exordium Wildlife","floor":11.0,"turns":3.0},{"damage":13.0,"enemies":"Blue Slaver","floor":12.0,"turns":3.0},{"damage":3.0,"enemies":"The Mushroom Lair","floor":14.0,"turns":2.0},{"damage":22.0,"enemies":"Slime Boss","floor":16.0,"turns":13.0},{"damage":32.0,"enemies":"2 Thieves","floor":18.0,"turns":4.0},{"damage":7.0,"enemies":"3 Byrds","floor":20.0,"turns":4.0},{"damage":15.0,"enemies":"3 Cultists","floor":21.0,"turns":5.0},{"damage":22.0,"enemies":"Slavers","floor":24.0,"turns":4.0},{"damage":0,"enemies":"Centurion and Healer","floor":28,"turns":3},{"damage":9,"enemies":"Snecko","floor":30,"turns":3},{"damage":20,"enemies":"Shelled Parasite and Fungi","floor":31,"turns":4},{"damage":94,"enemies":"Collector","floor":33,"turns":6}],"seed_played":"5251151463681627021","potions_obtained":[{"floor":3.0,"key":"SteroidPotion"},{"floor":5.0,"key":"SteroidPotion"},{"floor":11.0,"key":"Dexterity Potion"},{"floor":14.0,"key":"Weak Potion"},{"floor":20.0,"key":"EssenceOfSteel"},{"floor":24.0,"key":"SkillPotion"},{"floor":30,"key":"Regen Potion"}],"is_trial":false,"path_per_floor":["M","?","M","?","M","R","?","M","T","M","M","M","$","?","R","B",null,"M","?","M","M","?","R","E","?","T","?","M","R","M","M","R","B"],"character_chosen":"IRONCLAD","items_purchased":["Heavy Blade","Omamori"],"campfire_rested":4,"item_purchase_floors":[13,13],"current_hp_per_floor":[68,68,68,57,56,56,72,64,64,63,61,54,54,57,72,56,72,46,46,45,36,36,57,41,28,28,28,34,57,54,40,63,0,0],"gold":50,"neow_bonus":"REMOVE_TWO","is_daily":false,"chose_seed":false,"campfire_upgraded":1,"win_rate":0.0,"timestamp":1610380439,"path_taken":["M","?","?","?","M","R","?","M","T","M","M","M","$","?","R","BOSS","M","?","?","M","?","R","E","?","T","?","M","R","M","M","R","BOSS"],"items_purchased_type":["Card","Relic"],"build_version":"2020-12-18","purchased_purges":1,"victory":false,"max_hp_per_floor":[72,72,72,72,72,72,72,72,72,72,72,72,72,72,72,72,72,72,72,72,72,72,72,72,77,77,77,77,77,77,77,77,77,77],"card_choices":[{"not_picked":["True Grit","Intimidate","Metallicize"],"picked":"SKIP","floor":1.0},{"not_picked":["Havoc","Armaments"],"picked":"Heavy Blade","floor":3.0},{"not_picked":["Havoc","Offering"],"picked":"Flex","floor":5.0},{"not_picked":["Armaments","Anger","Seeing Red"],"picked":"SKIP","floor":8.0},{"not_picked":["Anger","Rampage","Armaments"],"picked":"SKIP","floor":10.0},{"not_picked":["Reckless Charge","Disarm","Wild Strike"],"picked":"SKIP","floor":11.0},{"not_picked":["Reckless Charge","Disarm","Wild Strike"],"picked":"SKIP","floor":11.0},{"not_picked":["Iron Wave","Ghostly Armor","Clothesline"],"picked":"SKIP","floor":12.0},{"not_picked":["Wild Strike","Second Wind"],"picked":"Sword Boomerang","floor":14.0},{"not_picked":["Clothesline","Metallicize+1","Anger"],"picked":"SKIP","floor":18.0},{"not_picked":["Evolve+1","Havoc","Pommel Strike"],"picked":"SKIP","floor":20.0},{"not_picked":["Feel No Pain","Iron Wave+1"],"picked":"Clash","floor":21.0},{"not_picked":["Shockwave","Clothesline"],"picked":"Sword Boomerang","floor":24.0},{"not_picked":["Evolve","Power Through+1"],"picked":"Havoc+1","floor":28},{"not_picked":["Shrug It Off+1","Corruption","Entrench"],"picked":"SKIP","floor":30},{"not_picked":["Headbutt+1","Clothesline","Sword Boomerang"],"picked":"SKIP","floor":31}],"player_experience":805650,"relics_obtained":[{"floor":9.0,"key":"Orichalcum"},{"floor":14.0,"key":"Odd Mushroom"},{"floor":24.0,"key":"Bag of Preparation"}],"event_choices":[{"damage_healed":0.0,"max_hp_gain":0.0,"max_hp_loss":0.0,"gold_gain":0.0,"event_name":"The Woman in Blue","player_choice":"Bought 0 Potions","floor":2.0,"gold_loss":0.0,"damage_taken":0.0},{"damage_healed":0.0,"max_hp_gain":0.0,"max_hp_loss":0.0,"gold_gain":75.0,"event_name":"World of Goop","player_choice":"Gather Gold","floor":4.0,"gold_loss":0.0,"damage_taken":11.0},{"damage_healed":24.0,"max_hp_gain":0.0,"max_hp_loss":0.0,"gold_gain":0.0,"event_name":"Big Fish","player_choice":"Banana","floor":7.0,"gold_loss":0.0,"damage_taken":0.0},{"damage_healed":0.0,"max_hp_gain":0.0,"max_hp_loss":0.0,"gold_gain":0.0,"event_name":"Mushrooms","player_choice":"Fought Mushrooms","floor":14.0,"gold_loss":0.0,"damage_taken":0.0},{"cards_removed":["Defend_R"],"damage_healed":0.0,"max_hp_gain":0.0,"max_hp_loss":0.0,"gold_gain":0.0,"event_name":"Purifier","player_choice":"Purged","floor":19.0,"gold_loss":0.0,"damage_taken":0.0},{"damage_healed":0.0,"max_hp_gain":0.0,"max_hp_loss":0.0,"gold_gain":0.0,"event_name":"Back to Basics","player_choice":"Simplicity","floor":22.0,"gold_loss":0.0,"damage_taken":0.0,"cards_upgraded":["Strike_R","Strike_R","Strike_R","Strike_R","Strike_R"]},{"damage_healed":0.0,"max_hp_gain":5.0,"max_hp_loss":0.0,"gold_gain":0.0,"event_name":"Forgotten Altar","player_choice":"Shed Blood","floor":25.0,"gold_loss":0.0,"damage_taken":18.0},{"damage_healed":0,"gold_gain":0,"player_choice":"Paid Fearfully","damage_taken":0,"max_hp_gain":0,"max_hp_loss":0,"event_name":"Masked Bandits","floor":27,"gold_loss":223}],"is_beta":true,"boss_relics":[{"not_picked":["SlaversCollar","Velvet Choker"],"picked":"Cursed Key"}],"items_purged_floors":[13],"is_endless":false,"potions_floor_spawned":[3,5,11,14,20,24,30],"killed_by":"Collector","ascension_level":0}}