{"host":"qdfumeom6htv8yxl","time":1610382030,"event":{"mods":["AchievementEnabler","BaseMod","Bestiary","Block Reminder","Minty Spire (QoL Compilation)","Quick Restart","Relic Stats"],"gold_per_floor":[115,115,115,115,17,52,52,68,93,93,105,5,39,55,55,130,130,146,21,34,34,34],"floor_reached":21,"playtime":4425,"items_purged":["Strike_B","Strike_B","Strike_B"],"score":360,"play_id":"e12135a4-387a-4719-b491-df194c464359","local_time":"20210111102030","is_ascension_mode":true,"campfire_choices":[{"data":"Beam Cell","floor":10,"key":"SMITH"},{"data":"Sweeping Beam","floor":15,"key":"SMITH"}],"circlet_count":0,"master_deck":["AscendersBane","Strike_B","Defend_B+1","Defend_B","Defend_B","Defend_B","Zap+1","Dualcast","Gash","Beam Cell+1","Leap","Sweeping Beam+1","Hologram","Go for the Eyes","All For One","CurseOfTheBell","Gash+1","Self Repair"],"relics":["Cracked Core","NeowsBlessing","Toy Ornithopter","Art of War","Dream Catcher","StrikeDummy","Calling Bell","Blood Vial","Molten Egg 2","Turnip"],"acts_visited":["TheCity"],"potions_floor_usage":[13,16,21],"damage_taken":[{"damage":0,"enemies":"Jaw Worm","floor":1,"turns":1},{"damage":0,"enemies":"Gremlin Nob","floor":6,"turns":1},{"damage":0,"enemies":"Small Slimes","floor":8,"turns":1},{"damage":0,"enemies":"2 Louse","floor":11,"turns":2},{"damage":8,"enemies":"3 Sentries","floor":13,"turns":6},{"damage":8,"enemies":"Blue Slaver","floor":14,"turns":3},{"damage":15,"enemies":"Slime Boss","floor":16,"turns":7},{"damage":22,"enemies":"Spheric Guardian","floor":18,"turns":4},{"damage":14,"enemies":"2 Thieves","floor":20,"turns":3},{"damage":43,"enemies":"Chosen and Byrds","floor":21,"turns":7}],"seed_played":"-632444462084010453","potions_obtained":[{"floor":6,"key":"CultistPotion"},{"floor":11,"key":"DistilledChaos"},{"floor":16,"key":"Dexterity Potion"}],"is_trial":false,"path_per_floor":["M","?","?","?","$","E","$","M","T","R","M","$","E","M","R","B",null,"M","$","M","M"],"character_chosen":"DEFECT","items_purchased":["Beam Cell"],"campfire_rested":0,"item_purchase_floors":[5],"current_hp_per_floor":[64,64,50,50,50,50,50,50,50,50,50,50,47,39,39,29,61,41,41,29,0,0],"gold":34,"neow_bonus":"THREE_ENEMY_KILL","is_daily":false,"chose_seed":false,"campfire_upgraded":2,"win_rate":0.0,"timestamp":1610382030,"path_taken":["M","?","?","?","?","E","$","M","T","R","M","$","E","M","R","BOSS","M","$","M","M"],"items_purchased_type":["Card"],"build_version":"2020-12-22","purchased_purges":3,"victory":false,"max_hp_per_floor":[71,71,71,71,71,71,71,71,71,71,71,71,71,71,71,71,71,71,71,71,71,71],"relic_stats":{"Blood Vial":6,"Dream Catcher":0,"counters":[10,35],"Turnip":[5],"Art of War":[1],"obtain_stats":[{"Calling Bell":17,"Blood Vial":17,"Dream Catcher":9,"NeowsBlessing":0,"Molten Egg 2":17,"Turnip":17,"Art of War":6,"Cracked Core":0,"StrikeDummy":13,"Toy Ornithopter":2},{"Calling Bell":7,"Blood Vial":7,"Dream Catcher":3,"NeowsBlessing":0,"Molten Egg 2":7,"Turnip":7,"Art of War":2,"Cracked Core":0,"StrikeDummy":5,"Toy Ornithopter":1},{"Calling Bell":21,"Blood Vial":21,"Dream Catcher":3,"NeowsBlessing":0,"Molten Egg 2":21,"Turnip":21,"Art of War":2,"Cracked Core":0,"StrikeDummy":11,"Toy Ornithopter":1}],"Toy Ornithopter":15},"card_choices":[{"not_picked":["Barrage","Recycle"],"picked":"Gash","floor":1},{"not_picked":["Barrage","Defragment"],"picked":"Leap","floor":6},{"not_picked":["Steam Power","Storm"],"picked":"Sweeping Beam","floor":8},{"not_picked":["Ball Lightning","Skim"],"picked":"Hologram","floor":11},{"not_picked":["Hello World","Chill"],"picked":"Go for the Eyes","floor":13},{"not_picked":["Doom and Gloom","Redo","Barrage"],"picked":"SKIP","floor":14},{"not_picked":["Core Surge","Hyperbeam"],"picked":"All For One","floor":16},{"not_picked":["Coolheaded","Ball Lightning+1"],"picked":"Gash+1","floor":18},{"not_picked":["Leap","Hologram"],"picked":"Self Repair","floor":20}],"player_experience":1780392,"relics_obtained":[{"floor":6,"key":"Art of War"},{"floor":9,"key":"Dream Catcher"},{"floor":13,"key":"StrikeDummy"},{"floor":17,"key":"Blood Vial"},{"floor":17,"key":"Molten Egg 2"},{"floor":17,"key":"Turnip"}],"event_choices":[{"damage_healed":0,"gold_gain":0,"player_choice":"Box","damage_taken":0,"relics_obtained":["Toy Ornithopter"],"max_hp_gain":0,"max_hp_loss":0,"event_name":"Big Fish","floor":2,"gold_loss":0,"cards_obtained":["Regret"]},{"damage_healed":0,"gold_gain":0,"player_choice":"Entered Light","damage_taken":14,"max_hp_gain":0,"max_hp_loss":0,"event_name":"Shining Light","floor":3,"gold_loss":0,"cards_upgraded":["Zap","Defend_B"]},{"cards_removed":["Regret"],"damage_healed":0,"gold_gain":0,"player_choice":"Forget","damage_taken":0,"max_hp_gain":0,"max_hp_loss":0,"event_name":"Living Wall","floor":4,"gold_loss":0}],"is_beta":false,"boss_relics":[{"not_picked":["Philosopher\u0027s Stone","Snecko Eye"],"picked":"Calling Bell"}],"items_purged_floors":[5,12,19],"is_endless":false,"potions_floor_spawned":[6,11,16],"killed_by":"Chosen and Byrds","ascension_level":14}}