{"host":"sav7uxregyirlf69","time":1610372432,"event":{"mods":["AchievementEnabler","BaseMod","Colored Map","DeckTracker","Keyboard Shortcuts","Minty Spire (QoL Compilation)","READ ME - Guardian Mod","StSLib","SuperFastMode"],"gold_per_floor":[117,117,133,7,22,22,22,69,93,93,109,134,134,145,145,220,220,231,231,231,231],"floor_reached":20,"playtime":458,"items_purged":["Strike_G"],"score":344,"play_id":"8fc7cfc8-50ca-43af-bfcc-68c9e75983c0","local_time":"20210111224032","is_ascension_mode":true,"campfire_choices":[{"data":"Acrobatics","floor":6,"key":"SMITH"},{"data":"Neutralize","floor":10,"key":"SMITH"},{"data":"Prepared","floor":13,"key":"SMITH"},{"floor":15,"key":"REST"}],"circlet_count":0,"master_deck":["AscendersBane","Strike_G","Strike_G","Strike_G","Defend_G","Defend_G","Defend_G","Defend_G","Survivor+1","Neutralize+1","Grand Finale","Endless Agony","Neutralize","Grand Finale","Backflip","Acrobatics+1","Prepared+1","Prepared"],"relics":["Ring of the Snake","Tiny Chest","Happy Flower","Omamori","SlaversCollar"],"acts_visited":["Exordium","TheCity"],"potions_floor_usage":[],"damage_taken":[{"damage":0,"enemies":"Jaw Worm","floor":1,"turns":6},{"damage":2,"enemies":"Cultist","floor":3,"turns":5},{"damage":4,"enemies":"2 Louse","floor":5,"turns":4},{"damage":8,"enemies":"Large Slime","floor":11,"turns":3},{"damage":11,"enemies":"Lagavulin","floor":12,"turns":5},{"damage":10,"enemies":"Exordium Thugs","floor":14,"turns":3},{"damage":33,"enemies":"Slime Boss","floor":16,"turns":9},{"damage":40,"enemies":"Shell Parasite","floor":18,"turns":17},{"damage":33,"enemies":"Chosen","floor":20,"turns":9}],"seed_played":"-4619369830879897897","potions_obtained":[{"floor":3,"key":"FairyPotion"},{"floor":5,"key":"SpeedPotion"}],"is_trial":false,"path_per_floor":["M","?","M","$","M","R","$","T","T","R","M","E","R","M","R","B",null,"M","?","M"],"character_chosen":"THE_SILENT","items_purchased":["Acrobatics"],"campfire_rested":1,"item_purchase_floors":[4],"current_hp_per_floor":[59,59,57,57,53,53,53,53,53,53,45,34,34,24,42,9,47,7,7,0,0],"gold":231,"neow_bonus":"TRANSFORM_TWO_CARDS","is_daily":false,"chose_seed":false,"campfire_upgraded":3,"win_rate":0.0,"timestamp":1610372432,"path_taken":["M","?","?","$","?","R","?","?","T","R","M","E","R","?","R","BOSS","M","?","?"],"items_purchased_type":["Card"],"build_version":"2020-12-22","purchased_purges":1,"victory":false,"max_hp_per_floor":[60,60,60,60,60,60,60,60,60,60,60,60,60,60,60,60,60,60,60,60,60],"card_choices":[{"not_picked":["PiercingWail","Underhanded Strike","Dash"],"picked":"SKIP","floor":1},{"not_picked":["Distraction","Expertise"],"picked":"Backflip","floor":3},{"not_picked":["Deadly Poison","PiercingWail","Poisoned Stab"],"picked":"SKIP","floor":5},{"not_picked":["Deflect","All Out Attack","Predator"],"picked":"SKIP","floor":11},{"not_picked":["Choke","Infinite Blades"],"picked":"Prepared","floor":12},{"not_picked":["Blur","Dodge and Roll","Dagger Spray"],"picked":"SKIP","floor":14},{"not_picked":["Deflect","Backflip"],"picked":"Prepared","floor":18}],"player_experience":1252255,"relics_obtained":[{"floor":8,"key":"Tiny Chest"},{"floor":9,"key":"Happy Flower"},{"floor":12,"key":"Omamori"}],"event_choices":[{"damage_healed":0,"gold_gain":0,"player_choice":"2 cards matched","damage_taken":0,"max_hp_gain":0,"max_hp_loss":0,"event_name":"Match and Keep!","floor":2,"gold_loss":0,"cards_obtained":["Neutralize","Grand Finale"]},{"damage_healed":0,"gold_gain":0,"player_choice":"Upgraded","damage_taken":0,"max_hp_gain":0,"max_hp_loss":0,"event_name":"Upgrade Shrine","floor":19,"gold_loss":0,"cards_upgraded":["Survivor"]}],"is_beta":false,"boss_relics":[{"not_picked":["Ring of the Serpent","Velvet Choker"],"picked":"SlaversCollar"}],"items_purged_floors":[4],"is_endless":false,"potions_floor_spawned":[3,5,16],"killed_by":"Chosen","ascension_level":20}}