{"host":"5apxsqgkueisybsc","time":1610339440,"event":{"mods":["A Magickal Journey","BaseMod","Better Third Choice","DeckTracker","Hermit","Hero for Fun","Hubris","Hunter ??","Mimic Mod","Minty Spire (QoL Compilation)","Random Character Button","Rare Cards Sparkle","Replay The Spire","Robot Space Explorer","SOS???????","Shade Mod","StSLib","The Blackbeard","The Bladedancer","The Bug Knight","The Clintock","The Cursed","The Disciple","The Druid","The Exalted","The Forsaken","The Servant 0.9.4","The Valiant","The Witch","[IsaacMod]????"],"gold_per_floor":[111,111,126,236,251,279,279,306,339,339,352,352,352,365,365,463,463,479,489,489,505,519,545,545,555,555,555,555,673,806,825,825,825,825],"floor_reached":33,"playtime":2250,"items_purged":[],"score":354,"play_id":"6d548b82-b13a-4c01-881f-e5c86f7021e5","local_time":"20210110233040","is_ascension_mode":false,"campfire_choices":[{"floor":7,"key":"REST"},{"data":"blademaster:DancingEdge","floor":12,"key":"SMITH"},{"floor":15,"key":"REST"},{"floor":24,"key":"REST"},{"floor":28,"key":"REST"}],"circlet_count":0,"master_deck":["blademaster:Strike","blademaster:Strike","blademaster:Strike+1","blademaster:Defend","blademaster:Defend","blademaster:Defend","blademaster:Defend","blademaster:RagingBlow","blademaster:HighVoltage","DoctorFetus","blademaster:DaggerAndCloak","blademaster:DancingEdge+1","blademaster:StanceMastery","blademaster:AspectOfWind","blademaster:Vortex+1","blademaster:FlockOfBlades","blademaster:AirSlash","blademaster:BloodyBlow","blademaster:Flurry","blademaster:UnrelentingWind","blademaster:BladeMastery","blademaster:ThreePointStrike","Panacea","blademaster:Frontflip","blademaster:DaggerAndCloak","blademaster:Reversal","blademaster:Safeguard","blademaster:AspectOfWind+1","blademaster:SharpBlades","blademaster:Rupture","blademaster:DaggerAndCloak+1","blademaster:Meditate+1","blademaster:DaggerAndCloak+1"],"relics":["blademaster:DancersAmulet","HushsDoor","KeepersGift","Blue Doll","Whetstone","hubris:TenFootPole","Dream Catcher","hubris:BundleOfHerbs","hubris:Icosahedron","Busted Crown","Incubus","HowToJump","Unceasing Top","Red Mask"],"acts_visited":["Exordium","TheCity"],"potions_floor_usage":[6,19,19,23,30,33,33],"damage_taken":[{"damage":5,"enemies":"2 Louse","floor":1,"turns":3},{"damage":1,"enemies":"Small Slimes","floor":3,"turns":6},{"damage":8,"enemies":"Jaw Worm","floor":5,"turns":6},{"damage":40,"enemies":"3 Sentries","floor":6,"turns":10},{"damage":12,"enemies":"Lagavulin","floor":8,"turns":5},{"damage":0,"enemies":"3 Louse","floor":9,"turns":8},{"damage":0,"enemies":"3 Louse","floor":11,"turns":3},{"damage":0,"enemies":"Exordium Wildlife","floor":14,"turns":2},{"damage":0,"enemies":"Slime Boss","floor":16,"turns":7},{"damage":0,"enemies":"Chosen","floor":18,"turns":3},{"damage":0,"enemies":"Shell Parasite","floor":19,"turns":2},{"damage":0,"enemies":"Snecko","floor":21,"turns":4},{"damage":18,"enemies":"Centurion and Healer","floor":22,"turns":6},{"damage":38,"enemies":"Slavers","floor":23,"turns":5},{"damage":12,"enemies":"3 Cultists","floor":25,"turns":5},{"damage":5,"enemies":"Shelled Parasite and Fungi","floor":29,"turns":4},{"damage":0,"enemies":"Masked Bandits","floor":30,"turns":2},{"damage":17,"enemies":"Chosen and Byrds","floor":31,"turns":5},{"damage":35,"enemies":"Champ","floor":33,"turns":6}],"seed_played":"-4430811464135848962","potions_obtained":[{"floor":5,"key":"Energy Potion"},{"floor":8,"key":"Weak Potion"},{"floor":16,"key":"Elixir"},{"floor":18,"key":"LiquidMemories"},{"floor":22,"key":"LiquidBronze"},{"floor":29,"key":"Languid Potion"},{"floor":31,"key":"Venom Potion"}],"is_trial":false,"path_per_floor":["M","?","M","?","M","E","R","E","MIM","?","M","R","?","M","R","B",null,"M","M","?","M","M","E","R","M","T","?","R","M","?","M","R","B"],"character_chosen":"THE_BLADEMASTER","items_purchased":["blademaster:BladeMastery","Incubus","blademaster:ThreePointStrike","Panacea"],"campfire_rested":4,"item_purchase_floors":[17,17,17,17],"current_hp_per_floor":[63,56,55,55,47,7,33,21,21,16,16,16,16,16,42,42,60,60,60,60,60,42,4,22,10,10,10,28,23,23,6,24,0,0],"gold":825,"neow_bonus":"TWENTY_PERCENT_HP_BONUS","is_daily":false,"chose_seed":false,"campfire_upgraded":1,"win_rate":0.0,"timestamp":1610339440,"path_taken":["M","?","M","?","M","E","R","E","MIM","?","M","R","?","?","R","BOSS","M","M","?","M","M","E","R","M","T","?","R","M","?","?","R","BOSS"],"items_purchased_type":["Card","Relic","Card","Card"],"build_version":"2020-12-22","purchased_purges":0,"victory":false,"max_hp_per_floor":[89,89,89,89,89,89,89,89,89,89,89,89,89,89,89,89,60,60,60,60,60,60,60,60,60,60,60,60,60,60,60,60,60,60],"card_choices":[{"not_picked":[],"picked":"DoctorFetus","floor":0},{"not_picked":["blademaster:LeechingStrike","blademaster:Safeguard"],"picked":"blademaster:DaggerAndCloak","floor":1},{"not_picked":["blademaster:Stormstrike","Bomb"],"picked":"blademaster:DancingEdge","floor":3},{"not_picked":["blademaster:Slice","blademaster:FuriousStrike"],"picked":"blademaster:StanceMastery","floor":4},{"not_picked":["blademaster:Stability","blademaster:Quickstep"],"picked":"blademaster:AspectOfWind","floor":4},{"not_picked":["blademaster:ThunderSlash","blademaster:CombatPrep"],"picked":"blademaster:Vortex","floor":5},{"not_picked":["blademaster:Reversal","blademaster:FuriousStrike"],"picked":"blademaster:FlockOfBlades","floor":6},{"not_picked":["blademaster:LeechingStrike","blademaster:AwakeningDefend"],"picked":"blademaster:AirSlash","floor":8},{"not_picked":["Bomb","blademaster:DancingEdge"],"picked":"blademaster:BloodyBlow","floor":11},{"not_picked":["blademaster:AirSlash","blademaster:BladeDance","blademaster:ThunderSlash"],"picked":"SKIP","floor":14},{"not_picked":["blademaster:Slice","blademaster:AirSlash"],"picked":"blademaster:Flurry","floor":15},{"not_picked":["blademaster:FlockOfBlades","blademaster:RollingTyphoon"],"picked":"blademaster:UnrelentingWind","floor":16},{"not_picked":[],"picked":"blademaster:Frontflip","floor":18},{"not_picked":[],"picked":"blademaster:DaggerAndCloak","floor":19},{"not_picked":[],"picked":"blademaster:Safeguard","floor":21},{"not_picked":["blademaster:DaggerAndCloak"],"picked":"SKIP","floor":22},{"not_picked":[],"picked":"blademaster:AspectOfWind+1","floor":23},{"not_picked":["blademaster:Flurry+1"],"picked":"SKIP","floor":25},{"not_picked":[],"picked":"blademaster:SharpBlades","floor":28},{"not_picked":[],"picked":"blademaster:Rupture","floor":29},{"not_picked":[],"picked":"blademaster:DaggerAndCloak+1","floor":30},{"not_picked":[],"picked":"blademaster:Meditate","floor":31},{"not_picked":[],"picked":"blademaster:DaggerAndCloak+1","floor":32}],"player_experience":121732,"relics_obtained":[{"floor":4,"key":"Blue Doll"},{"floor":6,"key":"blademaster:FuryEveryTurnPerk"},{"floor":6,"key":"Whetstone"},{"floor":8,"key":"hubris:TenFootPole"},{"floor":8,"key":"blademaster:RandomBladePerk"},{"floor":9,"key":"Dream Catcher"},{"floor":23,"key":"HowToJump"},{"floor":23,"key":"blademaster:ComboEveryTurnPerk"},{"floor":26,"key":"Unceasing Top"},{"floor":30,"key":"Red Mask"}],"event_choices":[{"cards_removed":["blademaster:Strike"],"damage_healed":0,"gold_gain":0,"player_choice":"Card Removal","damage_taken":7,"max_hp_gain":0,"max_hp_loss":0,"event_name":"Golden Wing","floor":2,"gold_loss":0},{"damage_healed":0,"gold_gain":0,"player_choice":"Relic ","damage_taken":12,"max_hp_gain":0,"max_hp_loss":0,"event_name":"betterThird:BetterScrap","floor":10,"gold_loss":0,"cards_obtained":["Corruption"]},{"damage_healed":0,"gold_gain":0,"player_choice":"Read","damage_taken":0,"max_hp_gain":0,"max_hp_loss":0,"event_name":"The Library","floor":20,"gold_loss":0,"cards_obtained":["blademaster:Reversal"]},{"damage_healed":0,"gold_gain":0,"player_choice":"Ignored","damage_taken":0,"max_hp_gain":0,"max_hp_loss":0,"event_name":"Ghosts","floor":27,"gold_loss":0},{"damage_healed":0,"gold_gain":0,"player_choice":"Fought Bandits","damage_taken":0,"max_hp_gain":0,"max_hp_loss":0,"event_name":"Masked Bandits","floor":30,"gold_loss":0}],"is_beta":false,"boss_relics":[{"not_picked":["hubris:GrandSneckoEye","ChampionBelt"],"picked":"Busted Crown"},{"not_picked":[]}],"items_purged_floors":[],"is_endless":false,"potions_floor_spawned":[5,6,8,16,18,22,29,31],"killed_by":"Champ","ascension_level":0}}