{"host":"ymknu7vcxiutstwp","time":1610382024,"event":{"mods":["AchievementEnabler","BaseMod","Colored Powertips","Curses Come First","Highlight Path","Minty Spire (QoL Compilation)","Permanent Neow","Relic Stats","StSLib"],"gold_per_floor":[216,231,29,42,42,42,77,77,130,165,165,165,182,153,153,257,257,273,291,304,304,304],"floor_reached":21,"playtime":2832,"items_purged":[],"score":306,"play_id":"73f211fd-ccf7-452c-bb95-7a7aeaacda13","local_time":"20210111162024","is_ascension_mode":true,"campfire_choices":[{"data":"Footwork","floor":6.0,"key":"SMITH"},{"floor":8.0,"key":"REST"},{"floor":11.0,"key":"REST"},{"floor":15.0,"key":"REST"}],"circlet_count":0,"master_deck":["AscendersBane","Strike_G","Strike_G","Strike_G","Strike_G","Strike_G","Defend_G","Defend_G","Defend_G+1","Defend_G","Defend_G","Survivor","Neutralize","Dagger Throw","PiercingWail","Footwork+1","Unload","PiercingWail+1","Unload","Backflip","Blur","Acrobatics","Corpse Explosion","Bouncing Flask","Bane+1"],"relics":["Ring of the Snake","Orichalcum","Dream Catcher","War Paint","Snecko Eye"],"acts_visited":["Exordium","TheCity"],"potions_floor_usage":[],"damage_taken":[{"damage":0.0,"enemies":"Cultist","floor":1.0,"turns":5.0},{"damage":0.0,"enemies":"Small Slimes","floor":2.0,"turns":3.0},{"damage":0.0,"enemies":"2 Louse","floor":4.0,"turns":3.0},{"damage":44.0,"enemies":"Gremlin Nob","floor":7.0,"turns":6.0},{"damage":14.0,"enemies":"Lagavulin","floor":10.0,"turns":10.0},{"damage":1.0,"enemies":"2 Fungi Beasts","floor":13.0,"turns":3.0},{"damage":5.0,"enemies":"Exordium Thugs","floor":14.0,"turns":5.0},{"damage":31.0,"enemies":"Hexaghost","floor":16.0,"turns":17.0},{"damage":15.0,"enemies":"Spheric Guardian","floor":18.0,"turns":4.0},{"damage":21.0,"enemies":"2 Thieves","floor":19.0,"turns":3.0},{"damage":18,"enemies":"Snecko","floor":20,"turns":8},{"damage":10,"enemies":"3 Cultists","floor":21,"turns":3}],"seed_played":"5667657862250793586","potions_obtained":[{"floor":7.0,"key":"Explosive Potion"},{"floor":10.0,"key":"AttackPotion"},{"floor":12.0,"key":"LiquidMemories"},{"floor":13.0,"key":"BlessingOfTheForge"},{"floor":16.0,"key":"Dexterity Potion"},{"floor":20,"key":"LiquidMemories"}],"is_trial":false,"path_per_floor":["M","M","$","M","$","R","E","R","T","E","R","?","M","M","R","B",null,"M","M","M","M"],"character_chosen":"THE_SILENT","items_purchased":["Footwork","Unload"],"campfire_rested":3,"item_purchase_floors":[3,3],"current_hp_per_floor":[63,63,63,63,63,63,19,40,40,26,47,47,46,41,62,31,60,45,24,6,0,0],"gold":304,"neow_bonus":"HUNDRED_GOLD","is_daily":false,"chose_seed":false,"campfire_upgraded":1,"win_rate":0.0,"timestamp":1610382024,"path_taken":["M","M","$","M","?","R","E","R","T","E","R","?","M","M","R","BOSS","M","M","?","M"],"items_purchased_type":["Card","Card"],"build_version":"2020-12-22","purchased_purges":0,"victory":false,"max_hp_per_floor":[70,70,70,70,70,70,70,70,70,70,70,70,70,70,70,70,70,70,70,70,70,70],"relic_stats":{"Dream Catcher":2,"counters":[12,70],"Snecko Eye":[29,44,40,31],"Orichalcum":[102],"War Paint":["PiercingWail","Defend_G"],"obtain_stats":[{"Dream Catcher":9,"Snecko Eye":17,"Orichalcum":7,"War Paint":10,"Ring of the Snake":0},{"Dream Catcher":4,"Snecko Eye":8,"Orichalcum":4,"War Paint":5,"Ring of the Snake":0},{"Dream Catcher":17,"Snecko Eye":52,"Orichalcum":17,"War Paint":27,"Ring of the Snake":0}],"Ring of the Snake":[24]},"card_choices":[{"not_picked":["Dodge and Roll","Deflect"],"picked":"Dagger Throw","floor":1.0},{"not_picked":["Poisoned Stab","Dagger Throw"],"picked":"PiercingWail","floor":2.0},{"not_picked":["Dodge and Roll","Flechettes"],"picked":"PiercingWail","floor":4.0},{"not_picked":["Poisoned Stab","Catalyst"],"picked":"Unload","floor":7.0},{"not_picked":["PiercingWail","Skewer","Distraction"],"picked":"SKIP","floor":10.0},{"not_picked":["Bouncing Flask","Bane"],"picked":"Backflip","floor":11.0},{"not_picked":["Deflect","Sucker Punch"],"picked":"Blur","floor":13.0},{"not_picked":["Prepared","Quick Slash","PiercingWail"],"picked":"SKIP","floor":14.0},{"not_picked":["Blade Dance","Escape Plan"],"picked":"Acrobatics","floor":15.0},{"not_picked":["Die Die Die","Envenom"],"picked":"Corpse Explosion","floor":16.0},{"not_picked":["Flying Knee","Acrobatics","Expertise"],"picked":"SKIP","floor":18.0},{"not_picked":["Accuracy","Sucker Punch"],"picked":"Bouncing Flask","floor":19.0},{"not_picked":["Quick Slash","Caltrops"],"picked":"Bane+1","floor":20}],"player_experience":664977,"relics_obtained":[{"floor":7.0,"key":"Orichalcum"},{"floor":9.0,"key":"Dream Catcher"},{"floor":10.0,"key":"War Paint"}],"event_choices":[{"damage_healed":0.0,"max_hp_gain":0.0,"max_hp_loss":0.0,"gold_gain":0.0,"event_name":"Lab","player_choice":"Got Potions","floor":12.0,"gold_loss":0.0,"damage_taken":0.0}],"is_beta":false,"boss_relics":[{"not_picked":["Ectoplasm","Astrolabe"],"picked":"Snecko Eye"}],"items_purged_floors":[],"is_endless":false,"potions_floor_spawned":[7,10,13,14,16,20],"killed_by":"3 Cultists","ascension_level":12}}