{"host":"ixenv8b8actib82w","time":1610363421,"event":{"mods":["Act Like it!","BaseMod","Conspire","Downfall","Minty Spire (QoL Compilation)","Replay The Spire","Spicy Shops","StSLib","The Jungle","The Marked","vexMod"],"gold_per_floor":[99,99,99,99,21,31,104,118,118,150,150,161,180,180,199,303,303,303,314,334,345,345,365,414,414,432,450,450,450,466,481,491,491,491],"floor_reached":33,"playtime":2979,"items_purged":[],"score":253,"play_id":"b946d7aa-e4bf-4eb7-ae69-e34f85decdd7","local_time":"20210111191021","is_ascension_mode":false,"campfire_choices":[{"data":"sneckomod:UnlimitedRolls","floor":9,"key":"SMITH"},{"floor":25,"key":"REST"},{"floor":29,"key":"REST"}],"circlet_count":0,"master_deck":["sneckomod:Defend","sneckomod:SnekBite","sneckomod:Unknown","sneckomod:Unknown","sneckomod:SoulDraw","sneckomod:DiceCrush","sneckomod:DiceBlock","sneckomod:UnknownCommonSkill","sneckomod:UnlimitedRolls+1","sneckomod:UnknownBlock","sneckomod:TrashToTreasure","sneckomod:UnknownUncommonPower","sneckomod:UnknownWeak","sneckomod:UnknownUncommonAttack","sneckomod:ImprovisedGuard","sneckomod:Unknown3Cost","sneckomod:SerpentIdol+1","sneckomod:UnknownBlock+1","sneckomod:SoulExchange+1","sneckomod:UnknownUncommonAttack+1","sneckomod:SoulCleanse","sneckomod:UnknownVulnerable+1","sneckomod:SerpentMind","sneckomod:QuickBite+1"],"relics":["sneckomod:SneckoSoul","downfall:HeartsMalice","Bag of Marbles","HornCleat","sneckomod:ConfusingCodex","Astrolabe","Replay:Mystery Machine","Prayer Wheel"],"acts_visited":["Exordium","TheCity"],"potions_floor_usage":[21,21,30,30,33],"damage_taken":[{"damage":0.0,"enemies":"Small Slimes","floor":2.0,"turns":1.0},{"damage":0.0,"enemies":"Cultist","floor":3.0,"turns":1.0},{"damage":0.0,"enemies":"downfall:FleeingMerchant","floor":5.0,"turns":1.0},{"damage":7.0,"enemies":"2 Louse","floor":6.0,"turns":2.0},{"damage":4,"enemies":"Exordium Wildlife","floor":8,"turns":5},{"damage":11,"enemies":"Lagavulin","floor":10,"turns":6},{"damage":5,"enemies":"3 Louse","floor":12,"turns":5},{"damage":0,"enemies":"Large Slime","floor":13,"turns":4},{"damage":0,"enemies":"Red Slaver","floor":15,"turns":4},{"damage":16,"enemies":"downfall:Silent","floor":16,"turns":12},{"damage":0,"enemies":"3 Byrds","floor":19,"turns":6},{"damage":6,"enemies":"Centurion and Healer","floor":20,"turns":5},{"damage":15,"enemies":"Snake Plant","floor":21,"turns":4},{"damage":20,"enemies":"Chosen and Byrds","floor":23,"turns":5},{"damage":8,"enemies":"Centurion and Healer","floor":26,"turns":5},{"damage":0,"enemies":"Snecko","floor":27,"turns":3},{"damage":19,"enemies":"Shelled Parasite and Fungi","floor":30,"turns":5},{"damage":26,"enemies":"Centurion and Healer","floor":31,"turns":9},{"damage":2,"enemies":"Chosen and Byrds","floor":32,"turns":4},{"damage":48,"enemies":"downfall:Ironclad","floor":33,"turns":7}],"seed_played":"-1586836886547509144","potions_obtained":[{"floor":10,"key":"Ancient Potion"},{"floor":12,"key":"Toxic Potion"},{"floor":15,"key":"LiquidBronze"},{"floor":26,"key":"GamblersBrew"},{"floor":30,"key":"SteroidPotion"}],"is_trial":false,"path_per_floor":["R","M","M","?","$","M","T","M","R","E","?","M","M","?","M","B",null,"R","M","M","M","?","M","T","R","M","M","?","R","M","M","M","B"],"character_chosen":"THE_SNECKO","items_purchased":["Bag of Marbles"],"campfire_rested":2,"item_purchase_floors":[5],"current_hp_per_floor":[90,90,90,91,91,85,85,81,81,71,71,67,68,95,95,80,97,97,98,92,78,78,58,58,87,79,79,65,94,75,49,47,0,0],"gold":491,"neow_bonus":"THREE_ENEMY_KILL","is_daily":false,"chose_seed":false,"campfire_upgraded":1,"win_rate":0.0,"timestamp":1610363421,"path_taken":["R","M","M","?","?","M","T","M","R","E","?","?","M","?","M","BOSS","R","M","M","M","?","?","T","R","M","M","?","R","M","M","M","BOSS"],"items_purchased_type":["Relic"],"build_version":"2020-12-22","purchased_purges":0,"victory":false,"max_hp_per_floor":[90,90,90,91,91,92,92,92,92,93,93,94,95,95,95,96,97,97,98,98,99,99,99,99,99,99,99,99,99,99,99,99,99,99],"card_choices":[{"not_picked":["sneckomod:UnknownClassGREEN","sneckomod:Nope"],"picked":"sneckomod:DiceCrush","floor":2.0},{"not_picked":["sneckomod:IronFang","sneckomod:UnknownCommonAttack"],"picked":"sneckomod:DiceBlock","floor":3.0},{"not_picked":["sneckomod:UnknownClassGREEN","sneckomod:UnknownClassRED"],"picked":"sneckomod:UnlimitedRolls","floor":5.0},{"not_picked":["sneckomod:UnknownCommonSkill","sneckomod:UnknownStrike"],"picked":"sneckomod:UnknownBlock","floor":6.0},{"not_picked":["sneckomod:Nope","sneckomod:WideSting"],"picked":"sneckomod:TrashToTreasure","floor":8},{"not_picked":["sneckomod:DiceCrush","sneckomod:SoulDraw"],"picked":"sneckomod:UnknownUncommonPower","floor":10},{"not_picked":["sneckomod:UnknownClassPURPLE","sneckomod:SlitherStrike"],"picked":"sneckomod:UnknownWeak","floor":12},{"not_picked":["sneckomod:UnknownClassRED","sneckomod:SlitherStrike"],"picked":"sneckomod:UnknownUncommonAttack","floor":13},{"not_picked":["sneckomod:UnknownClassRED","sneckomod:UnknownCommonSkill"],"picked":"sneckomod:ImprovisedGuard","floor":15},{"not_picked":["sneckomod:UnlimitedRolls","sneckomod:Mudshield"],"picked":"sneckomod:Unknown3Cost","floor":16},{"not_picked":["sneckomod:QuickMove","sneckomod:SoulRoll"],"picked":"sneckomod:UnknownUncommonAttack+1","floor":19},{"not_picked":["sneckomod:UnknownStrike","sneckomod:SoulRoll"],"picked":"sneckomod:SoulCleanse","floor":20},{"not_picked":["sneckomod:SoulDraw+1","sneckomod:DiceBlock"],"picked":"sneckomod:UnknownVulnerable+1","floor":21},{"not_picked":["sneckomod:DiceCrush","sneckomod:SerpentIdol","sneckomod:QuickMove"],"picked":"SKIP","floor":23},{"not_picked":["sneckomod:UnknownUncommonSkill","sneckomod:TrashToTreasure+1","sneckomod:UnknownVulnerable"],"picked":"SKIP","floor":26},{"not_picked":["sneckomod:DefensiveFlair","sneckomod:UnknownStrike+1","sneckomod:ImprovisedGuard"],"picked":"SKIP","floor":27},{"not_picked":["sneckomod:SerpentIdol","sneckomod:SnekBeam"],"picked":"sneckomod:SerpentMind","floor":30},{"not_picked":["sneckomod:DefensiveFlair+1","sneckomod:Unknown2Cost"],"picked":"sneckomod:QuickBite+1","floor":31},{"not_picked":["sneckomod:WideSting","sneckomod:QuickBite","sneckomod:UnknownStrike"],"picked":"SKIP","floor":32}],"player_experience":155718,"relics_obtained":[{"floor":7.0,"key":"HornCleat"},{"floor":10,"key":"sneckomod:ConfusingCodex"},{"floor":24,"key":"Replay:Mystery Machine"}],"event_choices":[{"damage_healed":0.0,"max_hp_gain":0.0,"max_hp_loss":0.0,"gold_gain":0.0,"cards_transformed":["sneckomod:TailWhip"],"event_name":"Transmorgrifier","player_choice":"Transformed","floor":4.0,"gold_loss":0.0,"damage_taken":0.0,"cards_obtained":["sneckomod:UnknownCommonSkill"]},{"damage_healed":0,"gold_gain":0,"player_choice":"Leave","damage_taken":0,"max_hp_gain":0,"max_hp_loss":0,"event_name":"conspire:Investor","floor":11,"gold_loss":0},{"damage_healed":31,"gold_gain":0,"player_choice":"Banana","damage_taken":0,"max_hp_gain":0,"max_hp_loss":0,"event_name":"Big Fish","floor":14,"gold_loss":0},{"damage_healed":0,"gold_gain":0,"player_choice":"Ignored","damage_taken":0,"max_hp_gain":0,"max_hp_loss":0,"event_name":"Vampires","floor":18,"gold_loss":0},{"cards_removed":["sneckomod:Strike"],"damage_healed":0,"gold_gain":0,"player_choice":"Card Removal","damage_taken":0,"max_hp_gain":0,"max_hp_loss":0,"event_name":"Wheel of Change","floor":22,"gold_loss":0}],"is_beta":false,"boss_relics":[{"not_picked":["downfall:Hecktoplasm","Replay:Ancient Bell"],"picked":"Astrolabe"}],"items_purged_floors":[],"is_endless":false,"potions_floor_spawned":[10,12,15,16,20,26],"killed_by":"downfall:Ironclad","ascension_level":0}}