{"host":"wvaiab5ya9pyia0u","time":1610371752,"event":{"mods":["2.2 Compatiblity","Act Like it!","Alarm Clock","Aspiration","Bard","BaseMod","Bestiary","Better Vampires","BetterRewards","Challenge The Spire","Colored Powertips","Conspire","Curses Come First","Custom Start","Dark Map","DeckTracker","Filter the Spire","Fox Events","Hermit","Highlight Path","Hubris","Humility","Infinite Spire","Lobotomy","Mimic Mod","Minty Spire (QoL Compilation)","Pale of the Ancients","Poor People Problems","Practice Mode","Quarter Circle Forward PUNCH!","Quick Restart","Rare Cards Sparkle","Relic Sorter","Relic Stats","Replay The Spire","Reworked Bosses","SacredBarkPlus","Shop Mod","Spicy Shops","StSLib","The Blue Laboratory","The Construct","The Cursed","The Disciple","The Factory","The Hierophant","The Jungle","The Marked","The Mystic","The Runesmith","The Servant 0.9.4","TheBandit","Thieving Mod","Wandering Minibosses","everything is the same but u backflip on backflip","slay the spire mod where everything is the same but ironclad has a cowboy hat"],"gold_per_floor":[117,132,207,207,225,225,239,209,209],"floor_reached":8,"playtime":476,"items_purged":[],"score":48,"play_id":"d764f44c-38df-40b6-9c59-129a73e21d59","local_time":"20210111142912","is_ascension_mode":false,"campfire_choices":[{"data":"TheCursedMod:FleshFromBone","floor":6.0,"key":"SMITH"}],"circlet_count":0,"master_deck":["TheCursedMod:Strike_TheCursed","TheCursedMod:Strike_TheCursed","TheCursedMod:Strike_TheCursed","TheCursedMod:Defend_TheCursed","TheCursedMod:Defend_TheCursed","TheCursedMod:Defend_TheCursed","TheCursedMod:Defend_TheCursed","TheCursedMod:CursedWand","TheCursedMod:CleanUpWorkshop","TheCursedMod:Dregs","TheCursedMod:FleshFromBone+1","TheCursedMod:CursedBoomerang","TheCursedMod:CursedAmulet","TheCursedMod:CircleOfCorruption","TheCursedMod:SpitefulPlan"],"relics":["TheCursedMod:BlackMagic101","FaceOfCleric"],"acts_visited":["Exordium"],"potions_floor_usage":[7,7,8],"damage_taken":[{"damage":2.0,"enemies":"conspire:RoseBush","floor":1.0,"turns":4.0},{"damage":0.0,"enemies":"Small Slimes","floor":2.0,"turns":4.0},{"damage":1.0,"enemies":"2 Louse","floor":5.0,"turns":7.0},{"damage":0,"enemies":"Gremlin Gang","floor":7,"turns":7},{"damage":93,"enemies":"Gremlin Nob","floor":8,"turns":5}],"seed_played":"-527561523691268705","potions_obtained":[{"floor":1.0,"key":"BlessingOfTheForge"},{"floor":2.0,"key":"Weak Potion"},{"floor":5.0,"key":"SteroidPotion"}],"is_trial":false,"path_per_floor":["M","M","?","?","M","R","M","E"],"character_chosen":"THE_CURSED","items_purchased":[],"campfire_rested":0,"item_purchase_floors":[],"current_hp_per_floor":[73,73,62,62,62,62,63,0,0],"gold":209,"neow_bonus":"TRANSFORM_CARD","is_daily":false,"chose_seed":false,"campfire_upgraded":1,"win_rate":0.0,"timestamp":1610371752,"path_taken":["M","?","?","?","?","R","M","E"],"items_purchased_type":[],"build_version":"2020-12-22","purchased_purges":0,"victory":false,"max_hp_per_floor":[75,75,75,75,76,76,77,77,77],"relic_stats":{"FaceOfCleric":2,"counters":[5,27],"obtain_stats":[{"TheCursedMod:BlackMagic101":0,"FaceOfCleric":4},{"TheCursedMod:BlackMagic101":0,"FaceOfCleric":2},{"TheCursedMod:BlackMagic101":0,"FaceOfCleric":8}]},"card_choices":[{"not_picked":["TheCursedMod:SmokeScreen","TheCursedMod:VitalStrike"],"picked":"TheCursedMod:CursedBoomerang","floor":1.0},{"not_picked":["TheCursedMod:CursedBlade","TheCursedMod:EmpowerCircles"],"picked":"TheCursedMod:CursedAmulet","floor":2.0},{"not_picked":["TheCursedMod:SpitefulPray","TheCursedMod:Torture"],"picked":"TheCursedMod:CircleOfCorruption","floor":5.0},{"not_picked":["TheCursedMod:TacticalStrike","TheCursedMod:SmokeScreen"],"picked":"TheCursedMod:SpitefulPlan","floor":7}],"player_experience":241265,"relics_obtained":[],"event_choices":[{"damage_healed":0.0,"max_hp_gain":0.0,"max_hp_loss":0.0,"gold_gain":75.0,"event_name":"World of Goop","player_choice":"Gather Gold","floor":3.0,"gold_loss":0.0,"damage_taken":11.0},{"damage_healed":0.0,"max_hp_gain":0.0,"max_hp_loss":0.0,"gold_gain":0.0,"event_name":"FaceTrader","player_choice":"Trade","floor":4.0,"gold_loss":0.0,"damage_taken":0.0,"relics_obtained":["FaceOfCleric"]}],"is_beta":false,"boss_relics":[],"items_purged_floors":[],"is_endless":false,"potions_floor_spawned":[1,2,5],"killed_by":"Gremlin Nob","ascension_level":0}}