{"host":"mtg945c5jssv10ty","time":1610382418,"event":{"mods":["Ascension Unlocker","BaseMod","Downfall","Minty Spire (QoL Compilation)","StSLib"],"gold_per_floor":[99,99,99,99,99,133,208,108,283,283,283,303,16,34,51,156,156,156,175,275,287,287,287,287],"floor_reached":23,"playtime":608,"items_purged":["Doubt"],"score":194,"play_id":"be5b8b93-cd26-42a0-838c-dffb16ee04cf","local_time":"20210111112658","is_ascension_mode":true,"campfire_choices":[{"floor":1,"key":"RECALL"},{"data":"bronze:WhirlingStrike","floor":8,"key":"SMITH"},{"data":"bronze:FollowUp","floor":10,"key":"SMITH"},{"data":"bronze:FineTuning","floor":18,"key":"SMITH"}],"circlet_count":0,"master_deck":["bronze:Defend","bronze:Defend","bronze:Defend","bronze:Defend","bronze:Replicate","bronze:Goto","bronze:ChosenStrike+1","bronze:WildBeam","bronze:FollowUp+1","bronze:WhirlingStrike+1","bronze:FineTuning+1","bronze:Iterate","bronze:Separator","bronze:FunctionCard","bronze:Refactor","bronze:BuggyMess+1","bronze:DonuBeam","bronze:FunctionCard","bronze:Constructor+1","Slimebound:Tackle+1","Slimebound:Tackle+1","Slimebound:Tackle+1"],"relics":["bronze:BronzeCore","downfall:HeartsMalice","Mango","Gremlin Horn","downfall:HeartBlessingRed","bronze:CableSpool","bronze:BronzeIdol","bronze:ElectromagneticCoil"],"acts_visited":["Exordium","TheCity"],"potions_floor_usage":[16,16,19],"damage_taken":[{"damage":0,"enemies":"Jaw Worm","floor":2,"turns":1},{"damage":0,"enemies":"Cultist","floor":4,"turns":1},{"damage":0,"enemies":"Small Slimes","floor":5,"turns":1},{"damage":14,"enemies":"3 Sentries","floor":6,"turns":5},{"damage":4,"enemies":"3 Louse","floor":12,"turns":2},{"damage":5,"enemies":"downfall:FleeingMerchant","floor":13,"turns":4},{"damage":0,"enemies":"Exordium Wildlife","floor":14,"turns":1},{"damage":13,"enemies":"2 Fungi Beasts","floor":15,"turns":3},{"damage":4,"enemies":"downfall:Silent","floor":16,"turns":3},{"damage":11,"enemies":"3 Byrds","floor":19,"turns":3},{"damage":20,"enemies":"3 Byrds","floor":20,"turns":3},{"damage":27,"enemies":"3 Cultists","floor":21,"turns":4},{"damage":29,"enemies":"Snake Plant","floor":23,"turns":2}],"seed_played":"-477543959188309977","potions_obtained":[{"floor":6,"key":"FearPotion"},{"floor":14,"key":"Regen Potion"},{"floor":16,"key":"ColorlessPotion"}],"is_trial":false,"path_per_floor":["R","M","?","M","M","E","T","R","?","R","?","M","$","M","M","B",null,"R","M","?","M","?","M"],"character_chosen":"THE_AUTOMATON","items_purchased":["bronze:BronzeIdol","bronze:Separator"],"campfire_rested":0,"item_purchase_floors":[13,13],"current_hp_per_floor":[70,70,70,70,70,70,70,70,70,70,45,41,36,36,23,28,84,84,73,53,26,26,0,0],"gold":287,"neow_bonus":"THREE_ENEMY_KILL","is_daily":false,"chose_seed":false,"campfire_upgraded":3,"win_rate":0.0,"timestamp":1610382418,"path_taken":["R","M","?","?","M","E","T","R","?","R","?","M","$","M","M","BOSS","R","M","?","M","?","M"],"items_purchased_type":["Relic","Card"],"build_version":"2020-12-22","purchased_purges":1,"victory":false,"max_hp_per_floor":[70,70,70,70,70,84,84,84,84,84,84,84,84,84,84,84,84,84,84,84,84,84,84,84],"card_choices":[{"not_picked":["bronze:BitShift","bronze:NullPointer"],"picked":"bronze:ChosenStrike","floor":2},{"not_picked":["bronze:Invalidate","bronze:MaxOutput"],"picked":"bronze:WildBeam","floor":4},{"not_picked":["bronze:Repair","bronze:Invalidate"],"picked":"bronze:FollowUp","floor":5},{"not_picked":["bronze:BitShift","bronze:Deprecate"],"picked":"bronze:WhirlingStrike","floor":6},{"not_picked":["bronze:Backtrace","bronze:Philosophize"],"picked":"bronze:FineTuning","floor":12},{"not_picked":["bronze:Shell","bronze:DelayedGuard"],"picked":"bronze:Iterate","floor":13},{"not_picked":["bronze:Branch","bronze:MaxOutput"],"picked":"bronze:Hardcode","floor":14},{"not_picked":["bronze:BuggyMess","bronze:Fortify"],"picked":"bronze:Refactor","floor":15},{"not_picked":["bronze:Library","bronze:ShipIt"],"picked":"bronze:Hardcode","floor":16},{"not_picked":["bronze:DelayedGuard","bronze:BronzeOrb"],"picked":"bronze:BuggyMess+1","floor":19},{"not_picked":[],"picked":"bronze:DonuBeam","floor":20},{"not_picked":["bronze:FineTuning","bronze:WhirlingStrike+1"],"picked":"bronze:Constructor+1","floor":21}],"player_experience":212765,"relics_obtained":[{"floor":6,"key":"Mango"},{"floor":7,"key":"Gremlin Horn"}],"event_choices":[{"damage_healed":0,"gold_gain":0,"player_choice":"Success","damage_taken":25,"relics_obtained":["bronze:CableSpool"],"max_hp_gain":0,"max_hp_loss":0,"event_name":"Scrap Ooze","floor":11,"gold_loss":0}],"is_beta":false,"boss_relics":[{"not_picked":["Runic Pyramid","Runic Dome"],"picked":"bronze:ElectromagneticCoil"}],"items_purged_floors":[13],"is_endless":false,"potions_floor_spawned":[6,14,16],"killed_by":"Snake Plant","ascension_level":1}}