{"host":"l2dnabsh5e0fsksb","time":1610334492,"event":{"mods":["2.2 Compatiblity","BaseMod","Downfall","Minty Spire (QoL Compilation)","Quick Restart","StSLib"],"gold_per_floor":[99,99,99,99,99,132,132,167,180,30,130,130,130,148,168,272,272,272,292,292,392,411,90,113,128,146,158,177,177,177,177],"floor_reached":29,"playtime":1367,"items_purged":[],"score":368,"play_id":"4d81010c-dc81-4a42-9c46-aa053b2e4a8f","local_time":"20210111133812","is_ascension_mode":true,"campfire_choices":[{"floor":1.0,"key":"RECALL"},{"data":"champ:CheapShot","floor":10.0,"key":"SMITH"},{"floor":13.0,"key":"REST"},{"data":"champ:LastStand","floor":18.0,"key":"SMITH"}],"circlet_count":0,"master_deck":["champ:Strike+1","champ:Strike","champ:Strike+1","champ:Defend+1","champ:Defend","champ:Defend","champ:Defend","champ:Execute","champ:Taunt","champ:SkillfulDodge","champ:DefensiveShout","champ:CrookedStrike","champ:CheapShot+1","champ:RageSigil+1","champ:ViciousMockery+1","champ:GladiatorStyle","champ:FlashCut","champ:LastStand+1","CurseOfTheBell","champ:ViciousMockery","champ:FlashCut+1","champ:BringItOn+1","champ:FanOfKnives","champ:Backstep","champ:Haymaker","champ:BringItOn","champ:TornadoPunch+1"],"relics":["champ:ChampionCrown","downfall:HeartsMalice","Eternal Feather","Sundial","Centennial Puzzle","downfall:HeartBlessingRed","downfall:HeartBlessingBlue","CloakClasp","Calling Bell","Tiny Chest","Letter Opener","Calipers","White Beast Statue","Pantograph","War Paint"],"acts_visited":["Exordium","TheCity"],"potions_floor_usage":[28,28,29,29],"damage_taken":[{"damage":0.0,"enemies":"Small Slimes","floor":4.0,"turns":1.0},{"damage":0.0,"enemies":"Lagavulin","floor":6.0,"turns":1.0},{"damage":0.0,"enemies":"Gremlin Nob","floor":8.0,"turns":1.0},{"damage":17.0,"enemies":"Cultist","floor":9.0,"turns":3.0},{"damage":58.0,"floor":11.0,"turns":11.0},{"damage":5.0,"enemies":"Jaw Worm","floor":14.0,"turns":3.0},{"damage":8.0,"enemies":"2 Fungi Beasts","floor":15.0,"turns":3.0},{"damage":46.0,"enemies":"downfall:Silent","floor":16.0,"turns":15.0},{"damage":9.0,"enemies":"Chosen","floor":19.0,"turns":4.0},{"damage":76.0,"enemies":"downfall:LadyInBlue","floor":21.0,"turns":15.0},{"damage":16.0,"enemies":"Snecko","floor":22.0,"turns":6.0},{"damage":0.0,"enemies":"downfall:FleeingMerchant","floor":23.0,"turns":5.0},{"damage":6.0,"enemies":"Snake Plant","floor":25.0,"turns":5.0},{"damage":9.0,"enemies":"Shelled Parasite and Fungi","floor":26.0,"turns":6.0},{"damage":4.0,"enemies":"Centurion and Healer","floor":27.0,"turns":5.0},{"damage":1,"enemies":"Snake Plant","floor":28,"turns":4},{"damage":13,"enemies":"Shelled Parasite and Fungi","floor":29,"turns":3}],"seed_played":"-429308712946999544","potions_obtained":[{"floor":6.0,"key":"DuplicationPotion"},{"floor":8.0,"key":"champ:OpenerPotion"},{"floor":9.0,"key":"BlessingOfTheForge"},{"floor":21.0,"key":"Strength Potion"},{"floor":21.0,"key":"ColorlessPotion"},{"floor":21.0,"key":"Block Potion"},{"floor":22.0,"key":"Fire Potion"},{"floor":25.0,"key":"Guardian:BlockOnCardUsePotion"},{"floor":26.0,"key":"ColorlessPotion"},{"floor":27.0,"key":"SpeedPotion"},{"floor":28,"key":"sneckomod:MuddlingPotion"}],"is_trial":false,"path_per_floor":["R","?","?","M","?","E","T","E","M","R","?","?","R","M","M","B",null,"R","M","?","?","M","$","T","M","M","M","M","M"],"character_chosen":"THE_CHAMP","items_purchased":["Pantograph","champ:FanOfKnives"],"campfire_rested":1,"item_purchase_floors":[23,23],"current_hp_per_floor":[81,81,81,81,69,69,69,69,57,76,33,33,72,72,72,42,86,95,91,91,28,17,17,17,14,5,5,4,0,0,0],"gold":177,"neow_bonus":"THREE_ENEMY_KILL","is_daily":false,"chose_seed":false,"campfire_upgraded":2,"win_rate":0.0,"timestamp":1610334492,"path_taken":["R","?","?","?","?","E","T","E","M","R","?","?","R","M","M","BOSS","R","M","?","?","M","$","T","M","M","M","M","M"],"items_purchased_type":["Relic","Card"],"build_version":"2020-12-22","purchased_purges":0,"victory":false,"max_hp_per_floor":[90,90,90,90,90,90,90,90,90,100,100,100,100,100,100,100,100,100,100,100,100,100,100,100,100,100,100,100,100,100,100],"card_choices":[{"not_picked":["champ:BerserkersShout","champ:PerfectedStrike"],"picked":"champ:DefensiveShout","floor":4.0},{"not_picked":["champ:Riposte","champ:BringItOn"],"picked":"champ:CrookedStrike","floor":6.0},{"not_picked":["champ:FocusedBerserking","champ:RecklessLeap"],"picked":"champ:CheapShot","floor":8.0},{"not_picked":["champ:EndlessRage","champ:FocusedBerserking"],"picked":"champ:RageSigil","floor":9.0},{"not_picked":["champ:FightOn","champ:CrookedStrike"],"picked":"champ:ViciousMockery","floor":11.0},{"not_picked":["champ:BerserkersShout","champ:FaceSlap"],"picked":"champ:GladiatorStyle","floor":14.0},{"not_picked":["champ:PerfectedStrike","champ:SkillfulDodge"],"picked":"champ:FlashCut","floor":15.0},{"not_picked":["champ:Improvising","champ:HoldFirm"],"picked":"champ:LastStand","floor":16.0},{"not_picked":["champ:FanOfKnives","champ:Circumvent"],"picked":"champ:ViciousMockery","floor":19.0},{"not_picked":["champ:BringItOn","champ:VampiricStrike"],"picked":"champ:FlashCut+1","floor":21.0},{"not_picked":["champ:BladeFlurry","champ:ShieldSigil"],"picked":"champ:BringItOn+1","floor":22.0},{"not_picked":["champ:DefensiveShout","champ:ShieldSigil","champ:SteelEdge"],"picked":"SKIP","floor":23.0},{"not_picked":["champ:BladeFlurry","champ:BerserkersShout"],"picked":"champ:Backstep","floor":25.0},{"not_picked":["champ:CalledShot","champ:Backstep"],"picked":"champ:Haymaker","floor":26.0},{"not_picked":["champ:HeartStrike","champ:ShieldWall"],"picked":"champ:BringItOn","floor":27.0},{"not_picked":["champ:BerserkersShout","champ:FocusedGladiator"],"picked":"champ:TornadoPunch+1","floor":28}],"player_experience":1753298,"relics_obtained":[{"floor":6.0,"key":"Sundial"},{"floor":8.0,"key":"Centennial Puzzle"},{"floor":11.0,"key":"CloakClasp"},{"floor":17.0,"key":"Tiny Chest"},{"floor":17.0,"key":"Letter Opener"},{"floor":17.0,"key":"Calipers"},{"floor":21.0,"key":"White Beast Statue"},{"floor":24.0,"key":"War Paint"}],"event_choices":[{"damage_healed":0.0,"max_hp_gain":0.0,"max_hp_loss":0.0,"gold_gain":0.0,"cards_transformed":["champ:Strike"],"event_name":"Transmorgrifier","player_choice":"Transformed","floor":3.0,"gold_loss":0.0,"damage_taken":0.0,"cards_obtained":["champ:SkillfulDodge"]},{"damage_healed":0.0,"max_hp_gain":0.0,"max_hp_loss":0.0,"gold_gain":0.0,"event_name":"Scrap Ooze","player_choice":"Success","floor":5.0,"gold_loss":0.0,"damage_taken":12.0,"relics_obtained":["Eternal Feather"]},{"cards_removed":["Regret"],"damage_healed":0.0,"max_hp_gain":0.0,"max_hp_loss":0.0,"gold_gain":0.0,"event_name":"The Cleric","player_choice":"Card Removal","floor":12.0,"gold_loss":0.0,"damage_taken":0.0},{"damage_healed":0.0,"max_hp_gain":0.0,"max_hp_loss":0.0,"gold_gain":0.0,"event_name":"Vampires","player_choice":"Ignored","floor":20.0,"gold_loss":0.0,"damage_taken":0.0}],"is_beta":false,"boss_relics":[{"not_picked":["downfall:Hecktoplasm","Philosopher\u0027s Stone"],"picked":"Calling Bell"}],"items_purged_floors":[],"is_endless":false,"potions_floor_spawned":[6,8,9,21,22,23,25,26,27,28],"killed_by":"Shelled Parasite and Fungi","ascension_level":6}}