{"host":"25beq07qjecnigqh","time":1610378049,"event":{"mods":["BaseMod","Minty Spire (QoL Compilation)"],"gold_per_floor":[216,216,216,88,104,104,104,117,144,144,157,182,205,219,219,345,345,333,333,246,161,186,186,210,223,296,310,310,310,326,346,346,471,471,495,563,576,576,615,615,628,628,704,704,742,761,761,761,761,761,761],"floor_reached":50,"playtime":3425,"items_purged":[],"score":465,"play_id":"794ce088-5b06-4204-bafd-fa2e4d7d34ee","local_time":"20210111231409","is_ascension_mode":false,"campfire_choices":[{"data":"Perfected Strike","floor":6,"key":"SMITH"},{"data":"Uppercut","floor":10,"key":"SMITH"},{"floor":15,"key":"REST"},{"data":"Clash","floor":23,"key":"SMITH"},{"data":"Bash","floor":28,"key":"SMITH"},{"data":"Flex","floor":32,"key":"SMITH"},{"data":"Feed","floor":40,"key":"SMITH"},{"data":"Reaper","floor":42,"key":"SMITH"},{"data":"Berserk","floor":49,"key":"SMITH"}],"circlet_count":0,"master_deck":["Strike_R","Strike_R","Strike_R","Strike_R","Strike_R","Defend_R","Defend_R","Defend_R","Defend_R","Bash+1","Uppercut+1","Perfected Strike+1","Flex+1","Reaper+1","Ghostly Armor","Clash+1","Metallicize","Twin Strike","Anger","Hemokinesis+1","Feed+1","HandOfGreed","Good Instincts","Sword Boomerang+1","Flame Barrier","Berserk+1","Twin Strike","Shrug It Off","Heavy Blade+1"],"relics":["Burning Blood","Golden Idol","Ornamental Fan","Red Skull","Coffee Dripper","MutagenicStrength","Happy Flower","Kunai","Sozu","Lizard Tail","Paper Frog","Mercury Hourglass"],"acts_visited":["Exordium","TheCity","TheBeyond"],"potions_floor_usage":[5,16,16,16,18,27,33,33,36],"damage_taken":[{"damage":4,"enemies":"Small Slimes","floor":1,"turns":5},{"damage":6,"enemies":"2 Louse","floor":5,"turns":2},{"damage":0,"enemies":"Jaw Worm","floor":8,"turns":3},{"damage":9,"enemies":"Blue Slaver","floor":11,"turns":3},{"damage":7,"enemies":"Looter","floor":12,"turns":2},{"damage":9,"enemies":"2 Fungi Beasts","floor":13,"turns":3},{"damage":7,"enemies":"3 Louse","floor":14,"turns":3},{"damage":79,"enemies":"Hexaghost","floor":16,"turns":13},{"damage":15,"enemies":"2 Thieves","floor":18,"turns":4},{"damage":0,"enemies":"Chosen","floor":22,"turns":3},{"damage":13,"enemies":"Centurion and Healer","floor":24,"turns":5},{"damage":13,"enemies":"Snecko","floor":25,"turns":5},{"damage":14,"enemies":"Chosen and Byrds","floor":27,"turns":6},{"damage":13,"enemies":"Shelled Parasite and Fungi","floor":30,"turns":5},{"damage":16,"enemies":"Sentry and Sphere","floor":31,"turns":4},{"damage":37,"enemies":"Champ","floor":33,"turns":10},{"damage":3,"enemies":"Orb Walker","floor":35,"turns":3},{"damage":54,"enemies":"2 Orb Walkers","floor":36,"turns":5},{"damage":18,"enemies":"3 Darklings","floor":37,"turns":5},{"damage":45,"enemies":"Maw","floor":39,"turns":8},{"damage":18,"enemies":"Writhing Mass","floor":41,"turns":4},{"damage":39,"enemies":"Spire Growth","floor":45,"turns":3},{"damage":22,"enemies":"3 Darklings","floor":46,"turns":5},{"damage":55,"enemies":"Awakened One","floor":50,"turns":8}],"seed_played":"-3732046837914672796","potions_obtained":[{"floor":1,"key":"PowerPotion"},{"floor":12,"key":"ElixirPotion"},{"floor":13,"key":"GamblersBrew"},{"floor":16,"key":"Dexterity Potion"},{"floor":22,"key":"FearPotion"},{"floor":27,"key":"SkillPotion"},{"floor":31,"key":"Explosive Potion"},{"floor":33,"key":"Swift Potion"}],"is_trial":false,"path_per_floor":["M","?","?","$","M","R","T","M","T","R","M","M","M","M","R","B",null,"M","?","$","?","M","R","M","M","T","M","R","?","M","M","R","B",null,"M","?","M","?","M","R","M","R","T","?","M","M","?","T","R","B"],"character_chosen":"IRONCLAD","items_purchased":["Perfected Strike","LiquidBronze","Clash","Metallicize"],"campfire_rested":1,"item_purchase_floors":[4,4,20,20],"current_hp_per_floor":[80,85,64,64,64,64,64,70,70,70,67,66,63,62,85,12,85,76,76,76,76,85,85,84,78,78,77,77,77,74,64,64,40,85,85,37,55,50,18,18,22,22,22,22,58,43,43,43,43,0,0],"gold":761,"neow_bonus":"HUNDRED_GOLD","is_daily":false,"chose_seed":false,"campfire_upgraded":8,"win_rate":0.0,"timestamp":1610378049,"path_taken":["M","?","?","?","M","R","?","M","T","R","?","M","M","M","R","BOSS","M","?","$","?","M","R","M","M","T","M","R","?","M","M","R","BOSS","M","?","M","?","M","R","M","R","T","?","?","M","?","?","R","BOSS"],"items_purchased_type":["Card","Potion","Card","Card"],"build_version":"2020-12-22","purchased_purges":0,"victory":false,"max_hp_per_floor":[80,85,85,85,85,85,85,85,85,85,85,85,85,85,85,85,85,85,85,85,85,85,85,85,85,85,85,85,85,85,85,85,85,85,85,85,85,85,85,85,89,89,89,89,89,89,85,85,85,89,89],"card_choices":[{"not_picked":["Blood for Blood","Body Slam"],"picked":"Uppercut","floor":1},{"not_picked":["Power Through","Infernal Blade"],"picked":"Flex","floor":5},{"not_picked":["Headbutt","Rage","Searing Blow"],"picked":"SKIP","floor":8},{"not_picked":["Spot Weakness","Perfected Strike","Bloodletting"],"picked":"SKIP","floor":11},{"not_picked":["Flame Barrier","True Grit","Warcry"],"picked":"SKIP","floor":12},{"not_picked":["Hemokinesis","Heavy Blade","Clothesline"],"picked":"SKIP","floor":13},{"not_picked":["Iron Wave","Clothesline","Sword Boomerang"],"picked":"SKIP","floor":14},{"not_picked":["Fiend Fire","Double Tap"],"picked":"Reaper","floor":16},{"not_picked":["Fire Breathing","Rupture"],"picked":"Ghostly Armor","floor":18},{"not_picked":["Clothesline","Cleave","True Grit"],"picked":"SKIP","floor":22},{"not_picked":["Feel No Pain","Sever Soul"],"picked":"Twin Strike","floor":24},{"not_picked":["Shockwave","Sword Boomerang","Power Through+1"],"picked":"SKIP","floor":25},{"not_picked":["Body Slam","Cleave","Rage"],"picked":"SKIP","floor":27},{"not_picked":["Twin Strike","Heavy Blade"],"picked":"Anger","floor":30},{"not_picked":["Entrench","Blood for Blood+1","Rampage"],"picked":"SKIP","floor":31},{"not_picked":["Clothesline","Body Slam","Headbutt"],"picked":"SKIP","floor":35},{"not_picked":["Iron Wave","Warcry"],"picked":"Hemokinesis+1","floor":36},{"not_picked":["Pommel Strike","Inflame"],"picked":"Feed","floor":37},{"not_picked":["Trip","Impatience"],"picked":"HandOfGreed","floor":38},{"not_picked":["The Bomb","Flash of Steel"],"picked":"Good Instincts","floor":38},{"not_picked":["Body Slam","Thunderclap+1"],"picked":"Sword Boomerang+1","floor":39},{"not_picked":["Twin Strike+1","Seeing Red"],"picked":"Flame Barrier","floor":41},{"not_picked":["Clash","Body Slam+1"],"picked":"Shrug It Off","floor":45},{"not_picked":["Warcry","Thunderclap+1"],"picked":"Heavy Blade+1","floor":46}],"player_experience":5121,"relics_obtained":[{"floor":7,"key":"Ornamental Fan"},{"floor":9,"key":"Red Skull"},{"floor":26,"key":"Kunai"},{"floor":36,"key":"Lizard Tail"},{"floor":43,"key":"Paper Frog"},{"floor":48,"key":"Mercury Hourglass"}],"event_choices":[{"damage_healed":0,"gold_gain":0,"player_choice":"Donut","damage_taken":0,"max_hp_gain":5,"max_hp_loss":0,"event_name":"Big Fish","floor":2,"gold_loss":0},{"damage_healed":0,"gold_gain":0,"player_choice":"Take Damage","damage_taken":21,"relics_obtained":["Golden Idol"],"max_hp_gain":0,"max_hp_loss":0,"event_name":"Golden Idol","floor":3,"gold_loss":0},{"damage_healed":0,"gold_gain":0,"player_choice":"Inject Mutagens","damage_taken":0,"relics_obtained":["MutagenicStrength"],"max_hp_gain":0,"max_hp_loss":0,"event_name":"Drug Dealer","floor":19,"gold_loss":0},{"damage_healed":0,"gold_gain":0,"player_choice":"Obtained Relic","damage_taken":0,"relics_obtained":["Happy Flower"],"max_hp_gain":0,"max_hp_loss":0,"event_name":"Addict","floor":21,"gold_loss":85},{"damage_healed":0,"gold_gain":0,"player_choice":"Ignored","damage_taken":0,"max_hp_gain":0,"max_hp_loss":0,"event_name":"Vampires","floor":29,"gold_loss":0},{"damage_healed":0,"gold_gain":0,"player_choice":"Fight","damage_taken":0,"max_hp_gain":0,"max_hp_loss":0,"event_name":"Mysterious Sphere","floor":36,"gold_loss":0},{"damage_healed":0,"gold_gain":0,"player_choice":"Memory 2","damage_taken":5,"max_hp_gain":0,"max_hp_loss":0,"event_name":"SensoryStone","floor":38,"gold_loss":0},{"damage_healed":0,"gold_gain":0,"player_choice":"2 cards matched","damage_taken":0,"max_hp_gain":0,"max_hp_loss":0,"event_name":"Match and Keep!","floor":44,"gold_loss":0,"cards_obtained":["Berserk","Twin Strike"]},{"damage_healed":0,"gold_gain":0,"player_choice":"Max HP","damage_taken":0,"max_hp_gain":0,"max_hp_loss":4,"event_name":"Winding Halls","floor":47,"gold_loss":0}],"is_beta":false,"boss_relics":[{"not_picked":["Mark of Pain","Tiny House"],"picked":"Coffee Dripper"},{"not_picked":["Runic Dome","Cursed Key"],"picked":"Sozu"}],"items_purged_floors":[],"is_endless":false,"potions_floor_spawned":[1,12,13,16,22,27,31,33,37,45,46],"killed_by":"Awakened One","ascension_level":0}}