{"host":"8lgo2trwv2o0qyml","time":1610392159,"event":{"mods":["BaseMod","Colored Map","Colored Powertips","DeckTracker","Highlight Path","Hubris","Infinite Spire","Minty Spire (QoL Compilation)","Quick Restart","Random Character Button","Relic Sorter","Replay The Spire","StSLib","SuperFastMode","Synergy Search"],"gold_per_floor":[109,122,122,122,141,141,171,226,250,266,266,266,298,328,328,426,476,489,132,148,148,162,162,191,191,218,218,218,230,230,230],"floor_reached":30,"playtime":1704,"items_purged":[],"score":281,"play_id":"f95bb507-a5f7-479d-bd1d-5c68081e700b","local_time":"20210111140919","is_ascension_mode":false,"campfire_choices":[{"data":"Chaos","floor":6,"key":"SMITH"},{"data":"White Noise","floor":11,"key":"SMITH"},{"floor":23,"key":"REST"}],"circlet_count":0,"master_deck":["Strike_B","Strike_B","Strike_B","Defend_B","Defend_B","Defend_B","Defend_B","Zap+1","Dualcast","Flash of Steel","Chaos+1","Conserve Battery","BootSequence","White Noise+1","Gash","FIFO Queue","Time Bomb","Steam","Meteor Strike","Barrage","Melter+1","ReplayTheSpireMod:Necrogeddon","Barrage","Barrage","Turbo","Storm","hubris:Prefetch","BasicCrystalCard+1"],"relics":["Burning Blood","hubris:Towel","Blue Doll","Lantern","Replay:Rubber Ducky","infinitespire:Cubic Diamond","Onion Ring","Odd Mushroom","Tiny House","Toy Ornithopter","hubris:Reverence","Replay:Blank Codex","Blood Vial","Eternal Feather"],"acts_visited":["Exordium","TheCity"],"potions_floor_usage":[8,13,13,14,16,16,24,24,30,30],"damage_taken":[{"damage":12,"enemies":"Small Slimes","floor":1,"turns":3},{"damage":3,"enemies":"Jaw Worm","floor":2,"turns":3},{"damage":2,"enemies":"2 Louse","floor":5,"turns":3},{"damage":23,"enemies":"Lagavulin","floor":7,"turns":8},{"damage":0,"enemies":"3 Sentries","floor":8,"turns":3},{"damage":0,"enemies":"Blue Slaver","floor":10,"turns":3},{"damage":0,"enemies":"3 Sentries","floor":13,"turns":8},{"damage":25,"enemies":"The Mushroom Lair","floor":14,"turns":6},{"damage":8,"enemies":"Fading Forest","floor":16,"turns":11},{"damage":16,"enemies":"Shell Parasite","floor":18,"turns":5},{"damage":5,"enemies":"Spheric Guardian","floor":20,"turns":3},{"damage":25,"enemies":"Snecko","floor":22,"turns":6},{"damage":34,"enemies":"Slavers","floor":24,"turns":7},{"damage":24,"enemies":"Chosen and Byrds","floor":29,"turns":7},{"damage":45,"enemies":"Cultist and Chosen","floor":30,"turns":5}],"seed_played":"-8171090516315585268","potions_obtained":[{"floor":1,"key":"AttackPotion"},{"floor":2,"key":"Block Potion"},{"floor":8,"key":"Reflective Coating"},{"floor":13,"key":"Weak Potion"},{"floor":14,"key":"Reflective Coating"},{"floor":15,"key":"Block Potion"},{"floor":15,"key":"SkillPotion"},{"floor":17,"key":"Flashbang"},{"floor":20,"key":"FocusPotion"},{"floor":24,"key":"Block Potion"}],"is_trial":false,"path_per_floor":["M","M","?","?","M","R","E","?","T","M","R","?","E","?","R_BF","B",null,"M","$","M","?","M","R","E","?","T","?","T","M","M"],"character_chosen":"DEFECT","items_purchased":["ReplayTheSpireMod:Necrogeddon","Toy Ornithopter","Barrage"],"campfire_rested":1,"item_purchase_floors":[19,19,19],"current_hp_per_floor":[63,60,60,60,58,58,35,35,35,35,35,35,41,22,22,30,80,70,70,71,71,52,76,52,36,36,36,36,20,0,0],"gold":230,"neow_bonus":"RANDOM_COLORLESS","is_daily":false,"chose_seed":false,"campfire_upgraded":2,"win_rate":0.0,"timestamp":1610392159,"path_taken":["M","M","?","?","M","R","E","?","T","?","R","?","E","?","R_BF","BOSS","M","$","M","?","?","R","E","?","T","?","?","M","M"],"items_purchased_type":["Card","Relic","Card"],"build_version":"2020-12-22","purchased_purges":0,"victory":false,"max_hp_per_floor":[75,75,75,75,75,75,75,75,75,75,75,75,75,75,75,75,80,80,80,80,80,80,80,80,80,80,80,80,80,80,80],"card_choices":[{"not_picked":["Survey Options","Replay:Sssssssssstrike"],"picked":"Flash of Steel","floor":0},{"not_picked":["Streamline","Sweeping Beam"],"picked":"Chaos","floor":1},{"not_picked":["Scrape","Time Bomb"],"picked":"Conserve Battery","floor":2},{"not_picked":["BasicCrystalCard","Defragment"],"picked":"BootSequence","floor":5},{"not_picked":["Reinforced Body","Coolheaded"],"picked":"White Noise","floor":7},{"not_picked":["Leap","Steam"],"picked":"Gash","floor":8},{"not_picked":["Stack","Reprogram"],"picked":"FIFO Queue","floor":10},{"not_picked":["Stack","Go for the Eyes"],"picked":"Time Bomb","floor":13},{"not_picked":["Streamline","Conserve Battery"],"picked":"Steam","floor":14},{"not_picked":["Creative AI","Buffer"],"picked":"Meteor Strike","floor":16},{"not_picked":["Redo","Leap"],"picked":"Barrage","floor":17},{"not_picked":["BasicCrystalCard","Stack+1"],"picked":"Melter+1","floor":18},{"not_picked":["Panic Button","Hologram"],"picked":"Barrage","floor":20},{"not_picked":["hubris:PowerSurge","Melter+1"],"picked":"Storm","floor":22},{"not_picked":["Compile Driver","Skim"],"picked":"hubris:Prefetch","floor":24},{"not_picked":["Coolheaded","Steam Power"],"picked":"BasicCrystalCard+1","floor":29}],"player_experience":57723,"relics_obtained":[{"floor":7,"key":"Blue Doll"},{"floor":9,"key":"Replay:Rubber Ducky"},{"floor":13,"key":"Onion Ring"},{"floor":14,"key":"Odd Mushroom"},{"floor":24,"key":"hubris:Reverence"},{"floor":25,"key":"Replay:Blank Codex"},{"floor":26,"key":"Blood Vial"},{"floor":28,"key":"Eternal Feather"}],"event_choices":[{"damage_healed":0,"gold_gain":0,"player_choice":"Ignored","damage_taken":0,"max_hp_gain":0,"max_hp_loss":0,"event_name":"Liars Game","floor":3,"gold_loss":0},{"damage_healed":0,"gold_gain":0,"player_choice":"Searched \u00272\u0027 times","damage_taken":0,"relics_obtained":["Lantern"],"max_hp_gain":0,"max_hp_loss":0,"event_name":"Dead Adventurer","floor":8,"gold_loss":0},{"damage_healed":0,"gold_gain":0,"player_choice":"Fought Mushrooms","damage_taken":0,"max_hp_gain":0,"max_hp_loss":0,"event_name":"Mushrooms","floor":14,"gold_loss":0},{"damage_healed":0,"gold_gain":0,"cards_transformed":["Strike_B"],"player_choice":"Transformed","damage_taken":0,"max_hp_gain":0,"max_hp_loss":0,"event_name":"Transmorgrifier","floor":21,"gold_loss":0,"cards_obtained":["Turbo"]},{"damage_healed":0,"gold_gain":0,"player_choice":"Obtained Book","damage_taken":16,"max_hp_gain":0,"max_hp_loss":0,"event_name":"Cursed Tome","floor":25,"gold_loss":0},{"damage_healed":0,"gold_gain":0,"player_choice":"Ignored","damage_taken":0,"max_hp_gain":0,"max_hp_loss":0,"event_name":"Beggar","floor":27,"gold_loss":0}],"is_beta":false,"boss_relics":[{"not_picked":["Empty Cage","Busted Crown"],"picked":"Tiny House"}],"items_purged_floors":[],"is_endless":false,"potions_floor_spawned":[1,2,8,13,14,20,24],"killed_by":"Cultist and Chosen","ascension_level":0}}