{"host":"dowi7cgbhepuzvpj","time":1610396583,"event":{"mods":["AchievementEnabler","BaseMod","Colored Map","Highlight Path","Keyboard Shortcuts","Minty Spire (QoL Compilation)","Permanent Neow","Quick Restart","StSLib","SuperFastMode"],"gold_per_floor":[110,125,139,154,168,194,265,279,333,408,425,425,76,95,95,193,193,203,203,203,216,82,82,111,111,135,169,25,25,35,35,35,140,140,155,155,155,210,228,228,278,305,354,364,364,392,392,41,41,41],"floor_reached":51,"playtime":2106,"items_purged":["Defend_P","Strike_P","Swivel"],"score":1080,"play_id":"47b87a51-ddd3-4053-b766-1587f696d651","local_time":"20210112052303","is_ascension_mode":true,"campfire_choices":[{"floor":15.0,"key":"REST"},{"data":"TalkToTheHand","floor":23.0,"key":"SMITH"},{"data":"Eruption","floor":25.0,"key":"SMITH"},{"data":"RitualDagger","floor":32.0,"key":"SMITH"},{"floor":40.0,"key":"REST"},{"floor":45.0,"key":"REST"},{"floor":49.0,"key":"REST"}],"circlet_count":0,"master_deck":["Eruption+1","Vigilance","CutThroughFate+1","EmptyMind+1","Wallop+1","EmptyFist","CutThroughFate","FlurryOfBlows","ClearTheMind","FlurryOfBlows","BattleHymn","TalkToTheHand+1","FollowUp","FearNoEvil","DeusExMachina","Tantrum","Swivel","RitualDagger+1","FollowUp+1","Nirvana","FollowUp","DevaForm","Halt","Dark Shackles","Crescendo+1","Study","FlurryOfBlows+1","Crescendo+1","Halt+1","FlurryOfBlows","Nirvana","EmptyBody","Secret Weapon","ClearTheMind+1"],"relics":["Astrolabe","Bag of Marbles","Dream Catcher","Juzu Bracelet","VioletLotus","Toy Ornithopter","Damaru","InkBottle","Vajra","Sozu","Mango","Thread and Needle","Lantern","Blood Vial","FossilizedHelix"],"acts_visited":["Exordium","TheCity","TheBeyond"],"potions_floor_usage":[],"damage_taken":[{"damage":0.0,"enemies":"Cultist","floor":1.0,"turns":3.0},{"damage":3.0,"enemies":"2 Louse","floor":2.0,"turns":3.0},{"damage":0.0,"enemies":"Jaw Worm","floor":3.0,"turns":2.0},{"damage":0.0,"enemies":"Blue Slaver","floor":4.0,"turns":4.0},{"damage":0.0,"enemies":"2 Fungi Beasts","floor":5.0,"turns":4.0},{"damage":19.0,"enemies":"3 Sentries","floor":6.0,"turns":7.0},{"damage":4.0,"enemies":"Large Slime","floor":8.0,"turns":5.0},{"damage":18.0,"enemies":"Lots of Slimes","floor":11.0,"turns":4.0},{"damage":0.0,"enemies":"3 Louse","floor":14.0,"turns":2.0},{"damage":2.0,"enemies":"Hexaghost","floor":16.0,"turns":5.0},{"damage":0.0,"enemies":"Spheric Guardian","floor":18.0,"turns":2.0},{"damage":4.0,"enemies":"Chosen","floor":21.0,"turns":3.0},{"damage":4.0,"enemies":"Gremlin Leader","floor":24.0,"turns":4.0},{"damage":14.0,"enemies":"Book of Stabbing","floor":27.0,"turns":2.0},{"damage":15.0,"enemies":"Snake Plant","floor":30.0,"turns":3.0},{"damage":15.0,"enemies":"Champ","floor":33.0,"turns":5.0},{"damage":24.0,"enemies":"3 Darklings","floor":35.0,"turns":5.0},{"damage":6.0,"enemies":"2 Orb Walkers","floor":38.0,"turns":3.0},{"damage":38.0,"enemies":"3 Shapes","floor":39.0,"turns":3.0},{"damage":12.0,"enemies":"Mind Bloom Boss Battle","floor":41.0,"turns":5.0},{"damage":19.0,"enemies":"Giant Head","floor":42.0,"turns":6.0},{"damage":0.0,"enemies":"Transient","floor":44.0,"turns":5.0},{"damage":11.0,"enemies":"Reptomancer","floor":46.0,"turns":5.0},{"damage":24,"enemies":"Awakened One","floor":50,"turns":6}],"seed_played":"6374916311287247703","potions_obtained":[{"floor":5.0,"key":"Dexterity Potion"},{"floor":6.0,"key":"BlessingOfTheForge"},{"floor":16.0,"key":"EssenceOfSteel"},{"floor":24.0,"key":"Ambrosia"},{"floor":30.0,"key":"LiquidMemories"},{"floor":33.0,"key":"AttackPotion"}],"is_trial":false,"path_per_floor":["M","M","M","M","M","E","?","M","T","?","M","?","$","M","R","B",null,"M","?","?","M","$","R","E","R","T","E","$","?","M","$","R","B",null,"M","?","?","?","M","R","?","E","T","M","R","E","?","$","R","B",null],"character_chosen":"WATCHER","items_purchased":["Juzu Bracelet","TalkToTheHand","EntropicBrew","Nirvana","Vajra","EmptyBody","Secret Weapon"],"campfire_rested":4,"item_purchase_floors":[13,13,13,22,28,48,48],"current_hp_per_floor":[65,62,62,62,62,43,43,39,39,28,10,10,10,10,31,29,61,61,61,55,51,51,51,47,47,47,38,38,38,28,28,28,18,59,35,35,35,53,15,40,28,9,9,11,36,27,27,27,52,30],"gold":41,"neow_bonus":"BOSS_RELIC","is_daily":false,"chose_seed":false,"campfire_upgraded":3,"win_rate":0.0,"timestamp":1610396583,"path_taken":["M","?","?","M","M","E","?","M","T","?","M","?","$","M","R","BOSS","M","?","?","M","$","R","E","R","T","E","$","?","M","?","R","BOSS","M","?","?","?","M","R","?","E","T","M","R","E","?","$","R","BOSS"],"items_purchased_type":["Relic","Card","Potion","Card","Relic","Card","Card"],"build_version":"2020-12-22","purchased_purges":3,"victory":true,"max_hp_per_floor":[72,72,72,72,72,72,72,72,72,72,72,72,72,72,72,72,72,72,72,72,72,72,72,72,72,72,72,72,72,72,72,72,72,72,72,72,72,86,86,86,86,86,86,86,86,86,86,86,86,86],"card_choices":[{"not_picked":["Evaluate","Pray"],"picked":"EmptyFist","floor":1.0},{"not_picked":["FlyingSleeves","EmptyBody"],"picked":"CutThroughFate","floor":2.0},{"not_picked":["FollowUp","Collect"],"picked":"Swivel","floor":3.0},{"not_picked":["Fasting2","WheelKick"],"picked":"FlurryOfBlows","floor":4.0},{"not_picked":["Evaluate","PathToVictory","Ragnarok"],"picked":"SKIP","floor":5.0},{"not_picked":["ThirdEye","BowlingBash"],"picked":"ClearTheMind","floor":6.0},{"not_picked":["Scrawl","ClearTheMind"],"picked":"FlurryOfBlows","floor":8.0},{"not_picked":["Swivel","InnerPeace"],"picked":"BattleHymn","floor":11.0},{"not_picked":["Wallop","Sanctity"],"picked":"FollowUp","floor":14.0},{"not_picked":["PathToVictory","WaveOfTheHand"],"picked":"FearNoEvil","floor":15.0},{"not_picked":["Brilliance","SpiritShield"],"picked":"DeusExMachina","floor":16.0},{"not_picked":["ForeignInfluence","Wireheading"],"picked":"Tantrum","floor":18.0},{"not_picked":["Evaluate","PathToVictory"],"picked":"FollowUp+1","floor":21.0},{"not_picked":["FlyingSleeves","ForeignInfluence"],"picked":"FollowUp","floor":24.0},{"not_picked":["EmptyFist+1","Fasting2","ForeignInfluence"],"picked":"SKIP","floor":27.0},{"not_picked":["CutThroughFate","InnerPeace","ClearTheMind"],"picked":"SKIP","floor":30.0},{"not_picked":["Brilliance","ConjureBlade"],"picked":"DevaForm","floor":33.0},{"not_picked":["PathToVictory+1","EmptyBody+1"],"picked":"Halt","floor":35.0},{"not_picked":["Jack Of All Trades","Forethought"],"picked":"Dark Shackles","floor":36.0},{"not_picked":["SignatureMove","JustLucky"],"picked":"Crescendo+1","floor":38.0},{"not_picked":["CrushJoints+1","Evaluate","Prostrate"],"picked":"SKIP","floor":39.0},{"not_picked":["CarveReality+1","WindmillStrike+1"],"picked":"Study","floor":40.0},{"not_picked":["SashWhip+1","Vengeance+1"],"picked":"FlurryOfBlows+1","floor":41.0},{"not_picked":["WindmillStrike","EmptyFist+1"],"picked":"Crescendo+1","floor":42.0},{"not_picked":["PathToVictory+1","DeusExMachina","EmptyFist"],"picked":"SKIP","floor":44.0},{"not_picked":["ClearTheMind","Fasting2"],"picked":"Halt+1","floor":45.0},{"not_picked":["CrushJoints","Establishment"],"picked":"FlurryOfBlows","floor":46.0},{"not_picked":["ThirdEye","EmptyBody+1"],"picked":"ClearTheMind+1","floor":49.0}],"player_experience":812195,"relics_obtained":[{"floor":6.0,"key":"Bag of Marbles"},{"floor":9.0,"key":"Dream Catcher"},{"floor":24.0,"key":"Toy Ornithopter"},{"floor":26.0,"key":"Damaru"},{"floor":27.0,"key":"InkBottle"},{"floor":38.0,"key":"Mango"},{"floor":41.0,"key":"Thread and Needle"},{"floor":42.0,"key":"Lantern"},{"floor":43.0,"key":"Blood Vial"},{"floor":46.0,"key":"FossilizedHelix"}],"event_choices":[{"damage_healed":0.0,"max_hp_gain":0.0,"max_hp_loss":0.0,"gold_gain":71.0,"event_name":"Golden Wing","player_choice":"Gained Gold","floor":7.0,"gold_loss":0.0,"damage_taken":0.0},{"damage_healed":0.0,"max_hp_gain":0.0,"max_hp_loss":0.0,"gold_gain":75.0,"event_name":"World of Goop","player_choice":"Gather Gold","floor":10.0,"gold_loss":0.0,"damage_taken":11.0},{"damage_healed":0.0,"max_hp_gain":0.0,"max_hp_loss":0.0,"gold_gain":0.0,"event_name":"Scrap Ooze","player_choice":"Fled","floor":12.0,"gold_loss":0.0,"damage_taken":0.0},{"damage_healed":0.0,"max_hp_gain":0.0,"max_hp_loss":0.0,"gold_gain":0.0,"cards_transformed":["Strike_P","Defend_P"],"event_name":"Drug Dealer","player_choice":"Became Test Subject","floor":19.0,"gold_loss":0.0,"damage_taken":0.0,"cards_obtained":["Swivel","ForeignInfluence"]},{"damage_healed":0.0,"max_hp_gain":0.0,"max_hp_loss":0.0,"gold_gain":0.0,"event_name":"Nest","player_choice":"Joined the Cult","floor":20.0,"gold_loss":0.0,"damage_taken":6.0,"cards_obtained":["RitualDagger"]},{"damage_healed":0.0,"max_hp_gain":0.0,"max_hp_loss":0.0,"gold_gain":0.0,"event_name":"SensoryStone","player_choice":"Memory 1","floor":36.0,"gold_loss":0.0,"damage_taken":0.0},{"cards_removed":["ForeignInfluence"],"damage_healed":0.0,"max_hp_gain":0.0,"max_hp_loss":0.0,"gold_gain":0.0,"event_name":"Purifier","player_choice":"Purged","floor":37.0,"gold_loss":0.0,"damage_taken":0.0},{"damage_healed":0.0,"max_hp_gain":0.0,"max_hp_loss":0.0,"gold_gain":0.0,"event_name":"Mysterious Sphere","player_choice":"Fight","floor":38.0,"gold_loss":0.0,"damage_taken":0.0},{"damage_healed":0.0,"max_hp_gain":0.0,"max_hp_loss":0.0,"gold_gain":0.0,"event_name":"MindBloom","player_choice":"Fight","floor":41.0,"gold_loss":0.0,"damage_taken":0.0},{"damage_healed":0.0,"max_hp_gain":0.0,"max_hp_loss":0.0,"gold_gain":0.0,"cards_transformed":["Defend_P"],"event_name":"Transmorgrifier","player_choice":"Transformed","floor":47.0,"gold_loss":0.0,"damage_taken":0.0,"cards_obtained":["Nirvana"]}],"is_beta":false,"boss_relics":[{"not_picked":["SlaversCollar","Empty Cage"],"picked":"VioletLotus"},{"not_picked":["Coffee Dripper","SacredBark"],"picked":"Sozu"}],"items_purged_floors":[13,22,48],"is_endless":false,"potions_floor_spawned":[5,6,14,16,18,24,30,33,35,38,42],"ascension_level":8}}