{"host":"n7mxhpjy89lltbhc","time":1610351417,"event":{"mods":["2.2 Compatiblity","Act Like it!","Bard","BaseMod","Better Match","Better Sensory Stone","Better Synergies","Better Vampires","BetterRewards","Colored Map","Colored Powertips","Dark Map","Downfall","Exacting","Gensokyo","Hubris","Infinite Spire","Jedi Mod","Marisa????????","Minty Spire (QoL Compilation)","Permanent Neow","Rare Cards Sparkle","Relic Sorter","Relic Stats","Replay The Spire","Shop Mod","Small Relic Pack","Spicy Shops","StSLib","Strawberry Spire","Td1madao Mod","The Blue Laboratory","The Marked","The Servant 0.9.4","Waifu the Spire","Wandering Minibosses"],"gold_per_floor":[146,146,146,25,56,56,73,73,150,150,0,0,0,32,32,132,132,151,151,151,107,141,141,161,184,184,196,241,273,298,1069,1081,1188,1200,1230,1242,1268,1280,1305,1347,1359,1381,1416,1440,987,1014,1058,1070,1082,1079],"floor_reached":51,"playtime":1786,"items_purged":["Strike_C"],"score":1186,"play_id":"e4db91ba-505b-42c2-aae9-bf58a16a51e3","local_time":"25640111145017","is_ascension_mode":true,"campfire_choices":[{"data":"Here Defend Chip","floor":6,"key":"SMITH"},{"data":"Here Defend Chip+1","floor":8,"key":"SMITH"},{"data":"Here Defend Chip+2","floor":10,"key":"SMITH"},{"data":"Here Defend Chip+3","floor":15,"key":"SMITH"},{"data":"Here Defend Chip+4","floor":32,"key":"SMITH"},{"data":"Here Defend Chip+5","floor":32,"key":"SMITH"},{"data":"Here Defend Chip+6","floor":41,"key":"SMITH"},{"data":"Here Defend Chip+7","floor":41,"key":"SMITH"},{"data":"Here Defend Chip+8","floor":49,"key":"SMITH"},{"data":"Here Defend Chip+9","floor":49,"key":"SMITH"}],"circlet_count":0,"master_deck":["Strike_C","Strike_C","Strike_C+1","Defend_C+1","Defend_C","Defend_C","Defend_C","Knight Kick+1","Chip+1","Gensokyo:CrescentMoonSlash","Here Defend Chip+10","Fixing","Retrieval Recycling+1","Clumsy","Hallucinations","strawberrySpire:Teyered","infinitespire:Starlight","Three Hit+1","Bursts+1","Shame","Preparedness","Resistance+1","Replay:Parry+1","Resistance+1","Preloading+1","jedi:BattleThirst","Awareness","Defend System","Weapon Shift+1","jedi:BattleThirst","ReplayTheSpireMod:??????????????????????","Shockwave Tdmadao","Resistance+1","Money Cant Rescue","Lunge+1","Resistance+1","Defend System+1","Black Contract+1"],"relics":["Apod","Replay:Mystery Machine","Molten Egg 2","Gensokyo:NagashiBinaDoll","Replay:Baseball","hubris:RunicObelisk","StoneCalendar","Darkstone Periapt","MawBank","Replay:Arrowhead","infinitespire:Golems Mask","wanderingMiniBosses:MasterThiefsPresence","strawberrySpire:Dictionifier","Blue Mushroom","strawberrySpire:Flakhammer","Whetstone","Chemical X","DollysMirror","Orrery","infinitespire:Bottled Soul"],"acts_visited":["Gensokyo:Gensokyo","Gensokyo:Gensokyoer","Gensokyo:Gensokyoest"],"potions_floor_usage":[16,24,50,50,50],"damage_taken":[{"damage":0,"enemies":"Gensokyo:3_Fairies","floor":1,"turns":4},{"damage":0,"enemies":"Gensokyo:Gryphon","floor":5,"turns":3},{"damage":0,"enemies":"Gensokyo:Python","floor":7,"turns":3},{"damage":6,"enemies":"Gensokyo:Cirno","floor":14,"turns":5},{"damage":28,"enemies":"Gensokyo:Yukari","floor":16,"turns":11},{"damage":0,"enemies":"Gensokyo:AngelMirror","floor":18,"turns":3},{"damage":0,"enemies":"Gensokyo:Chomper","floor":21,"turns":5},{"damage":0,"enemies":"Gensokyo:3_Gloops","floor":24,"turns":5},{"damage":19,"enemies":"Gensokyo:Koishi","floor":25,"turns":5},{"damage":0,"enemies":"Gensokyo:Reisen","floor":28,"turns":1},{"damage":0,"enemies":"Gensokyo:Slime_Group","floor":29,"turns":2},{"damage":0,"enemies":"Gensokyo:Monolith_and_Dog","floor":30,"turns":3},{"damage":31,"enemies":"Gensokyo:Wraith","floor":31,"turns":6},{"damage":11,"enemies":"Gensokyo:Eiki","floor":33,"turns":4},{"damage":0,"enemies":"Gensokyo:3_Bats","floor":35,"turns":3},{"damage":0,"enemies":"Gensokyo:3_Boulders","floor":37,"turns":3},{"damage":0,"enemies":"Gensokyo:Dusk_and_Dawn","floor":39,"turns":2},{"damage":11,"enemies":"Nightmare","floor":40,"turns":6},{"damage":0,"enemies":"Gensokyo:AtlasGolem","floor":42,"turns":1},{"damage":0,"enemies":"Gensokyo:3_Boulders","floor":44,"turns":3},{"damage":0,"enemies":"Gensokyo:4_Bats","floor":46,"turns":1},{"damage":0,"enemies":"Gensokyo:Doremy","floor":47,"turns":1},{"damage":11,"enemies":"Gensokyo:Scarlet_Devils","floor":50,"turns":6}],"seed_played":"2590652047552842826","potions_obtained":[{"floor":14,"key":"Languid Potion"},{"floor":14,"key":"Dexterity Potion"},{"floor":16,"key":"PowerPotion"},{"floor":21,"key":"DistilledChaos"},{"floor":25,"key":"BlessingOfTheForge"},{"floor":48,"key":"LifebloodPotion"},{"floor":48,"key":"blueLaboratory:EmptyBottle"}],"is_trial":false,"path_per_floor":["M","?","?","$","M","R","M","R","T","R","$","?","?","E","R","B",null,"M","?","$","M","?","?","M","E","T","?","E","M","M","M","R","B",null,"M","?","M","?","M","NM","R","M","T","M","COS","M","E","?","R","B",null],"character_chosen":"TD1MADAO_CLASS","items_purchased":["Here Defend Chip","Retrieval Recycling+1"],"campfire_rested":0,"item_purchase_floors":[4,11],"current_hp_per_floor":[63,63,53,53,53,53,53,53,53,53,53,53,53,47,47,29,60,70,70,70,70,42,42,52,43,43,49,49,49,60,48,48,47,69,76,82,82,82,82,81,81,81,81,82,82,82,82,82,82,74],"gold":1091,"neow_bonus":"RANDOM_COMMON_RELIC","is_daily":false,"chose_seed":false,"campfire_upgraded":10,"win_rate":0.0,"timestamp":1610351417,"path_taken":["M","?","?","?","M","R","?","R","T","R","$","?","?","E","R","BOSS","M","?","$","M","?","?","?","E","T","?","E","M","M","M","R","BOSS","M","?","?","?","M","NM","R","M","T","M","COS","M","E","?","R","BOSS"],"items_purchased_type":["Card","Card"],"build_version":"2020-12-22","purchased_purges":1,"victory":true,"max_hp_per_floor":[70,70,70,70,70,70,70,70,70,70,70,70,70,70,70,70,70,70,70,70,70,70,70,70,70,70,76,76,76,76,76,76,76,76,76,82,82,82,82,82,82,82,82,82,82,82,82,82,82,82],"relic_stats":{"Darkstone Periapt":12,"counters":[23,86],"StoneCalendar":[0],"Whetstone":["Knight Kick","Strike_C"],"Chemical X":[2],"MawBank":300,"obtain_stats":[{"Darkstone Periapt":25,"StoneCalendar":22,"jedi:command_rare":27,"wanderingMiniBosses:MasterThiefsPresence":31,"Gensokyo:NagashiBinaDoll":12,"Whetstone":43,"Replay:Mystery Machine":0,"hubris:RunicObelisk":17,"MawBank":26,"Replay:Arrowhead":27,"strawberrySpire:Dictionifier":34,"Frozen Eye":25,"Replay:Baseball":14,"strawberrySpire:Flakhammer":40,"DollysMirror":45,"infinitespire:Bottled Soul":47,"Orrery":45,"Molten Egg 2":9,"infinitespire:Golems Mask":28,"Blue Mushroom":36,"Apod":0,"Chemical X":45},{"Darkstone Periapt":9,"StoneCalendar":7,"jedi:command_rare":9,"wanderingMiniBosses:MasterThiefsPresence":13,"Gensokyo:NagashiBinaDoll":3,"Whetstone":19,"Replay:Mystery Machine":0,"hubris:RunicObelisk":5,"MawBank":9,"Replay:Arrowhead":9,"strawberrySpire:Dictionifier":14,"Frozen Eye":8,"Replay:Baseball":4,"strawberrySpire:Flakhammer":18,"DollysMirror":20,"infinitespire:Bottled Soul":22,"Orrery":20,"Molten Egg 2":3,"infinitespire:Golems Mask":10,"Blue Mushroom":15,"Apod":0,"Chemical X":20},{"Darkstone Periapt":44,"StoneCalendar":34,"jedi:command_rare":44,"wanderingMiniBosses:MasterThiefsPresence":56,"Gensokyo:NagashiBinaDoll":10,"Whetstone":75,"Replay:Mystery Machine":0,"hubris:RunicObelisk":26,"MawBank":44,"Replay:Arrowhead":44,"strawberrySpire:Dictionifier":60,"Frozen Eye":39,"Replay:Baseball":15,"strawberrySpire:Flakhammer":74,"DollysMirror":78,"infinitespire:Bottled Soul":80,"Orrery":78,"Molten Egg 2":10,"infinitespire:Golems Mask":45,"Blue Mushroom":63,"Apod":0,"Chemical X":78}]},"card_choices":[{"not_picked":["Black Shadow","Rupture","Preloading"],"picked":"SKIP","floor":5},{"not_picked":["Load Balancing","Sudden Beat"],"picked":"Fixing","floor":7},{"not_picked":["infinitespire:FutureSight","hubris:Rewind"],"picked":"infinitespire:Starlight","floor":13},{"not_picked":["Energy Supply","Revenge+1"],"picked":"Three Hit+1","floor":14},{"not_picked":["Optimization","Data Freezing"],"picked":"Bursts","floor":16},{"not_picked":["Rupture+1","Cursed Blade+1","Revenge+1"],"picked":"SKIP","floor":18},{"not_picked":["Oblique Hack+1","Trader+1"],"picked":"Preparedness","floor":21},{"not_picked":["Here Defend Chip","Bugfix+1"],"picked":"Resistance+1","floor":22},{"not_picked":["expansioncontent:Chronoboost","expansioncontent:HyperBeam+1"],"picked":"Replay:Parry+1","floor":23},{"not_picked":["Black Spear+1","Preloading"],"picked":"Resistance+1","floor":24},{"not_picked":["Fire Up","Coercion"],"picked":"Preloading+1","floor":25},{"not_picked":["Fire Up","Twin Teeth+1","Afterwards"],"picked":"SKIP","floor":28},{"not_picked":["Fire Up","Energy Supply+1"],"picked":"Awareness","floor":29},{"not_picked":["Money Cant Rescue","Three Hit+1","Lunge+1"],"picked":"SKIP","floor":30},{"not_picked":["Judgment+1","Ruin Defend"],"picked":"Defend System","floor":31},{"not_picked":["White Contract+1","Oblique Hack+1"],"picked":"Weapon Shift+1","floor":35},{"not_picked":["Black Execution+1","Ruin Defend","Sub Weapons"],"picked":"SKIP","floor":37},{"not_picked":["Transfer Energy","Weapon Shift","Black Execution+1"],"picked":"SKIP","floor":39},{"not_picked":["ReplayTheSpireMod:Black Plague","infinitespire:Oblivion"],"picked":"ReplayTheSpireMod:??????????????????????","floor":40},{"not_picked":["White Contract+1","Lunge+1","Chip Synthesis"],"picked":"SKIP","floor":40},{"not_picked":["Transfer Energy+1","White Contract+1","Cursed Blade+1"],"picked":"SKIP","floor":42},{"not_picked":["Revenge+1","Machining"],"picked":"Shockwave Tdmadao","floor":44},{"not_picked":["Preparedness","Transfer Energy"],"picked":"Resistance+1","floor":45},{"not_picked":["Floating Swing Kick+1","Oblique Hack+1"],"picked":"Money Cant Rescue","floor":45},{"not_picked":["Retrieval Recycling+1","Sudden Beat+1"],"picked":"Lunge+1","floor":45},{"not_picked":["Three Hit+1","Defend System"],"picked":"Resistance+1","floor":45},{"not_picked":["Black Spear+1","Black Dance+1"],"picked":"Defend System+1","floor":46},{"not_picked":["Black Dance+1","Thunder Jump+1"],"picked":"Black Contract+1","floor":47}],"player_experience":1072444,"relics_obtained":[{"floor":9,"key":"Molten Egg 2"},{"floor":14,"key":"Replay:Baseball"},{"floor":22,"key":"StoneCalendar"},{"floor":25,"key":"Darkstone Periapt"},{"floor":26,"key":"MawBank"},{"floor":28,"key":"infinitespire:Golems Mask"},{"floor":31,"key":"wanderingMiniBosses:MasterThiefsPresence"},{"floor":40,"key":"strawberrySpire:Flakhammer"},{"floor":43,"key":"Whetstone"},{"floor":47,"key":"infinitespire:Bottled Soul"}],"event_choices":[{"damage_healed":0,"gold_gain":2,"player_choice":"1","damage_taken":0,"max_hp_gain":0,"max_hp_loss":0,"event_name":"betterStone:BetterStone","floor":23,"gold_loss":0}],"is_beta":false,"boss_relics":[{"not_picked":["hubris:Stopwatch","hubris:Backtick"],"picked":"hubris:RunicObelisk"},{"not_picked":["hubris:BlackHole","hubris:GrandSneckoEye"],"picked":"strawberrySpire:Dictionifier"}],"items_purged_floors":[4],"is_endless":false,"potions_floor_spawned":[14,16,21,25,28,29,37,39,44,47],"ascension_level":6}}