{"host":"hve1dyh1ly81yl9f","time":1610391296,"event":{"mods":["BaseMod","Colored Map","DeckTracker","Highlight Path","Keyboard Shortcuts","Minty Spire (QoL Compilation)","Permanent Neow","Quick Restart","StSLib","SuperFastMode"],"gold_per_floor":[114,131,148,4,21,49,49,380,455,455,467,483,483,515,515,612,612,629,359,370,225,245,270,270,297,368,378,79,79,79,92,92,197,197,213,226,226,238,1237,1264,1264,433,433,452,24,69,69,69,69],"floor_reached":48,"playtime":1451,"items_purged":["Shame","Normality","Defend_R"],"score":846,"play_id":"8fb6f531-9b0e-4349-b2a0-bc5678eba173","local_time":"20210112035456","is_ascension_mode":true,"campfire_choices":[{"data":"Wild Strike","floor":7.0,"key":"SMITH"},{"floor":10.0,"key":"REST"},{"floor":15.0,"key":"REST"},{"floor":24.0,"key":"REST"},{"data":"Shame","floor":30.0,"key":"PURGE"},{"floor":32.0,"key":"REST"},{"data":"Normality","floor":41.0,"key":"PURGE"},{"data":"Perfected Strike","floor":47.0,"key":"SMITH"}],"circlet_count":0,"master_deck":["Strike_R","Strike_R+1","Strike_R","Strike_R","Strike_R","Defend_R","Defend_R","Bash","Perfected Strike+1","Wild Strike+1","Headbutt","Pommel Strike","Perfected Strike+1","Headbutt","Perfected Strike+1","CurseOfTheBell","Wild Strike","Dual Wield+1","Shrug It Off+1","Warcry+1","Shrug It Off+1","Wild Strike+1"],"relics":["Black Blood","Lizard Tail","Whetstone","Toxic Egg 2","Old Coin","Pear","Pen Nib","Calling Bell","Lantern","Gremlin Horn","Turnip","Nunchaku","Vajra","Red Skull","Peace Pipe","Molten Egg 2","Singing Bowl","Regal Pillow","Toy Ornithopter","TungstenRod","Chemical X","Letter Opener","Mummified Hand","Lee\u0027s Waffle","Ancient Tea Set","Calipers"],"acts_visited":["Exordium","TheCity","TheBeyond"],"potions_floor_usage":[48],"damage_taken":[{"damage":23.0,"enemies":"Jaw Worm","floor":1.0,"turns":4.0},{"damage":0.0,"enemies":"Cultist","floor":2.0,"turns":2.0},{"damage":0.0,"enemies":"Small Slimes","floor":3.0,"turns":2.0},{"damage":12.0,"enemies":"Exordium Wildlife","floor":5.0,"turns":2.0},{"damage":8.0,"enemies":"Gremlin Nob","floor":6.0,"turns":3.0},{"damage":40.0,"enemies":"Lagavulin","floor":8.0,"turns":4.0},{"damage":14.0,"enemies":"Red Slaver","floor":11.0,"turns":2.0},{"damage":8.0,"enemies":"Blue Slaver","floor":12.0,"turns":2.0},{"damage":20.0,"enemies":"3 Sentries","floor":14.0,"turns":4.0},{"damage":49.0,"enemies":"The Guardian","floor":16.0,"turns":7.0},{"damage":26.0,"enemies":"Shell Parasite","floor":18.0,"turns":3.0},{"damage":11.0,"enemies":"2 Thieves","floor":20.0,"turns":2.0},{"damage":24.0,"enemies":"Snake Plant","floor":22.0,"turns":2.0},{"damage":28.0,"enemies":"Gremlin Leader","floor":23.0,"turns":4.0},{"damage":17.0,"enemies":"Slavers","floor":25.0,"turns":3.0},{"damage":12.0,"enemies":"Cultist and Chosen","floor":27.0,"turns":2.0},{"damage":0.0,"enemies":"3 Cultists","floor":31.0,"turns":2.0},{"damage":113.0,"enemies":"Automaton","floor":33.0,"turns":10.0},{"damage":28.0,"enemies":"3 Shapes","floor":35.0,"turns":3.0},{"damage":45.0,"enemies":"3 Darklings","floor":36.0,"turns":4.0},{"damage":28.0,"enemies":"4 Shapes","floor":38.0,"turns":2.0},{"damage":5.0,"enemies":"Spire Growth","floor":44.0,"turns":3.0},{"damage":54.0,"enemies":"2 Orb Walkers","floor":46.0,"turns":4.0},{"damage":100,"enemies":"Giant Head","floor":48,"turns":6}],"seed_played":"7477450384555705851","potions_obtained":[{"floor":2.0,"key":"Fire Potion"},{"floor":6.0,"key":"FearPotion"},{"floor":8.0,"key":"LiquidMemories"},{"floor":16.0,"key":"PowerPotion"},{"floor":18.0,"key":"BloodPotion"},{"floor":20.0,"key":"Fire Potion"},{"floor":25.0,"key":"Block Potion"},{"floor":33.0,"key":"SteroidPotion"},{"floor":36.0,"key":"EssenceOfSteel"},{"floor":44.0,"key":"BloodPotion"}],"is_trial":false,"path_per_floor":["M","M","M","$","M","E","R","E","T","R","M","M","?","E","R","B",null,"M","$","M","$","M","E","R","E","T","M","$","?","R","M","R","B",null,"M","M","?","M","?","T","R","$","T","M","$","?","R","E"],"character_chosen":"IRONCLAD","items_purchased":["Whetstone","Wild Strike","Nunchaku","Vajra","Singing Bowl","Shrug It Off+1","TungstenRod","Chemical X","Letter Opener","Block Potion","Lee\u0027s Waffle","Ancient Tea Set"],"campfire_rested":4,"item_purchase_floors":[4,19,19,21,28,28,42,42,42,42,45,45],"current_hp_per_floor":[55,61,67,67,61,59,59,25,35,62,54,52,52,38,65,22,73,53,53,66,66,48,26,53,42,42,36,36,36,36,44,86,38,80,64,33,33,19,19,19,19,19,19,63,107,67,67,0,0],"gold":69,"neow_bonus":"ONE_RARE_RELIC","is_daily":false,"chose_seed":false,"campfire_upgraded":2,"win_rate":0.0,"timestamp":1610391296,"path_taken":["M","M","M","$","M","E","R","E","T","R","M","M","?","E","R","BOSS","M","$","M","$","M","E","R","E","T","M","$","?","R","M","R","BOSS","M","M","?","?","?","?","R","?","T","?","$","?","R","E"],"items_purchased_type":["Relic","Card","Relic","Relic","Relic","Card","Relic","Relic","Relic","Potion","Relic","Relic"],"build_version":"2020-12-22","purchased_purges":3,"victory":false,"max_hp_per_floor":[80,80,80,80,80,80,80,80,90,90,90,90,90,90,90,90,90,90,90,90,90,90,90,90,90,90,90,90,90,90,92,92,94,94,94,96,96,98,98,98,98,98,98,100,107,109,109,109,109],"card_choices":[{"not_picked":["Hemokinesis","Thunderclap"],"picked":"Perfected Strike","floor":1.0},{"not_picked":["Sever Soul","Thunderclap"],"picked":"Wild Strike","floor":2.0},{"not_picked":["Combust","Metallicize","Clash"],"picked":"SKIP","floor":3.0},{"not_picked":["Anger","Carnage"],"picked":"Headbutt","floor":5.0},{"not_picked":["Havoc+1","Feed"],"picked":"Pommel Strike","floor":6.0},{"not_picked":["Clothesline","Ghostly Armor+1"],"picked":"Perfected Strike","floor":8.0},{"not_picked":["Thunderclap","Armaments+1"],"picked":"Headbutt","floor":11.0},{"not_picked":["Flex+1","Shrug It Off+1"],"picked":"Perfected Strike","floor":12.0},{"not_picked":["Dropkick","Spot Weakness+1","Pummel"],"picked":"SKIP","floor":14.0},{"not_picked":["Havoc+1","Body Slam+1","Flex+1"],"picked":"SKIP","floor":18.0},{"not_picked":["Thunderclap+1","Barricade"],"picked":"Dual Wield+1","floor":20.0},{"not_picked":["Twin Strike","Anger+1"],"picked":"Shrug It Off+1","floor":22.0},{"not_picked":["Armaments+1","True Grit+1"],"picked":"Warcry+1","floor":23.0},{"not_picked":["Hemokinesis","Iron Wave","Thunderclap"],"picked":"SKIP","floor":25.0},{"not_picked":["Hemokinesis","Iron Wave","Thunderclap"],"picked":"SKIP","floor":25.0},{"not_picked":["Cleave+1","Metallicize","Whirlwind+1"],"picked":"SKIP","floor":27.0},{"not_picked":["Iron Wave+1","Rampage+1","Body Slam+1"],"picked":"Singing Bowl","floor":31.0},{"not_picked":["Demon Form","Bludgeon+1","Limit Break+1"],"picked":"Singing Bowl","floor":33.0},{"not_picked":["Cleave+1","Inflame+1"],"picked":"Wild Strike+1","floor":35.0},{"not_picked":["Headbutt+1","Shrug It Off+1","Second Wind+1"],"picked":"Singing Bowl","floor":36.0},{"not_picked":["Shockwave+1","Flex+1","Sever Soul+1"],"picked":"Singing Bowl","floor":38.0},{"not_picked":["Sword Boomerang+1","True Grit+1","Blood for Blood+1"],"picked":"Singing Bowl","floor":44.0},{"not_picked":["Cleave+1","Armaments+1","Headbutt+1"],"picked":"Singing Bowl","floor":46.0}],"player_experience":309281,"relics_obtained":[{"floor":6.0,"key":"Toxic Egg 2"},{"floor":8.0,"key":"Old Coin"},{"floor":9.0,"key":"Pear"},{"floor":14.0,"key":"Pen Nib"},{"floor":17.0,"key":"Lantern"},{"floor":17.0,"key":"Gremlin Horn"},{"floor":17.0,"key":"Turnip"},{"floor":23.0,"key":"Red Skull"},{"floor":25.0,"key":"Peace Pipe"},{"floor":26.0,"key":"Molten Egg 2"},{"floor":40.0,"key":"Toy Ornithopter"},{"floor":43.0,"key":"Mummified Hand"},{"floor":46.0,"key":"Calipers"}],"event_choices":[{"damage_healed":0.0,"max_hp_gain":0.0,"max_hp_loss":0.0,"gold_gain":0.0,"event_name":"Upgrade Shrine","player_choice":"Upgraded","floor":13.0,"gold_loss":0.0,"damage_taken":0.0,"cards_upgraded":["Perfected Strike"]},{"damage_healed":0.0,"max_hp_gain":0.0,"max_hp_loss":0.0,"gold_gain":0.0,"event_name":"Addict","player_choice":"Stole Relic","floor":29.0,"gold_loss":0.0,"damage_taken":0.0,"relics_obtained":["Regal Pillow"],"cards_obtained":["Shame"]},{"cards_removed":["Defend_R"],"damage_healed":0.0,"max_hp_gain":0.0,"max_hp_loss":0.0,"gold_gain":0.0,"event_name":"Purifier","player_choice":"Purged","floor":37.0,"gold_loss":0.0,"damage_taken":0.0},{"damage_healed":0.0,"max_hp_gain":0.0,"max_hp_loss":0.0,"gold_gain":999.0,"event_name":"MindBloom","player_choice":"Gold","floor":39.0,"gold_loss":0.0,"damage_taken":0.0,"cards_obtained":["Normality","Normality"]},{"damage_healed":0.0,"max_hp_gain":0.0,"max_hp_loss":0.0,"gold_gain":0.0,"event_name":"Mysterious Sphere","player_choice":"Fight","floor":46.0,"gold_loss":0.0,"damage_taken":0.0}],"is_beta":false,"boss_relics":[{"not_picked":["Mark of Pain","Velvet Choker"],"picked":"Calling Bell"},{"not_picked":["SacredBark","Sozu"],"picked":"Black Blood"}],"items_purged_floors":[19,42,45],"is_endless":false,"potions_floor_spawned":[2,6,8,11,16,18,20,25,33,36,44],"killed_by":"Giant Head","ascension_level":8}}