{"host":"t4jsb5tuksjmo64s","time":1610324721,"event":{"mods":["AchievementEnabler","BaseMod","Block Reminder","Colored Map","Colored Powertips","Dark Map","Highlight Path","Minty Spire (QoL Compilation)","Quick Restart","Random Character Button","Rare Cards Sparkle","Relic Stats"],"gold_per_floor":[114,114,114,214,228,259,259,272,272,305,384,418,438,458,458,562,562,579,579,30,32,32,32,32],"floor_reached":23,"playtime":2096,"items_purged":["Defend_P"],"score":298,"play_id":"e20285e5-cac0-425b-b9d0-f50ef918fe66","local_time":"20210110192521","is_ascension_mode":true,"campfire_choices":[{"data":"ForeignInfluence","floor":7,"key":"SMITH"},{"floor":15,"key":"REST"}],"circlet_count":0,"master_deck":["Strike_P","Strike_P+1","Defend_P+1","Defend_P","Eruption","Vigilance","Wireheading","ForeignInfluence+1","ThirdEye","EmptyMind","Wallop","JustLucky","BattleHymn","ClearTheMind+1","ConjureBlade+1","Wireheading+1","Indignation+1","ClearTheMind+1","Wallop","RitualDagger","Metamorphosis+1","WaveOfTheHand+1","SandsOfTime+1"],"relics":["PureWater","NeowsBlessing","Bottled Tornado","Toxic Egg 2","Pen Nib","Sundial","Turnip","Astrolabe","Molten Egg 2"],"acts_visited":["Exordium","TheCity"],"potions_floor_usage":[16,16,23,23,23],"damage_taken":[{"damage":0,"enemies":"Small Slimes","floor":1,"turns":1},{"damage":0,"enemies":"Cultist","floor":5,"turns":1},{"damage":0,"enemies":"Lagavulin","floor":6,"turns":1},{"damage":0,"enemies":"Jaw Worm","floor":8,"turns":2},{"damage":38,"enemies":"3 Sentries","floor":10,"turns":12},{"damage":17,"enemies":"Lagavulin","floor":12,"turns":7},{"damage":1,"enemies":"Exordium Wildlife","floor":13,"turns":4},{"damage":5,"enemies":"3 Louse","floor":14,"turns":2},{"damage":0,"enemies":"Hexaghost","floor":16,"turns":6},{"damage":13,"enemies":"Chosen","floor":18,"turns":5},{"damage":21,"enemies":"2 Thieves","floor":21,"turns":4},{"damage":66,"enemies":"Slavers","floor":23,"turns":3}],"seed_played":"-7117214501526793251","potions_obtained":[{"floor":5,"key":"Weak Potion"},{"floor":8,"key":"Ancient Potion"},{"floor":10,"key":"StancePotion"},{"floor":12,"key":"ColorlessPotion"},{"floor":16,"key":"Regen Potion"},{"floor":21,"key":"SteroidPotion"}],"is_trial":false,"path_per_floor":["M","?","?","?","M","E","R","M","T","E","T","E","M","M","R","B",null,"M","?","$","M","?","E"],"character_chosen":"WATCHER","items_purchased":["Molten Egg 2","Metamorphosis+1","WaveOfTheHand+1"],"campfire_rested":1,"item_purchase_floors":[20,20,20],"current_hp_per_floor":[72,58,72,72,72,72,72,72,72,34,34,17,16,11,32,32,72,59,53,53,32,56,0,0],"gold":32,"neow_bonus":"THREE_ENEMY_KILL","is_daily":false,"chose_seed":false,"campfire_upgraded":1,"win_rate":0.0,"timestamp":1610324721,"path_taken":["M","?","?","?","M","E","R","?","T","E","?","E","M","M","R","BOSS","M","?","$","M","?","E"],"items_purchased_type":["Relic","Card","Card"],"build_version":"2020-12-22","purchased_purges":1,"victory":false,"max_hp_per_floor":[72,72,72,72,72,72,72,72,72,72,72,72,72,72,72,72,72,72,72,72,72,72,72,72],"relic_stats":{"counters":[12,48],"Sundial":[4],"Astrolabe":["Wireheading","Indignation","ClearTheMind"],"Pen Nib":[5],"Turnip":[0],"obtain_stats":[{"NeowsBlessing":0,"Sundial":11,"Astrolabe":17,"Molten Egg 2":20,"Pen Nib":10,"Turnip":12,"PureWater":0,"Bottled Tornado":6,"Toxic Egg 2":9},{"NeowsBlessing":0,"Sundial":5,"Astrolabe":9,"Molten Egg 2":10,"Pen Nib":5,"Turnip":6,"PureWater":0,"Bottled Tornado":3,"Toxic Egg 2":4},{"NeowsBlessing":0,"Sundial":17,"Astrolabe":36,"Molten Egg 2":41,"Pen Nib":17,"Turnip":24,"PureWater":0,"Bottled Tornado":3,"Toxic Egg 2":5}]},"card_choices":[{"not_picked":["FollowUp","Indignation"],"picked":"Wireheading","floor":1},{"not_picked":["CrushJoints","Swivel"],"picked":"ForeignInfluence","floor":5},{"not_picked":["EmptyBody","Scrawl"],"picked":"ThirdEye","floor":6},{"not_picked":["ThirdEye","Tantrum"],"picked":"EmptyMind","floor":8},{"not_picked":["TalkToTheHand","ThirdEye+1"],"picked":"Wallop","floor":10},{"not_picked":["MasterReality","EmptyBody+1"],"picked":"JustLucky","floor":12},{"not_picked":["Halt+1","BowlingBash"],"picked":"BattleHymn","floor":13},{"not_picked":["SashWhip","CrushJoints"],"picked":"ClearTheMind+1","floor":14},{"not_picked":["Ragnarok","LessonLearned"],"picked":"ConjureBlade+1","floor":16},{"not_picked":["Crescendo+1","Tantrum"],"picked":"Wallop","floor":18},{"not_picked":["WaveOfTheHand+1","InnerPeace+1"],"picked":"SandsOfTime+1","floor":21}],"player_experience":199394,"relics_obtained":[{"floor":6,"key":"Bottled Tornado"},{"floor":9,"key":"Toxic Egg 2"},{"floor":10,"key":"Pen Nib"},{"floor":11,"key":"Sundial"},{"floor":12,"key":"Turnip"}],"event_choices":[{"damage_healed":0,"gold_gain":0,"player_choice":"Entered Light","damage_taken":14,"max_hp_gain":0,"max_hp_loss":0,"event_name":"Shining Light","floor":2,"gold_loss":0,"cards_upgraded":["Defend_P","Strike_P"]},{"damage_healed":24,"gold_gain":0,"player_choice":"Banana","damage_taken":0,"max_hp_gain":0,"max_hp_loss":0,"event_name":"Big Fish","floor":3,"gold_loss":0},{"damage_healed":0,"gold_gain":100,"player_choice":"Pray","damage_taken":0,"max_hp_gain":0,"max_hp_loss":0,"event_name":"Golden Shrine","floor":4,"gold_loss":0},{"damage_healed":0,"gold_gain":0,"player_choice":"Joined the Cult","damage_taken":6,"max_hp_gain":0,"max_hp_loss":0,"event_name":"Nest","floor":19,"gold_loss":0,"cards_obtained":["RitualDagger"]},{"damage_healed":24,"gold_gain":0,"player_choice":"Heal","damage_taken":0,"max_hp_gain":0,"max_hp_loss":0,"event_name":"The Library","floor":22,"gold_loss":0}],"is_beta":false,"boss_relics":[{"not_picked":["Snecko Eye","Philosopher\u0027s Stone"],"picked":"Astrolabe"}],"items_purged_floors":[20],"is_endless":false,"potions_floor_spawned":[5,8,10,12,16,21],"killed_by":"Slavers","ascension_level":1}}