{"host":"jvd5k9mqzerszifx","time":1610347937,"event":{"mods":["AchievementEnabler","Act Like it!","BaseMod","Better Note","Better Third Choice","Colored Map","Colored Powertips","Conspire","Gensokyo","Hallownest","Hermit","Hubris","Infinite Spire","Lobotomy","Minty Spire (QoL Compilation)","MostiFishMod","Replay The Spire","Reworked Bosses","Spicy Shops","StSLib","The Administrix","The Bug Knight","The Cursed","The Factory","The Jungle","【功能Mod】聪明的最终Boss"],"gold_per_floor":[126,154,194,230,230,230,250,208,208,230,290,316,346,406,406,596,596,628,578,608,608,670,720,720,67,67,67,67,139,243,319,319,527,527,605,625,883,905,78,170,170,220,272,310,310,374,374,440,440,702,702,721,721,721,756,786,845,845,905,905,905,930,930],"floor_reached":62,"playtime":3762,"items_purged":[],"score":1193,"play_id":"204ff149-2f02-4f73-9758-d230c3e64a59","local_time":"20210111145217","is_ascension_mode":false,"campfire_choices":[{"data":"TheCursedMod:Strike_TheCursed","floor":6,"key":"SMITH"},{"data":"TheCursedMod:Strike_TheCursed","floor":6,"key":"SMITH"},{"data":"TheCursedMod:Strike_TheCursed","floor":6,"key":"SMITH"},{"data":"TheCursedMod:ReleasedKnowledge","floor":6,"key":"SMITH"},{"data":"TheCursedMod:Strike_TheCursed","floor":6,"key":"SMITH"},{"data":"TheCursedMod:Defend_TheCursed","floor":6,"key":"SMITH"},{"data":"TheCursedMod:Defend_TheCursed","floor":6,"key":"SMITH"},{"data":"TheCursedMod:Defend_TheCursed","floor":6,"key":"SMITH"},{"data":"TheCursedMod:Defend_TheCursed","floor":6,"key":"SMITH"},{"data":"TheCursedMod:Stretching","floor":6,"key":"SMITH"},{"data":"TheCursedMod:CircleOfFlame","floor":6,"key":"SMITH"},{"data":"TheCursedMod:DemonSword","floor":6,"key":"SMITH"},{"data":"TheCursedMod:AshesToAshes","floor":6,"key":"PURGE"},{"data":"TheCursedMod:Dregs","floor":6,"key":"PURGE"},{"data":"TheCursedMod:CleanUpWorkshop","floor":6,"key":"PURGE"},{"floor":6,"key":"REST"},{"data":"TheCursedMod:CursedBlade","floor":15,"key":"SMITH"},{"data":"TheCursedMod:SpitefulPray","floor":15,"key":"SMITH"},{"data":"TheCursedMod:FleshFromBone","floor":15,"key":"SMITH"},{"data":"TheCursedMod:WearCloak","floor":15,"key":"SMITH"},{"data":"TheCursedMod:CircleOfAbyss","floor":15,"key":"SMITH"},{"data":"TheCursedMod:CircleOfAbyss","floor":15,"key":"SMITH"},{"floor":15,"key":"RECALL"},{"data":"TheCursedMod:CollectTribute","floor":24,"key":"SMITH"},{"data":"TheCursedMod:SurpriseAttack","floor":24,"key":"SMITH"},{"data":"conspire:SpireCoStock","floor":24,"key":"SMITH"},{"data":"TheCursedMod:CursedRelics","floor":24,"key":"SMITH"},{"data":"TheCursedMod:Stretching","floor":24,"key":"SMITH"},{"data":"TheCursedMod:Strike_TheCursed+1","floor":24,"key":"PURGE"},{"data":"TheCursedMod:Strike_TheCursed+1","floor":24,"key":"PURGE"},{"data":"TheCursedMod:Defend_TheCursed+1","floor":24,"key":"PURGE"},{"floor":24,"key":"REST"},{"data":"TheCursedMod:FuryStrike","floor":28,"key":"SMITH"},{"floor":28,"key":"REST"},{"data":"TheCursedMod:Strike_TheCursed","floor":32,"key":"SMITH"},{"data":"TheCursedMod:Defend_TheCursed","floor":32,"key":"SMITH"},{"data":"TheCursedMod:Wield","floor":32,"key":"SMITH"},{"data":"TheCursedMod:Strike_TheCursed","floor":32,"key":"SMITH"},{"data":"TheCursedMod:Strike_TheCursed","floor":32,"key":"SMITH"},{"data":"TheCursedMod:Strike_TheCursed","floor":32,"key":"SMITH"},{"data":"TheCursedMod:Strike_TheCursed","floor":32,"key":"SMITH"},{"data":"TheCursedMod:Strike_TheCursed","floor":32,"key":"SMITH"},{"data":"TheCursedMod:Strike_TheCursed","floor":32,"key":"SMITH"},{"data":"TheCursedMod:Strike_TheCursed","floor":32,"key":"SMITH"},{"data":"TheCursedMod:Strike_TheCursed","floor":32,"key":"SMITH"},{"data":"TheCursedMod:Strike_TheCursed","floor":32,"key":"SMITH"},{"data":"TheCursedMod:Strike_TheCursed","floor":32,"key":"SMITH"},{"data":"TheCursedMod:Strike_TheCursed","floor":32,"key":"SMITH"},{"data":"TheCursedMod:Defend_TheCursed","floor":32,"key":"SMITH"},{"data":"TheCursedMod:Defend_TheCursed","floor":32,"key":"SMITH"},{"data":"TheCursedMod:Defend_TheCursed","floor":32,"key":"SMITH"},{"data":"TheCursedMod:Defend_TheCursed","floor":32,"key":"SMITH"},{"data":"TheCursedMod:Defend_TheCursed","floor":32,"key":"SMITH"},{"data":"TheCursedMod:Defend_TheCursed","floor":32,"key":"SMITH"},{"data":"TheCursedMod:Defend_TheCursed","floor":32,"key":"SMITH"},{"data":"TheCursedMod:Defend_TheCursed","floor":32,"key":"SMITH"},{"data":"TheCursedMod:Defend_TheCursed","floor":32,"key":"SMITH"},{"data":"TheCursedMod:Defend_TheCursed","floor":32,"key":"SMITH"},{"data":"TheCursedMod:Defend_TheCursed","floor":32,"key":"SMITH"},{"data":"TheCursedMod:Defend_TheCursed","floor":32,"key":"PURGE"},{"floor":32,"key":"REST"},{"data":"TheCursedMod:CursedRelics","floor":41,"key":"SMITH"},{"data":"ReplayTheSpireMod:Black Plague","floor":41,"key":"SMITH"},{"data":"TheCursedMod:CursedBlade","floor":41,"key":"SMITH"},{"data":"TheCursedMod:CircleOfAbyss","floor":41,"key":"SMITH"},{"data":"Mind Blast","floor":41,"key":"SMITH"},{"data":"TheCursedMod:CursedSpellbook","floor":41,"key":"SMITH"},{"data":"TheCursedMod:StingEye","floor":41,"key":"SMITH"},{"data":"TheCursedMod:CursedAmulet","floor":41,"key":"SMITH"},{"floor":41,"key":"REST"},{"data":"TheCursedMod:WearCloak","floor":49,"key":"SMITH"},{"data":"ReplayTheSpireMod:Echoes of Time","floor":49,"key":"SMITH"},{"data":"TheCursedMod:Defend_TheCursed","floor":49,"key":"SMITH"},{"data":"TheCursedMod:Defend_TheCursed","floor":49,"key":"SMITH"},{"data":"TheCursedMod:Defend_TheCursed","floor":49,"key":"SMITH"},{"data":"TheCursedMod:Defend_TheCursed","floor":49,"key":"SMITH"},{"data":"TheCursedMod:Defend_TheCursed","floor":49,"key":"SMITH"},{"data":"TheCursedMod:Defend_TheCursed","floor":49,"key":"SMITH"},{"data":"TheCursedMod:Strike_TheCursed","floor":49,"key":"SMITH"},{"data":"TheCursedMod:Strike_TheCursed","floor":49,"key":"SMITH"},{"data":"TheCursedMod:Strike_TheCursed","floor":49,"key":"SMITH"},{"data":"TheCursedMod:Strike_TheCursed","floor":49,"key":"SMITH"},{"data":"TheCursedMod:Strike_TheCursed","floor":49,"key":"SMITH"},{"data":"TheCursedMod:Strike_TheCursed","floor":49,"key":"SMITH"},{"floor":49,"key":"REST"},{"data":"TheCursedMod:DemonSword","floor":58,"key":"SMITH"},{"data":"TheCursedMod:CursedSpellbook","floor":58,"key":"SMITH"},{"data":"TheCursedMod:CursedShiv","floor":58,"key":"SMITH"},{"data":"TheCursedMod:CursedBlade","floor":58,"key":"SMITH"},{"data":"TheCursedMod:SmokeScreen","floor":58,"key":"SMITH"},{"floor":58,"key":"REST"},{"data":"TheCursedMod:Strike_TheCursed","floor":61,"key":"SMITH"},{"data":"TheCursedMod:Defend_TheCursed","floor":61,"key":"SMITH"},{"data":"TheCursedMod:Defend_TheCursed","floor":61,"key":"SMITH"},{"data":"TheCursedMod:Strike_TheCursed","floor":61,"key":"SMITH"},{"floor":61,"key":"REST"}],"circlet_count":0,"master_deck":["hermit:RoundhouseKick+1","TheCursedMod:Strike_TheCursed","TheCursedMod:Strike_TheCursed+11","TheCursedMod:Defend_TheCursed","TheCursedMod:Defend_TheCursed","TheCursedMod:ReleasedKnowledge+1","TheCursedMod:Stretching+1","TheCursedMod:CircleOfFlame+1","TheCursedMod:DemonSword+1","TheCursedMod:AbyssShockwave+1","TheCursedMod:CursedBlade+1","TheCursedMod:CircleOfCorruption+1","TheCursedMod:SpitefulPray+1","TheCursedMod:FleshFromBone+1","TheCursedMod:WearCloak+1","TheCursedMod:CircleOfAbyss+1","TheCursedMod:CircleOfAbyss+1","TheCursedMod:CollectTribute+1","TheCursedMod:SurpriseAttack+1","conspire:SpireCoStock+1","TheCursedMod:CursedRelics+1","TheCursedMod:CircleOfBlood+1","TheCursedMod:Stretching+1","TheCursedMod:FuryStrike+1","TheCursedMod:Hemoplague+1","TheCursedMod:Wield+1","TheCursedMod:CursedSpellbook+1","TheCursedMod:CursedRelics+1","TheCursedMod:CircleOfFlame+1","TheCursedMod:StingEye+1","ReplayTheSpireMod:Black Plague+1","TheCursedMod:CursedBlade+1","TheCursedMod:CircleOfAbyss+1","Mind Blast+1","TheCursedMod:CursedSpellbook+1","TheCursedMod:StingEye+1","TheCursedMod:CursedAmulet+1","TheCursedMod:EmpowerCircles+1","TheCursedMod:WearCloak+1","TheCursedMod:CursedBoomerang+1","ReplayTheSpireMod:Echoes of Time+1","TheCursedMod:HellfireBreathing+1","TheCursedMod:DemonSword+1","TheCursedMod:CursedSpellbook+1","TheCursedMod:CursedShiv+1","TheCursedMod:CursedBlade+1","TheCursedMod:SmokeScreen+1","TheCursedMod:LuckyCharm+1","TheCursedMod:Mangle"],"relics":["TheCursedMod:BlackMagicAdvanced","Peace Pipe","Ginger","Turnip","Unceasing Top","Omamori","Ice Cream","The Courier","Medical Kit","WingedGreaves","DaveBox","ImprovedEquipment","SynthV:TestCard","Replay:Bottled Snecko","Replay:Bottled Eggs","conspire:GiftBox","Replay:Ancient Bell","Potion Belt","Frozen Egg 2","Replay:Towering Pillar of Hats","Civilization","ThornShield","DianPoetry","Toy Ornithopter","HollowMod:JonisBlessing","hubris:SlimyHat","Question Card","hubris:Icosahedron","Simple Rune","TheCursedMod:FourLeafCloverCharm","infinitespire:Joker Card","hubris:CuriousFeather","MostiFishMod:AdaptiveDefenses","Centennial Puzzle","Thread and Needle","Replay:Bandana","SynthV:C4","Bag of Marbles","Replay:Ringing Soul","infinitespire:PuzzleCube","Replay:Arrowhead"],"acts_visited":["Gensokyo:Gensokyo","TheCity","TheBeyond","Gensokyo:Gensokyo"],"potions_floor_usage":[11,14,16,20,23,29,31,37,37],"damage_taken":[{"damage":11,"enemies":"Gensokyo:Python","floor":1,"turns":3},{"damage":26,"enemies":"Gensokyo:3_Fairies","floor":2,"turns":8},{"damage":2,"enemies":"Gensokyo:2_Kodama","floor":3,"turns":2},{"damage":0,"enemies":"Gensokyo:LivingMonolith","floor":4,"turns":3},{"damage":4,"enemies":"Gensokyo:CorruptedTreant","floor":7,"turns":3},{"damage":0,"enemies":"Gensokyo:2_Rabbits","floor":10,"turns":1},{"damage":14,"enemies":"Gensokyo:Aya","floor":11,"turns":5},{"damage":6,"enemies":"Gensokyo:Kitsune","floor":12,"turns":3},{"damage":0,"enemies":"Gensokyo:VengefulSpirit","floor":13,"turns":2},{"damage":0,"enemies":"Gensokyo:Cirno","floor":14,"turns":5},{"damage":53,"enemies":"Gensokyo:Kokoro","floor":16,"turns":16},{"damage":0,"enemies":"Spheric Guardian","floor":18,"turns":3},{"damage":0,"enemies":"3 Byrds","floor":20,"turns":5},{"damage":15,"enemies":"Snecko","floor":22,"turns":5},{"damage":15,"enemies":"Replay:Snechameleon","floor":23,"turns":4},{"damage":0,"enemies":"conspire:HollyBat","floor":29,"turns":6},{"damage":0,"enemies":"Nightmare","floor":30,"turns":4},{"damage":0,"enemies":"Centurion and Healer","floor":31,"turns":3},{"damage":0,"enemies":"Automaton","floor":33,"turns":3},{"damage":0,"enemies":"Orb Walker","floor":35,"turns":2},{"damage":0,"enemies":"3 Shapes","floor":36,"turns":2},{"damage":0,"enemies":"infinitespire:Three Voidlings","floor":37,"turns":2},{"damage":0,"enemies":"Nightmare_Alpha","floor":37,"turns":6},{"damage":0,"enemies":"Jaw Worm Horde","floor":38,"turns":2},{"damage":0,"enemies":"Nemesis","floor":40,"turns":3},{"damage":0,"enemies":"Writhing Mass","floor":42,"turns":1},{"damage":0,"enemies":"3 Darklings","floor":44,"turns":1},{"damage":0,"enemies":"Sphere and 2 Shapes","floor":46,"turns":2},{"damage":0,"enemies":"Jaw Worm Horde","floor":48,"turns":2},{"damage":0,"enemies":"bossMod:newAwakened","floor":50,"turns":3},{"damage":0,"enemies":"Gensokyo:Gryphon","floor":52,"turns":1},{"damage":0,"enemies":"Gensokyo:2_Kodama","floor":55,"turns":1},{"damage":0,"enemies":"Gensokyo:Python","floor":56,"turns":1},{"damage":0,"enemies":"Gensokyo:Mamizou","floor":57,"turns":1},{"damage":0,"enemies":"Gensokyo:Aya","floor":59,"turns":1},{"damage":0,"enemies":"Gensokyo:Kitsune","floor":62,"turns":1}],"seed_played":"1770282208343942398","potions_obtained":[{"floor":2,"key":"ColorlessPotion"},{"floor":10,"key":"SneckoOil"},{"floor":11,"key":"Energy Potion"},{"floor":12,"key":"SpeedPotion"},{"floor":14,"key":"SteroidPotion"},{"floor":16,"key":"GamblersBrew"},{"floor":18,"key":"Death Potion"},{"floor":22,"key":"ColorlessPotion"},{"floor":29,"key":"Energy Potion"},{"floor":30,"key":"EssenceOfSteel"},{"floor":35,"key":"DistilledChaos"},{"floor":38,"key":"Elixir"}],"is_trial":false,"path_per_floor":["M","M","M","M","?","R","M","?","T","M","E","M","M","E","R","B",null,"M","?","M","?","M","E","R","$","T","?","R","M","NM","M","R","B",null,"M","M","?","M","$","E","R","M","T","M","?","M","AVR","M","R_BF","B",null,"M","?","?","M","M","E","R","E","T","R","M"],"character_chosen":"THE_CURSED","items_purchased":["TheCursedMod:FuryStrike","DianPoetry","Toy Ornithopter","HollowMod:JonisBlessing","hubris:SlimyHat","hubris:CuriousFeather","MostiFishMod:AdaptiveDefenses","Centennial Puzzle","Mind Blast","TheCursedMod:CursedSpellbook","TheCursedMod:StingEye","Thread and Needle","Replay:Bandana"],"campfire_rested":8,"item_purchase_floors":[25,25,25,25,25,39,39,39,39,39,39,39,39],"current_hp_per_floor":[64,38,36,36,36,58,54,75,75,75,61,55,55,55,55,2,75,75,75,75,75,61,56,78,78,78,78,78,78,78,78,91,91,100,100,100,100,100,100,100,159,159,159,159,221,221,224,227,318,321,359,362,322,325,328,331,334,495,498,498,586,589,589],"gold":930,"neow_bonus":"TRANSFORM_CARD","is_daily":false,"chose_seed":false,"campfire_upgraded":80,"win_rate":0.0,"timestamp":1610347937,"path_taken":["M","M","?","M","?","R","M","?","T","M","E","M","M","E","R","BOSS","M","?","M","?","M","E","R","$","T","?","R","M","NM","M","R","BOSS","M","M","?","M","$","E","R","M","T","M","?","M","AVR","M","R_BF","BOSS","M","?","?","M","M","E","R","E","T","R","M"],"items_purchased_type":["Card","Relic","Relic","Relic","Relic","Relic","Relic","Relic","Card","Card","Card","Relic","Relic"],"build_version":"2020-12-22","purchased_purges":0,"victory":false,"max_hp_per_floor":[75,75,75,75,75,75,75,75,75,75,75,75,75,75,75,75,75,75,75,75,75,76,78,78,78,78,78,78,81,85,91,91,100,100,110,123,156,176,176,197,197,219,219,247,247,278,281,318,318,359,359,401,401,404,448,493,539,539,586,586,586,634,634],"card_choices":[{"not_picked":["TheCursedMod:RavingStaff","TheCursedMod:EmpowerCircles"],"picked":"TheCursedMod:AshesToAshes","floor":1},{"not_picked":["TheCursedMod:BlessingInDisguise","TheCursedMod:CursedMace","TheCursedMod:SmokeScreen","TheCursedMod:CircleOfFlame"],"picked":"TheCursedMod:Stretching","floor":2},{"not_picked":["TheCursedMod:Hemoplague","TheCursedMod:FuryStrike","TheCursedMod:Wield","TheCursedMod:CircleOfAmplification"],"picked":"TheCursedMod:CircleOfFlame","floor":3},{"not_picked":["TheCursedMod:RapidMovement","TheCursedMod:VitalStrike","TheCursedMod:CursedAmulet","TheCursedMod:CursedShiv"],"picked":"TheCursedMod:DemonSword","floor":4},{"not_picked":["TheCursedMod:Stigma","TheCursedMod:AshesToAshes","TheCursedMod:Mangle","TheCursedMod:Torture"],"picked":"TheCursedMod:CursedBlade","floor":7},{"not_picked":["TheCursedMod:CursedShiv","TheCursedMod:SaltUponWound","TheCursedMod:ManaBullet","TheCursedMod:SoulReap"],"picked":"TheCursedMod:CircleOfCorruption","floor":10},{"not_picked":["TheCursedMod:WearCloak","TheCursedMod:FleshFromBone","TheCursedMod:CursedRelics","TheCursedMod:RavingStaff"],"picked":"TheCursedMod:SpitefulPray","floor":11},{"not_picked":["TheCursedMod:Mangle","TheCursedMod:FuryStrike","TheCursedMod:CircleOfCorruption","TheCursedMod:Wield"],"picked":"TheCursedMod:FleshFromBone","floor":12},{"not_picked":["TheCursedMod:SaltUponWound","TheCursedMod:ManaBullet","TheCursedMod:FuryStrike","TheCursedMod:Wield"],"picked":"TheCursedMod:WearCloak","floor":13},{"not_picked":["TheCursedMod:WearCloak","TheCursedMod:NeowsMight","TheCursedMod:SpitefulPray","TheCursedMod:Stigma"],"picked":"TheCursedMod:CircleOfAbyss","floor":14},{"not_picked":["TheCursedMod:VoidForm","TheCursedMod:StunningStrike"],"picked":"TheCursedMod:CircleOfAbyss","floor":14},{"not_picked":["TheCursedMod:CursedRelics","TheCursedMod:CircleOfAbyss","TheCursedMod:DemonicPact","TheCursedMod:Neurasthenia"],"picked":"TheCursedMod:CollectTribute","floor":16},{"not_picked":["Languid","Gensokyo:ImpossibleRequest","Normality","Writhe"],"picked":"Gensokyo:AllTheWorldsEvil","floor":17},{"not_picked":["Clumsy","Pain","Normality","conspire:Blindness"],"picked":"hubris:Wrath","floor":17},{"not_picked":["Parasite","Looming Evil","hubris:Compulsion","hubris:Lust"],"picked":"Gensokyo:ImpossibleRequest","floor":17},{"not_picked":["TheCursedMod:CircleOfWindfury","TheCursedMod:OutForBlood+1","TheCursedMod:RavingStaff+1","TheCursedMod:CursedAmulet"],"picked":"TheCursedMod:SurpriseAttack","floor":18},{"not_picked":["TheCursedMod:CircleOfFlame+1","TheCursedMod:AbyssShockwave","TheCursedMod:WearCloak","TheCursedMod:VitalStrike+1"],"picked":"TheCursedMod:CursedRelics","floor":20},{"not_picked":["TheCursedMod:CursedShiv","TheCursedMod:TacticalStrike","TheCursedMod:CircleOfAmplification","TheCursedMod:RavingStaff+1"],"picked":"TheCursedMod:CircleOfBlood+1","floor":22},{"not_picked":["TheCursedMod:RapidMovement","TheCursedMod:CursedAmulet","TheCursedMod:SurpriseAttack","TheCursedMod:CircleOfFocus"],"picked":"TheCursedMod:Stretching","floor":23},{"not_picked":["TheCursedMod:Stretching","TheCursedMod:RapidMovement","TheCursedMod:SurpriseAttack","TheCursedMod:WearCloak","TheCursedMod:Stigma"],"picked":"TheCursedMod:Hemoplague+1","floor":29},{"not_picked":["TheCursedMod:DemonSword","TheCursedMod:SmokeScreen","TheCursedMod:CursedShiv","TheCursedMod:CursedBoomerang","TheCursedMod:Stigma"],"picked":"TheCursedMod:Wield","floor":30},{"not_picked":["TheCursedMod:SpitefulStrike","TheCursedMod:CursedShiv+1","TheCursedMod:SmokeScreen+1","TheCursedMod:Mangle","TheCursedMod:HellsGateOpen+1"],"picked":"TheCursedMod:CursedSpellbook+1","floor":31},{"not_picked":["TheCursedMod:ForbiddenAlchemy","TheCursedMod:Neurasthenia","TheCursedMod:CollectTribute+1","TheCursedMod:OutForBlood+1","TheCursedMod:ManaCirculation+1"],"picked":"TheCursedMod:CursedRelics","floor":33},{"not_picked":["TheCursedMod:FleshFromBone","TheCursedMod:RavingStaff+1","TheCursedMod:SurpriseAttack+1","TheCursedMod:TacticalStrike+1","TheCursedMod:Torture"],"picked":"TheCursedMod:CircleOfFlame+1","floor":35},{"not_picked":["TheCursedMod:SoulReap","TheCursedMod:Stigma+1","TheCursedMod:CircleOfAmplification","TheCursedMod:EmpowerCircles+1","TheCursedMod:SoulCrush"],"picked":"TheCursedMod:StingEye+1","floor":36},{"not_picked":["infinitespire:FinalStrike","infinitespire:Fortify"],"picked":"ReplayTheSpireMod:Black Plague","floor":37},{"not_picked":["TheCursedMod:CircleOfFocus","TheCursedMod:RapidMovement+1","TheCursedMod:Stigma+1","TheCursedMod:TroublousMinions+1","TheCursedMod:SaltUponWound"],"picked":"TheCursedMod:CursedBlade","floor":37},{"not_picked":["TheCursedMod:RapidMovement+1","TheCursedMod:DoubleShield","TheCursedMod:Stigma+1","TheCursedMod:Torture+1","TheCursedMod:SpitefulStrike+1"],"picked":"TheCursedMod:CircleOfAbyss","floor":38},{"not_picked":["TheCursedMod:BloodBarrier+1","TheCursedMod:AshesToAshes","TheCursedMod:RavingStaff+1","TheCursedMod:OutForBlood+1","TheCursedMod:Grudge+1"],"picked":"TheCursedMod:CursedAmulet","floor":40},{"not_picked":["TheCursedMod:AshesToAshes+1","TheCursedMod:SmokeScreen+1","TheCursedMod:Stretching+1","TheCursedMod:CircleOfFocus+1","TheCursedMod:ReleasedKnowledge"],"picked":"TheCursedMod:EmpowerCircles+1","floor":42},{"not_picked":["TheCursedMod:CursedMace+1","TheCursedMod:RavingStaff","TheCursedMod:SaltUponWound","TheCursedMod:SurpriseAttack+1","TheCursedMod:DoubleShield"],"picked":"TheCursedMod:WearCloak","floor":44},{"not_picked":["TheCursedMod:SaltUponWound","TheCursedMod:Wield","TheCursedMod:CursedShiv","TheCursedMod:FuryStrike+1","TheCursedMod:Obscuration+1"],"picked":"TheCursedMod:CursedBoomerang+1","floor":46},{"not_picked":["TheCursedMod:Stretching","TheCursedMod:SurpriseAttack+1","TheCursedMod:CircleOfFlame","TheCursedMod:CursedSpellbook+1","TheCursedMod:CursedStaff+1"],"picked":"TheCursedMod:HellfireBreathing+1","floor":48},{"not_picked":["TheCursedMod:NeowsMight","TheCursedMod:CollectTribute+1","TheCursedMod:ParallelWorld","TheCursedMod:UltimatePain","TheCursedMod:CursedRelics"],"picked":"TheCursedMod:DemonSword","floor":50},{"not_picked":["TheCursedMod:SpitefulPlan+1","TheCursedMod:Obscuration","TheCursedMod:FleshFromBone","TheCursedMod:AshesToAshes","TheCursedMod:VitalStrike"],"picked":"TheCursedMod:CursedSpellbook","floor":52},{"not_picked":["TheCursedMod:FleshFromBone","TheCursedMod:VitalStrike","TheCursedMod:RapidMovement","TheCursedMod:Hemoplague+1","TheCursedMod:CursedAmulet"],"picked":"TheCursedMod:CursedShiv","floor":55},{"not_picked":["TheCursedMod:Wield","TheCursedMod:ShockAndAwe","TheCursedMod:DoubleShield","TheCursedMod:CircleOfFlame","TheCursedMod:RavingStaff"],"picked":"TheCursedMod:CursedBlade","floor":56},{"not_picked":["TheCursedMod:FuryStrike","TheCursedMod:SpitefulPlan+1","TheCursedMod:Wield","TheCursedMod:SpitefulPray","TheCursedMod:ReleasedKnowledge"],"picked":"TheCursedMod:SmokeScreen","floor":57},{"not_picked":["TheCursedMod:Wield","TheCursedMod:AshesToAshes","TheCursedMod:SpitefulPray","TheCursedMod:ShockAndAwe","TheCursedMod:ManaBullet"],"picked":"TheCursedMod:LuckyCharm+1","floor":59},{"not_picked":["TheCursedMod:SpreadPlague","TheCursedMod:AbyssShockwave","TheCursedMod:CursedShiv","TheCursedMod:RapidMovement","TheCursedMod:CursedBlade"],"picked":"TheCursedMod:Mangle","floor":62}],"player_experience":205070,"relics_obtained":[{"floor":1,"key":"SynthV:TestCard"},{"floor":9,"key":"Replay:Bottled Snecko"},{"floor":11,"key":"Replay:Bottled Eggs"},{"floor":14,"key":"conspire:GiftBox"},{"floor":23,"key":"ThornShield"},{"floor":26,"key":"Question Card"},{"floor":30,"key":"Simple Rune"},{"floor":37,"key":"infinitespire:Joker Card"},{"floor":40,"key":"SynthV:C4"},{"floor":43,"key":"Bag of Marbles"},{"floor":57,"key":"infinitespire:PuzzleCube"},{"floor":59,"key":"Replay:Arrowhead"}],"event_choices":[{"damage_healed":0,"gold_gain":0,"player_choice":"Invest 1","damage_taken":0,"max_hp_gain":0,"max_hp_loss":0,"event_name":"conspire:Investor","floor":19,"gold_loss":0},{"damage_healed":0,"gold_gain":0,"player_choice":"Stole Relic","damage_taken":0,"relics_obtained":["Civilization"],"max_hp_gain":0,"max_hp_loss":0,"event_name":"Addict","floor":21,"gold_loss":0,"cards_obtained":["Shame"]},{"damage_healed":62,"gold_gain":0,"player_choice":"Writhe","damage_taken":0,"max_hp_gain":0,"max_hp_loss":0,"event_name":"Winding Halls","floor":45,"gold_loss":0,"cards_obtained":["Writhe"]}],"is_beta":false,"boss_relics":[{"not_picked":["HaiYi:Twilight","SlaversCollar"],"picked":"Replay:Ancient Bell"},{"not_picked":["ReplayTheSpireMod:TigerMarble","Dream Catcher"],"picked":"Potion Belt"},{"not_picked":["hubris:BottledRain","Letter Opener"],"picked":"Frozen Egg 2"},{"not_picked":["infinitespire:Magic Flask","hubris:64BitClover"],"picked":"Replay:Towering Pillar of Hats"},{"not_picked":["Empty Cage","Philosopher\u0027s Stone"],"picked":"TheCursedMod:FourLeafCloverCharm"},{"not_picked":["SynthV:MejaisSoulstealer","Runic Dome"],"picked":"TheCursedMod:BlackMagicAdvanced"}],"items_purged_floors":[],"is_endless":true,"potions_floor_spawned":[2,10,11,12,14,16,18,22,29,30,35,38,50,57,59,62],"killed_by":"Gensokyo:Kitsune","ascension_level":0}}