{"host":"7qoz5gmva6til3yp","time":1610384591,"event":{"mods":["AchievementEnabler","BaseMod","Minty Spire (QoL Compilation)","StSLib","SuperFastMode"],"gold_per_floor":[118,138,199,218,61,61,136,136,136,166,166,17,36,65,65,160,160,178,178,178,189,189,189,189],"floor_reached":23,"playtime":1019,"items_purged":[],"score":243,"play_id":"22ba5bee-2f58-42ca-9b39-922b79999d1e","local_time":"20210112020311","is_ascension_mode":true,"campfire_choices":[{"data":"Predator","floor":6,"key":"SMITH"},{"floor":8,"key":"REST"},{"data":"Adrenaline","floor":11,"key":"SMITH"},{"data":"Dagger Spray","floor":15,"key":"SMITH"}],"circlet_count":0,"master_deck":["Strike_G","Strike_G","Strike_G","Strike_G","Strike_G","Defend_G","Defend_G","Defend_G","Defend_G","Defend_G","Survivor","Neutralize","Adrenaline+1","Predator+1","Dagger Spray+1","Acrobatics","Leg Sweep","Escape Plan","Venomology","PiercingWail+1"],"relics":["Ring of the Snake","Oddly Smooth Stone","Bag of Marbles","Pear","Bag of Preparation","Odd Mushroom","WristBlade","Nunchaku"],"acts_visited":["Exordium","TheCity"],"potions_floor_usage":[16,16,23,23,23,23],"damage_taken":[{"damage":1,"enemies":"Jaw Worm","floor":1,"turns":3},{"damage":1,"enemies":"Small Slimes","floor":2,"turns":4},{"damage":1,"enemies":"2 Louse","floor":4,"turns":2},{"damage":1,"enemies":"Gremlin Nob","floor":10,"turns":3},{"damage":5,"enemies":"Looter","floor":13,"turns":2},{"damage":0,"enemies":"The Mushroom Lair","floor":14,"turns":2},{"damage":13,"enemies":"The Guardian","floor":16,"turns":10},{"damage":18,"enemies":"Shell Parasite","floor":18,"turns":9},{"damage":0,"enemies":"2 Thieves","floor":21,"turns":4},{"damage":72,"enemies":"Gremlin Leader","floor":23,"turns":9}],"seed_played":"-3000757798266298907","potions_obtained":[{"floor":1,"key":"CultistPotion"},{"floor":4,"key":"SkillPotion"},{"floor":14,"key":"Ancient Potion"}],"is_trial":false,"path_per_floor":["M","M","?","M","$","R","?","R","T","E","R","$","M","?","R","B",null,"M","?","?","M","?","E"],"character_chosen":"THE_SILENT","items_purchased":["Oddly Smooth Stone","Bag of Preparation"],"campfire_rested":1,"item_purchase_floors":[5,12],"current_hp_per_floor":[62,61,61,60,60,60,49,70,70,79,79,79,74,74,74,61,75,57,57,57,57,57,0,0],"gold":189,"neow_bonus":"ONE_RANDOM_RARE_CARD","is_daily":false,"chose_seed":false,"campfire_upgraded":3,"win_rate":0.0,"timestamp":1610384591,"path_taken":["M","M","?","M","$","R","?","R","T","E","R","$","M","?","R","BOSS","M","?","?","M","?","E"],"items_purchased_type":["Relic","Relic"],"build_version":"2020-12-22","purchased_purges":0,"victory":false,"max_hp_per_floor":[70,70,70,70,70,70,70,70,70,80,80,80,80,80,80,80,80,80,80,80,80,80,80,80],"card_choices":[{"not_picked":["Infinite Blades","Outmaneuver"],"picked":"Predator","floor":1},{"not_picked":["Deflect","Underhanded Strike","Dash"],"picked":"SKIP","floor":2},{"not_picked":["Underhanded Strike","Masterful Stab"],"picked":"Dagger Spray","floor":4},{"not_picked":["Deadly Poison","Dagger Throw"],"picked":"Acrobatics","floor":10},{"not_picked":["Backflip","Adrenaline"],"picked":"Leg Sweep","floor":13},{"not_picked":["Bane","Sucker Punch"],"picked":"Escape Plan","floor":14},{"not_picked":["Burst","Tools of the Trade"],"picked":"Venomology","floor":16},{"not_picked":["Dodge and Roll+1","Acrobatics"],"picked":"PiercingWail+1","floor":18},{"not_picked":["Caltrops","Dodge and Roll","PiercingWail"],"picked":"SKIP","floor":21}],"player_experience":330366,"relics_obtained":[{"floor":9,"key":"Bag of Marbles"},{"floor":10,"key":"Pear"},{"floor":14,"key":"Odd Mushroom"}],"event_choices":[{"damage_healed":0,"gold_gain":61,"player_choice":"Gained Gold","damage_taken":0,"max_hp_gain":0,"max_hp_loss":0,"event_name":"Golden Wing","floor":3,"gold_loss":0},{"damage_healed":0,"gold_gain":75,"player_choice":"Gather Gold","damage_taken":11,"max_hp_gain":0,"max_hp_loss":0,"event_name":"World of Goop","floor":7,"gold_loss":0},{"damage_healed":0,"gold_gain":0,"player_choice":"Fought Mushrooms","damage_taken":0,"max_hp_gain":0,"max_hp_loss":0,"event_name":"Mushrooms","floor":14,"gold_loss":0},{"damage_healed":0,"gold_gain":0,"player_choice":"Ignored","damage_taken":0,"max_hp_gain":0,"max_hp_loss":0,"event_name":"Ghosts","floor":19,"gold_loss":0},{"damage_healed":0,"gold_gain":0,"player_choice":"Opened","damage_taken":0,"relics_obtained":["Nunchaku"],"max_hp_gain":0,"max_hp_loss":0,"event_name":"The Mausoleum","floor":20,"gold_loss":0},{"damage_healed":0,"gold_gain":0,"player_choice":"Ignored","damage_taken":0,"max_hp_gain":0,"max_hp_loss":0,"event_name":"Vampires","floor":22,"gold_loss":0}],"is_beta":false,"boss_relics":[{"not_picked":["Black Star","Coffee Dripper"],"picked":"WristBlade"}],"items_purged_floors":[],"is_endless":false,"potions_floor_spawned":[1,4,14],"killed_by":"Gremlin Leader","ascension_level":6}}