{"host":"esx1hwjnbftf3eqj","time":1610397923,"event":{"mods":["BaseMod","Colored Map","Minty Spire (QoL Compilation)","StSLib","The Jungle"],"gold_per_floor":[112,124,124,136,155,183,183,211,211,211,228,228,246,256,256,335,335,353,278,289,145,155,155,171,204,229,229,264,281,293,293,293,367,367,378,392,54,69,83,83,108,118,142,177,177,74,74,92,92,92],"floor_reached":51,"playtime":12986,"items_purged":["Strike_R","Strike_R","Strike_R"],"score":1488,"play_id":"55aadced-c693-4cfc-a731-4d3e7b86ce52","local_time":"20210111124523","is_ascension_mode":true,"campfire_choices":[{"data":"Searing Blow","floor":7.0,"key":"SMITH"},{"data":"Searing Blow+1","floor":10.0,"key":"SMITH"},{"data":"Armaments","floor":12.0,"key":"SMITH"},{"data":"Searing Blow+2","floor":15.0,"key":"SMITH"},{"data":"Searing Blow+3","floor":23.0,"key":"SMITH"},{"data":"Searing Blow+4","floor":27.0,"key":"SMITH"},{"data":"Searing Blow+5","floor":32.0,"key":"SMITH"},{"data":"Searing Blow+6","floor":40,"key":"SMITH"},{"data":"Apotheosis","floor":45,"key":"SMITH"},{"data":"Searing Blow+7","floor":47,"key":"SMITH"},{"data":"Searing Blow+8","floor":49,"key":"SMITH"}],"circlet_count":0,"master_deck":["AscendersBane","Strike_R","Defend_R+1","Defend_R","Defend_R","Defend_R+1","Bash","Dual Wield","Shrug It Off","Headbutt","Whirlwind+1","Searing Blow+9","Armaments+1","Metallicize","Metallicize","Offering","Heavy Blade+1","Uppercut","Disarm","Uppercut+1","Double Tap","Rage","Berserk","Apotheosis+1","Brutality","Shrug It Off"],"relics":["Burning Blood","Thread and Needle","Eternal Feather","Vajra","Self Forming Clay","Coffee Dripper","Du-Vu Doll","War Paint","Whetstone","Red Skull","Runic Dome","InkBottle","MealTicket","Juzu Bracelet"],"acts_visited":["Exordium","TheCity","TheBeyond"],"potions_floor_usage":[50,50],"damage_taken":[{"damage":0.0,"enemies":"Cultist","floor":1.0,"turns":4.0},{"damage":0.0,"enemies":"2 Louse","floor":2.0,"turns":3.0},{"damage":3.0,"enemies":"Jaw Worm","floor":4.0,"turns":5.0},{"damage":14.0,"enemies":"Exordium Thugs","floor":5.0,"turns":7.0},{"damage":4.0,"enemies":"Gremlin Nob","floor":6.0,"turns":3.0},{"damage":37.0,"enemies":"Lagavulin","floor":8.0,"turns":8.0},{"damage":2.0,"enemies":"Looter","floor":11.0,"turns":3.0},{"damage":0.0,"enemies":"Large Slime","floor":13.0,"turns":5.0},{"damage":2.0,"enemies":"3 Louse","floor":14.0,"turns":4.0},{"damage":25.0,"enemies":"The Guardian","floor":16.0,"turns":11.0},{"damage":0.0,"enemies":"3 Byrds","floor":18.0,"turns":6.0},{"damage":7.0,"enemies":"2 Thieves","floor":20.0,"turns":5.0},{"damage":3.0,"enemies":"Chosen and Byrds","floor":22.0,"turns":4.0},{"damage":8.0,"enemies":"Cultist and Chosen","floor":24.0,"turns":4.0},{"damage":30.0,"enemies":"Slavers","floor":25.0,"turns":5.0},{"damage":26.0,"enemies":"Gremlin Leader","floor":28.0,"turns":4.0},{"damage":6.0,"enemies":"Centurion and Healer","floor":29.0,"turns":4.0},{"damage":8.0,"enemies":"Sentry and Sphere","floor":30.0,"turns":4.0},{"damage":63,"enemies":"Collector","floor":33,"turns":12},{"damage":19,"enemies":"3 Darklings","floor":35,"turns":4},{"damage":0,"enemies":"Orb Walker","floor":36,"turns":2},{"damage":6,"enemies":"Sphere and 2 Shapes","floor":38,"turns":6},{"damage":23,"enemies":"Spire Growth","floor":39,"turns":5},{"damage":23,"enemies":"Nemesis","floor":41,"turns":5},{"damage":6,"enemies":"Transient","floor":42,"turns":6},{"damage":6,"enemies":"Reptomancer","floor":44,"turns":3},{"damage":3,"enemies":"Sphere and 2 Shapes","floor":48,"turns":7},{"damage":45,"enemies":"Awakened One","floor":50,"turns":6}],"seed_played":"3167584120342660396","potions_obtained":[{"floor":1.0,"key":"Strength Potion"},{"floor":5.0,"key":"SneckoOil"},{"floor":8.0,"key":"ElixirPotion"},{"floor":13.0,"key":"Strength Potion"},{"floor":20.0,"key":"Weak Potion"},{"floor":30.0,"key":"BloodPotion"},{"floor":35,"key":"ColorlessPotion"},{"floor":38,"key":"Block Potion"},{"floor":41,"key":"DuplicationPotion"}],"is_trial":false,"path_per_floor":["M","M","?","M","M","E","R","E","T","R","M","R","M","M","R","B",null,"M","$","M","$","M","R","M","E","T","R","E","M","M","?","R","B",null,"M","M","$","M","M","R","E","M","T","E","R","$","R","M","R","B",null],"character_chosen":"IRONCLAD","items_purchased":["Uppercut","Apotheosis","Shrug It Off","Swift Potion"],"campfire_rested":0,"item_purchase_floors":[21,37,46,46],"current_hp_per_floor":[56,62,62,65,57,59,68,37,37,46,50,59,65,69,75,56,70,75,75,74,74,75,75,73,49,49,61,41,41,54,54,66,9,59,46,52,52,52,35,47,30,30,30,30,45,60,75,75,75,36],"gold":92,"neow_bonus":"ONE_RARE_RELIC","is_daily":false,"chose_seed":false,"campfire_upgraded":11,"win_rate":0.0,"timestamp":1610397923,"path_taken":["M","M","?","M","M","E","R","E","T","R","M","R","M","?","R","BOSS","M","$","M","$","M","R","M","E","T","R","E","M","M","?","R","BOSS","M","M","?","M","M","R","E","?","T","E","R","$","R","M","R","BOSS"],"items_purchased_type":["Card","Card","Card","Potion"],"build_version":"2020-12-22","purchased_purges":3,"victory":true,"max_hp_per_floor":[75,75,75,75,75,75,75,75,75,75,75,75,75,75,75,75,75,75,75,75,75,75,75,75,75,75,75,75,75,75,75,75,75,75,75,75,75,75,75,75,75,75,75,75,75,75,75,75,75,75],"card_choices":[{"not_picked":["Thunderclap","Heavy Blade"],"picked":"Dual Wield","floor":1.0},{"not_picked":["Feel No Pain","Body Slam"],"picked":"Shrug It Off","floor":2.0},{"not_picked":["Thunderclap","Anger"],"picked":"Headbutt","floor":4.0},{"not_picked":["Perfected Strike","Flex"],"picked":"Whirlwind","floor":5.0},{"not_picked":["Anger","Twin Strike"],"picked":"Searing Blow","floor":6.0},{"not_picked":["Dual Wield","Reckless Charge","Spot Weakness"],"picked":"SKIP","floor":8.0},{"not_picked":["Combust","Cleave"],"picked":"Armaments","floor":11.0},{"not_picked":["Fiend Fire","Body Slam"],"picked":"Metallicize","floor":13.0},{"not_picked":["Twin Strike","Armaments"],"picked":"Metallicize","floor":14.0},{"not_picked":["Juggernaut","Immolate"],"picked":"Offering","floor":16.0},{"not_picked":["Pommel Strike","Searing Blow","True Grit+1"],"picked":"SKIP","floor":18.0},{"not_picked":["Searing Blow","Twin Strike"],"picked":"Heavy Blade+1","floor":20.0},{"not_picked":["Sever Soul","True Grit","Anger"],"picked":"SKIP","floor":22.0},{"not_picked":["Flex","Rupture"],"picked":"Disarm","floor":24.0},{"not_picked":["Rage","Seeing Red"],"picked":"Uppercut","floor":25.0},{"not_picked":["Whirlwind","Sentinel","Cleave"],"picked":"SKIP","floor":28.0},{"not_picked":["Armaments","Shrug It Off"],"picked":"Double Tap","floor":29.0},{"not_picked":["Iron Wave+1","Uppercut"],"picked":"Rage","floor":30.0},{"not_picked":["Feed","Double Tap"],"picked":"Berserk","floor":33},{"not_picked":["Flex","Rage","Searing Blow"],"picked":"SKIP","floor":35},{"not_picked":["Pummel","Anger+1","Heavy Blade"],"picked":"SKIP","floor":36},{"not_picked":["Heavy Blade","Warcry","Fire Breathing+1"],"picked":"SKIP","floor":38},{"not_picked":["Burning Pact+1","Searing Blow+1","True Grit"],"picked":"SKIP","floor":39},{"not_picked":["Dropkick","Havoc+1","Searing Blow"],"picked":"SKIP","floor":41},{"not_picked":["Warcry","Pommel Strike","Armaments+1"],"picked":"SKIP","floor":42},{"not_picked":["Combust","Clothesline+1"],"picked":"Brutality","floor":44},{"not_picked":["Armaments+1","Iron Wave","Heavy Blade"],"picked":"SKIP","floor":48}],"player_experience":692306,"relics_obtained":[{"floor":6.0,"key":"Eternal Feather"},{"floor":8.0,"key":"Vajra"},{"floor":9.0,"key":"Self Forming Clay"},{"floor":25.0,"key":"Du-Vu Doll"},{"floor":26.0,"key":"War Paint"},{"floor":28.0,"key":"Whetstone"},{"floor":41,"key":"InkBottle"},{"floor":43,"key":"MealTicket"},{"floor":44,"key":"Juzu Bracelet"}],"event_choices":[{"cards_removed":["Strike_R"],"damage_healed":0.0,"max_hp_gain":0.0,"max_hp_loss":0.0,"gold_gain":0.0,"event_name":"Purifier","player_choice":"Purged","floor":3.0,"gold_loss":0.0,"damage_taken":0.0},{"damage_healed":0.0,"max_hp_gain":0.0,"max_hp_loss":0.0,"gold_gain":0.0,"event_name":"WeMeetAgain","player_choice":"Gave Potion","floor":31.0,"gold_loss":0.0,"damage_taken":0.0,"relics_obtained":["Red Skull"]}],"is_beta":false,"boss_relics":[{"not_picked":["Cursed Key","Black Star"],"picked":"Coffee Dripper"},{"not_picked":["Black Blood","SacredBark"],"picked":"Runic Dome"}],"items_purged_floors":[19,21,37],"is_endless":false,"potions_floor_spawned":[1,5,8,13,20,28,29,30,35,38,41,48],"ascension_level":19}}