{"host":"6749gst1gzuv21qf","time":1610324759,"event":{"mods":["Aspiration","BaseMod","Better Altar","Better Match","Better Note","Better Sensory Stone","Better Skull","Better Third Choice","BetterRewards","Colored Map","Colored Powertips","Downfall","Highlight Path","Minty Spire (QoL Compilation)","Permanent Neow","Replay The Spire","Shop Mod","Spicy Shops","StSLib","The Cursed"],"gold_per_floor":[349,359,374,386,400,400,400,400,417,434,449,475,475,486,502,502,502,502],"floor_reached":16,"playtime":1236,"items_purged":[],"score":108,"play_id":"6275ed11-d9fb-4657-bb73-ae1b1c77b0e1","local_time":"20210110192559","is_ascension_mode":false,"campfire_choices":[{"floor":1,"key":"RECALL"},{"data":"champ:Taunt","floor":6,"key":"SMITH"}],"circlet_count":0,"master_deck":["champ:Strike","champ:Strike","champ:Strike","champ:Defend","champ:Defend","champ:Defend","champ:Defend","champ:Execute","champ:Taunt+1","ReplayTheSpireMod:Doomed","champ:Balance","champ:FocusedDefense","champ:TornadoPunch","champ:GutPunch","champ:LastStand","champ:AdrenalArmor","champ:SkillfulDodge","champ:Improvising","champ:Haymaker"],"relics":["champ:ChampionCrown","Ice Cream","aspiration:Lifesprig"],"acts_visited":["Exordium"],"potions_floor_usage":[12],"damage_taken":[{"damage":3,"enemies":"2 Louse","floor":2,"turns":3},{"damage":6,"enemies":"Cultist","floor":3,"turns":4},{"damage":1,"enemies":"Small Slimes","floor":4,"turns":3},{"damage":13,"enemies":"2 Fungi Beasts","floor":5,"turns":4},{"damage":5,"enemies":"3 Louse","floor":9,"turns":2},{"damage":9,"enemies":"Exordium Wildlife","floor":10,"turns":4},{"damage":15,"enemies":"2 Fungi Beasts","floor":11,"turns":3},{"damage":37,"enemies":"Gremlin Nob","floor":12,"turns":5},{"damage":14,"enemies":"Large Slime","floor":14,"turns":8},{"damage":7,"enemies":"2 Fungi Beasts","floor":15,"turns":4},{"damage":24,"enemies":"downfall:Defect","floor":16,"turns":3}],"seed_played":"2354515650959524847","potions_obtained":[{"floor":4,"key":"LiquidBronze"},{"floor":9,"key":"SkillPotion"},{"floor":11,"key":"Venom Potion"},{"floor":14,"key":"BlessingOfTheForge"}],"is_trial":false,"path_per_floor":["R_BF","M","M","M","M","R","T","?","M","M","M","E","?","M","M","B"],"character_chosen":"THE_CHAMP","items_purchased":[],"campfire_rested":0,"item_purchase_floors":[],"current_hp_per_floor":[90,90,89,88,75,75,75,75,75,71,63,38,38,24,19,0,0,0],"gold":502,"neow_bonus":"TWO_FIFTY_GOLD","is_daily":false,"chose_seed":false,"campfire_upgraded":1,"win_rate":0.0,"timestamp":1610324759,"path_taken":["R_BF","M","M","M","M","R","T","?","M","?","M","E","?","M","M","BOSS"],"items_purchased_type":[],"build_version":"2020-12-22","purchased_purges":0,"victory":false,"max_hp_per_floor":[90,90,90,90,90,90,90,90,90,90,90,90,90,90,90,90,90,90],"card_choices":[{"not_picked":["champ:TornadoPunch","champ:GutPunch"],"picked":"champ:Balance","floor":2},{"not_picked":["champ:FlashCut","champ:TornadoPunch"],"picked":"champ:FocusedDefense","floor":3},{"not_picked":["champ:GutPunch","champ:FanOfKnives"],"picked":"champ:TornadoPunch","floor":4},{"not_picked":["champ:BerserkersShout","champ:FaceSlap"],"picked":"champ:GutPunch","floor":5},{"not_picked":["champ:GladiatorsShout","champ:Duel"],"picked":"champ:AdrenalArmor","floor":9},{"not_picked":["champ:FightOn","champ:Lariat"],"picked":"champ:SkillfulDodge","floor":10},{"not_picked":["champ:Duel","champ:FocusedBerserking"],"picked":"champ:Improvising","floor":11},{"not_picked":["champ:FlashCut","champ:GladiatorsShout"],"picked":"champ:Haymaker","floor":12},{"not_picked":["champ:GladiatorsShout","champ:TornadoPunch","champ:Haymaker"],"picked":"SKIP","floor":14},{"not_picked":["champ:Improvising","champ:GutPunch","champ:TornadoPunch"],"picked":"SKIP","floor":15}],"player_experience":650610,"relics_obtained":[{"floor":7,"key":"Ice Cream"},{"floor":12,"key":"aspiration:Lifesprig"}],"event_choices":[{"damage_healed":0,"gold_gain":0,"cards_transformed":["champ:Strike"],"player_choice":"Transformed","damage_taken":0,"max_hp_gain":0,"max_hp_loss":0,"event_name":"Transmorgrifier","floor":8,"gold_loss":0,"cards_obtained":["champ:LastStand"]}],"is_beta":false,"boss_relics":[],"items_purged_floors":[],"is_endless":false,"potions_floor_spawned":[4,9,11,14],"killed_by":"downfall:Defect","ascension_level":0}}