{"host":"1c17lcvl7acx821p","time":1610369407,"event":{"mods":["AchievementEnabler","BaseMod","Colored Map","Minty Spire (QoL Compilation)","StSLib"],"gold_per_floor":[109,184,68,68,133,174,21,41,41,59,59,59,97,115,115,244,244,265,265,265,289,289,289],"floor_reached":22,"playtime":939,"items_purged":[],"score":303,"play_id":"051d5fda-e121-4348-ae2b-584b3098a016","local_time":"20210111145007","is_ascension_mode":true,"campfire_choices":[{"data":"Barricade","floor":12.0,"key":"SMITH"},{"floor":15.0,"key":"REST"}],"circlet_count":0,"master_deck":["Strike_R","Strike_R","Strike_R","Strike_R","Defend_R","Defend_R","Defend_R","Defend_R","Bash","Warcry","Feel No Pain","Sever Soul","Thunderclap","Conserve Battery","Dagger Throw","Barricade+1","Spot Weakness","CutThroughFate","After Image","Hologram+1","Ghostly","Ghostly","Ghostly","Ghostly","Ghostly","Protect"],"relics":["Burning Blood","Golden Idol","Ornamental Fan","PrismaticShard","Eternal Feather","PreservedInsect","SlaversCollar","MutagenicStrength"],"acts_visited":["Exordium","TheCity"],"potions_floor_usage":[],"damage_taken":[{"damage":6.0,"enemies":"Cultist","floor":1.0,"turns":4.0},{"damage":20.0,"enemies":"Gremlin Nob","floor":6.0,"turns":4.0},{"damage":10.0,"enemies":"Small Slimes","floor":8.0,"turns":4.0},{"damage":8.0,"enemies":"2 Louse","floor":10.0,"turns":3.0},{"damage":35.0,"enemies":"Lagavulin","floor":13.0,"turns":10.0},{"damage":0.0,"enemies":"Large Slime","floor":14.0,"turns":4.0},{"damage":43.0,"enemies":"Hexaghost","floor":16.0,"turns":11.0},{"damage":38,"enemies":"3 Byrds","floor":18,"turns":10},{"damage":15,"enemies":"Spheric Guardian","floor":21,"turns":11},{"damage":33,"enemies":"Chosen and Byrds","floor":22,"turns":8}],"seed_played":"3529292784819381592","potions_obtained":[{"floor":6.0,"key":"BlessingOfTheForge"},{"floor":13.0,"key":"CultistPotion"},{"floor":21,"key":"SpeedPotion"}],"is_trial":false,"path_per_floor":["M","?","$","?","?","E","$","M","T","M","?","R","E","M","R","B",null,"M","?","?","M","M"],"character_chosen":"IRONCLAD","items_purchased":["Feel No Pain","Sever Soul","PrismaticShard"],"campfire_rested":1,"item_purchase_floors":[3,3,7],"current_hp_per_floor":[72,61,61,61,61,47,47,43,43,41,41,50,21,27,58,21,61,29,29,29,20,0,0],"gold":289,"neow_bonus":"TRANSFORM_CARD","is_daily":false,"chose_seed":false,"campfire_upgraded":1,"win_rate":0.0,"timestamp":1610369407,"path_taken":["M","?","$","?","?","E","$","M","T","M","?","R","E","M","R","BOSS","M","?","?","M","M"],"items_purchased_type":["Card","Card","Relic"],"build_version":"2020-12-22","purchased_purges":0,"victory":false,"max_hp_per_floor":[80,80,80,74,74,74,74,74,74,74,74,74,74,74,74,74,74,74,37,37,37,37,37],"card_choices":[{"not_picked":["Anger","Perfected Strike"],"picked":"Havoc","floor":1.0},{"not_picked":["Wild Strike","Bludgeon"],"picked":"Thunderclap","floor":6.0},{"not_picked":["Bane","Footwork"],"picked":"Conserve Battery","floor":8.0},{"not_picked":["Carnage","WaveOfTheHand"],"picked":"Dagger Throw","floor":10.0},{"not_picked":["Streamline","Infernal Blade"],"picked":"Spot Weakness","floor":13.0},{"not_picked":["Rage","CrushJoints"],"picked":"CutThroughFate","floor":14.0},{"not_picked":["Unload","Thunder Strike"],"picked":"After Image","floor":16.0},{"not_picked":["Deflect","Dagger Throw"],"picked":"Hologram+1","floor":18},{"not_picked":["Evaluate","CrushJoints+1"],"picked":"Protect","floor":21}],"player_experience":38390,"relics_obtained":[{"floor":6.0,"key":"Ornamental Fan"},{"floor":9.0,"key":"Eternal Feather"},{"floor":13.0,"key":"PreservedInsect"}],"event_choices":[{"damage_healed":0.0,"max_hp_gain":0.0,"max_hp_loss":0.0,"gold_gain":75.0,"event_name":"World of Goop","player_choice":"Gather Gold","floor":2.0,"gold_loss":0.0,"damage_taken":11.0},{"damage_healed":0.0,"max_hp_gain":0.0,"max_hp_loss":6.0,"gold_gain":0.0,"event_name":"Golden Idol","player_choice":"Lose Max HP","floor":4.0,"gold_loss":0.0,"damage_taken":0.0,"relics_obtained":["Golden Idol"]},{"damage_healed":0.0,"max_hp_gain":0.0,"max_hp_loss":0.0,"gold_gain":65.0,"event_name":"Golden Wing","player_choice":"Gained Gold","floor":5.0,"gold_loss":0.0,"damage_taken":0.0},{"damage_healed":0.0,"max_hp_gain":0.0,"max_hp_loss":0.0,"gold_gain":0.0,"cards_transformed":["Havoc"],"event_name":"Transmorgrifier","player_choice":"Transformed","floor":11.0,"gold_loss":0.0,"damage_taken":0.0,"cards_obtained":["Barricade"]},{"damage_healed":0,"gold_gain":0,"player_choice":"Became a Ghost","damage_taken":0,"max_hp_gain":0,"max_hp_loss":37,"event_name":"Ghosts","floor":19,"gold_loss":0,"cards_obtained":["Ghostly","Ghostly","Ghostly","Ghostly","Ghostly"]},{"damage_healed":0,"gold_gain":0,"player_choice":"Inject Mutagens","damage_taken":0,"relics_obtained":["MutagenicStrength"],"max_hp_gain":0,"max_hp_loss":0,"event_name":"Drug Dealer","floor":20,"gold_loss":0}],"is_beta":false,"boss_relics":[{"not_picked":["Tiny House","Mark of Pain"],"picked":"SlaversCollar"}],"items_purged_floors":[],"is_endless":false,"potions_floor_spawned":[6,13,21],"killed_by":"Chosen and Byrds","ascension_level":9}}