{"host":"jut1dta95hmxx5jm","time":1610351191,"event":{"mods":["AchievementEnabler","BaseMod","BetterRewards","Colored Map","Colored Powertips","Minty Spire (QoL Compilation)","Quick Restart","StSLib","The Cursed"],"gold_per_floor":[116,116,3,14,14,41,41,56,56,69,69,49,68,84,84,188,188,203,203,237,237,237,237,271,271,271,271,271,271],"floor_reached":28,"playtime":1295,"items_purged":[],"score":309,"play_id":"12cff348-c6da-4483-938a-74917d0a3d81","local_time":"20210111014631","is_ascension_mode":false,"campfire_choices":[{"data":"Dramatic Entrance","floor":7,"key":"SMITH"},{"data":"WreathOfFlame","floor":11,"key":"SMITH"},{"data":"ForeignInfluence","floor":15,"key":"SMITH"},{"data":"Omniscience","floor":23,"key":"SMITH"},{"data":"Consecrate","floor":25,"key":"SMITH"},{"data":"Eruption","floor":27,"key":"SMITH"}],"circlet_count":0,"master_deck":["Strike_P","Strike_P","Strike_P","Strike_P","Defend_P","Defend_P","Defend_P","Defend_P","Eruption+1","Vigilance","FollowUp","Dramatic Entrance+1","Consecrate+1","ForeignInfluence+1","WreathOfFlame+1","WindmillStrike+1","BowlingBash+1","Omniscience+1","Clumsy","Conclude+1","EmptyBody+1","Crescendo+1","EmptyFist+1","Writhe","InnerPeace"],"relics":["PureWater","NeowsBlessing","WarpedTongs","Mango","Molten Egg 2","Astrolabe","Red Mask","Boot","Calipers","Smiling Mask","Mercury Hourglass"],"acts_visited":["Exordium","TheCity"],"potions_floor_usage":[13,16,16,18,20,24],"damage_taken":[{"damage":0,"enemies":"Jaw Worm","floor":1,"turns":1},{"damage":0,"enemies":"2 Louse","floor":4,"turns":1},{"damage":0,"enemies":"Gremlin Nob","floor":6,"turns":1},{"damage":3,"enemies":"Cultist","floor":8,"turns":2},{"damage":14,"enemies":"Large Slime","floor":10,"turns":4},{"damage":0,"enemies":"Red Slaver","floor":13,"turns":1},{"damage":21,"enemies":"Looter","floor":14,"turns":2},{"damage":1,"enemies":"Slime Boss","floor":16,"turns":1},{"damage":20,"enemies":"Chosen","floor":18,"turns":2},{"damage":0,"enemies":"Masked Bandits","floor":20,"turns":1},{"damage":63,"enemies":"Book of Stabbing","floor":24,"turns":6},{"damage":15,"enemies":"Shell Parasite","floor":28,"turns":1}],"seed_played":"-3650510744144545853","potions_obtained":[{"floor":4,"key":"Energy Potion"},{"floor":10,"key":"LiquidMemories"},{"floor":12,"key":"Swift Potion"},{"floor":13,"key":"Strength Potion"},{"floor":18,"key":"Regen Potion"},{"floor":20,"key":"SkillPotion"}],"is_trial":false,"path_per_floor":["M","?","$","M","?","E","R","M","T","M","R","?","M","M","R","B",null,"M","?","?","?","T","R","E","R","T","R","M"],"character_chosen":"WATCHER","items_purchased":["Dramatic Entrance","PathToVictory"],"campfire_rested":0,"item_purchase_floors":[3,3],"current_hp_per_floor":[72,72,72,72,72,86,86,83,83,69,69,69,69,48,48,47,86,66,66,66,66,66,66,3,3,3,3,0,0],"gold":271,"neow_bonus":"THREE_ENEMY_KILL","is_daily":false,"chose_seed":false,"campfire_upgraded":6,"win_rate":0.0,"timestamp":1610351191,"path_taken":["M","?","$","M","?","E","R","M","T","?","R","?","?","M","R","BOSS","M","?","?","?","?","R","E","R","T","R","M"],"items_purchased_type":["Card","Card"],"build_version":"2020-12-22","purchased_purges":0,"victory":false,"max_hp_per_floor":[72,72,72,72,72,86,86,86,86,86,86,86,86,86,86,86,86,86,86,86,86,86,86,86,86,86,86,86,86],"card_choices":[{"not_picked":["Collect","SignatureMove"],"picked":"FollowUp","floor":1},{"not_picked":["Evaluate","Vengeance"],"picked":"Conclude","floor":4},{"not_picked":["SashWhip","JustLucky"],"picked":"Consecrate","floor":6},{"not_picked":["Prostrate","Consecrate"],"picked":"ForeignInfluence","floor":8},{"not_picked":["Study","FlyingSleeves+1"],"picked":"WreathOfFlame","floor":10},{"not_picked":["EmptyFist+1","ClearTheMind"],"picked":"WindmillStrike+1","floor":13},{"not_picked":["Establishment","ClearTheMind"],"picked":"BowlingBash+1","floor":14},{"not_picked":["Devotion","DevaForm"],"picked":"Omniscience","floor":16},{"not_picked":["JustLucky+1","Halt"],"picked":"Crescendo+1","floor":18},{"not_picked":["EmptyBody+1","Prostrate"],"picked":"EmptyFist+1","floor":20},{"not_picked":["Fasting2","FlyingSleeves+1"],"picked":"InnerPeace","floor":24}],"player_experience":327747,"relics_obtained":[{"floor":6,"key":"Mango"},{"floor":9,"key":"Molten Egg 2"},{"floor":20,"key":"Red Mask"},{"floor":22,"key":"Calipers"},{"floor":24,"key":"Smiling Mask"},{"floor":26,"key":"Mercury Hourglass"}],"event_choices":[{"damage_healed":0,"gold_gain":0,"player_choice":"Ignored","damage_taken":0,"max_hp_gain":0,"max_hp_loss":0,"event_name":"Liars Game","floor":2,"gold_loss":0},{"damage_healed":0,"gold_gain":0,"player_choice":"Rummage","damage_taken":0,"relics_obtained":["WarpedTongs"],"max_hp_gain":0,"max_hp_loss":0,"event_name":"Accursed Blacksmith","floor":5,"gold_loss":0,"cards_obtained":["Pain"]},{"damage_healed":0,"gold_gain":0,"player_choice":"Bought 1 Potion","damage_taken":0,"max_hp_gain":0,"max_hp_loss":0,"event_name":"The Woman in Blue","floor":12,"gold_loss":0},{"damage_healed":0,"gold_gain":0,"player_choice":"Ignored","damage_taken":0,"max_hp_gain":0,"max_hp_loss":0,"event_name":"Ghosts","floor":19,"gold_loss":0},{"damage_healed":0,"gold_gain":0,"player_choice":"Fought Bandits","damage_taken":0,"max_hp_gain":0,"max_hp_loss":0,"event_name":"Masked Bandits","floor":20,"gold_loss":0},{"damage_healed":0,"gold_gain":0,"player_choice":"Opened","damage_taken":0,"relics_obtained":["Boot"],"max_hp_gain":0,"max_hp_loss":0,"event_name":"The Mausoleum","floor":21,"gold_loss":0,"cards_obtained":["Writhe"]}],"is_beta":false,"boss_relics":[{"not_picked":["Busted Crown","Pandora\u0027s Box"],"picked":"Astrolabe"}],"items_purged_floors":[],"is_endless":false,"potions_floor_spawned":[4,10,13,18,20],"killed_by":"Shell Parasite","ascension_level":0}}