{"host":"etdvqcaukayomjhd","time":1610353871,"event":{"mods":["AchievementEnabler","Act Like it!","BaseMod","BetterRewards","Colored Powertips","Hermit","Infinite Spire","Minty Spire (QoL Compilation)","Quick Restart","Replay The Spire","Spicy Shops","StSLib","The Animator","Waifu the Spire"],"gold_per_floor":[109,127,92,59,134,167,191,219,288,288,320,333,360,360,360],"floor_reached":14,"playtime":900,"items_purged":[],"score":164,"play_id":"13c397bc-dab1-4839-84fe-34b66863a2f7","local_time":"20210111093111","is_ascension_mode":true,"campfire_choices":[{"data":"Ragnarok","floor":10.0,"key":"SMITH"}],"circlet_count":0,"master_deck":["Strike_P","Strike_P","Strike_P","Strike_P","Defend_P","Defend_P","Defend_P","Defend_P","Eruption","Vigilance","Ragnarok+1","FollowUp","Crescendo","Conclude","Indignation","Perseverance","FearNoEvil","Wish"],"relics":["PureWater","Damaru","Bronze Scales","Replay:Purple Gloves","Replay:PocketPolymizer","Durian","infinitespire:WardingShard","Ancient Tea Set","ReplayTheSpireMod:TigerMarble"],"acts_visited":["Exordium"],"potions_floor_usage":[14],"damage_taken":[{"damage":0.0,"enemies":"infinitespire:Voidling","floor":1.0,"turns":3.0},{"damage":1.0,"enemies":"Jaw Worm","floor":2.0,"turns":3.0},{"damage":6.0,"enemies":"Gremlin Nob","floor":6.0,"turns":3.0},{"damage":0.0,"enemies":"Lagavulin","floor":8.0,"turns":3.0},{"damage":0.0,"enemies":"3 Sentries","floor":11.0,"turns":3.0},{"damage":0.0,"enemies":"Cultist","floor":12.0,"turns":2.0},{"damage":47,"enemies":"Nightmare","floor":14,"turns":10}],"seed_played":"-4841820006315971686","potions_obtained":[{"floor":2.0,"key":"Fire Potion"},{"floor":8.0,"key":"Reflective Coating"}],"is_trial":false,"path_per_floor":["M","M","?","$","?","E","T","E","T","R","E","M","T","NM"],"character_chosen":"WATCHER","items_purchased":["Damaru","Bronze Scales","Ragnarok","Replay:Purple Gloves","Conclude"],"campfire_rested":0,"item_purchase_floors":[0,0,0,0,4],"current_hp_per_floor":[40,39,57,57,46,40,40,45,45,45,45,45,45,0,0],"gold":360,"neow_bonus":"","is_daily":false,"chose_seed":false,"campfire_upgraded":1,"win_rate":0.0,"timestamp":1610353871,"path_taken":["M","?","?","?","?","E","?","E","T","R","E","?","?","NM"],"items_purchased_type":["Relic","Relic","Card","Relic","Card"],"build_version":"2020-12-22","purchased_purges":0,"victory":false,"max_hp_per_floor":[72,72,72,72,72,72,72,77,77,77,77,77,77,77,77],"card_choices":[{"not_picked":["BattleHymn","Evaluate"],"picked":"FollowUp","floor":1.0},{"not_picked":["CutThroughFate","ForeignInfluence"],"picked":"Crescendo","floor":2.0},{"not_picked":["Consecrate","Tantrum"],"picked":"Indignation","floor":6.0},{"not_picked":["FlyingSleeves","ThirdEye"],"picked":"Evaluate","floor":8.0},{"not_picked":["SashWhip","Tantrum"],"picked":"FearNoEvil","floor":11.0},{"not_picked":["Fasting2","CarveReality"],"picked":"Wish","floor":12.0}],"player_experience":351184,"relics_obtained":[{"floor":6.0,"key":"Replay:PocketPolymizer"},{"floor":8.0,"key":"Durian"},{"floor":9.0,"key":"infinitespire:WardingShard"},{"floor":11.0,"key":"Ancient Tea Set"},{"floor":13.0,"key":"ReplayTheSpireMod:TigerMarble"}],"event_choices":[{"damage_healed":18.0,"max_hp_gain":0.0,"max_hp_loss":0.0,"gold_gain":0.0,"event_name":"The Cleric","player_choice":"Healed","floor":3.0,"gold_loss":35.0,"damage_taken":0.0},{"damage_healed":0.0,"max_hp_gain":0.0,"max_hp_loss":0.0,"gold_gain":75.0,"event_name":"World of Goop","player_choice":"Gather Gold","floor":5.0,"gold_loss":0.0,"damage_taken":11.0}],"is_beta":false,"boss_relics":[],"items_purged_floors":[],"is_endless":false,"potions_floor_spawned":[2,8],"killed_by":"Nightmare","ascension_level":1}}