{"host":"m113y2j4kbc0e5kb","time":1610337176,"event":{"mods":["BaseMod","Colored Powertips","Lobotomy","LobotomyExtend","Minty Spire (QoL Compilation)","StSLib"],"gold_per_floor":[119,129,129,147,160,160,193,268,268,298,298,53,68,68,68,169,169,186,196,125,135,45,45,62,62,62,62,74,84,84,84],"floor_reached":30,"playtime":2627,"items_purged":[],"score":292,"play_id":"65de4c52-b21e-4b37-b846-88b093381410","local_time":"20210111125256","is_ascension_mode":false,"campfire_choices":[],"circlet_count":0,"master_deck":["SpecialBullet","SpecialBullet","SpecialBullet","SpecialBullet","SpecialBullet","SpecialBullet","SpecialBullet","SpecialBullet","InformationCode","SecurityCode","CentralCode","Ecstasy+1","CUTE","Logging+1","VoidDream","RedEyes","GreenStem","WristCuter","FairyFestival","Beak","SpiderBud","WhitesApple","ExtractionCode","DaCapo","WallGazer","Lamp+3","LaLuna","TodaysExpression","BloodyDesire+1","Mimicry+1","Diffraction","TodaysExpression","CrumblingArmor","Parasite","Twilight+1","Clumsy","Clumsy","SomewhereSpear+1","SnowQueen","RedShoes"],"relics":["CogitoBucket","RabbitCall","LetterFromLob","Omamori","Frozen Egg 2","Letter Opener","Shuriken","BehaviorAdjustment","Gremlin Horn","Cursed Key","BackwardClock","StoneCalendar","Meat on the Bone"],"acts_visited":["Exordium","TheCity"],"potions_floor_usage":[],"damage_taken":[{"damage":11,"enemies":"Jaw Worm","floor":1,"turns":2},{"damage":5,"enemies":"2 Louse","floor":2,"turns":3},{"damage":0,"enemies":"Cultist","floor":4,"turns":2},{"damage":15,"enemies":"Exordium Thugs","floor":5,"turns":4},{"damage":9,"enemies":"3 Sentries","floor":7,"turns":6},{"damage":5,"enemies":"Lagavulin","floor":10,"turns":5},{"damage":29,"enemies":"Lots of Slimes","floor":13,"turns":7},{"damage":5,"enemies":"Slime Boss","floor":16,"turns":6},{"damage":28,"enemies":"2 Thieves","floor":18,"turns":4},{"damage":3,"enemies":"Spheric Guardian","floor":19,"turns":4},{"damage":1,"enemies":"Snecko","floor":21,"turns":5},{"damage":48,"enemies":"Cultist and Chosen","floor":24,"turns":9},{"damage":38,"enemies":"Shelled Parasite and Fungi","floor":28,"turns":5},{"damage":2,"enemies":"Chosen and Byrds","floor":29,"turns":5},{"damage":31,"enemies":"Gremlin Leader","floor":30,"turns":2}],"seed_played":"-2465530694575512052","potions_obtained":[{"floor":2,"key":"Strength Potion"},{"floor":4,"key":"SpeedPotion"},{"floor":10,"key":"Strength Potion"},{"floor":21,"key":"FairyPotion"}],"is_trial":false,"path_per_floor":["M","M","?","M","M","R","E","?","T","E","R","$","M","?","R","B",null,"M","M","$","M","?","R","M","T","T","R","M","M","E"],"character_chosen":"Angela","items_purchased":["Shuriken","Mimicry+1"],"campfire_rested":0,"item_purchase_floors":[12,20],"current_hp_per_floor":[67,70,56,64,57,57,56,45,45,48,48,48,37,25,25,37,78,62,67,67,81,81,81,41,41,41,41,32,66,37,37],"gold":84,"neow_bonus":"THREE_CARDS","is_daily":false,"chose_seed":false,"campfire_upgraded":0,"win_rate":0.0,"timestamp":1610337176,"path_taken":["M","M","?","M","M","R","E","?","T","E","R","?","?","?","R","BOSS","M","M","$","M","?","R","?","?","T","R","?","M","E"],"items_purchased_type":["Relic","Card"],"build_version":"2020-12-22","purchased_purges":0,"victory":false,"max_hp_per_floor":[70,70,70,70,70,70,70,70,70,70,70,70,74,74,74,78,78,82,82,82,86,86,86,86,86,86,86,90,94,94,94],"card_choices":[{"not_picked":["InTheNameOfLoveAndHate","Penitence"],"picked":"Ecstasy","floor":0},{"not_picked":["SomewhereSpear"],"picked":"CUTE","floor":1},{"not_picked":["Discord"],"picked":"Logging","floor":2},{"not_picked":["Rudolta","LongBird"],"picked":"VoidDream","floor":2},{"not_picked":["CherryBlossom"],"picked":"RedEyes","floor":4},{"not_picked":["Porccubus","Wellcheers"],"picked":"CherryBlossoms","floor":4},{"not_picked":["Hornet"],"picked":"GreenStem","floor":5},{"not_picked":["Tough"],"picked":"WristCuter","floor":7},{"not_picked":["MHz","PunishingBird"],"picked":"FairyFestival","floor":7},{"not_picked":["RedEyes"],"picked":"Beak","floor":10},{"not_picked":["BlackSwan","PunishingBird"],"picked":"SpiderBud","floor":10},{"not_picked":["Scorched","Murderer"],"picked":"WhitesApple","floor":13},{"not_picked":["Noise","RedEyes"],"picked":"SKIP","floor":13},{"not_picked":["CENSORED_ego"],"picked":"DaCapo","floor":16},{"not_picked":["MHz","PunishingBird"],"picked":"WallGazer","floor":16},{"not_picked":["Hornet","Loneliness"],"picked":"Lamp+1","floor":18},{"not_picked":["Freischutz","NakedNest"],"picked":"LaLuna","floor":18},{"not_picked":["SomewhereSpear","RapturousDream"],"picked":"TodaysExpression","floor":18},{"not_picked":["Penitence","Soda+1"],"picked":"BloodyDesire+1","floor":19},{"not_picked":["Noise","CherryBlossom+1"],"picked":"Diffraction","floor":21},{"not_picked":["BloodyDesire","Reverberation"],"picked":"TodaysExpression","floor":21},{"not_picked":["GalaxyChild","PunishingBird","DespairKnight"],"picked":"Singing Bowl","floor":21},{"not_picked":["Wellcheers","OldLady"],"picked":"CrumblingArmor","floor":21},{"not_picked":["Heaven+1","RapturousDream","SomewhereSpear"],"picked":"SKIP","floor":21},{"not_picked":["CherryBlossom+1","SomewhereSpear+1"],"picked":"Twilight+1","floor":24},{"not_picked":["OSAHOGD","PunishingBird","Murderer"],"picked":"Singing Bowl","floor":24},{"not_picked":["Lantern+1","FourthMatchFlame+1"],"picked":"SomewhereSpear+1","floor":28},{"not_picked":["BodiesMountain","LongBird"],"picked":"SnowQueen","floor":28},{"not_picked":["LittleHelper","OldLady"],"picked":"RedShoes","floor":29},{"not_picked":["Noise+1","Loneliness+1","FrostShard+1"],"picked":"SKIP","floor":29}],"player_experience":1133385,"relics_obtained":[{"floor":1,"key":"LetterFromLob"},{"floor":7,"key":"Omamori"},{"floor":9,"key":"Frozen Egg 2"},{"floor":10,"key":"Letter Opener"},{"floor":25,"key":"StoneCalendar"},{"floor":26,"key":"Meat on the Bone"}],"event_choices":[{"damage_healed":0,"gold_gain":0,"player_choice":"Entered Light","damage_taken":14,"max_hp_gain":0,"max_hp_loss":0,"event_name":"Shining Light","floor":3,"gold_loss":0,"cards_upgraded":["Logging","Ecstasy"]},{"damage_healed":0,"gold_gain":75,"player_choice":"Gather Gold","damage_taken":11,"max_hp_gain":0,"max_hp_loss":0,"event_name":"World of Goop","floor":8,"gold_loss":0},{"damage_healed":0,"gold_gain":0,"player_choice":"Success","damage_taken":12,"relics_obtained":["Gremlin Horn"],"max_hp_gain":0,"max_hp_loss":0,"event_name":"Scrap Ooze","floor":14,"gold_loss":0},{"cards_removed":["CherryBlossoms"],"damage_healed":0,"gold_gain":0,"player_choice":"Upgrade and Remove","damage_taken":0,"max_hp_gain":0,"max_hp_loss":0,"event_name":"Designer","floor":22,"gold_loss":90,"cards_upgraded":["Lamp"]}],"is_beta":false,"boss_relics":[{"not_picked":["Busted Crown","Runic Dome"],"picked":"Cursed Key"}],"items_purged_floors":[],"is_endless":false,"potions_floor_spawned":[2,4,10,16,18,21,29],"killed_by":"Gremlin Leader","ascension_level":0}}