{"host":"fnk117zi8wf5078t","time":1610351824,"event":{"mods":["AchievementEnabler","BaseMod","Colored Map","Minty Spire (QoL Compilation)","Rare Cards Sparkle","SuperFastMode","everything is the same but u backflip on backflip"],"gold_per_floor":[115,115,115,40,40,40,40,40,40,56,56,131,146,163,163,239,239,252,252,252,85,95,95,108,108,108,65,65,95,114,114,114],"floor_reached":31,"playtime":685,"items_purged":["Regret"],"score":520,"play_id":"fa3d7225-7b37-414d-a48a-4985482b1eb4","local_time":"20210111165704","is_ascension_mode":true,"campfire_choices":[{"data":"Feed","floor":6,"key":"SMITH"},{"floor":8,"key":"REST"},{"data":"Armaments","floor":15,"key":"SMITH"},{"data":"Limit Break","floor":23,"key":"SMITH"}],"circlet_count":0,"master_deck":["AscendersBane","Strike_R","Strike_R+1","Strike_R","Defend_R","Defend_R+1","Defend_R","Defend_R","Bash","Feed+1","Cleave","Anger","Armaments+1","Battle Trance","Limit Break+1","Uppercut","Impervious","Cleave","Sword Boomerang+1","Pommel Strike+1","Spot Weakness","Exhume","Rage"],"relics":["Burning Blood","Strawberry","Gremlin Horn","Mercury Hourglass","Philosopher\u0027s Stone","Nilry\u0027s Codex","Lee\u0027s Waffle","Mummified Hand","Bag of Marbles"],"acts_visited":["Exordium","TheCity"],"potions_floor_usage":[16,29,31],"damage_taken":[{"damage":9,"enemies":"2 Louse","floor":1,"turns":5},{"damage":2,"enemies":"Jaw Worm","floor":10,"turns":3},{"damage":5,"enemies":"Small Slimes","floor":13,"turns":2},{"damage":0,"enemies":"Exordium Wildlife","floor":14,"turns":2},{"damage":53,"enemies":"Hexaghost","floor":16,"turns":9},{"damage":49,"enemies":"3 Byrds","floor":18,"turns":4},{"damage":23,"enemies":"Spheric Guardian","floor":22,"turns":4},{"damage":22,"enemies":"Centurion and Healer","floor":24,"turns":5},{"damage":33,"enemies":"Slavers","floor":29,"turns":3},{"damage":13,"enemies":"Snake Plant","floor":30,"turns":2},{"damage":37,"enemies":"Snecko","floor":31,"turns":5}],"seed_played":"4861717740703488934","potions_obtained":[{"floor":10,"key":"SpeedPotion"},{"floor":13,"key":"FearPotion"},{"floor":24,"key":"SpeedPotion"},{"floor":29,"key":"Strength Potion"}],"is_trial":false,"path_per_floor":["M","?","?","$","?","R","$","R","T","M","$","?","M","M","R","B",null,"M","?","?","$","M","R","M","?","T","$","?","E","M","M"],"character_chosen":"IRONCLAD","items_purchased":["Lee\u0027s Waffle","Spot Weakness"],"campfire_rested":1,"item_purchase_floors":[21,27],"current_hp_per_floor":[50,57,52,52,26,26,26,51,51,59,59,48,53,63,63,16,77,38,38,17,108,91,91,75,75,75,75,42,19,12,0,0],"gold":114,"neow_bonus":"THREE_RARE_CARDS","is_daily":false,"chose_seed":false,"campfire_upgraded":3,"win_rate":0.0,"timestamp":1610351824,"path_taken":["M","?","?","$","?","R","$","R","T","?","$","?","M","M","R","BOSS","M","?","?","$","M","R","M","?","T","$","?","E","?","M"],"items_purchased_type":["Relic","Card"],"build_version":"2020-12-22","purchased_purges":1,"victory":false,"max_hp_per_floor":[78,85,85,85,85,85,85,85,85,89,89,89,93,97,97,97,97,101,101,101,108,108,108,108,108,108,108,113,117,117,117,117],"card_choices":[{"not_picked":["Limit Break","Offering"],"picked":"Feed","floor":0},{"not_picked":["Body Slam","Warcry"],"picked":"Cleave","floor":1},{"not_picked":["Pommel Strike","True Grit"],"picked":"Anger","floor":10},{"not_picked":["Warcry","Sever Soul"],"picked":"Armaments","floor":13},{"not_picked":["Inflame","Power Through"],"picked":"Battle Trance","floor":14},{"not_picked":["Exhume","Impervious"],"picked":"Limit Break","floor":16},{"not_picked":["Wild Strike","Headbutt"],"picked":"Uppercut","floor":18},{"not_picked":["Body Slam","Clash"],"picked":"Sword Boomerang+1","floor":22},{"not_picked":["Anger","Evolve"],"picked":"Pommel Strike+1","floor":24},{"not_picked":["Sword Boomerang","Cleave"],"picked":"Exhume","floor":29},{"not_picked":["Warcry","Twin Strike"],"picked":"Rage","floor":30}],"player_experience":370771,"relics_obtained":[{"floor":9,"key":"Mercury Hourglass"},{"floor":20,"key":"Nilry\u0027s Codex"},{"floor":26,"key":"Mummified Hand"},{"floor":29,"key":"Bag of Marbles"}],"event_choices":[{"damage_healed":0,"gold_gain":0,"player_choice":"Box","damage_taken":0,"relics_obtained":["Strawberry"],"max_hp_gain":0,"max_hp_loss":0,"event_name":"Big Fish","floor":2,"gold_loss":0,"cards_obtained":["Regret"]},{"damage_healed":0,"gold_gain":0,"player_choice":"Success","damage_taken":5,"relics_obtained":["Gremlin Horn"],"max_hp_gain":0,"max_hp_loss":0,"event_name":"Scrap Ooze","floor":3,"gold_loss":0},{"damage_healed":0,"gold_gain":0,"player_choice":"Entered Light","damage_taken":26,"max_hp_gain":0,"max_hp_loss":0,"event_name":"Shining Light","floor":5,"gold_loss":0,"cards_upgraded":["Strike_R","Defend_R"]},{"damage_healed":0,"gold_gain":75,"player_choice":"Gather Gold","damage_taken":11,"max_hp_gain":0,"max_hp_loss":0,"event_name":"World of Goop","floor":12,"gold_loss":0},{"damage_healed":0,"gold_gain":0,"cards_transformed":["Strike_R","Strike_R"],"player_choice":"Became Test Subject","damage_taken":0,"max_hp_gain":0,"max_hp_loss":0,"event_name":"Drug Dealer","floor":19,"gold_loss":0,"cards_obtained":["Impervious","Cleave"]},{"damage_healed":0,"gold_gain":0,"player_choice":"Obtained Book","damage_taken":21,"max_hp_gain":0,"max_hp_loss":0,"event_name":"Cursed Tome","floor":20,"gold_loss":0},{"damage_healed":0,"gold_gain":0,"player_choice":"Ignored","damage_taken":0,"max_hp_gain":0,"max_hp_loss":0,"event_name":"Ghosts","floor":25,"gold_loss":0},{"damage_healed":0,"gold_gain":0,"player_choice":"Shed Blood","damage_taken":38,"max_hp_gain":5,"max_hp_loss":0,"event_name":"Forgotten Altar","floor":28,"gold_loss":0}],"is_beta":false,"boss_relics":[{"not_picked":["Ectoplasm","Velvet Choker"],"picked":"Philosopher\u0027s Stone"}],"items_purged_floors":[4],"is_endless":false,"potions_floor_spawned":[10,13,24,29,30],"killed_by":"Snecko","ascension_level":19}}