{"host":"y3h3n3f7seyagppx","time":1610340472,"event":{"mods":["AlwaysNeverKeys","BaseMod","Better Vampires","Colored Powertips","DeckTracker","Emptier Cage","Minty Spire (QoL Compilation)","Permanent Neow","Quick Restart","Rare Cards Sparkle","Relic Sorter","Relic Stats","StSLib","Transform Curses"],"gold_per_floor":[109,109,125,145,158,188,153,186,186,199,230,230,264,282,282,361,361,380,43,43,55,70,100,100,135,213,213,213,213],"floor_reached":28,"playtime":2717,"items_purged":[],"score":651,"play_id":"c918cd6e-edef-4de0-ae65-4f5e67ebcbc3","local_time":"20210110234752","is_ascension_mode":true,"campfire_choices":[{"data":"Armaments","floor":15,"key":"SMITH"},{"data":"Impervious","floor":24,"key":"SMITH"}],"circlet_count":0,"master_deck":["AscendersBane","Strike_R+1","Strike_R+1","Strike_R+1","Strike_R+1","Strike_R+1","Defend_R+1","Defend_R+1","Defend_R+1","Defend_R+1","Bash","Pommel Strike","Perfected Strike","Immolate","Barricade","Exhume","Evolve","Feel No Pain","Disarm","Feed","Armaments+1","Feed","Burning Pact","Impervious","Impervious+1","Armaments+1","Shrug It Off","Power Through"],"relics":["Sozu","HornCleat","Lantern","Sundial","Question Card","Shuriken","Happy Flower","Coffee Dripper","DollysMirror","Boot","Omamori","Bottled Flame","Pantograph"],"acts_visited":["Exordium","TheCity"],"potions_floor_usage":[],"damage_taken":[{"damage":5,"enemies":"Small Slimes","floor":1,"turns":3},{"damage":0,"enemies":"2 Louse","floor":3,"turns":3},{"damage":2,"enemies":"Jaw Worm","floor":4,"turns":2},{"damage":0,"enemies":"Lots of Slimes","floor":5,"turns":1},{"damage":17,"enemies":"3 Sentries","floor":6,"turns":6},{"damage":0,"enemies":"Gremlin Nob","floor":8,"turns":3},{"damage":0,"enemies":"3 Louse","floor":10,"turns":1},{"damage":6,"enemies":"Lagavulin","floor":11,"turns":5},{"damage":5,"enemies":"3 Sentries","floor":13,"turns":5},{"damage":15,"enemies":"Looter","floor":14,"turns":4},{"damage":22,"enemies":"Slime Boss","floor":16,"turns":7},{"damage":14,"enemies":"3 Byrds","floor":18,"turns":12},{"damage":16,"enemies":"Shell Parasite","floor":21,"turns":6},{"damage":15,"enemies":"Cultist and Chosen","floor":22,"turns":11},{"damage":2,"enemies":"Gremlin Leader","floor":23,"turns":8},{"damage":42,"enemies":"Slavers","floor":25,"turns":6},{"damage":7,"enemies":"Gremlin Leader","floor":28,"turns":1}],"seed_played":"6333772664106473482","potions_obtained":[],"is_trial":false,"path_per_floor":["M","?","M","M","M","E","?","E","T","M","E","?","E","M","R","B",null,"M","$","?","M","M","E","R","E","T","?","E"],"character_chosen":"IRONCLAD","items_purchased":["Impervious","DollysMirror"],"campfire_rested":0,"item_purchase_floors":[19,19],"current_hp_per_floor":[63,52,52,50,50,33,51,51,51,51,45,70,65,53,53,34,69,63,63,63,51,43,45,45,3,3,3,0,0],"gold":213,"neow_bonus":"BOSS_RELIC","is_daily":false,"chose_seed":false,"campfire_upgraded":2,"win_rate":0.0,"timestamp":1610340472,"path_taken":["M","?","M","M","M","E","?","E","T","M","E","?","E","M","R","BOSS","M","$","?","?","M","E","R","E","T","?","E"],"items_purchased_type":["Card","Relic"],"build_version":"2020-12-22","purchased_purges":0,"victory":false,"max_hp_per_floor":[75,75,75,75,75,75,75,75,75,75,75,75,75,78,78,81,81,89,89,89,93,100,104,104,104,104,104,104,104],"relic_stats":{"Sozu":6,"Happy Flower":[18],"counters":[17,84],"Sundial":[8],"Shuriken":[19],"Pantograph":0,"Question Card":10,"Boot":[2],"obtain_stats":[{"Lantern":6,"Happy Flower":13,"Omamori":23,"Question Card":9,"Boot":20,"Burning Blood":0,"Sozu":0,"Bottled Flame":25,"HornCleat":2,"Sundial":8,"Shuriken":11,"DollysMirror":19,"Pantograph":26,"Coffee Dripper":17},{"Lantern":5,"Happy Flower":9,"Omamori":15,"Question Card":6,"Boot":12,"Burning Blood":0,"Sozu":0,"Bottled Flame":16,"HornCleat":1,"Sundial":6,"Shuriken":8,"DollysMirror":12,"Pantograph":16,"Coffee Dripper":11},{"Lantern":15,"Happy Flower":29,"Omamori":77,"Question Card":18,"Boot":52,"Burning Blood":0,"Sozu":0,"Bottled Flame":83,"HornCleat":3,"Sundial":18,"Shuriken":24,"DollysMirror":52,"Pantograph":83,"Coffee Dripper":40}]},"card_choices":[{"not_picked":["Intimidate","Shrug It Off"],"picked":"Pommel Strike","floor":1},{"not_picked":["Rupture","Heavy Blade"],"picked":"Perfected Strike","floor":3},{"not_picked":["Clash","Anger"],"picked":"Immolate","floor":4},{"not_picked":["True Grit","Headbutt"],"picked":"Barricade","floor":5},{"not_picked":["Double Tap","Pommel Strike"],"picked":"Exhume","floor":6},{"not_picked":["Flame Barrier","True Grit"],"picked":"Evolve","floor":8},{"not_picked":["Bloodletting","True Grit","Shrug It Off"],"picked":"Feel No Pain","floor":10},{"not_picked":["Thunderclap","True Grit","Clash"],"picked":"Disarm","floor":11},{"not_picked":["Bloodletting","Pommel Strike","Feel No Pain"],"picked":"Feed","floor":13},{"not_picked":["Body Slam","Clothesline","Thunderclap"],"picked":"Armaments","floor":14},{"not_picked":["Juggernaut","Immolate","Brutality"],"picked":"Feed","floor":16},{"not_picked":["Pommel Strike","Twin Strike","True Grit"],"picked":"Burning Pact","floor":18},{"not_picked":["Bloodletting","Twin Strike","True Grit"],"picked":"Armaments+1","floor":21},{"not_picked":["Heavy Blade","Thunderclap","Wild Strike"],"picked":"Shrug It Off","floor":22},{"not_picked":["Wild Strike","Thunderclap","Immolate"],"picked":"Power Through","floor":23},{"not_picked":["Armaments","Fire Breathing","Searing Blow+1","Reckless Charge+1"],"picked":"SKIP","floor":25}],"player_experience":20667886,"relics_obtained":[{"floor":6,"key":"Lantern"},{"floor":8,"key":"Sundial"},{"floor":9,"key":"Question Card"},{"floor":11,"key":"Shuriken"},{"floor":13,"key":"Happy Flower"},{"floor":20,"key":"Boot"},{"floor":23,"key":"Omamori"},{"floor":25,"key":"Bottled Flame"},{"floor":26,"key":"Pantograph"}],"event_choices":[{"damage_healed":0,"gold_gain":0,"player_choice":"Success","damage_taken":11,"relics_obtained":["HornCleat"],"max_hp_gain":0,"max_hp_loss":0,"event_name":"Scrap Ooze","floor":2,"gold_loss":0},{"damage_healed":18,"gold_gain":0,"player_choice":"Healed","damage_taken":0,"max_hp_gain":0,"max_hp_loss":0,"event_name":"The Cleric","floor":7,"gold_loss":35},{"damage_healed":25,"gold_gain":0,"player_choice":"Banana","damage_taken":0,"max_hp_gain":0,"max_hp_loss":0,"event_name":"Big Fish","floor":12,"gold_loss":0},{"damage_healed":0,"gold_gain":0,"player_choice":"Relic","damage_taken":0,"max_hp_gain":0,"max_hp_loss":0,"event_name":"Wheel of Change","floor":20,"gold_loss":0},{"damage_healed":0,"gold_gain":0,"player_choice":"Simplicity","damage_taken":0,"max_hp_gain":0,"max_hp_loss":0,"event_name":"Back to Basics","floor":27,"gold_loss":0,"cards_upgraded":["Strike_R","Strike_R","Strike_R","Strike_R","Strike_R","Defend_R","Defend_R","Defend_R","Defend_R"]}],"is_beta":false,"boss_relics":[{"not_picked":["Fusion Hammer","Runic Dome"],"picked":"Coffee Dripper"}],"items_purged_floors":[],"is_endless":false,"potions_floor_spawned":[4,5,6,14,23,25],"killed_by":"Gremlin Leader","ascension_level":20}}