{"host":"7v9v7e0ijfujyvc8","time":1610408988,"event":{"mods":["BaseMod","Better Altar","Better Note","Better Skull","Better Third Choice","BetterRewards","Challenge The Spire","Evolution","Gold Saver","Highlight Path","Minty Spire (QoL Compilation)","RNG Fix","Rare Cards Sparkle","Shop Mod","Spicy Shops","StSLib","SuperFastMode","The Exordian Avenger","Thieving Mod"],"gold_per_floor":[391,246,577,606,653,653,375,45,92,122,172,172,172,101,156,182,211,237],"floor_reached":19,"playtime":2416,"items_purged":["Shame"],"score":595,"play_id":"14badc24-c444-44ff-b7d4-4d8710968aa1","local_time":"20210112004948","daily_mods":["SealedDeck","Vintage","Heirloom","Time Dilation","Flight","DeadlyEvents","Elite Swarm","challengethespire:Elite Rush","challengethespire:Modded Elite Rush","challengethespire:Sneaky Strike","challengethespire:Bronze Difficulty","Uncertain Future"],"is_ascension_mode":false,"campfire_choices":[{"data":"Burst","floor":13,"key":"SMITH"}],"circlet_count":0,"master_deck":["Underhanded Strike","Endless Agony","PiercingWail","Quick Slash","Slice","Dash","Bane+1","Noxious Fumes","Deadly Poison","Bouncing Flask","Cloak And Dagger","Infinite Blades","Cloak And Dagger","HandOfGreed","Corpse Explosion","Burst+1","Die Die Die+1","Underhanded Strike","Adrenaline","Adrenaline","Adrenaline","Underhanded Strike","Doppelganger","Adrenaline"],"relics":["Ring of the Snake","Black Star","Sling","PreservedInsect","EVO:Axolotl","Du-Vu Doll","Shuriken","Gambling Chip","DollysMirror","Nunchaku","Snake Skull","Old Coin","Orichalcum","Gremlin Horn","Potion Belt","Smiling Mask","Mango","SlaversCollar","Lantern","TwistedFunnel","Meat on the Bone","Medical Kit","Eternal Feather","Akabeko","Bag of Marbles","Pen Nib","Toy Ornithopter","Blood Vial","HoveringKite","Centennial Puzzle","Dead Branch","Whetstone","Paper Crane","Calipers","Mummified Hand","Blue Candle","Vajra","Pear"],"acts_visited":["Exordium"],"potions_floor_usage":[],"damage_taken":[{"damage":0,"enemies":"Gremlin Nob","floor":3,"turns":2},{"damage":0,"enemies":"3 Sentries","floor":4,"turns":2},{"damage":0,"enemies":"Lagavulin","floor":5,"turns":3},{"damage":0,"enemies":"Slavers","floor":9,"turns":2},{"damage":2,"enemies":"Book of Stabbing","floor":10,"turns":2},{"damage":0,"enemies":"Gremlin Leader","floor":11,"turns":1},{"damage":0,"enemies":"Reptomancer","floor":15,"turns":2},{"damage":29,"enemies":"Nemesis","floor":16,"turns":3},{"damage":0,"enemies":"Giant Head","floor":17,"turns":2},{"damage":0,"enemies":"Shield and Spear","floor":18,"turns":1}],"seed_played":"-5900347292045455184","potions_obtained":[{"floor":3,"key":"Strength Potion"},{"floor":4,"key":"SkillPotion"},{"floor":9,"key":"SkillPotion"},{"floor":10,"key":"ColorlessPotion"},{"floor":16,"key":"Explosive Potion"},{"floor":17,"key":"Swift Potion"}],"is_trial":true,"path_per_floor":["$","$","E","E","E","T","$","$","E","E","E","T","R","$","E","E","E","E",null],"character_chosen":"THE_SILENT","items_purchased":["Infinite Blades","Shuriken","Gambling Chip","DollysMirror","Nunchaku","Snake Skull","Lantern","TwistedFunnel","Meat on the Bone","Medical Kit","Centennial Puzzle"],"campfire_rested":0,"item_purchase_floors":[1,1,1,1,1,2,7,7,8,8,14],"current_hp_per_floor":[73,73,73,73,87,87,87,87,87,85,85,85,87,87,87,58,60,72],"gold":237,"neow_bonus":"","is_daily":false,"chose_seed":false,"campfire_upgraded":1,"win_rate":0.0,"timestamp":1610408988,"path_taken":["$","$","E","E","E","T","$","$","E","E","E","T","R","$","E","E","E","E"],"items_purchased_type":["Card","Relic","Relic","Relic","Relic","Relic","Relic","Relic","Relic","Relic","Relic"],"build_version":"2020-12-22","purchased_purges":1,"victory":true,"max_hp_per_floor":[73,73,73,73,87,87,87,87,87,87,87,87,87,87,87,87,87,97],"card_choices":[],"player_experience":60226,"relics_obtained":[{"floor":3,"key":"Old Coin"},{"floor":3,"key":"Orichalcum"},{"floor":4,"key":"Gremlin Horn"},{"floor":4,"key":"Potion Belt"},{"floor":5,"key":"Smiling Mask"},{"floor":5,"key":"Mango"},{"floor":9,"key":"Eternal Feather"},{"floor":9,"key":"Akabeko"},{"floor":10,"key":"Bag of Marbles"},{"floor":10,"key":"Pen Nib"},{"floor":11,"key":"Toy Ornithopter"},{"floor":11,"key":"Blood Vial"},{"floor":15,"key":"Dead Branch"},{"floor":15,"key":"Whetstone"},{"floor":16,"key":"Paper Crane"},{"floor":16,"key":"Calipers"},{"floor":17,"key":"Mummified Hand"},{"floor":17,"key":"Blue Candle"},{"floor":18,"key":"Vajra"},{"floor":18,"key":"Pear"}],"event_choices":[],"is_beta":false,"boss_relics":[{"not_picked":["Calling Bell","Astrolabe"],"picked":"SlaversCollar"},{"not_picked":["Runic Dome","Velvet Choker"],"picked":"HoveringKite"}],"items_purged_floors":[7],"is_endless":false,"potions_floor_spawned":[3,4,9,10,16,17],"ascension_level":0}}