{"host":"wbdly04l9mkn9nrc","time":1610366881,"event":{"mods":["AchievementEnabler","BaseMod","BetterRewards","Minty Spire (QoL Compilation)","Replay The Spire","StSLib","[IsaacMod]ÒÔÈö¼âËþ"],"gold_per_floor":[109,109,124,124,10,10,41,41,41,84,108,108,126,126,126,270,270,298,48,48,93,140,181,210,210,284,319,345,389,514,535,535,658,658,673,696,334,667,687,687,687,210,233,233,260,260,260,288,288,288],"floor_reached":51,"playtime":2890,"items_purged":["Spreading Infection","Madness"],"score":986,"play_id":"736ad704-c0f3-4b15-a70c-f93079261c16","local_time":"20210111200801","is_ascension_mode":true,"campfire_choices":[{"floor":6.0,"key":"REST"},{"data":"EpicFetus","floor":8.0,"key":"SMITH"},{"data":"Eruption","floor":12.0,"key":"SMITH"},{"data":"ForeignInfluence","floor":15.0,"key":"SMITH"},{"data":"Worship","floor":25.0,"key":"SMITH"},{"data":"CutThroughFate","floor":32.0,"key":"SMITH"},{"data":"ThirdEye","floor":40.0,"key":"SMITH"},{"data":"DeusExMachina","floor":44.0,"key":"SMITH"},{"data":"Ghostly","floor":47,"key":"SMITH"},{"floor":49,"key":"REST"}],"circlet_count":4,"master_deck":["Strike_P","Strike_P","Strike_P+1","Strike_P","Defend_P","Defend_P+1","Defend_P+1","Defend_P","Eruption+1","Vigilance","EpicFetus+1","LessonLearned+1","ReachHeaven+1","Crescendo+1","Injury","ForeignInfluence+1","SashWhip+1","ThirdEye+1","EmptyBody","Brilliance+1","Worship+1","Prostrate","FearNoEvil","Ghostly+1","Ghostly+1","Ghostly","Ghostly","Ghostly","CutThroughFate+1","WaveOfTheHand+1","DeusExMachina+1","FollowUp+1","Wallop+1","WindmillStrike+1"],"relics":["PureWater","HushsDoor","AnarchistCookbook","Circlet","Damaru","Lantern","Matryoshka","Regal Pillow","Bag of Marbles","Centennial Puzzle","VioletLotus","HandDrill","Red Mask","Ornamental Fan","Du-Vu Doll","Ring of Chaos","Molten Egg 2","Happy Flower","ReplayTheSpireMod:Ninjato","Potion Belt","Toy Ornithopter","Art of War"],"acts_visited":["Exordium","TheCity","TheBeyond"],"potions_floor_usage":[50],"damage_taken":[{"damage":0.0,"enemies":"Cultist","floor":1.0,"turns":4.0},{"damage":2.0,"enemies":"Jaw Worm","floor":3.0,"turns":3.0},{"damage":9.0,"enemies":"Gremlin Nob","floor":7.0,"turns":4.0},{"damage":0.0,"enemies":"Replay:BlueRogue","floor":10.0,"turns":4.0},{"damage":0.0,"enemies":"Small Slimes","floor":11.0,"turns":2.0},{"damage":0.0,"enemies":"Blue Slaver","floor":13.0,"turns":2.0},{"damage":18.0,"enemies":"Hexaghost","floor":16.0,"turns":4.0},{"damage":7.0,"enemies":"Shell Parasite","floor":18.0,"turns":4.0},{"damage":0.0,"enemies":"Masked Bandits","floor":21.0,"turns":4.0},{"damage":1.0,"enemies":"3 Byrds","floor":22.0,"turns":3.0},{"damage":6.0,"enemies":"Slavers","floor":23.0,"turns":6.0},{"damage":0.0,"enemies":"Shelled Parasite and Fungi","floor":24.0,"turns":7.0},{"damage":2.0,"enemies":"Snake Plant","floor":27.0,"turns":3.0},{"damage":0.0,"enemies":"Centurion and Healer","floor":28.0,"turns":5.0},{"damage":0.0,"enemies":"Gremlin Leader","floor":29.0,"turns":5.0},{"damage":0.0,"enemies":"3 Cultists","floor":31.0,"turns":5.0},{"damage":0.0,"enemies":"Pondfish","floor":33.0,"turns":1.0},{"damage":0.0,"enemies":"3 Darklings","floor":35.0,"turns":5.0},{"damage":7.0,"enemies":"3 Shapes","floor":36.0,"turns":5.0},{"damage":2.0,"enemies":"Sphere and 2 Shapes","floor":39.0,"turns":3.0},{"damage":1.0,"enemies":"Nemesis","floor":45.0,"turns":5.0},{"damage":0,"enemies":"R_Hoarder","floor":48,"turns":4},{"damage":8,"enemies":"Replay:Hell Engine","floor":50,"turns":6}],"seed_played":"6618047882735156395","potions_obtained":[{"floor":1.0,"key":"Fire Potion"},{"floor":3.0,"key":"SpeedPotion"},{"floor":13.0,"key":"Dexterity Potion"},{"floor":18.0,"key":"StancePotion"},{"floor":24.0,"key":"DuplicationPotion"},{"floor":45.0,"key":"PowerPotion"}],"is_trial":false,"path_per_floor":["M","?","M","?","$","R","E","R","T","E","M","R","M","T","R","B",null,"M","$","?","?","M","E","M","R","T","M","M","E","?","M","R","B",null,"M","M","$","?","M","R","?","$","T","R","E","?","R","E","R","B",null],"character_chosen":"WATCHER","items_purchased":["Snack Pack","Damaru","LessonLearned","ReachHeaven+1","Lantern","Matryoshka","Consecrate+1","SashWhip+1","HandDrill","Prostrate","FearNoEvil","Molten Egg 2","Wallop+1","Happy Flower","ReplayTheSpireMod:Ninjato"],"campfire_rested":2,"item_purchase_floors":[0,0,0,0,0,0,0,5,19,19,19,37,42,42,42],"current_hp_per_floor":[23,23,21,21,21,42,35,35,35,37,39,39,41,41,41,27,61,56,56,36,36,36,32,36,36,36,36,36,36,36,36,36,36,36,36,29,29,29,27,27,27,27,27,27,26,26,26,26,36,33],"gold":288,"neow_bonus":"","is_daily":false,"chose_seed":false,"campfire_upgraded":8,"win_rate":0.0,"timestamp":1610366881,"path_taken":["M","?","M","?","$","R","E","R","T","E","M","R","M","?","R","BOSS","M","$","?","?","M","E","M","R","T","?","M","E","?","M","R","BOSS","M","M","$","?","M","R","?","$","T","R","E","?","R","E","R","BOSS"],"items_purchased_type":["Relic","Relic","Card","Card","Relic","Relic","Card","Card","Relic","Card","Card","Relic","Card","Relic","Relic"],"build_version":"2020-12-22","purchased_purges":2,"victory":true,"max_hp_per_floor":[72,72,72,72,72,72,72,72,72,72,72,72,72,72,72,72,72,72,72,36,36,36,36,36,36,36,36,36,36,36,36,36,36,36,36,36,36,36,36,36,36,36,36,36,36,36,36,36,36,36],"card_choices":[{"not_picked":[],"picked":"EpicFetus","floor":0.0},{"not_picked":["Halt","JustLucky"],"picked":"Crescendo","floor":1.0},{"not_picked":["EmptyFist","SpiritShield"],"picked":"ForeignInfluence","floor":3.0},{"not_picked":["FollowUp","Halt"],"picked":"ThirdEye","floor":7.0},{"not_picked":["Wireheading","FlyingSleeves","Alpha"],"picked":"SKIP","floor":10.0},{"not_picked":["DeceiveReality","WaveOfTheHand"],"picked":"Replay:DivineShield","floor":11.0},{"not_picked":["ThirdEye","Replay:ManipulateFuture"],"picked":"EmptyBody","floor":13.0},{"not_picked":["LessonLearned","Ragnarok"],"picked":"Brilliance","floor":16.0},{"not_picked":["BattleHymn","Replay:ManipulateFuture"],"picked":"Worship","floor":18.0},{"not_picked":["SandsOfTime","Study","MentalFortress"],"picked":"SKIP","floor":22.0},{"not_picked":["Replay:ManipulateFuture","PathToVictory+1","FearNoEvil"],"picked":"SKIP","floor":23.0},{"not_picked":["EmptyBody","Worship","WindmillStrike"],"picked":"SKIP","floor":24.0},{"not_picked":["SashWhip","EmptyFist+1","Study"],"picked":"SKIP","floor":27.0},{"not_picked":["SashWhip","JustLucky"],"picked":"CutThroughFate","floor":28.0},{"not_picked":["Ragnarok","FlyingSleeves+1","ThirdEye+1"],"picked":"SKIP","floor":29.0},{"not_picked":["SandsOfTime","Evaluate"],"picked":"WaveOfTheHand+1","floor":30.0},{"not_picked":["ThirdEye","FlurryOfBlows","EmptyBody+1"],"picked":"SKIP","floor":31.0},{"not_picked":["Ragnarok","Scrawl"],"picked":"DeusExMachina","floor":33.0},{"not_picked":["EmptyBody+1","Nirvana","Study+1"],"picked":"SKIP","floor":35.0},{"not_picked":["BowlingBash","PathToVictory","Replay:BluntJabs+1"],"picked":"SKIP","floor":36.0},{"not_picked":["Crescendo+1","ThirdEye+1"],"picked":"FollowUp+1","floor":39.0},{"not_picked":["FlyingSleeves+1","Worship"],"picked":"WindmillStrike+1","floor":45.0},{"not_picked":["SandsOfTime+1","EmptyMind","Prostrate+1"],"picked":"SKIP","floor":48}],"player_experience":232742,"relics_obtained":[{"floor":4.0,"key":"Ring of Peace"},{"floor":7.0,"key":"Regal Pillow"},{"floor":9.0,"key":"Simple Rune"},{"floor":9.0,"key":"Bag of Marbles"},{"floor":10.0,"key":"Centennial Puzzle"},{"floor":14.0,"key":"Replay:Bandana"},{"floor":14.0,"key":"Replay:Bottled Flurry"},{"floor":21.0,"key":"Red Mask"},{"floor":23.0,"key":"Blue Doll"},{"floor":26.0,"key":"Ornamental Fan"},{"floor":29.0,"key":"Du-Vu Doll"},{"floor":43.0,"key":"Potion Belt"},{"floor":45.0,"key":"Toy Ornithopter"},{"floor":48,"key":"Art of War"}],"event_choices":[{"damage_healed":0.0,"max_hp_gain":0.0,"max_hp_loss":0.0,"gold_gain":0.0,"event_name":"Golden Idol","player_choice":"Take Wound","floor":2.0,"gold_loss":0.0,"damage_taken":0.0,"relics_obtained":["Golden Idol"],"cards_obtained":["Injury"]},{"damage_healed":0.0,"max_hp_gain":0.0,"max_hp_loss":36.0,"gold_gain":0.0,"event_name":"Ghosts","player_choice":"Became a Ghost","floor":20.0,"gold_loss":0.0,"damage_taken":0.0,"cards_obtained":["Ghostly","Ghostly","Ghostly","Ghostly","Ghostly"]},{"damage_healed":0.0,"max_hp_gain":0.0,"max_hp_loss":0.0,"gold_gain":0.0,"event_name":"Masked Bandits","player_choice":"Fought Bandits","floor":21.0,"gold_loss":0.0,"damage_taken":0.0},{"damage_healed":0.0,"max_hp_gain":0.0,"max_hp_loss":0.0,"gold_gain":333.0,"event_name":"The Moai Head","player_choice":"Gave Idol","floor":38.0,"relics_lost":["Golden Idol"],"gold_loss":0.0,"damage_taken":0.0},{"cards_removed":["Consecrate"],"damage_healed":0.0,"max_hp_gain":0.0,"max_hp_loss":0.0,"gold_gain":0.0,"event_name":"Falling","player_choice":"Removed Attack","floor":41.0,"gold_loss":0.0,"damage_taken":0.0}],"is_beta":false,"boss_relics":[{"not_picked":["Philosopher\u0027s Stone","Runic Dome"],"picked":"VioletLotus"},{"not_picked":[]},{"not_picked":["Snecko Eye","Replay:Drink Me"],"picked":"Ring of Chaos"},{"not_picked":[]}],"items_purged_floors":[5,37],"is_endless":false,"potions_floor_spawned":[1,3,13,18,24,29,31,35,45],"ascension_level":8}}