{"host":"i9h64q9gphvrup4n","time":1610400633,"event":{"mods":["2.2 Compatiblity","AchievementEnabler","Aspiration","Astrologer","Bard","BaseMod","Beaked The Cultist","BetterRewards","Colored Powertips","Conspire","Downfall","Gremlin Mod","Hermit","Hubris","Infinite Spire","Jorbs\u0027s Wanderer Trilogy","Minty Spire (QoL Compilation)","Replay The Spire","Shop Mod","StSLib","SuperFastMode","The Blackbeard","The Bladedancer","The Bug Knight","The Construct","The Cursed","The Disciple","The Hierophant","The Jungle","The Necromancer","The Runesmith","The Wild Card","slay the spire mod where everything is the same but ironclad has a cowboy hat","vexMod"],"gold_per_floor":[111,111,111,30,41,67,67,100,123,123,137,160,35,35,35,110,110,122,136,211,229,249,249,299,299,299,299,299],"floor_reached":27,"playtime":849,"items_purged":[],"score":361,"play_id":"d1eba0a9-701a-464a-9548-d399079f5604","local_time":"20210111153033","is_ascension_mode":true,"campfire_choices":[{"floor":7,"key":"REST"},{"floor":10,"key":"REST"},{"floor":15,"key":"DIG"},{"floor":23,"key":"REST"},{"floor":25,"key":"REST"}],"circlet_count":0,"master_deck":["AscendersBane","Strike_W","Strike_W","Strike_W","Strike_W","Defend_W","Defend_W","Defend_W","Defend_W","Negative_Energy_Arrows","Bone_Wall","Detonate_Bones","Consume_Illness","Summon_Lich","Vampiric_Strike","Bone_Armory","hubris:NaturalOne","Consume_Illness","Summon_Undead+1","Bone_Armor","Summon_Lich","Consume_Illness","Skeleton_Dragon","Necrotic_Claws","Summon_Vampire_Lady","Bone_Shift","Grasp_Heart"],"relics":["Vampire_Amulet","hubris:MysteriousPyramids","hubris:Icosahedron","ReplayTheSpireMod:TigerMarble","Mirror","Odd Mushroom","vexMod:Dragonfruit","conspire:SlowCooker","infinitespire:WardingShard","Art of War","Darkstone Periapt"],"acts_visited":["Exordium","TheCity"],"potions_floor_usage":[8,27],"damage_taken":[{"damage":4,"enemies":"2 Louse","floor":1,"turns":4},{"damage":14,"enemies":"Jaw Worm","floor":5,"turns":5},{"damage":49,"enemies":"Gremlin Nob","floor":6,"turns":6},{"damage":29,"enemies":"3 Sentries","floor":8,"turns":10},{"damage":0,"enemies":"Small Slimes","floor":11,"turns":1},{"damage":7,"enemies":"The Mushroom Lair","floor":12,"turns":2},{"damage":7,"enemies":"Hexaghost","floor":16,"turns":9},{"damage":2,"enemies":"conspire:FuzzyDice","floor":18,"turns":6},{"damage":27,"enemies":"Spheric Guardian","floor":19,"turns":5},{"damage":26,"enemies":"Snake Plant","floor":21,"turns":4},{"damage":40,"enemies":"Centurion and Healer","floor":22,"turns":9},{"damage":54,"enemies":"Gremlin Leader","floor":27,"turns":5}],"seed_played":"-8419043354124173320","potions_obtained":[{"floor":1,"key":"Swift Potion"},{"floor":5,"key":"sneckomod:MuddlingPotion"},{"floor":11,"key":"Elixir"},{"floor":22,"key":"SkillPotion"}],"is_trial":false,"path_per_floor":["M","?","?","$","M","E","R","E","T","R","M","?","$","?","R","B",null,"M","M","T","M","M","R","?","R","T","E"],"character_chosen":"NECROMANCER","items_purchased":["Summon_Lich","Summon_Lich","Consume_Illness"],"campfire_rested":4,"item_purchase_floors":[4,13,13],"current_hp_per_floor":[68,68,68,68,56,14,36,17,17,39,43,45,45,45,50,47,72,80,55,55,37,24,48,16,40,40,0,0],"gold":299,"neow_bonus":"ONE_RANDOM_RARE_CARD","is_daily":false,"chose_seed":false,"campfire_upgraded":0,"win_rate":0.0,"timestamp":1610400633,"path_taken":["M","?","?","$","M","E","R","E","T","R","M","?","?","?","R","BOSS","M","M","?","M","M","R","?","R","T","E"],"items_purchased_type":["Card","Card","Card"],"build_version":"2020-12-22","purchased_purges":0,"victory":false,"max_hp_per_floor":[75,75,75,75,75,75,75,75,75,75,75,75,75,75,80,80,80,80,80,80,80,80,80,80,80,80,80,80],"card_choices":[{"not_picked":["Blood_Curse","Life_Tap"],"picked":"Consume_Illness","floor":1},{"not_picked":["Bone_Shift","Life_Tap"],"picked":"Vampiric_Strike","floor":5},{"not_picked":["Consume_Illness","Necromantic_Selection"],"picked":"Bone_Armory","floor":6},{"not_picked":["Acid_Javelin","Scare"],"picked":"Consume_Illness","floor":8},{"not_picked":["Flesh_Made_Foul","Thousand_Bone_Knives"],"picked":"Summon_Undead","floor":11},{"not_picked":["Vampiric_Strike","Bone_Spikes"],"picked":"Bone_Armor","floor":12},{"not_picked":["Cloudkill","Detonate_Bones"],"picked":"Skeleton_Dragon","floor":16},{"not_picked":["Bone_Spikes","Thousand_Bone_Knives","Chill_Blood"],"picked":"SKIP","floor":18},{"not_picked":["Blood_for_Blood","Uncharnel"],"picked":"Necrotic_Claws","floor":19},{"not_picked":["Blood_Is_Power","Blood_Whip"],"picked":"Summon_Vampire_Lady","floor":21},{"not_picked":["Chill_Blood","Shackles_Of_Pain"],"picked":"Bone_Shift","floor":22},{"not_picked":["Negative_Energy_Javelin+1","Chill_Blood"],"picked":"Grasp_Heart","floor":24}],"player_experience":718069,"relics_obtained":[{"floor":2,"key":"hubris:MysteriousPyramids"},{"floor":6,"key":"ReplayTheSpireMod:TigerMarble"},{"floor":8,"key":"Mirror"},{"floor":12,"key":"Odd Mushroom"},{"floor":15,"key":"vexMod:Dragonfruit"},{"floor":20,"key":"infinitespire:WardingShard"},{"floor":24,"key":"Art of War"},{"floor":26,"key":"Darkstone Periapt"}],"event_choices":[{"damage_healed":0,"gold_gain":0,"player_choice":"Fought Mushrooms","damage_taken":0,"max_hp_gain":0,"max_hp_loss":0,"event_name":"Mushrooms","floor":12,"gold_loss":0},{"damage_healed":0,"gold_gain":0,"player_choice":"Upgraded","damage_taken":0,"max_hp_gain":0,"max_hp_loss":0,"event_name":"Upgrade Shrine","floor":14,"gold_loss":0,"cards_upgraded":["Summon_Undead"]}],"is_beta":false,"boss_relics":[{"not_picked":["Runic Dome","Sozu"],"picked":"conspire:SlowCooker"}],"items_purged_floors":[],"is_endless":false,"potions_floor_spawned":[1,5,11,21,22],"killed_by":"Gremlin Leader","ascension_level":13}}