{"host":"f5n4tidiz2n5sooh","time":1610334330,"event":{"mods":["BaseMod","Colored Map","Minty Spire (QoL Compilation)","Relic Stats","StSLib"],"gold_per_floor":[111,111,31,31,31,31,64,64,64,103,117,117,140,140,140,140,140],"floor_reached":16,"playtime":240,"items_purged":[],"score":312,"play_id":"0bb478e9-0d18-4f21-9a6e-ed189e0413a3","local_time":"20210110210530","is_ascension_mode":true,"campfire_choices":[{"data":"Shockwave","floor":6,"key":"SMITH"},{"data":"Whirlwind","floor":8,"key":"SMITH"},{"data":"Feel No Pain","floor":15,"key":"SMITH"}],"circlet_count":0,"master_deck":["AscendersBane","Strike_R","Strike_R","Strike_R","Strike_R","Defend_R","Defend_R","Defend_R+1","Defend_R+1","Bash","Shockwave+1","Feel No Pain+1","Whirlwind+1","Sever Soul","Pommel Strike"],"relics":["Burning Blood","NeowsBlessing","Golden Idol","Gremlin Horn","Paper Frog","White Beast Statue","War Paint"],"acts_visited":["Exordium"],"potions_floor_usage":[16,16],"damage_taken":[{"damage":0,"enemies":"2 Louse","floor":1,"turns":1},{"damage":0,"enemies":"Gremlin Nob","floor":7,"turns":1},{"damage":0,"enemies":"3 Sentries","floor":10,"turns":1},{"damage":13,"enemies":"Jaw Worm","floor":11,"turns":4},{"damage":5,"enemies":"Small Slimes","floor":13,"turns":2},{"damage":44,"enemies":"Hexaghost","floor":16,"turns":9}],"seed_played":"-5466502807827512758","potions_obtained":[{"floor":1,"key":"ElixirPotion"},{"floor":10,"key":"Swift Potion"},{"floor":11,"key":"GamblersBrew"},{"floor":13,"key":"PowerPotion"}],"is_trial":false,"path_per_floor":["M","?","$","?","$","R","E","R","T","E","M","?","M","?","R","B"],"character_chosen":"IRONCLAD","items_purchased":["Feel No Pain"],"campfire_rested":0,"item_purchase_floors":[3],"current_hp_per_floor":[74,67,67,67,67,67,68,68,68,68,61,61,62,44,44,0,0],"gold":140,"neow_bonus":"THREE_ENEMY_KILL","is_daily":false,"chose_seed":false,"campfire_upgraded":3,"win_rate":0.0,"timestamp":1610334330,"path_taken":["M","?","$","?","?","R","E","R","T","E","M","?","?","?","R","BOSS"],"items_purchased_type":["Card"],"build_version":"2020-12-22","purchased_purges":0,"victory":false,"max_hp_per_floor":[75,75,75,68,68,68,68,68,68,68,68,68,68,68,68,68,68],"relic_stats":{"Gremlin Horn":[0,0],"counters":[6,18],"Golden Idol":23,"War Paint":["Defend_R","Defend_R"],"obtain_stats":[{"NeowsBlessing":0,"Gremlin Horn":7,"Golden Idol":4,"War Paint":14,"Burning Blood":0,"White Beast Statue":10,"Paper Frog":9},{"NeowsBlessing":0,"Gremlin Horn":2,"Golden Idol":1,"War Paint":5,"Burning Blood":0,"White Beast Statue":3,"Paper Frog":2},{"NeowsBlessing":0,"Gremlin Horn":2,"Golden Idol":1,"War Paint":9,"Burning Blood":0,"White Beast Statue":3,"Paper Frog":2}],"Burning Blood":19},"card_choices":[{"not_picked":["Pummel","Twin Strike"],"picked":"Shockwave","floor":1},{"not_picked":["Hemokinesis","Seeing Red"],"picked":"Whirlwind","floor":7},{"not_picked":["Twin Strike","Bloodletting","Clothesline"],"picked":"SKIP","floor":10},{"not_picked":["Thunderclap","Intimidate"],"picked":"Sever Soul","floor":11},{"not_picked":["Wild Strike","Thunderclap"],"picked":"Pommel Strike","floor":13}],"player_experience":1989458,"relics_obtained":[{"floor":7,"key":"Gremlin Horn"},{"floor":9,"key":"Paper Frog"},{"floor":10,"key":"White Beast Statue"}],"event_choices":[{"cards_removed":["Strike_R"],"damage_healed":0,"gold_gain":0,"player_choice":"Card Removal","damage_taken":7,"max_hp_gain":0,"max_hp_loss":0,"event_name":"Golden Wing","floor":2,"gold_loss":0},{"damage_healed":0,"gold_gain":0,"player_choice":"Lose Max HP","damage_taken":0,"relics_obtained":["Golden Idol"],"max_hp_gain":0,"max_hp_loss":7,"event_name":"Golden Idol","floor":4,"gold_loss":0},{"damage_healed":0,"gold_gain":0,"player_choice":"Ignored","damage_taken":0,"max_hp_gain":0,"max_hp_loss":0,"event_name":"Liars Game","floor":12,"gold_loss":0},{"damage_healed":0,"gold_gain":0,"player_choice":"Success","damage_taken":18,"relics_obtained":["War Paint"],"max_hp_gain":0,"max_hp_loss":0,"event_name":"Scrap Ooze","floor":14,"gold_loss":0}],"is_beta":false,"boss_relics":[],"items_purged_floors":[],"is_endless":false,"potions_floor_spawned":[1,10,11,13],"killed_by":"Hexaghost","ascension_level":20}}