{"host":"yuhy0i501zzmn1iz","time":1610391943,"event":{"mods":["AchievementEnabler","AlwaysNeverKeys","BaseMod","Bestiary","Better Match","Better Third Choice","Curses Come First","Downfall","Minty Spire (QoL Compilation)","StSLib","slay the spire mod where everything is the same but ironclad has a cowboy hat"],"gold_per_floor":[118,193,2,15,32,32,46,60,60,119,119,119,148,167,167,167,167],"floor_reached":16,"playtime":596,"items_purged":[],"score":122,"play_id":"47d45b80-9bf1-4e76-9b06-2d2d10b76943","local_time":"20210111140543","is_ascension_mode":true,"campfire_choices":[{"data":"Calculated Gamble","floor":6,"key":"SMITH"},{"data":"Backstab","floor":11,"key":"SMITH"},{"floor":15,"key":"REST"}],"circlet_count":0,"master_deck":["Strike_G","Strike_G","Strike_G","Strike_G","Strike_G","Defend_G","Defend_G","Defend_G","Defend_G","Defend_G","Survivor","Neutralize","Calculated Gamble+1","Accuracy","Slice","Dagger Spray+1","Backstab+1","Deflect","Slice","Sucker Punch"],"relics":["Ring of the Snake","NeowsBlessing","Omamori","Ancient Tea Set","Boot"],"acts_visited":["Exordium"],"potions_floor_usage":[7,16,16],"damage_taken":[{"damage":0,"enemies":"Cultist","floor":1,"turns":1},{"damage":0,"enemies":"Small Slimes","floor":4,"turns":1},{"damage":0,"enemies":"Jaw Worm","floor":5,"turns":1},{"damage":4,"enemies":"Exordium Thugs","floor":7,"turns":2},{"damage":3,"enemies":"Blue Slaver","floor":8,"turns":4},{"damage":29,"enemies":"Gremlin Nob","floor":13,"turns":5},{"damage":0,"enemies":"2 Fungi Beasts","floor":14,"turns":1},{"damage":55,"enemies":"Hexaghost","floor":16,"turns":14}],"seed_played":"5715867292243799175","potions_obtained":[{"floor":1,"key":"Dexterity Potion"},{"floor":4,"key":"AttackPotion"},{"floor":8,"key":"SmokeBomb"},{"floor":14,"key":"Guardian:BlockOnCardUsePotion"}],"is_trial":false,"path_per_floor":["M","?","$","M","M","R","M","M","T","?","R","?","E","M","R","B"],"character_chosen":"THE_SILENT","items_purchased":["Omamori","Accuracy"],"campfire_rested":1,"item_purchase_floors":[3,3],"current_hp_per_floor":[70,63,63,63,63,63,59,56,56,56,56,56,27,27,48,0,0],"gold":167,"neow_bonus":"THREE_ENEMY_KILL","is_daily":false,"chose_seed":false,"campfire_upgraded":2,"win_rate":0.0,"timestamp":1610391943,"path_taken":["M","?","$","M","?","R","M","M","T","?","R","?","E","?","R","BOSS"],"items_purchased_type":["Relic","Card"],"build_version":"2020-12-22","purchased_purges":0,"victory":false,"max_hp_per_floor":[70,70,70,70,70,70,70,70,70,70,70,70,70,70,70,70,70],"card_choices":[{"not_picked":["Heel Hook","Dagger Throw"],"picked":"Calculated Gamble","floor":1},{"not_picked":["Eviscerate","Flechettes"],"picked":"Slice","floor":4},{"not_picked":["Poisoned Stab","Backflip"],"picked":"Dagger Spray","floor":5},{"not_picked":["Accuracy","Calculated Gamble"],"picked":"Backstab","floor":7},{"not_picked":["Dodge and Roll","Distraction"],"picked":"Deflect","floor":8},{"not_picked":["Backflip","Unload"],"picked":"Slice","floor":13},{"not_picked":["Dodge and Roll","Deflect"],"picked":"Sucker Punch","floor":14}],"player_experience":274638,"relics_obtained":[{"floor":9,"key":"Ancient Tea Set"},{"floor":13,"key":"Boot"}],"event_choices":[{"damage_healed":0,"gold_gain":75,"player_choice":"Touch","damage_taken":7,"max_hp_gain":0,"max_hp_loss":0,"event_name":"FaceTrader","floor":2,"gold_loss":0},{"damage_healed":0,"gold_gain":59,"player_choice":"Gained Gold","damage_taken":0,"max_hp_gain":0,"max_hp_loss":0,"event_name":"Golden Wing","floor":10,"gold_loss":0},{"damage_healed":0,"gold_gain":0,"player_choice":"Upgraded","damage_taken":0,"max_hp_gain":0,"max_hp_loss":0,"event_name":"Upgrade Shrine","floor":12,"gold_loss":0,"cards_upgraded":["Dagger Spray"]}],"is_beta":false,"boss_relics":[],"items_purged_floors":[],"is_endless":false,"potions_floor_spawned":[1,4,8,14],"killed_by":"Hexaghost","ascension_level":4}}