{"host":"lxihx0b6awoz2w1j","time":1610383992,"event":{"mods":["Aspiration","BaseMod","Better Third Choice","CapriCore","Colored Powertips","Downfall","Hermit","Hubris","Infinite Spire","JesterMod","Luminous","Marisa????????","Melee Mod","Minty Spire (QoL Compilation)","Prisma Mod","Quick Restart","Relic Stats","Replay The Spire","Shade Mod","Spicy Shops","StSLib","The Alterego","The Blue Laboratory","The Cursed","The Disciple","The Forsaken","The Immortal","The Jungle","The Marked","The Runesmith","The Senshi","The Servant 0.9.4","Waifu the Spire"],"gold_per_floor":[113,128,140,151,161,161,191,191,214,214,67,128,139,150,150,259,259,284,305,326,326,355,399,399,420,447,466,466,495,30,59,59,167,167,167],"floor_reached":34,"playtime":2855,"items_purged":["Writhe"],"score":530,"play_id":"75d1b03a-a644-4faf-b413-538cf88bddeb","local_time":"20210111175312","is_ascension_mode":false,"campfire_choices":[{"floor":6.0,"key":"REST"},{"data":"Zap","floor":8.0,"key":"SMITH"},{"data":"Go for the Eyes","floor":10.0,"key":"SMITH"},{"floor":15.0,"key":"DIG"},{"data":"White Noise","floor":24.0,"key":"SMITH"},{"data":"BasicCrystalCard","floor":28,"key":"SMITH"},{"data":"Iron Wave","floor":32,"key":"SMITH"}],"circlet_count":0,"master_deck":["Strike_B+1","Strike_B+1","Strike_B+1","Strike_B+1","Defend_B","Defend_B","Defend_B","Defend_B","Zap+1","Dualcast","Go for the Eyes+1","FTL","Sweeping Beam","aspiration:Polymerization","Steam","Conserve Battery","White Noise+1","Cold Snap","BasicCrystalCard+1","Amplify","Pommel Strike","Clothesline","Iron Wave+1","Leap+1","hubris:SpecializedCircuitry","Infernal Blade+1","Streamline","Thunder Strike","hubris:Compulsion","Cold Snap","Immolate"],"relics":["Cracked Core","infinitespire:Satchel","aspiration:TomeofQuesting","Runic Capacitor","Garlic","CeramicFish","aspiration:IroncladSkillbook","alterego_mod:SomeoneToFightFor","hubris:ToyBattleship","MealTicket","ReplayTheSpireMod:CursedCoin","FossilizedHelix","Replay:Bottled Eggs","infinitespire:EvilPickle"],"acts_visited":["Exordium","TheCity"],"potions_floor_usage":[],"damage_taken":[{"damage":1.0,"enemies":"Cultist","floor":1.0,"turns":3.0},{"damage":2.0,"enemies":"2 Louse","floor":2.0,"turns":2.0},{"damage":1.0,"enemies":"Jaw Worm","floor":3.0,"turns":3.0},{"damage":13.0,"enemies":"Exordium Wildlife","floor":4.0,"turns":5.0},{"damage":13.0,"enemies":"3 Louse","floor":5.0,"turns":2.0},{"damage":10.0,"enemies":"3 Sentries","floor":7.0,"turns":6.0},{"damage":0.0,"enemies":"2 Fungi Beasts","floor":13.0,"turns":3.0},{"damage":0.0,"enemies":"Red Slaver","floor":14.0,"turns":3.0},{"damage":39.0,"enemies":"Slime Boss","floor":16.0,"turns":11.0},{"damage":2.0,"enemies":"Chosen","floor":18.0,"turns":5.0},{"damage":14.0,"enemies":"Spheric Guardian","floor":19.0,"turns":4.0},{"damage":5.0,"enemies":"Snake Plant","floor":20.0,"turns":5.0},{"damage":0.0,"enemies":"3 Cultists","floor":22.0,"turns":6.0},{"damage":14.0,"enemies":"Nightmare","floor":23.0,"turns":13.0},{"damage":0,"enemies":"Snecko","floor":25,"turns":5},{"damage":0,"enemies":"Centurion and Healer","floor":27,"turns":7},{"damage":5,"enemies":"Snake Plant","floor":29,"turns":5},{"damage":9,"enemies":"Sentry and Sphere","floor":31,"turns":4},{"damage":61,"enemies":"Pondfish","floor":33,"turns":11}],"seed_played":"-4234538157663442295","potions_obtained":[{"floor":3.0,"key":"blueLaboratory:BottledHope"},{"floor":4.0,"key":"blueLaboratory:BottleOfRum"},{"floor":5.0,"key":"sneckomod:MuddlingPotion"},{"floor":14.0,"key":"blueLaboratory:CoolantVial"},{"floor":22.0,"key":"Dexterity Potion"},{"floor":25,"key":"FairyPotion"},{"floor":31,"key":"Block Potion"}],"is_trial":false,"path_per_floor":["M","M","M","M","M","R","E","R","T","R","$","?","M","M","R","B",null,"M","M","M","?","M","NM","R","M","T","M","R","M","$","M","R","B",null],"character_chosen":"DEFECT","items_purchased":["Runic Capacitor","ReplayTheSpireMod:CursedCoin","FossilizedHelix","Replay:Bottled Eggs"],"campfire_rested":1,"item_purchase_floors":[11,30,30,30],"current_hp_per_floor":[81,79,78,65,52,76,66,66,66,66,66,66,66,66,66,27,82,82,72,71,71,75,65,65,69,69,73,73,72,82,77,77,48,48,48],"gold":167,"neow_bonus":"TEN_PERCENT_HP_BONUS","is_daily":false,"chose_seed":false,"campfire_upgraded":5,"win_rate":0.0,"timestamp":1610383992,"path_taken":["M","M","M","?","M","R","E","R","T","R","$","?","M","M","R","BOSS","M","M","M","?","M","NM","R","M","T","M","R","M","$","M","R","BOSS"],"items_purchased_type":["Relic","Relic","Relic","Relic"],"build_version":"2020-12-22","purchased_purges":1,"victory":false,"max_hp_per_floor":[82,82,82,82,82,82,82,82,82,82,82,82,82,82,82,82,82,82,82,82,82,82,82,82,82,82,82,82,82,82,82,82,82,82,82],"relic_stats":{"counters":[19,103],"CeramicFish":117,"MealTicket":10,"obtain_stats":[{"ReplayTheSpireMod:CursedCoin":30,"CeramicFish":15,"aspiration:TomeofQuesting":9,"Runic Capacitor":11,"alterego_mod:SomeoneToFightFor":21,"aspiration:IroncladSkillbook":17,"infinitespire:EvilPickle":33,"infinitespire:Satchel":7,"MealTicket":26,"Garlic":12,"hubris:ToyBattleship":23,"Replay:Bottled Eggs":30,"Cracked Core":0,"FossilizedHelix":30},{"ReplayTheSpireMod:CursedCoin":17,"CeramicFish":8,"aspiration:TomeofQuesting":6,"Runic Capacitor":6,"alterego_mod:SomeoneToFightFor":12,"aspiration:IroncladSkillbook":9,"infinitespire:EvilPickle":19,"infinitespire:Satchel":6,"MealTicket":15,"Garlic":6,"hubris:ToyBattleship":14,"Replay:Bottled Eggs":17,"Cracked Core":0,"FossilizedHelix":17},{"ReplayTheSpireMod:CursedCoin":88,"CeramicFish":27,"aspiration:TomeofQuesting":21,"Runic Capacitor":21,"alterego_mod:SomeoneToFightFor":52,"aspiration:IroncladSkillbook":38,"infinitespire:EvilPickle":103,"infinitespire:Satchel":21,"MealTicket":76,"Garlic":21,"hubris:ToyBattleship":71,"Replay:Bottled Eggs":88,"Cracked Core":0,"FossilizedHelix":88}]},"card_choices":[{"not_picked":["Coolheaded","Steam"],"picked":"Go for the Eyes","floor":1.0},{"not_picked":["Turbo","Conserve Battery"],"picked":"FTL","floor":2.0},{"not_picked":["Cold Snap","Steam Power"],"picked":"Sweeping Beam","floor":3.0},{"not_picked":["Stack","Cold Snap"],"picked":"aspiration:Polymerization","floor":4.0},{"not_picked":["Steam Power","ReplaySort"],"picked":"Steam","floor":5.0},{"not_picked":["Skim","Gash"],"picked":"Conserve Battery","floor":7.0},{"not_picked":["Conserve Battery","Coolheaded"],"picked":"White Noise","floor":12.0},{"not_picked":["Reinforced Body","ReplaySort"],"picked":"Cold Snap","floor":12.0},{"not_picked":["Turbo","ReplayTheSpireMod:GoodbyeWorld","Streamline"],"picked":"SKIP","floor":13.0},{"not_picked":["Undo","Turbo"],"picked":"BasicCrystalCard","floor":14.0},{"not_picked":["ReplayTheSpireMod:Omega Cannon","Biased Cognition"],"picked":"Amplify","floor":16.0},{"not_picked":["Streamline","Cleave","Steam Power"],"picked":"Pommel Strike","floor":18.0},{"not_picked":["Reinforced Body","Cleave","Beam Cell"],"picked":"Clothesline","floor":19.0},{"not_picked":["Carnage+1","Twin Strike+1","Ball Lightning"],"picked":"Iron Wave","floor":20.0},{"not_picked":["Warcry+1","Armaments","Clash+1"],"picked":"Leap+1","floor":22.0},{"not_picked":["Barrage","Stack","Hologram+1"],"picked":"hubris:SpecializedCircuitry","floor":23.0},{"not_picked":["Replay:Undeath\u0027s Touch","Perfected Strike","Searing Blow"],"picked":"Infernal Blade+1","floor":25},{"not_picked":["Sentinel+1","ReplaySort","Blizzard"],"picked":"Streamline","floor":27},{"not_picked":["Steam","Sweeping Beam+1","Dual Wield"],"picked":"Thunder Strike","floor":29},{"not_picked":["Dropkick+1","Thunderclap","Body Slam"],"picked":"Cold Snap","floor":31},{"not_picked":["Exhume","Thunder Strike","Eclipse"],"picked":"Immolate","floor":33}],"player_experience":568517,"relics_obtained":[{"floor":7.0,"key":"infinitespire:Satchel"},{"floor":9.0,"key":"aspiration:TomeofQuesting"},{"floor":12.0,"key":"Garlic"},{"floor":15.0,"key":"CeramicFish"},{"floor":23.0,"key":"hubris:ToyBattleship"},{"floor":26,"key":"MealTicket"}],"event_choices":[{"damage_healed":0.0,"max_hp_gain":0.0,"max_hp_loss":0.0,"gold_gain":0.0,"event_name":"Secret Garden","player_choice":"Choice 2","floor":21.0,"gold_loss":0.0,"damage_taken":0.0,"relics_obtained":["alterego_mod:SomeoneToFightFor"]}],"is_beta":false,"boss_relics":[{"not_picked":["Ring of Chaos","aspiration:FutureDiary"],"picked":"aspiration:IroncladSkillbook"}],"items_purged_floors":[30],"is_endless":true,"potions_floor_spawned":[3,4,5,14,20,22,25,27,31],"ascension_level":0}}