{"host":"hw13b7hbn5su36xt","time":1610400390,"event":{"mods":["2.2 Compatiblity","BaseMod","Bestiary","Colored Map","Colored Powertips","Curses Come First","Dark Map","Downfall","Minty Spire (QoL Compilation)","RNG Fix","Relic Filter","Relic Sorter","Relic Stats","StSLib"],"gold_per_floor":[99,117,132,42,42,201,228,228,228,19,41,62,62,91,119,119,119,119],"floor_reached":16,"playtime":1163,"items_purged":["champ:Strike","Slimebound:Icky"],"score":110,"play_id":"4dde46c9-fa16-417d-ac78-95d2f81f9ecc","local_time":"20210111212630","is_ascension_mode":true,"campfire_choices":[{"data":"champ:Defend","floor":1,"key":"SMITH"},{"data":"champ:Control","floor":9,"key":"SMITH"},{"floor":13,"key":"REST"}],"circlet_count":0,"master_deck":["champ:Strike","champ:Strike","champ:Strike","champ:Defend+1","champ:Defend","champ:Defend","champ:Execute","champ:Taunt","champ:FocusedBerserking","champ:DeathBlow","champ:Control+1","champ:Backstep","champ:Encircle","champ:StanceDance","champ:CalledShot","champ:DefensiveShout"],"relics":["champ:ChampionCrown","CeramicFish","Bag of Marbles","Membership Card","Dream Catcher"],"acts_visited":["Exordium"],"potions_floor_usage":[14,14],"damage_taken":[{"damage":10,"enemies":"2 Louse","floor":2,"turns":2},{"damage":9,"enemies":"Small Slimes","floor":3,"turns":4},{"damage":40,"enemies":"downfall:FleeingMerchant","floor":4,"turns":4},{"damage":28,"enemies":"downfall:FleeingMerchant","floor":10,"turns":4},{"damage":7,"enemies":"Jaw Worm","floor":11,"turns":2},{"damage":54,"enemies":"Gremlin Gang","floor":12,"turns":4},{"damage":32,"enemies":"3 Sentries","floor":14,"turns":6},{"damage":17,"enemies":"Large Slime","floor":15,"turns":4},{"damage":118,"enemies":"downfall:Defect","floor":16,"turns":6}],"seed_played":"2899548546320160560","potions_obtained":[{"floor":11,"key":"SkillPotion"},{"floor":12,"key":"Regen Potion"}],"is_trial":false,"path_per_floor":["R","M","M","$","?","?","T","?","R","$","M","M","R","E","M","B"],"character_chosen":"THE_CHAMP","items_purchased":["Membership Card","champ:Encircle"],"campfire_rested":1,"item_purchase_floors":[10,10],"current_hp_per_floor":[90,80,76,66,66,66,66,66,66,61,61,33,60,66,64,0,0,0],"gold":119,"neow_bonus":"REMOVE_CARD","is_daily":false,"chose_seed":false,"campfire_upgraded":2,"win_rate":0.0,"timestamp":1610400390,"path_taken":["R","M","M","$","?","?","T","?","R","$","M","?","R","E","M","BOSS"],"items_purchased_type":["Relic","Card"],"build_version":"2020-12-22","purchased_purges":2,"victory":false,"max_hp_per_floor":[90,90,90,90,90,90,90,90,90,90,90,90,90,90,90,90,90,90],"relic_stats":{"Dream Catcher":0,"counters":[9,36],"CeramicFish":54,"obtain_stats":[{"Dream Catcher":14,"CeramicFish":5,"champ:ChampionCrown":0,"Bag of Marbles":7,"Membership Card":10},{"Dream Catcher":7,"CeramicFish":3,"champ:ChampionCrown":0,"Bag of Marbles":3,"Membership Card":4},{"Dream Catcher":26,"CeramicFish":10,"champ:ChampionCrown":0,"Bag of Marbles":10,"Membership Card":14}]},"card_choices":[{"not_picked":["champ:DefensiveStyle","champ:BerserkersShout"],"picked":"champ:FocusedBerserking","floor":2},{"not_picked":["champ:ArenaPreparation","champ:GladiatorsShout"],"picked":"champ:DeathBlow","floor":3},{"not_picked":["champ:EndlessRage","champ:Lariat"],"picked":"champ:Control","floor":4},{"not_picked":["champ:BerserkerStyle","champ:RageSigil"],"picked":"champ:Backstep","floor":10},{"not_picked":["champ:FlashCut","champ:BringItOn"],"picked":"champ:StanceDance","floor":11},{"not_picked":["champ:Backstep","champ:Haymaker"],"picked":"champ:CalledShot","floor":12},{"not_picked":["champ:FocusedGladiator","champ:EnGarde","champ:Riposte"],"picked":"SKIP","floor":14},{"not_picked":["champ:Riposte","champ:FocusedBerserking"],"picked":"champ:DefensiveShout","floor":15}],"player_experience":363442,"relics_obtained":[{"floor":5,"key":"CeramicFish"},{"floor":7,"key":"Bag of Marbles"},{"floor":14,"key":"Dream Catcher"}],"event_choices":[{"damage_healed":0,"gold_gain":0,"player_choice":"Relic","damage_taken":0,"max_hp_gain":0,"max_hp_loss":0,"event_name":"Wheel of Change","floor":5,"gold_loss":0}],"is_beta":false,"boss_relics":[],"items_purged_floors":[4,10],"is_endless":false,"potions_floor_spawned":[11,12],"killed_by":"downfall:Defect","ascension_level":2}}