{"host":"gsgpu9obojnqwpp0","time":1610405921,"event":{"mods":["AchievementEnabler","BaseMod","Block Reminder","DeckTracker","Minty Spire (QoL Compilation)","Permanent Neow"],"gold_per_floor":[114,80,95,110,125,155,155,155,205,235,160,160,175,125,125,225,225,240,255,255,5,20,35,50,50,50],"floor_reached":25,"playtime":948,"items_purged":["Strike_R"],"score":240,"play_id":"46db02cf-e818-410d-87d6-93d62fd5f351","local_time":"20210111175841","daily_mods":["Allstar","ControlledChaos","Lethality"],"is_ascension_mode":false,"campfire_choices":[{"data":"Metallicize","floor":7,"key":"SMITH"},{"data":"Apotheosis","floor":12,"key":"SMITH"},{"data":"Fiend Fire","floor":15,"key":"SMITH"}],"circlet_count":0,"master_deck":["Strike_R","Strike_R","Strike_R","Defend_R","Defend_R","Defend_R","Defend_R","Bash","Mayhem","Panacea","Apotheosis+1","Good Instincts","Metamorphosis","Metallicize+1","Fiend Fire+1","Barricade","Intimidate+1","Body Slam","Headbutt+1"],"relics":["Burning Blood","Frozen Eye","Magic Flower","Potion Belt","Sundial","Fusion Hammer","Singing Bowl"],"acts_visited":["Exordium","TheCity"],"potions_floor_usage":[10,10,13,19,19,24],"damage_taken":[{"damage":3,"enemies":"Jaw Worm","floor":1,"turns":3},{"damage":5,"enemies":"2 Louse","floor":3,"turns":3},{"damage":15,"enemies":"Small Slimes","floor":4,"turns":3},{"damage":10,"enemies":"Red Slaver","floor":5,"turns":4},{"damage":22,"enemies":"Gremlin Nob","floor":6,"turns":4},{"damage":0,"enemies":"Lagavulin","floor":10,"turns":4},{"damage":9,"enemies":"Looter","floor":13,"turns":2},{"damage":62,"enemies":"Hexaghost","floor":16,"turns":6},{"damage":0,"enemies":"Chosen","floor":18,"turns":4},{"damage":16,"enemies":"3 Byrds","floor":19,"turns":3},{"damage":17,"enemies":"Snake Plant","floor":22,"turns":5},{"damage":35,"enemies":"Chosen and Byrds","floor":23,"turns":6},{"damage":32,"enemies":"Shelled Parasite and Fungi","floor":24,"turns":5},{"damage":19,"enemies":"Sentry and Sphere","floor":25,"turns":3}],"seed_played":"2608465768335268498","potions_obtained":[{"floor":3,"key":"GamblersBrew"},{"floor":4,"key":"DuplicationPotion"},{"floor":6,"key":"DistilledChaos"},{"floor":16,"key":"LiquidBronze"},{"floor":18,"key":"DistilledChaos"},{"floor":23,"key":"SkillPotion"}],"is_trial":false,"path_per_floor":["M","?","M","M","M","E","R","?","T","E","$","R","M","?","R","B",null,"M","M","?","$","M","M","M","M"],"character_chosen":"IRONCLAD","items_purchased":["Singing Bowl"],"campfire_rested":0,"item_purchase_floors":[21],"current_hp_per_floor":[80,80,80,71,67,51,51,56,56,65,65,65,65,65,65,12,85,85,78,70,70,64,38,17,0,0],"gold":50,"neow_bonus":"","is_daily":true,"chose_seed":false,"campfire_upgraded":3,"win_rate":0.0,"timestamp":1610405921,"path_taken":["M","?","M","M","M","E","R","?","T","E","$","R","M","?","R","BOSS","M","M","?","$","?","M","M","M"],"items_purchased_type":["Relic"],"build_version":"2020-12-22","purchased_purges":1,"victory":false,"max_hp_per_floor":[80,80,80,80,80,80,80,85,85,85,85,85,85,85,85,85,85,85,85,85,85,87,87,89,89,89],"card_choices":[{"not_picked":["Anger","Warcry","Sword Boomerang"],"picked":"SKIP","floor":1},{"not_picked":["Warcry","Headbutt"],"picked":"Metallicize","floor":3},{"not_picked":["Cleave","Intimidate","Flex"],"picked":"SKIP","floor":4},{"not_picked":["Armaments","Shrug It Off","Twin Strike"],"picked":"SKIP","floor":5},{"not_picked":["True Grit","Anger"],"picked":"Fiend Fire","floor":6},{"not_picked":["Body Slam","Uppercut","Twin Strike"],"picked":"SKIP","floor":10},{"not_picked":["Blood for Blood","Feel No Pain","Clash"],"picked":"SKIP","floor":13},{"not_picked":["Offering","Brutality"],"picked":"Barricade","floor":16},{"not_picked":["Thunderclap","Clash"],"picked":"Intimidate+1","floor":18},{"not_picked":["Flex","Twin Strike"],"picked":"Body Slam","floor":19},{"not_picked":["Headbutt+1","Uppercut","Second Wind"],"picked":"Singing Bowl","floor":22},{"not_picked":["Shockwave","Heavy Blade+1"],"picked":"Headbutt+1","floor":23},{"not_picked":["Sword Boomerang","Pommel Strike","Body Slam"],"picked":"Singing Bowl","floor":24}],"player_experience":259254,"relics_obtained":[{"floor":6,"key":"Magic Flower"},{"floor":9,"key":"Potion Belt"},{"floor":10,"key":"Sundial"}],"event_choices":[{"damage_healed":0,"gold_gain":0,"player_choice":"Left Gold","damage_taken":0,"max_hp_gain":0,"max_hp_loss":0,"event_name":"World of Goop","floor":2,"gold_loss":34},{"damage_healed":0,"gold_gain":0,"player_choice":"Donut","damage_taken":0,"max_hp_gain":5,"max_hp_loss":0,"event_name":"Big Fish","floor":8,"gold_loss":0},{"cards_removed":["Strike_R"],"damage_healed":0,"gold_gain":0,"player_choice":"Card Removal","damage_taken":0,"max_hp_gain":0,"max_hp_loss":0,"event_name":"The Cleric","floor":14,"gold_loss":50},{"damage_healed":0,"gold_gain":0,"player_choice":"Damaged","damage_taken":8,"max_hp_gain":0,"max_hp_loss":0,"event_name":"Wheel of Change","floor":20,"gold_loss":0}],"is_beta":false,"boss_relics":[{"not_picked":["Runic Dome","Calling Bell"],"picked":"Fusion Hammer"}],"items_purged_floors":[11],"is_endless":false,"potions_floor_spawned":[3,4,6,16,18,23],"killed_by":"Sentry and Sphere","ascension_level":0}}