{"host":"2lo6hma6kymb0g9i","time":1610390597,"event":{"mods":["BaseMod","Colored Map","DeckTracker","Minty Spire (QoL Compilation)"],"gold_per_floor":[113,113,38,38,54,85,85,104,104,122,132,132,162,177,177,254,254,272,299,318,233,233,233,248,259,259,28,28,42,42,55,55,128,128,144,155,155,172,172,198,98,98,121,172,172,172],"floor_reached":45,"playtime":3411,"items_purged":["Strike_B","Strike_B"],"score":840,"play_id":"56a4164a-9df8-4dcf-84d7-65099ed4cc2e","local_time":"20210112034317","is_ascension_mode":true,"campfire_choices":[{"data":"Defragment","floor":7,"key":"SMITH"},{"data":"Defragment","floor":12,"key":"SMITH"},{"data":"Cold Snap","floor":15,"key":"SMITH"},{"floor":23,"key":"REST"},{"floor":28,"key":"REST"},{"data":"Defragment","floor":30,"key":"SMITH"},{"floor":32,"key":"REST"},{"floor":42,"key":"REST"}],"circlet_count":0,"master_deck":["AscendersBane","Defend_B","Defend_B","Defend_B","Zap","Dualcast","Glacier","Defragment+1","Defragment+1","Coolheaded","BootSequence","Compile Driver","Cold Snap+1","Blizzard","Echo Form","Turbo+1","Defragment+1","Skim","Turbo","Steam Power+1","Barrage","Skim+1","Glacier"],"relics":["Cracked Core","NeowsBlessing","Pantograph","Darkstone Periapt","Art of War","Black Star","Red Mask","Symbiotic Virus","Sundial","Mercury Hourglass","Runic Capacitor","Inserter","Du-Vu Doll","Happy Flower","Shovel"],"acts_visited":["Exordium","TheCity","TheBeyond"],"potions_floor_usage":[10,19,36,38,45],"damage_taken":[{"damage":0,"enemies":"Jaw Worm","floor":1,"turns":1},{"damage":0,"enemies":"Small Slimes","floor":5,"turns":1},{"damage":0,"enemies":"Gremlin Nob","floor":6,"turns":1},{"damage":0,"enemies":"2 Louse","floor":8,"turns":3},{"damage":9,"enemies":"Gremlin Gang","floor":10,"turns":7},{"damage":15,"enemies":"2 Fungi Beasts","floor":11,"turns":5},{"damage":2,"enemies":"Lagavulin","floor":13,"turns":11},{"damage":0,"enemies":"Blue Slaver","floor":14,"turns":4},{"damage":17,"enemies":"The Guardian","floor":16,"turns":18},{"damage":0,"enemies":"Spheric Guardian","floor":18,"turns":5},{"damage":51,"enemies":"Masked Bandits","floor":19,"turns":8},{"damage":0,"enemies":"Shell Parasite","floor":20,"turns":8},{"damage":1,"enemies":"Chosen and Byrds","floor":24,"turns":10},{"damage":15,"enemies":"Snecko","floor":25,"turns":5},{"damage":14,"enemies":"Snake Plant","floor":29,"turns":5},{"damage":0,"enemies":"3 Cultists","floor":31,"turns":4},{"damage":1,"enemies":"Automaton","floor":33,"turns":13},{"damage":34,"enemies":"3 Darklings","floor":35,"turns":5},{"damage":8,"enemies":"Orb Walker","floor":36,"turns":5},{"damage":3,"enemies":"4 Shapes","floor":38,"turns":7},{"damage":9,"enemies":"Nemesis","floor":40,"turns":7},{"damage":24,"enemies":"2 Orb Walkers","floor":44,"turns":5},{"damage":19,"enemies":"3 Darklings","floor":45,"turns":2}],"seed_played":"6817377499428606000","potions_obtained":[{"floor":1,"key":"SpeedPotion"},{"floor":10,"key":"SteroidPotion"},{"floor":11,"key":"Swift Potion"},{"floor":16,"key":"FocusPotion"},{"floor":19,"key":"DistilledChaos"},{"floor":38,"key":"Fruit Juice"},{"floor":44,"key":"Strength Potion"}],"is_trial":false,"path_per_floor":["M","?","?","?","M","E","R","M","T","M","M","R","E","M","R","B",null,"M","?","M","?","T","R","M","M","T","$","R","M","R","M","R","B",null,"M","M","?","M","?","E","$","R","T","?","M"],"character_chosen":"DEFECT","items_purchased":["Runic Capacitor"],"campfire_rested":4,"item_purchase_floors":[27],"current_hp_per_floor":[64,64,64,64,64,64,64,64,64,55,40,40,38,38,38,46,65,65,14,14,14,14,35,34,19,19,19,40,26,26,26,47,70,71,37,29,29,31,31,22,22,43,43,19,0,0],"gold":172,"neow_bonus":"THREE_ENEMY_KILL","is_daily":false,"chose_seed":false,"campfire_upgraded":4,"win_rate":0.0,"timestamp":1610390597,"path_taken":["M","?","?","?","M","E","R","M","T","M","?","R","E","M","R","BOSS","M","?","M","?","?","R","M","M","T","$","R","M","R","M","R","BOSS","M","M","?","M","?","E","$","R","T","?","M"],"items_purchased_type":["Relic"],"build_version":"2020-12-22","purchased_purges":2,"victory":false,"max_hp_per_floor":[71,71,71,71,71,71,71,71,71,71,71,71,71,71,71,71,71,71,71,71,71,71,71,71,71,71,71,71,71,71,71,71,71,71,71,71,71,76,72,72,72,72,72,72,72,72],"card_choices":[{"not_picked":["Heatsinks","Redo"],"picked":"Glacier","floor":1},{"not_picked":["Sweeping Beam","Turbo"],"picked":"Defragment","floor":5},{"not_picked":["Compile Driver","Stack"],"picked":"Defragment","floor":6},{"not_picked":["Redo","Heatsinks"],"picked":"Coolheaded","floor":8},{"not_picked":["Meteor Strike","Tempest"],"picked":"BootSequence","floor":10},{"not_picked":["Stack","Rebound"],"picked":"Compile Driver","floor":11},{"not_picked":["Lockon","Amplify"],"picked":"Cold Snap","floor":13},{"not_picked":["Rebound","Go for the Eyes"],"picked":"Blizzard","floor":14},{"not_picked":["Creative AI","Seek"],"picked":"Echo Form","floor":16},{"not_picked":["Reprogram","Scrape+1"],"picked":"Turbo+1","floor":18},{"not_picked":["Sweeping Beam","Conserve Battery","Compile Driver"],"picked":"SKIP","floor":20},{"not_picked":["Sweeping Beam","Conserve Battery","Compile Driver"],"picked":"SKIP","floor":20},{"not_picked":["Scrape","Aggregate"],"picked":"Defragment","floor":24},{"not_picked":["Steam","Rebound"],"picked":"Skim","floor":25},{"not_picked":["Streamline","Coolheaded","Tempest+1"],"picked":"SKIP","floor":29},{"not_picked":["Gash","Steam"],"picked":"Turbo","floor":31},{"not_picked":["Gash","Cold Snap","White Noise"],"picked":"SKIP","floor":35},{"not_picked":["Conserve Battery","Leap"],"picked":"Steam Power+1","floor":36},{"not_picked":["Leap+1","Reprogram+1"],"picked":"Barrage","floor":38},{"not_picked":["Force Field","Hologram"],"picked":"Skim+1","floor":40},{"not_picked":["Hello World","Double Energy"],"picked":"Glacier","floor":44}],"player_experience":1038236,"relics_obtained":[{"floor":6,"key":"Pantograph"},{"floor":9,"key":"Darkstone Periapt"},{"floor":13,"key":"Art of War"},{"floor":19,"key":"Red Mask"},{"floor":22,"key":"Sundial"},{"floor":26,"key":"Mercury Hourglass"},{"floor":40,"key":"Du-Vu Doll"},{"floor":40,"key":"Happy Flower"},{"floor":44,"key":"Shovel"}],"event_choices":[{"damage_healed":0,"gold_gain":0,"player_choice":"Ignored","damage_taken":0,"max_hp_gain":0,"max_hp_loss":0,"event_name":"Liars Game","floor":2,"gold_loss":0},{"cards_removed":["Strike_B"],"damage_healed":0,"gold_gain":0,"player_choice":"Card Removal","damage_taken":0,"max_hp_gain":0,"max_hp_loss":0,"event_name":"The Cleric","floor":3,"gold_loss":75},{"cards_removed":["Strike_B"],"damage_healed":0,"gold_gain":0,"player_choice":"Forget","damage_taken":0,"max_hp_gain":0,"max_hp_loss":0,"event_name":"Living Wall","floor":4,"gold_loss":0},{"damage_healed":0,"gold_gain":0,"player_choice":"Fought Bandits","damage_taken":0,"max_hp_gain":0,"max_hp_loss":0,"event_name":"Masked Bandits","floor":19,"gold_loss":0},{"damage_healed":0,"gold_gain":0,"player_choice":"Obtained Relic","damage_taken":0,"relics_obtained":["Symbiotic Virus"],"max_hp_gain":0,"max_hp_loss":0,"event_name":"Addict","floor":21,"gold_loss":85},{"cards_removed":["Defend_B"],"damage_healed":0,"gold_gain":0,"player_choice":"Removed Skill","damage_taken":0,"max_hp_gain":0,"max_hp_loss":0,"event_name":"Falling","floor":37,"gold_loss":0},{"damage_healed":0,"gold_gain":0,"player_choice":"Max HP","damage_taken":0,"max_hp_gain":0,"max_hp_loss":4,"event_name":"Winding Halls","floor":39,"gold_loss":0},{"damage_healed":0,"gold_gain":0,"player_choice":"Fight","damage_taken":0,"max_hp_gain":0,"max_hp_loss":0,"event_name":"Mysterious Sphere","floor":44,"gold_loss":0}],"is_beta":false,"boss_relics":[{"not_picked":["Velvet Choker","Coffee Dripper"],"picked":"Black Star"},{"not_picked":["Philosopher\u0027s Stone","Tiny House"],"picked":"Inserter"}],"items_purged_floors":[27,41],"is_endless":false,"potions_floor_spawned":[1,10,11,13,16,19,20,24,29,35,38,44],"killed_by":"3 Darklings","ascension_level":15}}