{"host":"Leo","time":1610329267,"event":{"mods":["Act Like it!","BaseMod","Challenge The Spire","Colored Map","Colored Powertips","Downfall","Gensokyo","Hubris","Infinite Spire","KinomotoSakuraMod(ñÿîVñ{?)","KomeijiMod","MarisaÅiñ∂âJÅ@ñÇóùçπÅj","Minty Spire (QoL Compilation)","Pale of the Ancients","Prisma Mod","Quick Restart","Random Character Mod","Rare Cards Sparkle","Replay The Spire","StSLib","The Jungle"],"gold_per_floor":[114,129,204,219,69,69,99,99,149,179,85,85,100,100,100,200,200,215,230,230,80,95,95,110,110,160,187,294,306,348,375,387,499,511,538,550,76,76,76,76,76],"floor_reached":40,"playtime":3018,"items_purged":[],"score":437,"play_id":"c39bcce5-a5fa-428b-b5a5-07ee2b11b692","local_time":"20210110204107","daily_mods":["Allstar","Purple Cards","Terminal"],"is_ascension_mode":false,"campfire_choices":[{"data":"Dramatic Entrance","floor":6,"key":"SMITH"},{"data":"Replay:SS_hec_4","floor":12,"key":"SMITH"},{"data":"Rampage","floor":15,"key":"SMITH"},{"data":"Rampage","floor":23,"key":"SMITH"},{"data":"Run Through","floor":29,"key":"SMITH"},{"floor":32,"key":"DIG"}],"circlet_count":0,"master_deck":["Strike_R","Strike_R","Strike_R","Strike_R","Strike_R","Defend_R","Defend_R","Defend_R","Defend_R","Bash","Dramatic Entrance+1","Replay:SS_hec_4+1","Secret Weapon+1","Bandage Up","Purity","FlyingSleeves","Body Slam","Replay:Undeath\u0027s Touch","Rampage+1","Good Instincts","Clash","Reaper+1","FollowUp","Run Through+1","Rampage+1","ReplayTheSpireMod:LeadingStrike","Headbutt","Thunderclap","Body Slam","infinitespire:FutureSight","Clash","Protect","Limit Break+1","Armaments+1","Madness","Madness","Carnage","Hallucinations"],"relics":["Burning Blood","Anchor","Juzu Bracelet","PreservedInsect","Potion Belt","ThirstyCross","Coffee Dripper","Guide Book","MawBank","hexamod:BolsterEngine","Replay:Wax Seal","TungstenRod","Replay:Fungal Core","sneckomod:BlankCard","Torii","Ring of Searing"],"acts_visited":["Exordium","Exordium","TheBeyond"],"potions_floor_usage":[16,16,22,30,30,33,40],"damage_taken":[{"damage":1,"enemies":"Jaw Worm","floor":1,"turns":4},{"damage":0,"enemies":"2 Louse","floor":2,"turns":2},{"damage":0,"enemies":"Small Slimes","floor":4,"turns":3},{"damage":32,"enemies":"Gremlin Nob","floor":7,"turns":5},{"damage":7,"enemies":"Replay:BlueRogue","floor":10,"turns":4},{"damage":0,"enemies":"Red Slaver","floor":13,"turns":2},{"damage":28,"enemies":"Hexaghost","floor":16,"turns":8},{"damage":7,"enemies":"Shell Parasite","floor":18,"turns":4},{"damage":3,"enemies":"theJungle:5_Spyders","floor":19,"turns":5},{"damage":36,"enemies":"theJungle:2_Flameangoes","floor":22,"turns":6},{"damage":7,"enemies":"theJungle:JungleHuntersEncounter","floor":24,"turns":5},{"damage":21,"enemies":"theJungle:Lyon","floor":27,"turns":4},{"damage":18,"enemies":"Nightmare","floor":30,"turns":5},{"damage":12,"enemies":"Snake Plant","floor":31,"turns":3},{"damage":10,"enemies":"theJungle:QueenSpyder","floor":33,"turns":8},{"damage":7,"enemies":"Orb Walker","floor":35,"turns":3},{"damage":61,"enemies":"Nightmare","floor":40,"turns":4}],"seed_played":"2608465768335268498","potions_obtained":[{"floor":2,"key":"hexamod:EctoCoolerPotion"},{"floor":4,"key":"EssenceOfSteel"},{"floor":10,"key":"Energy Potion"},{"floor":18,"key":"Explosive Potion"},{"floor":24,"key":"Venom Potion"},{"floor":30,"key":"Toxic Potion"},{"floor":33,"key":"CalmPotion"},{"floor":35,"key":"Dexterity Potion"}],"is_trial":false,"path_per_floor":["M","M","?","M","$","R","E","?","T","E","$","R","M","?","R","B",null,"M","M","?","$","M","R","M","?","T","M","?","R","NM","M","R_BF","B",null,"M","?","$","?","?","NM"],"character_chosen":"IRONCLAD","items_purchased":["Anchor","Good Instincts","Guide Book","sneckomod:BlankCard","Torii","Carnage"],"campfire_rested":0,"item_purchase_floors":[5,11,21,37,37,37],"current_hp_per_floor":[78,77,66,72,72,72,47,71,70,69,68,67,66,65,64,46,62,61,60,59,58,40,40,50,54,53,38,25,25,19,17,17,25,45,44,39,39,39,39,0,0],"gold":76,"neow_bonus":"","is_daily":true,"chose_seed":false,"campfire_upgraded":5,"win_rate":0.0,"timestamp":1610329267,"path_taken":["M","M","?","M","$","R","E","?","T","E","$","R","M","?","R","BOSS","M","M","?","$","M","R","M","?","T","M","?","R","NM","M","R_BF","BOSS","M","?","$","?","?","NM"],"items_purchased_type":["Relic","Card","Relic","Relic","Relic","Card"],"build_version":"2020-11-17","purchased_purges":0,"victory":false,"max_hp_per_floor":[78,77,76,75,74,73,72,71,70,69,68,67,66,65,64,63,62,61,60,59,58,57,56,55,54,53,52,51,50,49,48,47,46,45,44,43,42,41,40,40,40],"card_choices":[{"not_picked":["Replay:AtTheReady","Swivel"],"picked":"FlyingSleeves","floor":1},{"not_picked":["Headbutt","Pummel"],"picked":"Body Slam","floor":2},{"not_picked":["Uppercut","Rupture"],"picked":"Replay:Undeath\u0027s Touch","floor":4},{"not_picked":["PathToVictory","Replay:Battleflow"],"picked":"Evaluate","floor":7},{"not_picked":["Replay:AtTheReady","Ghostly Armor"],"picked":"Rampage","floor":10},{"not_picked":["Run Through","CrushJoints"],"picked":"Clash","floor":13},{"not_picked":["Replay:LoomingThreat","SpiritShield"],"picked":"Reaper","floor":16},{"not_picked":["Battle Trance+1","Sword Boomerang"],"picked":"FollowUp","floor":18},{"not_picked":["Heavy Blade","Flex"],"picked":"Run Through","floor":19},{"not_picked":["ForeignInfluence+1","Bloodletting"],"picked":"Rampage","floor":22},{"not_picked":["Nirvana","Wild Strike"],"picked":"ReplayTheSpireMod:LeadingStrike","floor":24},{"not_picked":["hubris:ReadiedAction","PathToVictory+1"],"picked":"Headbutt","floor":27},{"not_picked":["Power Through","SpiritShield"],"picked":"Thunderclap","floor":28},{"not_picked":["Sever Soul","Thunderclap"],"picked":"Body Slam","floor":28},{"not_picked":["infinitespire:SealOfDarkness+","ReplayTheSpireMod:Book of Names"],"picked":"infinitespire:FutureSight","floor":30},{"not_picked":["FlyingSleeves","Prostrate"],"picked":"Clash","floor":30},{"not_picked":["Battle Trance+1","Inflame+1"],"picked":"Protect","floor":31},{"not_picked":["Vault","DeusExMachina"],"picked":"Limit Break","floor":33},{"not_picked":["Wireheading+1","Tantrum+1"],"picked":"Armaments+1","floor":35}],"player_experience":14139,"relics_obtained":[{"floor":7,"key":"Juzu Bracelet"},{"floor":9,"key":"PreservedInsect"},{"floor":10,"key":"Potion Belt"},{"floor":26,"key":"MawBank"},{"floor":28,"key":"hexamod:BolsterEngine"},{"floor":30,"key":"Replay:Wax Seal"},{"floor":32,"key":"TungstenRod"},{"floor":39,"key":"Ring of Searing"}],"event_choices":[{"damage_healed":0,"gold_gain":75,"player_choice":"Gather Gold","damage_taken":11,"max_hp_gain":0,"max_hp_loss":0,"event_name":"World of Goop","floor":3,"gold_loss":0},{"damage_healed":24,"gold_gain":0,"player_choice":"Banana","damage_taken":0,"max_hp_gain":0,"max_hp_loss":0,"event_name":"Big Fish","floor":8,"gold_loss":0},{"cards_removed":["Evaluate"],"damage_healed":5,"gold_gain":0,"player_choice":"Offered Common","damage_taken":0,"max_hp_gain":0,"max_hp_loss":0,"event_name":"Bonfire Elementals","floor":20,"gold_loss":0},{"cards_removed":["Evaluate"],"damage_healed":5,"gold_gain":0,"player_choice":"Offered Special","damage_taken":0,"max_hp_gain":0,"max_hp_loss":0,"event_name":"Bonfire Elementals","floor":20,"gold_loss":0},{"damage_healed":0,"gold_gain":0,"player_choice":"Embrace Madness","damage_taken":6,"max_hp_gain":0,"max_hp_loss":0,"event_name":"Winding Halls","floor":36,"gold_loss":0,"cards_obtained":["Madness","Madness"]}],"is_beta":true,"boss_relics":[{"not_picked":["Replay:Wanted Poster","Runic Pyramid"],"picked":"Coffee Dripper"},{"not_picked":["Cursed Key","expansioncontent:StudyCardRelic"],"picked":"Replay:Fungal Core"}],"items_purged_floors":[],"is_endless":true,"potions_floor_spawned":[2,4,10,18,24,30,33,35],"killed_by":"Nightmare","ascension_level":0}}