{"host":"wmz27iczv4t8azac","time":1610381861,"event":{"mods":["AchievementEnabler","BaseMod","Colored Powertips","Minty Spire (QoL Compilation)","Quick Restart","Relic Stats","StSLib"],"gold_per_floor":[115,133,100,115,115,145,161,188,240,268,268,298,4,17,17,116,116,130,130,142,152,167,202,202,219,246,246,277,85,85,118,118,221,221,231,84,97,144,164,191,208,208,208,227,227,227,227,245,245,245,245],"floor_reached":50,"playtime":3828,"items_purged":["Strike_P"],"score":946,"play_id":"8988fffd-2c0d-4ab5-a542-4b56c97357d5","local_time":"20210111081741","is_ascension_mode":true,"campfire_choices":[{"data":"Eruption","floor":11.0,"key":"SMITH"},{"floor":15.0,"key":"REST"},{"data":"Tantrum","floor":24.0,"key":"SMITH"},{"data":"Wallop","floor":27.0,"key":"SMITH"},{"floor":32.0,"key":"REST"},{"floor":42,"key":"REST"},{"floor":47,"key":"REST"},{"floor":49,"key":"RECALL"}],"circlet_count":0,"master_deck":["Strike_P+1","Strike_P+1","Strike_P","Defend_P","Defend_P+1","Eruption+1","Vigilance","Conclude+1","Evaluate+1","Tantrum+1","ReachHeaven+1","FollowUp","CutThroughFate","EmptyBody+1","FlurryOfBlows","LessonLearned","Halt+1","Master of Strategy+1","ClearTheMind+1","Ragnarok","FlurryOfBlows","JustLucky+1","Wallop+1","Indignation+1","CutThroughFate+1","Evaluate+1","TalkToTheHand","SashWhip+1","Scrawl+1","SpiritShield+1","CurseOfTheBell","JustLucky+1","Nirvana","DeceiveReality+1","WheelKick+1","Wallop+1","WaveOfTheHand+1","TalkToTheHand+1"],"relics":["Empty Cage","Kunai","Toxic Egg 2","Oddly Smooth Stone","Potion Belt","Blood Vial","Runic Dome","Gambling Chip","Pear","Bronze Scales","Art of War","Question Card","Calling Bell","Smiling Mask","Ornamental Fan","Turnip","Du-Vu Doll","Whetstone"],"acts_visited":["Exordium","TheCity","TheBeyond"],"potions_floor_usage":[41,45,45,50],"damage_taken":[{"damage":0.0,"enemies":"Cultist","floor":1.0,"turns":2.0},{"damage":0.0,"enemies":"Small Slimes","floor":2.0,"turns":1.0},{"damage":0.0,"enemies":"2 Louse","floor":4.0,"turns":1.0},{"damage":32.0,"enemies":"Gremlin Nob","floor":6.0,"turns":3.0},{"damage":7.0,"enemies":"Lots of Slimes","floor":7.0,"turns":2.0},{"damage":0.0,"enemies":"3 Sentries","floor":8.0,"turns":2.0},{"damage":0.0,"enemies":"Lagavulin","floor":10.0,"turns":3.0},{"damage":8.0,"enemies":"3 Sentries","floor":12.0,"turns":3.0},{"damage":0.0,"enemies":"Looter","floor":14.0,"turns":1.0},{"damage":1.0,"enemies":"Hexaghost","floor":16.0,"turns":6.0},{"damage":0.0,"enemies":"Shell Parasite","floor":18.0,"turns":2.0},{"damage":5.0,"enemies":"Spheric Guardian","floor":20.0,"turns":3.0},{"damage":0.0,"enemies":"Snake Plant","floor":21.0,"turns":2.0},{"damage":5.0,"enemies":"3 Cultists","floor":22.0,"turns":6.0},{"damage":17.0,"enemies":"Gremlin Leader","floor":23.0,"turns":3.0},{"damage":1.0,"enemies":"Chosen and Byrds","floor":25.0,"turns":2.0},{"damage":20.0,"enemies":"Book of Stabbing","floor":28.0,"turns":3.0},{"damage":19.0,"enemies":"Slavers","floor":31.0,"turns":3.0},{"damage":0.0,"enemies":"Collector","floor":33.0,"turns":3.0},{"damage":0.0,"enemies":"3 Shapes","floor":35.0,"turns":3.0},{"damage":13,"enemies":"3 Darklings","floor":37,"turns":3},{"damage":28,"enemies":"2 Orb Walkers","floor":38,"turns":3},{"damage":18,"enemies":"Transient","floor":39,"turns":5},{"damage":13,"enemies":"Giant Head","floor":40,"turns":5},{"damage":0,"enemies":"Maw","floor":41,"turns":5},{"damage":28,"enemies":"Spire Growth","floor":44,"turns":3},{"damage":11,"enemies":"Jaw Worm Horde","floor":45,"turns":2},{"damage":0,"enemies":"Transient","floor":48,"turns":5},{"damage":43,"enemies":"Time Eater","floor":50,"turns":11}],"seed_played":"9131290594691029642","potions_obtained":[{"floor":1.0,"key":"Fruit Juice"},{"floor":4.0,"key":"BlessingOfTheForge"},{"floor":7.0,"key":"Strength Potion"},{"floor":8.0,"key":"Weak Potion"},{"floor":10.0,"key":"SmokeBomb"},{"floor":14.0,"key":"Weak Potion"},{"floor":21.0,"key":"EntropicBrew"},{"floor":22.0,"key":"Block Potion"},{"floor":25.0,"key":"Swift Potion"},{"floor":28.0,"key":"Strength Potion"},{"floor":31.0,"key":"AttackPotion"},{"floor":33.0,"key":"SpeedPotion"},{"floor":38,"key":"SneckoOil"},{"floor":41,"key":"LiquidBronze"},{"floor":48,"key":"SkillPotion"}],"is_trial":false,"path_per_floor":["M","M","$","M","?","E","M","E","T","E","R","E","$","M","R","B",null,"M","?","M","M","M","E","R","M","T","R","E","$","?","E","R","B",null,"M","$","M","?","M","E","M","R","T","M","M","?","R","M","R","B"],"character_chosen":"WATCHER","items_purchased":["Tantrum","LessonLearned","Halt+1","Master of Strategy+1","Adaptation","SashWhip","Nirvana","DeceiveReality+1"],"campfire_rested":4,"item_purchase_floors":[3,13,13,13,29,29,36,36],"current_hp_per_floor":[65,65,65,65,56,24,17,17,17,17,17,9,9,11,34,35,67,69,69,66,68,65,60,60,61,61,61,43,43,43,26,52,54,79,81,81,70,44,28,17,19,45,45,19,10,10,36,38,38,0,0],"gold":245,"neow_bonus":"BOSS_RELIC","is_daily":false,"chose_seed":false,"campfire_upgraded":3,"win_rate":0.0,"timestamp":1610381861,"path_taken":["M","?","$","M","?","E","M","E","T","E","R","E","$","M","R","BOSS","M","?","M","M","?","E","R","M","T","R","E","?","?","E","R","BOSS","M","$","?","?","M","E","M","R","T","M","M","?","R","M","R","BOSS"],"items_purchased_type":["Card","Card","Card","Card","Card","Card","Card","Card"],"build_version":"2020-12-22","purchased_purges":1,"victory":false,"max_hp_per_floor":[72,72,72,72,77,77,77,77,77,77,77,77,77,77,77,77,77,77,77,77,77,77,87,87,87,87,87,87,87,87,87,87,87,87,87,87,87,87,87,87,87,87,87,87,87,87,87,87,87,87,87],"relic_stats":{"Blood Vial":42,"counters":[29,96],"Ornamental Fan":[132],"Gambling Chip":[36],"Bronze Scales":[138],"Turnip":[3],"Art of War":[1],"Kunai":[67],"Whetstone":["CutThroughFate","Strike_P"],"Question Card":10,"Smiling Mask":0,"obtain_stats":[{"Potion Belt":10,"Pear":23,"Oddly Smooth Stone":9,"Whetstone":40,"Empty Cage":0,"Question Card":31,"Smiling Mask":34,"Blood Vial":12,"Calling Bell":34,"Du-Vu Doll":38,"Runic Dome":17,"Ornamental Fan":34,"Gambling Chip":19,"Bronze Scales":26,"Turnip":34,"Art of War":28,"Kunai":6,"PureWater":0,"Toxic Egg 2":8},{"Potion Belt":7,"Pear":15,"Oddly Smooth Stone":6,"Whetstone":24,"Empty Cage":0,"Question Card":18,"Smiling Mask":19,"Blood Vial":8,"Calling Bell":19,"Du-Vu Doll":22,"Runic Dome":10,"Ornamental Fan":19,"Gambling Chip":11,"Bronze Scales":16,"Turnip":19,"Art of War":17,"Kunai":4,"PureWater":0,"Toxic Egg 2":6},{"Potion Belt":14,"Pear":40,"Oddly Smooth Stone":11,"Whetstone":70,"Empty Cage":0,"Question Card":48,"Smiling Mask":51,"Blood Vial":17,"Calling Bell":51,"Du-Vu Doll":60,"Runic Dome":24,"Ornamental Fan":51,"Gambling Chip":26,"Bronze Scales":42,"Turnip":51,"Art of War":45,"Kunai":7,"PureWater":0,"Toxic Egg 2":11}]},"card_choices":[{"not_picked":["Weave","Pray"],"picked":"Conclude","floor":1.0},{"not_picked":["FollowUp","DeceiveReality"],"picked":"Evaluate","floor":2.0},{"not_picked":["JustLucky","EmptyBody"],"picked":"ReachHeaven","floor":4.0},{"not_picked":["Pray","DeceiveReality"],"picked":"FollowUp","floor":6.0},{"not_picked":["Worship","LikeWater"],"picked":"CutThroughFate","floor":7.0},{"not_picked":["Wish+1","Perseverance+1"],"picked":"EmptyBody+1","floor":8.0},{"not_picked":["EmptyBody+1","LikeWater","Perseverance+1"],"picked":"SKIP","floor":10.0},{"not_picked":["InnerPeace+1","Sanctity+1"],"picked":"FlurryOfBlows","floor":12.0},{"not_picked":["WaveOfTheHand+1","MentalFortress"],"picked":"ClearTheMind+1","floor":14.0},{"not_picked":["Alpha+1","DeusExMachina+1"],"picked":"Ragnarok","floor":16.0},{"not_picked":["Evaluate+1","CrushJoints"],"picked":"FlurryOfBlows","floor":18.0},{"not_picked":["PathToVictory+1","Swivel+1"],"picked":"JustLucky+1","floor":20.0},{"not_picked":["Crescendo+1","Halt+1"],"picked":"Wallop","floor":21.0},{"not_picked":["MentalFortress","JustLucky"],"picked":"Indignation+1","floor":22.0},{"not_picked":["Halt+1","Perseverance+1"],"picked":"CutThroughFate","floor":23.0},{"not_picked":["BattleHymn","Collect+1"],"picked":"Evaluate+1","floor":25.0},{"not_picked":["Establishment","EmptyBody+1"],"picked":"TalkToTheHand","floor":28.0},{"not_picked":["SignatureMove+1","Evaluate+1"],"picked":"Scrawl+1","floor":31.0},{"not_picked":["LessonLearned","Scrawl+1","Omniscience+1"],"picked":"SpiritShield+1","floor":33.0},{"not_picked":["CutThroughFate","Swivel+1","EmptyFist+1"],"picked":"JustLucky+1","floor":35.0},{"not_picked":["CrushJoints","Collect+1","BattleHymn"],"picked":"WheelKick+1","floor":37},{"not_picked":["Pray+1","FlyingSleeves","EmptyFist+1"],"picked":"Wallop+1","floor":39},{"not_picked":["JustLucky+1","DeceiveReality+1","MasterReality","Consecrate+1"],"picked":"SKIP","floor":40},{"not_picked":["WreathOfFlame+1","FlyingSleeves+1","CrushJoints+1"],"picked":"WaveOfTheHand+1","floor":41},{"not_picked":["FearNoEvil","BowlingBash+1","LikeWater"],"picked":"TalkToTheHand+1","floor":44},{"not_picked":["CrushJoints","EmptyFist","DeceiveReality+1","ClearTheMind+1"],"picked":"SKIP","floor":48}],"player_experience":921576,"relics_obtained":[{"floor":6.0,"key":"Kunai"},{"floor":8.0,"key":"Toxic Egg 2"},{"floor":9.0,"key":"Oddly Smooth Stone"},{"floor":10.0,"key":"Potion Belt"},{"floor":12.0,"key":"Blood Vial"},{"floor":23.0,"key":"Pear"},{"floor":26.0,"key":"Bronze Scales"},{"floor":28.0,"key":"Art of War"},{"floor":31.0,"key":"Question Card"},{"floor":34.0,"key":"Smiling Mask"},{"floor":34.0,"key":"Ornamental Fan"},{"floor":34.0,"key":"Turnip"},{"floor":38,"key":"Du-Vu Doll"},{"floor":40,"key":"Whetstone"}],"event_choices":[{"damage_healed":0.0,"max_hp_gain":0.0,"max_hp_loss":0.0,"gold_gain":0.0,"event_name":"Shining Light","player_choice":"Entered Light","floor":5.0,"gold_loss":0.0,"damage_taken":14.0,"cards_upgraded":["Strike_P","Evaluate"]},{"damage_healed":0.0,"max_hp_gain":0.0,"max_hp_loss":0.0,"gold_gain":0.0,"event_name":"WeMeetAgain","player_choice":"Gave Potion","floor":19.0,"gold_loss":0.0,"damage_taken":0.0,"relics_obtained":["Gambling Chip"]},{"damage_healed":0.0,"max_hp_gain":0.0,"max_hp_loss":0.0,"gold_gain":0.0,"event_name":"Upgrade Shrine","player_choice":"Upgraded","floor":30.0,"gold_loss":0.0,"damage_taken":0.0,"cards_upgraded":["SashWhip"]},{"damage_healed":0,"gold_gain":0,"player_choice":"Fight","damage_taken":0,"max_hp_gain":0,"max_hp_loss":0,"event_name":"Mysterious Sphere","floor":38,"gold_loss":0},{"cards_removed":["Adaptation"],"damage_healed":0,"gold_gain":0,"player_choice":"Removed Power","damage_taken":0,"max_hp_gain":0,"max_hp_loss":0,"event_name":"Falling","floor":46,"gold_loss":0}],"is_beta":false,"boss_relics":[{"not_picked":["SlaversCollar","Busted Crown"],"picked":"Runic Dome"},{"not_picked":["Astrolabe","Snecko Eye"],"picked":"Calling Bell"}],"items_purged_floors":[29],"is_endless":false,"potions_floor_spawned":[1,4,7,8,10,14,21,22,25,28,31,33,38,41,45,48],"killed_by":"Time Eater","ascension_level":6}}