{"host":"6azrrw3tf7wb0f4b","time":1610350578,"event":{"mods":["BaseMod","DeckTracker","Minty Spire (QoL Compilation)","SuperFastMode"],"gold_per_floor":[110,125,145,157,168,168,179,196,196,225,190,217,230,200,200,278,278,292,292,292],"floor_reached":19,"playtime":5329,"items_purged":[],"score":435,"play_id":"33bf3e43-c0dc-4be2-a8e9-de8c937a1f41","local_time":"20210111163618","is_ascension_mode":true,"campfire_choices":[{"data":"Blood for Blood","floor":6.0,"key":"SMITH"},{"data":"True Grit","floor":15.0,"key":"SMITH"}],"circlet_count":0,"master_deck":["AscendersBane","Strike_R","Strike_R","Strike_R","Strike_R","Strike_R","Defend_R","Defend_R","Defend_R","Defend_R","Bash","Dropkick","Pommel Strike","Blood for Blood+1","Whirlwind","Flame Barrier","Barricade","Corruption","Body Slam","Shrug It Off","True Grit+1","Offering"],"relics":["Burning Blood","NeowsBlessing","Bag of Marbles","PreservedInsect","Anchor","Philosopher\u0027s Stone"],"acts_visited":["Exordium","TheCity"],"potions_floor_usage":[16,16,19],"damage_taken":[{"damage":0.0,"enemies":"Cultist","floor":1.0,"turns":1.0},{"damage":0.0,"enemies":"Small Slimes","floor":2.0,"turns":1.0},{"damage":0.0,"enemies":"2 Louse","floor":3.0,"turns":1.0},{"damage":9.0,"enemies":"Blue Slaver","floor":4.0,"turns":4.0},{"damage":21.0,"enemies":"Looter","floor":5.0,"turns":4.0},{"damage":0.0,"enemies":"Gremlin Gang","floor":7.0,"turns":1.0},{"damage":23.0,"enemies":"Large Slime","floor":8.0,"turns":6.0},{"damage":50.0,"enemies":"3 Sentries","floor":10.0,"turns":8.0},{"damage":16.0,"enemies":"Gremlin Nob","floor":12.0,"turns":4.0},{"damage":0.0,"enemies":"2 Fungi Beasts","floor":13.0,"turns":2.0},{"damage":8.0,"enemies":"Exordium Thugs","floor":14.0,"turns":4.0},{"damage":0,"enemies":"Hexaghost","floor":16,"turns":16},{"damage":0,"enemies":"3 Byrds","floor":18,"turns":3},{"damage":87,"enemies":"Masked Bandits","floor":19,"turns":4}],"seed_played":"-3205889544508913612","potions_obtained":[{"floor":2.0,"key":"DuplicationPotion"},{"floor":3.0,"key":"Weak Potion"},{"floor":7.0,"key":"Regen Potion"},{"floor":13.0,"key":"Dexterity Potion"},{"floor":14.0,"key":"Dexterity Potion"},{"floor":16,"key":"ColorlessPotion"}],"is_trial":false,"path_per_floor":["M","M","M","M","M","R","M","M","T","E","?","E","M","M","R","B",null,"M","?"],"character_chosen":"IRONCLAD","items_purchased":[],"campfire_rested":0,"item_purchase_floors":[],"current_hp_per_floor":[74,75,75,72,57,57,63,46,46,17,35,25,31,29,29,35,65,71,0,0],"gold":292,"neow_bonus":"THREE_ENEMY_KILL","is_daily":false,"chose_seed":false,"campfire_upgraded":2,"win_rate":0.0,"timestamp":1610350578,"path_taken":["M","M","?","M","?","R","M","M","T","E","?","E","M","M","R","BOSS","M","?"],"items_purchased_type":[],"build_version":"2020-12-22","purchased_purges":0,"victory":false,"max_hp_per_floor":[75,75,75,75,75,75,75,75,75,75,75,75,75,75,75,75,75,75,75,75],"card_choices":[{"not_picked":["Warcry","Flex"],"picked":"Dropkick","floor":1.0},{"not_picked":["Anger","Clothesline"],"picked":"Pommel Strike","floor":2.0},{"not_picked":["Anger","Pummel"],"picked":"Blood for Blood","floor":3.0},{"not_picked":["Heavy Blade","Inflame"],"picked":"Whirlwind","floor":4.0},{"not_picked":["Body Slam","Anger"],"picked":"Flame Barrier","floor":5.0},{"not_picked":["Inflame","Entrench"],"picked":"Barricade","floor":7.0},{"not_picked":["Heavy Blade","Flex","Headbutt"],"picked":"SKIP","floor":8.0},{"not_picked":["Dropkick","Anger"],"picked":"Corruption","floor":10.0},{"not_picked":["Clothesline","Bludgeon"],"picked":"Body Slam","floor":12.0},{"not_picked":["Wild Strike","Ghostly Armor"],"picked":"Shrug It Off","floor":13.0},{"not_picked":["Dropkick","Flex"],"picked":"True Grit","floor":14.0},{"not_picked":["Corruption","Double Tap"],"picked":"Offering","floor":16},{"not_picked":["Bloodletting","Headbutt","Clothesline"],"picked":"SKIP","floor":18}],"player_experience":684518,"relics_obtained":[{"floor":9.0,"key":"Bag of Marbles"},{"floor":10.0,"key":"PreservedInsect"},{"floor":12.0,"key":"Anchor"}],"event_choices":[{"damage_healed":18.0,"max_hp_gain":0.0,"max_hp_loss":0.0,"gold_gain":0.0,"event_name":"The Cleric","player_choice":"Healed","floor":11.0,"gold_loss":35.0,"damage_taken":0.0},{"damage_healed":0,"gold_gain":0,"player_choice":"Fought Bandits","damage_taken":0,"max_hp_gain":0,"max_hp_loss":0,"event_name":"Masked Bandits","floor":19,"gold_loss":0}],"is_beta":false,"boss_relics":[{"not_picked":["SlaversCollar","Black Blood"],"picked":"Philosopher\u0027s Stone"}],"items_purged_floors":[],"is_endless":false,"potions_floor_spawned":[2,3,7,8,13,14,16],"killed_by":"Masked Bandits","ascension_level":17}}