{"host":"61pxv8qo5t6mwz68","time":1610396043,"event":{"mods":["BaseMod","Block Reminder","Colored Map","Highlight Path","Minty Spire (QoL Compilation)","Permanent Neow"],"gold_per_floor":[111,111,124,135,135,166,241,241,294,318,318,87,110,110,110,236,236,251,265,265,265],"floor_reached":20,"playtime":973,"items_purged":[],"score":174,"play_id":"a3d25a88-ccb8-4e40-ae35-716a790e9378","local_time":"20210111151403","is_ascension_mode":false,"campfire_choices":[{"floor":8,"key":"REST"},{"floor":15,"key":"REST"}],"circlet_count":0,"master_deck":["Strike_G","Strike_G","Strike_G","Strike_G","Strike_G","Defend_G","Defend_G","Defend_G","Defend_G","Defend_G","Survivor","Neutralize","Glass Knife","Poisoned Stab","PiercingWail","PiercingWail","Deflect","Distraction","Footwork","Sucker Punch","Sadistic Nature","BattleHymn","Deadly Poison","Sweeping Beam","Vault"],"relics":["Ring of the Snake","Oddly Smooth Stone","Golden Idol","Omamori","Happy Flower","PrismaticShard","Calling Bell","Regal Pillow","Singing Bowl","Prayer Wheel"],"acts_visited":["Exordium","TheCity"],"potions_floor_usage":[16,16,20],"damage_taken":[{"damage":0,"enemies":"Small Slimes","floor":1,"turns":3},{"damage":0,"enemies":"Jaw Worm","floor":3,"turns":3},{"damage":0,"enemies":"2 Louse","floor":4,"turns":2},{"damage":29,"enemies":"Lagavulin","floor":6,"turns":9},{"damage":0,"enemies":"Looter","floor":10,"turns":3},{"damage":2,"enemies":"Gremlin Gang","floor":13,"turns":5},{"damage":26,"enemies":"Slime Boss","floor":16,"turns":16},{"damage":14,"enemies":"Chosen","floor":18,"turns":7},{"damage":22,"enemies":"Spheric Guardian","floor":19,"turns":5},{"damage":43,"enemies":"3 Cultists","floor":20,"turns":5}],"seed_played":"8442568362192377167","potions_obtained":[{"floor":3,"key":"Regen Potion"},{"floor":14,"key":"SpeedPotion"},{"floor":14,"key":"DistilledChaos"},{"floor":16,"key":"FearPotion"}],"is_trial":false,"path_per_floor":["M","?","M","M","?","E","?","R","T","M","?","$","M","?","R","B",null,"M","M","M"],"character_chosen":"THE_SILENT","items_purchased":["Footwork","PrismaticShard"],"campfire_rested":2,"item_purchase_floors":[12,12],"current_hp_per_floor":[70,67,67,67,67,38,27,48,48,48,41,41,39,39,60,34,70,56,34,0,0],"gold":265,"neow_bonus":"ONE_RANDOM_RARE_CARD","is_daily":false,"chose_seed":false,"campfire_upgraded":0,"win_rate":0.0,"timestamp":1610396043,"path_taken":["M","?","M","M","?","E","?","R","T","M","?","?","?","?","R","BOSS","M","M","M"],"items_purchased_type":["Card","Relic"],"build_version":"2020-12-22","purchased_purges":0,"victory":false,"max_hp_per_floor":[70,70,70,70,70,70,70,70,70,70,70,70,70,70,70,70,70,70,70,70,70],"card_choices":[{"not_picked":["Bane","Underhanded Strike"],"picked":"Poisoned Stab","floor":1},{"not_picked":["Underhanded Strike","Dagger Throw"],"picked":"PiercingWail","floor":3},{"not_picked":["Predator","Choke"],"picked":"PiercingWail","floor":4},{"not_picked":["Choke","Blur"],"picked":"Deflect","floor":6},{"not_picked":["Riddle With Holes","Leg Sweep"],"picked":"Distraction","floor":10},{"not_picked":["Twin Strike","Capacitor"],"picked":"Sucker Punch","floor":13},{"not_picked":["HandOfGreed","Transmutation"],"picked":"Sadistic Nature","floor":16},{"not_picked":["EmptyFist","Spot Weakness"],"picked":"BattleHymn","floor":18},{"not_picked":["Quick Slash","ClearTheMind"],"picked":"Deadly Poison","floor":18},{"not_picked":["Ball Lightning","EmptyBody"],"picked":"Sweeping Beam","floor":19},{"not_picked":["Headbutt","Warcry"],"picked":"Vault","floor":19}],"player_experience":39791,"relics_obtained":[{"floor":6,"key":"Omamori"},{"floor":9,"key":"Happy Flower"},{"floor":17,"key":"Regal Pillow"},{"floor":17,"key":"Singing Bowl"},{"floor":17,"key":"Prayer Wheel"}],"event_choices":[{"damage_healed":0,"gold_gain":0,"player_choice":"Success","damage_taken":3,"relics_obtained":["Oddly Smooth Stone"],"max_hp_gain":0,"max_hp_loss":0,"event_name":"Scrap Ooze","floor":2,"gold_loss":0},{"damage_healed":0,"gold_gain":0,"player_choice":"Take Wound","damage_taken":0,"relics_obtained":["Golden Idol"],"max_hp_gain":0,"max_hp_loss":0,"event_name":"Golden Idol","floor":5,"gold_loss":0,"cards_obtained":["Injury"]},{"damage_healed":0,"gold_gain":75,"player_choice":"Gather Gold","damage_taken":11,"max_hp_gain":0,"max_hp_loss":0,"event_name":"World of Goop","floor":7,"gold_loss":0},{"cards_removed":["Injury"],"damage_healed":0,"gold_gain":0,"player_choice":"Card Removal","damage_taken":7,"max_hp_gain":0,"max_hp_loss":0,"event_name":"Golden Wing","floor":11,"gold_loss":0},{"damage_healed":0,"gold_gain":0,"player_choice":"Got Potions","damage_taken":0,"max_hp_gain":0,"max_hp_loss":0,"event_name":"Lab","floor":14,"gold_loss":0}],"is_beta":false,"boss_relics":[{"not_picked":["Sozu","Philosopher\u0027s Stone"],"picked":"Calling Bell"}],"items_purged_floors":[],"is_endless":false,"potions_floor_spawned":[3,16],"killed_by":"3 Cultists","ascension_level":0}}