{"host":"bf9sa99gaumonoeu","time":1610372547,"event":{"mods":["AchievementEnabler","Act Like it!","BaseMod","Better Sensory Stone","Colored Map","Colored Powertips","Fox Events","Friendly Minions","Gensokyo","GifTheSpireLib","Googly Eyes","Hallownest","Hermit","Hubris","Jorbs\u0027s Wanderer Trilogy","KinomotoSakuraMod(????)","Koishi","Lobotomy","Marisa????????","Minty Spire (QoL Compilation)","Rare Cards Sparkle","Reimu??????","Relic Stats","Remilia??????","Replay The Spire","StSLib","The Administrix","The Animator","The Bug Knight","The Construct","The Cursed","The Disciple","The Hierophant","The Mystic","The Necromancer","The Poker Player","The Runesmith","The Senshi","The Servant 0.9.4","TheLocksmith","Yakumo Yukari mod","thorton"],"gold_per_floor":[113,132,152,18,30,30,65,65,112,112,126,126,136,40,40,111,111,128,138,138,138],"floor_reached":20,"playtime":1546,"items_purged":["Defend_G"],"score":334,"play_id":"d86d0f77-f2c6-4d13-9646-2e804579df82","local_time":"20210111114227","is_ascension_mode":true,"campfire_choices":[{"data":"Dagger Spray","floor":6.0,"key":"SMITH"},{"data":"Sucker Punch","floor":10.0,"key":"SMITH"},{"data":"Concentrate","floor":15.0,"key":"SMITH"}],"circlet_count":0,"master_deck":["AscendersBane","Strike_G","Strike_G","Strike_G","Strike_G","Strike_G","Defend_G","Defend_G","Defend_G","Defend_G","Survivor","Neutralize","AbeCurse","Leg Sweep","Prepared","Dodge and Roll","Sucker Punch+1","Dagger Spray+1","Expertise","Concentrate+1","Underhanded Strike","hubris:TrickCloak","Backflip","Atom Bomb","hubris:SlightOfHand","ReplayTheSpireMod:The Works"],"relics":["Abe\u0027s Treasure","Strawberry","hubris:Towel","hubris:TenFootPole","Sozu"],"acts_visited":["Exordium","TheCity"],"potions_floor_usage":[],"damage_taken":[{"damage":0.0,"enemies":"Cultist","floor":1.0,"turns":4.0},{"damage":7.0,"enemies":"Small Slimes","floor":2.0,"turns":5.0},{"damage":1.0,"enemies":"Jaw Worm","floor":3.0,"turns":6.0},{"damage":0.0,"enemies":"Lots of Slimes","floor":5.0,"turns":5.0},{"damage":16.0,"enemies":"3 Sentries","floor":7.0,"turns":8.0},{"damage":7.0,"enemies":"2 Fungi Beasts","floor":11.0,"turns":3.0},{"damage":2.0,"enemies":"Gremlin Gang","floor":13.0,"turns":4.0},{"damage":44.0,"enemies":"The Guardian","floor":16.0,"turns":16.0},{"damage":20.0,"enemies":"Spheric Guardian","floor":18.0,"turns":6.0},{"damage":27.0,"enemies":"3 Byrds","floor":19.0,"turns":5.0},{"damage":12,"enemies":"Snake Plant","floor":20,"turns":5}],"seed_played":"-288021012741981805","potions_obtained":[{"floor":2.0,"key":"LiquidBronze"},{"floor":3.0,"key":"LiquidBronze"},{"floor":7.0,"key":"GrandPatriotsElixir:ReiMu"}],"is_trial":false,"path_per_floor":["M","M","M","$","M","R","E","?","T","R","M","?","M","$","R","B",null,"M","M","M"],"character_chosen":"THE_SILENT","items_purchased":["Sucker Punch","hubris:TrickCloak","Backflip"],"campfire_rested":0,"item_purchase_floors":[4,14,14],"current_hp_per_floor":[59,52,51,51,51,51,42,42,42,42,35,59,57,57,57,13,58,38,11,0,0],"gold":138,"neow_bonus":"BOSS_RELIC","is_daily":false,"chose_seed":false,"campfire_upgraded":3,"win_rate":0.0,"timestamp":1610372547,"path_taken":["M","M","M","$","M","R","E","?","T","R","M","?","M","?","R","BOSS","M","M","M"],"items_purchased_type":["Card","Card","Card"],"build_version":"2020-12-22","purchased_purges":1,"victory":false,"max_hp_per_floor":[66,66,66,66,66,66,73,73,73,73,73,73,73,73,73,73,73,73,73,73,73],"relic_stats":{"Sozu":1,"counters":[11,67],"obtain_stats":[{"Sozu":17,"Strawberry":7,"hubris:TenFootPole":9,"hubris:Towel":8,"Abe\u0027s Treasure":0,"Ring of the Snake":0},{"Sozu":8,"Strawberry":5,"hubris:TenFootPole":5,"hubris:Towel":5,"Abe\u0027s Treasure":0,"Ring of the Snake":0},{"Sozu":51,"Strawberry":28,"hubris:TenFootPole":28,"hubris:Towel":28,"Abe\u0027s Treasure":0,"Ring of the Snake":0}]},"card_choices":[{"not_picked":["Outmaneuver","Sucker Punch"],"picked":"Leg Sweep","floor":1.0},{"not_picked":["Outmaneuver","Eviscerate"],"picked":"Prepared","floor":2.0},{"not_picked":["Outmaneuver","Bane"],"picked":"Dodge and Roll","floor":3.0},{"not_picked":["Backflip","Cloak And Dagger"],"picked":"Dagger Spray","floor":5.0},{"not_picked":["Accuracy","Tactician"],"picked":"Expertise","floor":7.0},{"not_picked":["Cloak And Dagger","Calculated Gamble"],"picked":"Concentrate","floor":11.0},{"not_picked":["Hidden Blade","Flying Knee"],"picked":"Underhanded Strike","floor":13.0},{"not_picked":["Tools of the Trade","Phantasmal Killer"],"picked":"Atom Bomb","floor":16.0},{"not_picked":["Cloak And Dagger","Flechettes"],"picked":"hubris:SlightOfHand","floor":18.0},{"not_picked":["Backstab","Concentrate"],"picked":"ReplayTheSpireMod:The Works","floor":19.0}],"player_experience":895748,"relics_obtained":[{"floor":7.0,"key":"Strawberry"},{"floor":9.0,"key":"hubris:TenFootPole"}],"event_choices":[{"damage_healed":24.0,"max_hp_gain":0.0,"max_hp_loss":0.0,"gold_gain":0.0,"event_name":"Big Fish","player_choice":"Banana","floor":12.0,"gold_loss":0.0,"damage_taken":0.0}],"is_beta":false,"boss_relics":[{"not_picked":["Replay:Wanted Poster","Empty Cage"],"picked":"Sozu"}],"items_purged_floors":[4],"is_endless":false,"potions_floor_spawned":[2,3,7,18],"killed_by":"Snake Plant","ascension_level":18}}