{"host":"zekcc3vicrep0och","time":1610400425,"event":{"mods":["AchievementEnabler","BaseMod","Colored Map","Colored Powertips","Displayed Cursed Tome","Highlight Path","Minty Spire (QoL Compilation)","Quick Restart","Relic Stats","StSLib","The Cursed"],"gold_per_floor":[110,130,55,31,43,68,68,102,102,119,148,163,163,178,178,255,255,272,287,318,342,342,373,373,398,466,466,794,810,810,810,810,810,810],"floor_reached":33,"playtime":1597,"items_purged":[],"score":581,"play_id":"f1024f78-37e5-4bfd-8c0f-6d961a09ac25","local_time":"20210112002705","is_ascension_mode":true,"campfire_choices":[{"data":"Hyperbeam","floor":7.0,"key":"SMITH"},{"data":"Beam Cell","floor":15.0,"key":"SMITH"},{"data":"Chaos","floor":24.0,"key":"SMITH"},{"floor":30.0,"key":"REST"},{"data":"Static Discharge","floor":32.0,"key":"SMITH"}],"circlet_count":0,"master_deck":["AscendersBane","Zap","Dualcast","Rip and Tear","Conserve Battery","Go for the Eyes+1","Hyperbeam+1","Auto Shields","Conserve Battery","Coolheaded","Beam Cell+1","BootSequence","Conserve Battery","Machine Learning","Coolheaded","Echo Form","Steam Power","FTL","Rebound","Reinforced Body","Chaos+1","Doom and Gloom+1","Static Discharge+1","Sweeping Beam","Ball Lightning","Barrage+1"],"relics":["Cracked Core","Omamori","Thread and Needle","Dead Branch","Prayer Wheel","FossilizedHelix","Pandora\u0027s Box","Red Mask","Smiling Mask","Dream Catcher","Ginger","Mercury Hourglass","Old Coin","Torii"],"acts_visited":["Exordium","TheCity"],"potions_floor_usage":[],"damage_taken":[{"damage":1.0,"enemies":"Cultist","floor":1.0,"turns":4.0},{"damage":0.0,"enemies":"Small Slimes","floor":2.0,"turns":3.0},{"damage":0.0,"enemies":"Jaw Worm","floor":5.0,"turns":3.0},{"damage":18.0,"enemies":"3 Sentries","floor":6.0,"turns":9.0},{"damage":16.0,"enemies":"Gremlin Nob","floor":8.0,"turns":4.0},{"damage":0.0,"enemies":"2 Fungi Beasts","floor":10.0,"turns":2.0},{"damage":3.0,"enemies":"Lagavulin","floor":11.0,"turns":8.0},{"damage":0.0,"enemies":"Blue Slaver","floor":12.0,"turns":3.0},{"damage":0.0,"enemies":"Exordium Wildlife","floor":14.0,"turns":3.0},{"damage":8.0,"enemies":"Hexaghost","floor":16.0,"turns":11.0},{"damage":0.0,"enemies":"Shell Parasite","floor":18.0,"turns":6.0},{"damage":0.0,"enemies":"3 Byrds","floor":19.0,"turns":3.0},{"damage":0.0,"enemies":"Masked Bandits","floor":20.0,"turns":2.0},{"damage":10.0,"enemies":"Gremlin Leader","floor":23.0,"turns":4.0},{"damage":5.0,"enemies":"Slavers","floor":25.0,"turns":4.0},{"damage":20.0,"enemies":"Gremlin Leader","floor":28.0,"turns":5.0},{"damage":0.0,"enemies":"3 Cultists","floor":29.0,"turns":4.0},{"damage":46,"enemies":"Champ","floor":33,"turns":10}],"seed_played":"6248197618673212722","potions_obtained":[{"floor":1.0,"key":"SkillPotion"},{"floor":6.0,"key":"Ancient Potion"},{"floor":8.0,"key":"Explosive Potion"},{"floor":12.0,"key":"Energy Potion"},{"floor":16.0,"key":"Strength Potion"},{"floor":18.0,"key":"Strength Potion"},{"floor":19.0,"key":"Energy Potion"},{"floor":23.0,"key":"Explosive Potion"}],"is_trial":false,"path_per_floor":["M","M","?","$","M","E","R","E","T","M","E","M","?","M","R","B",null,"M","M","?","T","?","E","R","E","T","?","E","M","R","?","R","B"],"character_chosen":"DEFECT","items_purchased":["Go for the Eyes"],"campfire_rested":1,"item_purchase_floors":[4],"current_hp_per_floor":[63,63,63,63,63,45,45,29,29,29,26,26,26,26,26,18,58,58,58,58,58,58,48,48,43,43,43,23,23,44,44,44,0,0],"gold":810,"neow_bonus":"RANDOM_COMMON_RELIC","is_daily":false,"chose_seed":false,"campfire_upgraded":4,"win_rate":0.0,"timestamp":1610400425,"path_taken":["M","?","?","?","M","E","R","E","T","M","E","M","?","M","R","BOSS","M","M","?","?","?","E","R","E","T","?","E","M","R","?","R","BOSS"],"items_purchased_type":["Card"],"build_version":"2020-12-22","purchased_purges":0,"victory":false,"max_hp_per_floor":[71,71,71,71,71,71,71,71,71,71,71,71,71,71,71,71,71,71,71,71,71,71,71,71,71,71,71,71,71,71,71,71,71,71],"relic_stats":{"Dream Catcher":1,"Torii":0,"counters":[18,87],"Dead Branch":[21],"Prayer Wheel":6,"Pandora\u0027s Box":["Barrage","Coolheaded","Echo Form","Steam Power","FTL","Rebound","Reinforced Body"],"Ginger":[5],"Smiling Mask":0,"obtain_stats":[{"Torii":31,"Dead Branch":8,"Thread and Needle":6,"Omamori":0,"Ginger":25,"Smiling Mask":21,"Mercury Hourglass":26,"Old Coin":28,"Dream Catcher":23,"Prayer Wheel":9,"Pandora\u0027s Box":17,"Red Mask":20,"Cracked Core":0,"FossilizedHelix":11},{"Torii":17,"Dead Branch":5,"Thread and Needle":4,"Omamori":0,"Ginger":15,"Smiling Mask":13,"Mercury Hourglass":15,"Old Coin":16,"Dream Catcher":14,"Prayer Wheel":5,"Pandora\u0027s Box":10,"Red Mask":13,"Cracked Core":0,"FossilizedHelix":7},{"Torii":77,"Dead Branch":23,"Thread and Needle":19,"Omamori":0,"Ginger":69,"Smiling Mask":61,"Mercury Hourglass":69,"Old Coin":74,"Dream Catcher":65,"Prayer Wheel":23,"Pandora\u0027s Box":50,"Red Mask":61,"Cracked Core":0,"FossilizedHelix":33}],"Mercury Hourglass":[86]},"card_choices":[{"not_picked":["Blizzard","Streamline"],"picked":"Rip and Tear","floor":1.0},{"not_picked":["Leap","Storm"],"picked":"Conserve Battery","floor":2.0},{"not_picked":["Stack","Leap"],"picked":"Sweeping Beam","floor":5.0},{"not_picked":["Turbo","Sweeping Beam"],"picked":"Hyperbeam","floor":6.0},{"not_picked":["Heatsinks","Defragment"],"picked":"Auto Shields","floor":8.0},{"not_picked":["Beam Cell","Stack"],"picked":"Conserve Battery","floor":10.0},{"not_picked":["Auto Shields","Barrage"],"picked":"Coolheaded","floor":10.0},{"not_picked":["Turbo","Gash","Leap"],"picked":"SKIP","floor":11.0},{"not_picked":["Conserve Battery","Gash"],"picked":"Beam Cell","floor":12.0},{"not_picked":["Darkness","Fusion"],"picked":"BootSequence","floor":12.0},{"not_picked":["Heatsinks","Compile Driver"],"picked":"Conserve Battery","floor":14.0},{"not_picked":["Tempest","Stack","Redo"],"picked":"SKIP","floor":14.0},{"not_picked":["Hyperbeam","Multi-Cast"],"picked":"Machine Learning","floor":16.0},{"not_picked":["Undo","Coolheaded"],"picked":"Chaos","floor":18.0},{"not_picked":["Double Energy+1","Streamline+1"],"picked":"Doom and Gloom+1","floor":18.0},{"not_picked":["Scrape","BootSequence","Compile Driver"],"picked":"SKIP","floor":19.0},{"not_picked":["Skim","Sweeping Beam","Streamline"],"picked":"SKIP","floor":19.0},{"not_picked":["Conserve Battery","Chill"],"picked":"Ball Lightning","floor":23.0},{"not_picked":["Darkness","Sweeping Beam","Blizzard"],"picked":"SKIP","floor":25.0},{"not_picked":["Darkness","Auto Shields","Doom and Gloom"],"picked":"SKIP","floor":28.0},{"not_picked":["Darkness","Auto Shields","Doom and Gloom"],"picked":"SKIP","floor":28.0},{"not_picked":["Steam","Ball Lightning"],"picked":"Barrage+1","floor":29.0},{"not_picked":["Ball Lightning","Coolheaded","Sweeping Beam"],"picked":"SKIP","floor":29.0}],"player_experience":512118,"relics_obtained":[{"floor":6.0,"key":"Thread and Needle"},{"floor":8.0,"key":"Dead Branch"},{"floor":9.0,"key":"Prayer Wheel"},{"floor":11.0,"key":"FossilizedHelix"},{"floor":20.0,"key":"Red Mask"},{"floor":21.0,"key":"Smiling Mask"},{"floor":23.0,"key":"Dream Catcher"},{"floor":25.0,"key":"Ginger"},{"floor":26.0,"key":"Mercury Hourglass"},{"floor":28.0,"key":"Old Coin"}],"event_choices":[{"cards_removed":["Strike_B"],"damage_healed":0.0,"max_hp_gain":0.0,"max_hp_loss":0.0,"gold_gain":0.0,"event_name":"The Cleric","player_choice":"Card Removal","floor":3.0,"gold_loss":75.0,"damage_taken":0.0},{"damage_healed":0.0,"max_hp_gain":0.0,"max_hp_loss":0.0,"gold_gain":0.0,"event_name":"Living Wall","player_choice":"Grow","floor":13.0,"gold_loss":0.0,"damage_taken":0.0,"cards_upgraded":["Go for the Eyes"]},{"damage_healed":0.0,"max_hp_gain":0.0,"max_hp_loss":0.0,"gold_gain":0.0,"event_name":"Masked Bandits","player_choice":"Fought Bandits","floor":20.0,"gold_loss":0.0,"damage_taken":0.0},{"damage_healed":0.0,"max_hp_gain":0.0,"max_hp_loss":0.0,"gold_gain":0.0,"cards_transformed":["Sweeping Beam","Barrage"],"event_name":"Drug Dealer","player_choice":"Became Test Subject","floor":22.0,"gold_loss":0.0,"damage_taken":0.0,"cards_obtained":["Static Discharge","Sweeping Beam"]},{"damage_healed":0.0,"max_hp_gain":0.0,"max_hp_loss":0.0,"gold_gain":0.0,"event_name":"Forgotten Altar","player_choice":"Smashed Altar","floor":27.0,"gold_loss":0.0,"damage_taken":0.0,"cards_obtained":["Decay"]},{"damage_healed":0.0,"max_hp_gain":0.0,"max_hp_loss":0.0,"gold_gain":0.0,"event_name":"The Mausoleum","player_choice":"Opened","floor":31.0,"gold_loss":0.0,"damage_taken":0.0,"relics_obtained":["Torii"],"cards_obtained":["Writhe"]}],"is_beta":false,"boss_relics":[{"not_picked":["Ectoplasm","SacredBark"],"picked":"Pandora\u0027s Box"}],"items_purged_floors":[],"is_endless":false,"potions_floor_spawned":[1,6,8,12,16,18,19,23],"killed_by":"Champ","ascension_level":16}}