{"host":"qfskrnw3pl1q86j0","time":1610380471,"event":{"mods":["BaseMod","Block Reminder","Hermit","Marisa????????","Minty Spire (QoL Compilation)","Quick Restart","Random Character Button","Relic Stats","StSLib","The Poker Player","slay the spire mod where everything is the same but ironclad has a cowboy hat"],"gold_per_floor":[118,118,68,86,99,99,115,62,62,72,72,83,83,98,98,194,194,206,206,223,240,83,83,182,182,256,256,256,288,298,198,198,198,198],"floor_reached":33,"playtime":783,"items_purged":["Strike_P","Strike_P"],"score":257,"play_id":"27e0026f-5388-4299-87a9-9ad64e77994d","local_time":"20210111165431","is_ascension_mode":false,"campfire_choices":[{"data":"Eruption","floor":6,"key":"SMITH"},{"data":"SashWhip","floor":11,"key":"SMITH"},{"data":"EmptyFist","floor":15,"key":"SMITH"},{"data":"Tantrum","floor":23,"key":"SMITH"},{"data":"Finesse","floor":25,"key":"SMITH"},{"data":"Vigilance","floor":28,"key":"SMITH"},{"data":"ConjureBlade","floor":32,"key":"SMITH"}],"circlet_count":0,"master_deck":["Defend_P","Defend_P","Defend_P","Defend_P","Eruption+1","Vigilance+1","Tantrum+1","FlyingSleeves","EmptyFist+1","SashWhip+1","EmptyFist","EmptyBody","ConjureBlade+1","Finesse+1","Halt","Consecrate+1"],"relics":["PureWater","Akabeko","Mummified Hand","Sozu","Molten Egg 2","Meat on the Bone"],"acts_visited":["Exordium","TheCity"],"potions_floor_usage":[21,29,33],"damage_taken":[{"damage":0,"enemies":"2 Louse","floor":1,"turns":2},{"damage":0,"enemies":"Small Slimes","floor":4,"turns":2},{"damage":0,"enemies":"Jaw Worm","floor":5,"turns":1},{"damage":0,"enemies":"Blue Slaver","floor":7,"turns":1},{"damage":0,"enemies":"Red Slaver","floor":10,"turns":2},{"damage":11,"enemies":"Lots of Slimes","floor":12,"turns":3},{"damage":0,"enemies":"3 Louse","floor":14,"turns":2},{"damage":29,"enemies":"Hexaghost","floor":16,"turns":8},{"damage":2,"enemies":"Shell Parasite","floor":18,"turns":3},{"damage":0,"enemies":"3 Byrds","floor":20,"turns":4},{"damage":12,"enemies":"Shelled Parasite and Fungi","floor":21,"turns":2},{"damage":10,"enemies":"Gremlin Leader","floor":29,"turns":4},{"damage":1,"enemies":"Centurion and Healer","floor":30,"turns":6},{"damage":51,"enemies":"Champ","floor":33,"turns":6}],"seed_played":"-8106748899498452017","potions_obtained":[{"floor":1,"key":"Block Potion"},{"floor":10,"key":"BottledMiracle"},{"floor":14,"key":"GamblersBrew"}],"is_trial":false,"path_per_floor":["M","?","?","M","M","R","M","$","T","M","R","M","?","M","R","B",null,"M","?","M","M","$","R","?","R","T","?","R","E","M","$","R","B"],"character_chosen":"WATCHER","items_purchased":["EmptyFist","Finesse"],"campfire_rested":0,"item_purchase_floors":[8,22],"current_hp_per_floor":[72,77,77,77,77,77,77,77,77,77,77,66,66,66,66,37,77,75,75,75,63,63,63,63,63,63,49,49,39,50,50,50,0,0],"gold":198,"neow_bonus":"RANDOM_COMMON_RELIC","is_daily":false,"chose_seed":false,"campfire_upgraded":7,"win_rate":0.0,"timestamp":1610380471,"path_taken":["M","?","?","M","?","R","M","$","T","M","R","M","?","M","R","BOSS","M","?","?","M","$","R","?","R","T","?","R","E","?","?","R","BOSS"],"items_purchased_type":["Card","Card"],"build_version":"2020-12-22","purchased_purges":2,"victory":false,"max_hp_per_floor":[72,77,77,77,77,77,77,77,77,77,77,77,77,77,77,77,77,77,77,77,77,77,77,77,77,77,82,82,82,82,82,82,82,82],"relic_stats":{"Sozu":2,"counters":[14,46],"Mummified Hand":[0],"obtain_stats":[{"Sozu":17,"Mummified Hand":9,"Molten Egg 2":26,"PureWater":0,"Akabeko":0,"Meat on the Bone":29},{"Sozu":8,"Mummified Hand":4,"Molten Egg 2":11,"PureWater":0,"Akabeko":0,"Meat on the Bone":12},{"Sozu":21,"Mummified Hand":6,"Molten Egg 2":30,"PureWater":0,"Akabeko":0,"Meat on the Bone":34}],"Meat on the Bone":12},"card_choices":[{"not_picked":["Study","EmptyBody"],"picked":"Tantrum","floor":1},{"not_picked":["WreathOfFlame","ThirdEye"],"picked":"FlyingSleeves","floor":4},{"not_picked":["FlyingSleeves","PathToVictory"],"picked":"EmptyFist","floor":5},{"not_picked":["Conclude","FlurryOfBlows"],"picked":"SashWhip","floor":7},{"not_picked":["BowlingBash","Study","BattleHymn"],"picked":"SKIP","floor":10},{"not_picked":["Study","ThirdEye"],"picked":"EmptyBody","floor":12},{"not_picked":["FlyingSleeves","PathToVictory","Weave"],"picked":"SKIP","floor":14},{"not_picked":["LessonLearned","Ragnarok"],"picked":"ConjureBlade","floor":16},{"not_picked":["JustLucky+1","Tantrum","Prostrate"],"picked":"SKIP","floor":18},{"not_picked":["MentalFortress","SashWhip+1","ForeignInfluence+1"],"picked":"SKIP","floor":20},{"not_picked":["Pray+1","BattleHymn+1","CrushJoints"],"picked":"SKIP","floor":21},{"not_picked":["FollowUp+1","WreathOfFlame"],"picked":"Halt","floor":29},{"not_picked":["Prostrate","MentalFortress+1"],"picked":"Consecrate+1","floor":30}],"player_experience":952402,"relics_obtained":[{"floor":9,"key":"Mummified Hand"},{"floor":26,"key":"Molten Egg 2"},{"floor":29,"key":"Meat on the Bone"}],"event_choices":[{"damage_healed":0,"gold_gain":0,"player_choice":"Donut","damage_taken":0,"max_hp_gain":5,"max_hp_loss":0,"event_name":"Big Fish","floor":2,"gold_loss":0},{"cards_removed":["Strike_P"],"damage_healed":0,"gold_gain":0,"player_choice":"Card Removal","damage_taken":0,"max_hp_gain":0,"max_hp_loss":0,"event_name":"The Cleric","floor":3,"gold_loss":50},{"cards_removed":["Strike_P"],"damage_healed":0,"gold_gain":0,"player_choice":"Purged","damage_taken":0,"max_hp_gain":0,"max_hp_loss":0,"event_name":"Purifier","floor":13,"gold_loss":0},{"damage_healed":0,"gold_gain":0,"player_choice":"Bought 0 Potions","damage_taken":0,"max_hp_gain":0,"max_hp_loss":0,"event_name":"The Woman in Blue","floor":19,"gold_loss":0},{"damage_healed":0,"gold_gain":99,"player_choice":"Stole From Cult","damage_taken":0,"max_hp_gain":0,"max_hp_loss":0,"event_name":"Nest","floor":24,"gold_loss":0},{"damage_healed":0,"gold_gain":0,"player_choice":"Shed Blood","damage_taken":19,"max_hp_gain":5,"max_hp_loss":0,"event_name":"Forgotten Altar","floor":27,"gold_loss":0}],"is_beta":false,"boss_relics":[{"not_picked":["Velvet Choker","Philosopher\u0027s Stone"],"picked":"Sozu"}],"items_purged_floors":[22,31],"is_endless":false,"potions_floor_spawned":[1,10,14,18,30],"killed_by":"Champ","ascension_level":0}}