{"host":"wshh0nphwn6jv7vj","time":1610338603,"event":{"mods":["BaseMod","Bestiary","Minty Spire (QoL Compilation)","Relic Stats"],"gold_per_floor":[20,34,45,64,81,114,114,114,114],"floor_reached":8,"playtime":639,"items_purged":[],"score":111,"play_id":"376d2758-16b7-4e53-aedb-014b6e3628df","local_time":"20210110231643","is_ascension_mode":true,"campfire_choices":[{"floor":7,"key":"REST"}],"circlet_count":0,"master_deck":["AscendersBane","Strike_B","Strike_B","Defend_B","Defend_B","Defend_B","Defend_B","Zap","Dualcast","Compile Driver","Rebound","Ball Lightning","Reprogram","Beam Cell","Fusion","Core Surge","Skim"],"relics":["Cracked Core","Tiny Chest"],"acts_visited":["Exordium"],"potions_floor_usage":[5,6,6],"damage_taken":[{"damage":2.0,"enemies":"2 Louse","floor":1.0,"turns":2.0},{"damage":0.0,"enemies":"Cultist","floor":2.0,"turns":3.0},{"damage":7,"enemies":"Small Slimes","floor":3,"turns":4},{"damage":6,"enemies":"Looter","floor":4,"turns":2},{"damage":20,"enemies":"Large Slime","floor":5,"turns":6},{"damage":19,"enemies":"Lagavulin","floor":6,"turns":6},{"damage":34,"enemies":"Gremlin Nob","floor":8,"turns":3}],"seed_played":"-2071426636318640916","potions_obtained":[{"floor":1.0,"key":"EssenceOfSteel"},{"floor":4,"key":"SkillPotion"},{"floor":5,"key":"FocusPotion"}],"is_trial":false,"path_per_floor":["M","M","M","M","M","E","R","E"],"character_chosen":"DEFECT","items_purchased":[],"campfire_rested":1,"item_purchase_floors":[],"current_hp_per_floor":[62,62,55,49,29,10,31,0,0],"gold":114,"neow_bonus":"TRANSFORM_TWO_CARDS","is_daily":false,"chose_seed":false,"campfire_upgraded":0,"win_rate":0.0,"timestamp":1610338603,"path_taken":["M","M","M","M","M","E","R","E"],"items_purchased_type":[],"build_version":"2020-12-22","purchased_purges":0,"victory":false,"max_hp_per_floor":[71,71,71,71,71,71,71,71,71],"relic_stats":{"counters":[7,26],"Tiny Chest":0,"obtain_stats":[{"Tiny Chest":6,"Cracked Core":0},{"Tiny Chest":6,"Cracked Core":0},{"Tiny Chest":23,"Cracked Core":0}]},"card_choices":[{"not_picked":["Turbo","Beam Cell"],"picked":"Ball Lightning","floor":1.0},{"not_picked":["Heatsinks","Gash"],"picked":"Reprogram","floor":2},{"not_picked":["Stack","Gash"],"picked":"Beam Cell","floor":3},{"not_picked":["Compile Driver","Coolheaded"],"picked":"Fusion","floor":4},{"not_picked":["Gash","Coolheaded"],"picked":"Core Surge","floor":5},{"not_picked":["Scrape","Glacier"],"picked":"Skim","floor":6}],"player_experience":1558701,"relics_obtained":[{"floor":6,"key":"Tiny Chest"}],"event_choices":[],"is_beta":false,"boss_relics":[],"items_purged_floors":[],"is_endless":false,"potions_floor_spawned":[1,4,5],"killed_by":"Gremlin Nob","ascension_level":17}}