{"host":"bzg9y3flbaqjj1j7","time":1610381293,"event":{"mods":["100% Spire Juice","AchievementEnabler","Act Like it!","Aspiration","Astrologer","BaseMod","Challenge The Spire","Dark Map","Elementarium","Gensokyo","Hallownest","Hubris","Infinite Spire","Lobotomy","LobotomyExtend","Marisa????????","Marked Mod","Minty Spire (QoL Compilation)","Permanent Neow","Poor People Problems","Prisma Mod","Quick Restart","Rare Cards Sparkle","Reimu??????","Remilia??????","Replay The Spire","RumiaBox-????????","Shop Mod","Spicy Shops","StSLib","The Animator","The Blue Laboratory","The Bug Knight","Waifu the Spire","vexMod"],"gold_per_floor":[117,117,130,130,130,130,165,182,260,0,0,13,13,42,42,143,143,160,160,269,269,269,269,288,320,343,343,363,363,113,125,125,230,230,241,241,241,241,241],"floor_reached":38,"playtime":4659,"items_purged":["HollowMod:QuickDashStart"],"score":448,"play_id":"6282c568-dda1-4967-9a7a-03f8968679fc","local_time":"20210111123813","is_ascension_mode":false,"campfire_choices":[{"data":"HollowMod:SiblingsSouls","floor":6.0,"key":"SMITH"},{"data":"HollowMod:GrimmsGift","floor":15.0,"key":"SMITH"},{"data":"infinitespire:NeuralNetwork","floor":23.0,"key":"SMITH"},{"data":"HollowMod:LifebloodCore","floor":29.0,"key":"SMITH"},{"data":"HollowMod:FocusHealStart","floor":32.0,"key":"SMITH"}],"circlet_count":0,"master_deck":["HollowMod:NailStrikeStart","HollowMod:NailStrikeStart","HollowMod:NailStrikeStart","HollowMod:NailStrikeStart","HollowMod:QuickDashStart","HollowMod:QuickDashStart","HollowMod:QuickDashStart","HollowMod:FocusHealStart+1","HollowMod:PogoStrike","HollowMod:GrimmsGift+1","HollowMod:SiblingsSouls+1","infinitespire:Starlight+1","HollowMod:CornifersMapStart","HollowMod:LifebloodCocoon","HollowMod:QuirrelsAssistance","HollowMod:LifebloodCore+1","HollowMod:TaintedHusks","infinitespire:NeuralNetwork+1","Shame","Shame","HollowMod:ChannelNail","Flying Knee+1","HollowMod:Hiveblood","HollowMod:ElderbugsWisdom"],"relics":["HollowMod:VesselMask","aspiration:Nostalgia","astrologer:SkyMirror","LetterFromLob","Hallownest:DreamNailRelic","Hallownest:TeacherSealRelic","vexMod:RedPlottingStone","GodSword3","Hallownest:BankAccountRelic","HollowMod:KingsBrand","Replay:Grab Bag","ChewingGum","ReplayTheSpireMod:Onyx Gauntlets","hubris:Backtick","Lantern","Bottled Tornado","aspiration:SilentSkillbook","hubris:Towel","WarpedTongs","GodSword4","Hallownest:UnbreakableCardRelic","hubris:HollowSoul","hubris:Icosahedron"],"acts_visited":["Exordium","Hallownest:Greenpath","Hallownest:CityofTears"],"potions_floor_usage":[],"damage_taken":[{"damage":13.0,"enemies":"Hallownest:monsterHuskGuard","floor":1.0,"turns":4.0},{"damage":0.0,"enemies":"Hallownest:monsterHuskWarrior","floor":3.0,"turns":3.0},{"damage":41.0,"enemies":"Hallownest:eliteCrystalGuardian","floor":7.0,"turns":6.0},{"damage":5.0,"enemies":"Hallownest:2_MossCreeps","floor":8.0,"turns":7.0},{"damage":18.0,"enemies":"Hallownest:1_Baldur_1_Crawlid_1_Warrior","floor":12.0,"turns":5.0},{"damage":6.0,"enemies":"Hallownest:eliteMossKnight","floor":14.0,"turns":9.0},{"damage":38.0,"enemies":"Hallownest:BossFalseKnight","floor":16.0,"turns":13.0},{"damage":26.0,"enemies":"Hallownest:Guard_and_Sentry","floor":18.0,"turns":7.0},{"damage":22.0,"enemies":"Hallownest:2_Mistakes","floor":24.0,"turns":4.0},{"damage":0.0,"enemies":"Hallownest:Nosk","floor":25.0,"turns":6.0},{"damage":37.0,"enemies":"Hallownest:monsterMisterMushroom","floor":28.0,"turns":7.0},{"damage":13.0,"enemies":"Hallownest:2_Husk_Sentries","floor":31.0,"turns":3.0},{"damage":53.0,"enemies":"Hallownest:BossSoulMaster","floor":33.0,"turns":5.0},{"damage":63.0,"enemies":"Hallownest:3_Siblings","floor":35.0,"turns":4.0},{"damage":10,"enemies":"Hallownest:2_Littles","floor":38,"turns":1}],"seed_played":"-3559420524171211445","potions_obtained":[{"floor":1.0,"key":"blueLaboratory:ForbiddenFruitJuice"},{"floor":3.0,"key":"EntropicBrew"},{"floor":24.0,"key":"blueLaboratory:PyrophylliteBrew"},{"floor":28.0,"key":"Strength Potion"},{"floor":33.0,"key":"blueLaboratory:NullPotion"}],"is_trial":false,"path_per_floor":["M","?","M","?","?","R","E","M","T","?","?","M","?","E","R","B",null,"M","AVR","?","?","?","R","M","E","T","?","M","R","?","M","R","B",null,"M","?","?","M"],"character_chosen":"THE_BUGKNIGHT","items_purchased":[],"campfire_rested":0,"item_purchase_floors":[],"current_hp_per_floor":[62,62,62,62,45,45,30,45,45,45,45,57,48,57,57,43,75,59,59,59,59,59,59,58,75,75,75,50,50,50,58,58,66,75,61,61,61,51,51],"gold":241,"neow_bonus":"NOSTALGIA","is_daily":false,"chose_seed":false,"campfire_upgraded":5,"win_rate":0.0,"timestamp":1610381293,"path_taken":["M","?","?","?","?","R","E","?","T","?","?","M","?","E","R","BOSS","M","AVR","?","?","?","R","M","E","T","?","?","R","?","M","R","BOSS","M","?","?","?"],"items_purchased_type":[],"build_version":"2020-12-22","purchased_purges":1,"victory":false,"max_hp_per_floor":[75,75,75,75,75,75,75,75,75,75,75,75,75,75,75,75,75,75,75,75,75,75,75,75,75,75,75,75,75,75,75,75,75,75,75,75,75,75,75],"card_choices":[{"not_picked":["HollowMod:CycloneSlash","HollowMod:VengefulVoid"],"picked":"HollowMod:GrimmsGift","floor":1.0},{"not_picked":["HollowMod:HowlingWraiths","HollowMod:CycloneSlash"],"picked":"HollowMod:SiblingsSouls","floor":3.0},{"not_picked":["infinitespire:UltimateForm","infinitespire:FinalStrike"],"picked":"infinitespire:Starlight","floor":5.0},{"not_picked":["HollowMod:DungDefenderAura","HollowMod:ZotesMagnificence"],"picked":"HollowMod:CornifersMapStart","floor":7.0},{"not_picked":["HollowMod:DashSlash","HollowMod:InfectedAttack"],"picked":"HollowMod:LifebloodCocoon","floor":8.0},{"not_picked":["HollowMod:TaintedHusks","HollowMod:CrystalDash"],"picked":"HollowMod:QuirrelsAssistance","floor":12.0},{"not_picked":["HollowMod:MothsMistake","HollowMod:CrystalDash"],"picked":"HollowMod:NewJinnsSoul","floor":14.0},{"not_picked":["HollowMod:VoidDash","HollowMod:AwokenDreamNail"],"picked":"HollowMod:LifebloodCore","floor":16.0},{"not_picked":["HollowMod:InfectionAssault","HollowMod:SiblingsSouls"],"picked":"HollowMod:TaintedHusks","floor":18.0},{"not_picked":["Crippling Poison","Sucker Punch","PiercingWail","HollowMod:NewJinnsSoul"],"picked":"SKIP","floor":24.0},{"not_picked":["HollowMod:ShadowDash+1","HollowMod:BlackTendrils","HollowMod:SoulEater"],"picked":"HollowMod:ChannelNail","floor":25.0},{"not_picked":["HollowMod:DesolateDive+1","Terror","Dagger Spray"],"picked":"Flying Knee+1","floor":27.0},{"not_picked":["Eviscerate","HollowMod:CycloneSlash","Accuracy","HollowMod:SiblingsSouls"],"picked":"SKIP","floor":28.0},{"not_picked":["Blade Dance","HollowMod:VengefulVoid","HollowMod:SiblingsSouls"],"picked":"HollowMod:Hiveblood","floor":31.0},{"not_picked":["Storm of Steel","Unload","HollowMod:MidwifesHunger"],"picked":"HollowMod:ElderbugsWisdom","floor":33.0},{"not_picked":["HollowMod:VengefulVoid+1","hubris:Counter","Well Laid Plans+1","HollowMod:DoubleDash+1"],"picked":"SKIP","floor":35.0}],"player_experience":179053,"relics_obtained":[{"floor":1.0,"key":"LetterFromLob"},{"floor":7.0,"key":"vexMod:RedPlottingStone"},{"floor":9.0,"key":"GodSword3"},{"floor":14.0,"key":"HollowMod:KingsBrand"},{"floor":25.0,"key":"GodSword4"}],"event_choices":[],"is_beta":false,"boss_relics":[{"not_picked":["SlaversCollar","hubris:GrandSneckoEye"],"picked":"Replay:Grab Bag"},{"not_picked":["Runic Dome","vexMod:DeviousBotling"],"picked":"ChewingGum"},{"not_picked":["vexMod:FluxCapacitor","vexMod:TanglingVine"],"picked":"ReplayTheSpireMod:Onyx Gauntlets"},{"not_picked":["Calling Bell","aspiration:PoetsPen_weak"],"picked":"hubris:Backtick"},{"not_picked":["hubris:VirtuousBlindfold","Runic Pyramid"],"picked":"hubris:HollowSoul"}],"items_purged_floors":[19],"is_endless":false,"potions_floor_spawned":[1,3,24,28,33],"killed_by":"Hallownest:2_Littles","ascension_level":0}}