{"host":"1a3cjta80tad0aqj","time":1610369457,"event":{"mods":["2.2 Compatiblity","AchievementEnabler","BaseMod","Colored Map","DeckTracker","KOR Keyword Fix","Keyboard Shortcuts","Minty Spire (QoL Compilation)","Permanent Neow","Quick Restart","Random Character Button","StSLib","SuperFastMode","everything is the same but u backflip on backflip"],"gold_per_floor":[216,229,229,243,263,188,188,201,225,238,138,138,151,171,171,270,270,286,286,161,161,161,161,187,198,198,48,65,79,79,89,89,192,192,206,186,203,213,225,250,250,263,290,318,318,335,369,385,385,385],"floor_reached":51,"playtime":2506,"items_purged":["Strike_P","Defend_P","Strike_P","FearNoEvil"],"score":905,"play_id":"27423a27-c7e3-4d07-9985-338a81d3d9d0","local_time":"20210111215057","is_ascension_mode":false,"campfire_choices":[{"data":"Eruption","floor":7.0,"key":"SMITH"},{"data":"Adaptation","floor":15.0,"key":"SMITH"},{"data":"CutThroughFate","floor":23.0,"key":"SMITH"},{"data":"Vigilance","floor":30.0,"key":"SMITH"},{"floor":32.0,"key":"REST"},{"floor":41.0,"key":"REST"},{"floor":45.0,"key":"RECALL"},{"floor":49.0,"key":"REST"}],"circlet_count":0,"master_deck":["Eruption+1","Vigilance+1","Adaptation+1","CutThroughFate+1","TalkToTheHand+1","FearNoEvil+1","MasterReality+1","MentalFortress+1","MentalFortress+1"],"relics":["PureWater","PreservedInsect","Akabeko","Astrolabe","MealTicket","Molten Egg 2","Sozu","Whetstone","CeramicFish","Blood Vial","InkBottle"],"acts_visited":["Exordium","TheCity","TheBeyond"],"potions_floor_usage":[50],"damage_taken":[{"damage":12.0,"enemies":"Cultist","floor":1.0,"turns":3.0},{"damage":1.0,"enemies":"Jaw Worm","floor":2.0,"turns":3.0},{"damage":0.0,"enemies":"Small Slimes","floor":4.0,"turns":2.0},{"damage":7.0,"enemies":"2 Fungi Beasts","floor":5.0,"turns":3.0},{"damage":0.0,"enemies":"Exordium Wildlife","floor":8.0,"turns":3.0},{"damage":0.0,"enemies":"Exordium Thugs","floor":10.0,"turns":4.0},{"damage":0.0,"enemies":"Large Slime","floor":13.0,"turns":3.0},{"damage":0.0,"enemies":"Lots of Slimes","floor":14.0,"turns":3.0},{"damage":21.0,"enemies":"The Guardian","floor":16.0,"turns":9.0},{"damage":12.0,"enemies":"2 Thieves","floor":18.0,"turns":3.0},{"damage":14.0,"enemies":"Book of Stabbing","floor":24.0,"turns":3.0},{"damage":2.0,"enemies":"Chosen","floor":25.0,"turns":2.0},{"damage":13.0,"enemies":"Snake Plant","floor":28.0,"turns":2.0},{"damage":0.0,"enemies":"3 Cultists","floor":29.0,"turns":3.0},{"damage":2.0,"enemies":"Centurion and Healer","floor":31.0,"turns":2.0},{"damage":0.0,"enemies":"Automaton","floor":33.0,"turns":2.0},{"damage":5.0,"enemies":"3 Shapes","floor":35.0,"turns":3.0},{"damage":0.0,"enemies":"Orb Walker","floor":37.0,"turns":2.0},{"damage":0.0,"enemies":"Spire Growth","floor":38.0,"turns":2.0},{"damage":0.0,"enemies":"Jaw Worm Horde","floor":39.0,"turns":2.0},{"damage":0.0,"enemies":"Giant Head","floor":40.0,"turns":4.0},{"damage":0.0,"enemies":"Maw","floor":42.0,"turns":2.0},{"damage":0.0,"enemies":"Nemesis","floor":44.0,"turns":5.0},{"damage":0.0,"enemies":"3 Darklings","floor":46.0,"turns":3.0},{"damage":0.0,"enemies":"Giant Head","floor":47.0,"turns":4.0},{"damage":0.0,"enemies":"Transient","floor":48.0,"turns":2.0},{"damage":5,"enemies":"Awakened One","floor":50,"turns":3}],"seed_played":"-4202386693110414750","potions_obtained":[{"floor":2.0,"key":"Swift Potion"},{"floor":4.0,"key":"Block Potion"},{"floor":10.0,"key":"AttackPotion"},{"floor":25.0,"key":"CultistPotion"},{"floor":31.0,"key":"AttackPotion"}],"is_trial":false,"path_per_floor":["M","M","?","M","M","$","R","M","T","M","$","?","M","M","R","B",null,"M","?","$","?","?","R","E","M","T","$","M","M","R","M","R","B",null,"M","?","M","M","M","E","R","M","T","E","R","M","E","M","R","B",null],"character_chosen":"WATCHER","items_purchased":[],"campfire_rested":3,"item_purchase_floors":[],"current_hp_per_floor":[60,59,59,59,52,52,52,52,52,52,52,27,27,27,27,6,72,60,72,72,72,72,72,58,56,56,71,58,58,58,56,72,72,72,67,67,67,67,67,67,72,72,72,72,72,72,72,72,72,67],"gold":385,"neow_bonus":"HUNDRED_GOLD","is_daily":false,"chose_seed":true,"campfire_upgraded":4,"win_rate":0.0,"timestamp":1610369457,"path_taken":["M","?","?","M","M","$","R","?","T","M","$","?","M","M","R","BOSS","M","?","$","?","?","R","E","?","T","?","M","M","R","M","R","BOSS","M","?","?","M","M","E","R","M","T","E","R","M","E","M","R","BOSS"],"items_purchased_type":[],"build_version":"2020-12-22","purchased_purges":4,"victory":true,"max_hp_per_floor":[72,72,72,72,72,72,72,72,72,72,72,72,72,72,72,72,72,72,72,72,72,72,72,72,72,72,72,72,72,72,72,72,72,72,72,72,72,72,72,72,72,72,72,72,72,72,72,72,72,72],"card_choices":[{"not_picked":["CutThroughFate","ClearTheMind"],"picked":"FearNoEvil","floor":1.0},{"not_picked":["JustLucky","EmptyFist","FearNoEvil"],"picked":"SKIP","floor":2.0},{"not_picked":["JustLucky","Halt","EmptyFist"],"picked":"SKIP","floor":4.0},{"not_picked":["Judgement","SashWhip","CrushJoints"],"picked":"SKIP","floor":5.0},{"not_picked":["PathToVictory","CutThroughFate"],"picked":"Adaptation","floor":8.0},{"not_picked":["FollowUp","EmptyFist","Halt"],"picked":"SKIP","floor":10.0},{"not_picked":["Adaptation","ThirdEye","TalkToTheHand"],"picked":"SKIP","floor":13.0},{"not_picked":["FollowUp","ForeignInfluence"],"picked":"CutThroughFate","floor":14.0},{"not_picked":["JustLucky","Halt","Wallop"],"picked":"SKIP","floor":18.0},{"not_picked":["WreathOfFlame","Study+1","FlurryOfBlows"],"picked":"SKIP","floor":24.0},{"not_picked":["WreathOfFlame","Study+1","FlurryOfBlows"],"picked":"SKIP","floor":24.0},{"not_picked":["FlyingSleeves+1","SashWhip","Collect+1"],"picked":"SKIP","floor":25.0},{"not_picked":["MentalFortress+1","EmptyFist+1","PathToVictory+1"],"picked":"SKIP","floor":28.0},{"not_picked":["EmptyFist+1","PathToVictory+1"],"picked":"MentalFortress+1","floor":28.0},{"not_picked":["WheelKick+1","BowlingBash+1","EmptyFist+1"],"picked":"SKIP","floor":29.0},{"not_picked":["WheelKick+1","BowlingBash+1","EmptyFist+1"],"picked":"SKIP","floor":29.0},{"not_picked":["WheelKick+1","BowlingBash+1","EmptyFist+1"],"picked":"SKIP","floor":29.0},{"not_picked":["Consecrate+1","Wallop+1","ForeignInfluence"],"picked":"SKIP","floor":31.0},{"not_picked":["Halt","WindmillStrike+1","Sanctity+1"],"picked":"SKIP","floor":35.0},{"not_picked":["Consecrate+1","ClearTheMind+1","PathToVictory+1"],"picked":"SKIP","floor":37.0},{"not_picked":["Crescendo","Halt+1","Protect"],"picked":"SKIP","floor":38.0},{"not_picked":["Vengeance+1","CutThroughFate+1","Fasting2"],"picked":"SKIP","floor":39.0},{"not_picked":["Protect","MentalFortress","Worship"],"picked":"SKIP","floor":40.0},{"not_picked":["JustLucky+1","ThirdEye","EmptyMind+1"],"picked":"SKIP","floor":42.0},{"not_picked":["SashWhip+1","PathToVictory","ClearTheMind"],"picked":"SKIP","floor":44.0},{"not_picked":["BowlingBash+1","CarveReality+1","TalkToTheHand+1"],"picked":"SKIP","floor":46.0},{"not_picked":["Crescendo","ClearTheMind+1"],"picked":"MentalFortress+1","floor":47.0},{"not_picked":["Sanctity","WreathOfFlame+1","DeusExMachina"],"picked":"SKIP","floor":48.0}],"player_experience":299821,"relics_obtained":[{"floor":9.0,"key":"PreservedInsect"},{"floor":24.0,"key":"MealTicket"},{"floor":26.0,"key":"Molten Egg 2"},{"floor":40.0,"key":"Whetstone"},{"floor":43.0,"key":"CeramicFish"},{"floor":44.0,"key":"Blood Vial"},{"floor":47.0,"key":"InkBottle"}],"event_choices":[{"cards_removed":["Defend_P"],"damage_healed":0.0,"max_hp_gain":0.0,"max_hp_loss":0.0,"gold_gain":0.0,"event_name":"Bonfire Elementals","player_choice":"Offered Basic","floor":3.0,"gold_loss":0.0,"damage_taken":0.0},{"damage_healed":0.0,"max_hp_gain":0.0,"max_hp_loss":0.0,"gold_gain":0.0,"event_name":"Scrap Ooze","player_choice":"Success","floor":12.0,"gold_loss":0.0,"damage_taken":25.0,"relics_obtained":["Akabeko"]},{"damage_healed":24.0,"max_hp_gain":0.0,"max_hp_loss":0.0,"gold_gain":0.0,"event_name":"The Library","player_choice":"Heal","floor":19.0,"gold_loss":0.0,"damage_taken":0.0},{"damage_healed":0.0,"max_hp_gain":0.0,"max_hp_loss":0.0,"gold_gain":0.0,"event_name":"Ghosts","player_choice":"Ignored","floor":21.0,"gold_loss":0.0,"damage_taken":0.0},{"cards_removed":["Defend_P"],"damage_healed":0.0,"max_hp_gain":0.0,"max_hp_loss":0.0,"gold_gain":0.0,"event_name":"Back to Basics","player_choice":"Elegance","floor":22.0,"gold_loss":0.0,"damage_taken":0.0},{"damage_healed":0.0,"max_hp_gain":0.0,"max_hp_loss":0.0,"gold_gain":0.0,"event_name":"The Woman in Blue","player_choice":"Bought 1 Potion","floor":36.0,"gold_loss":0.0,"damage_taken":0.0}],"is_beta":false,"boss_relics":[{"not_picked":["Fusion Hammer","Snecko Eye"],"picked":"Astrolabe"},{"not_picked":["Runic Dome","Runic Pyramid"],"picked":"Sozu"}],"items_purged_floors":[6,11,20,27],"is_endless":false,"potions_floor_spawned":[2,4,10,25,31,35,38,46,48],"ascension_level":0}}