{"host":"uflv0e3ja7hvnij7","time":1610366898,"event":{"mods":["BaseMod","Better Altar","Better Match","Better Note","Better Sensory Stone","Better Skull","Better Third Choice","Marisa????????","Minty Spire (QoL Compilation)","Permanent Neow","Replay The Spire","StSLib"],"gold_per_floor":[18,18,18,18,29,29,56,56,126,140,140,140,140],"floor_reached":12,"playtime":499,"items_purged":[],"score":106,"play_id":"bf6f297b-d514-4c05-9e5e-c4a7851291b9","local_time":"20210111070818","is_ascension_mode":true,"campfire_choices":[{"data":"Eruption","floor":6,"key":"SMITH"},{"data":"Crescendo","floor":8,"key":"SMITH"}],"circlet_count":0,"master_deck":["Strike_P","Strike_P","Strike_P","Defend_P","Defend_P","Defend_P","Eruption+1","Vigilance","Crescendo+1","Perseverance+1","FlurryOfBlows+1","MentalFortress"],"relics":["PureWater","Peace Pipe","Molten Egg 2","Blue Candle","Damaru"],"acts_visited":["Exordium"],"potions_floor_usage":[7,7,10],"damage_taken":[{"damage":0,"enemies":"Jaw Worm","floor":1,"turns":3},{"damage":0,"enemies":"Cultist","floor":5,"turns":3},{"damage":27,"enemies":"3 Sentries","floor":7,"turns":9},{"damage":0,"enemies":"Small Slimes","floor":10,"turns":3},{"damage":32,"enemies":"Gremlin Nob","floor":12,"turns":2}],"seed_played":"1306594443743519597","potions_obtained":[{"floor":1,"key":"Fruit Juice"},{"floor":5,"key":"DuplicationPotion"},{"floor":10,"key":"Fruit Juice"}],"is_trial":false,"path_per_floor":["M","?","?","$","M","R","E","R","T","M","?","E"],"character_chosen":"WATCHER","items_purchased":[],"campfire_rested":0,"item_purchase_floors":[],"current_hp_per_floor":[65,65,65,65,65,65,43,43,43,48,23,0,0],"gold":140,"neow_bonus":"ONE_RARE_RELIC","is_daily":false,"chose_seed":false,"campfire_upgraded":2,"win_rate":0.0,"timestamp":1610366898,"path_taken":["M","?","?","$","?","R","E","R","T","M","?","E"],"items_purchased_type":[],"build_version":"2020-12-22","purchased_purges":0,"victory":false,"max_hp_per_floor":[72,72,72,72,72,72,77,77,77,82,82,82,82],"card_choices":[{"not_picked":["DeceiveReality","Tantrum"],"picked":"Crescendo","floor":1},{"not_picked":["Replay:DivineShield","WindmillStrike","Collect"],"picked":"SKIP","floor":5},{"not_picked":["Fasting2","Conclude+1"],"picked":"FlurryOfBlows+1","floor":7},{"not_picked":["Wireheading","Consecrate+1"],"picked":"MentalFortress","floor":10}],"player_experience":550985,"relics_obtained":[{"floor":7,"key":"Molten Egg 2"},{"floor":9,"key":"Blue Candle"}],"event_choices":[{"cards_removed":["Defend_P"],"damage_healed":0,"gold_gain":0,"player_choice":"Purged","damage_taken":0,"max_hp_gain":0,"max_hp_loss":0,"event_name":"Purifier","floor":3,"gold_loss":0},{"damage_healed":0,"gold_gain":0,"player_choice":"Relic ","damage_taken":25,"max_hp_gain":0,"max_hp_loss":0,"event_name":"betterThird:BetterScrap","floor":11,"gold_loss":0,"cards_obtained":["Reckless Charge"]}],"is_beta":false,"boss_relics":[],"items_purged_floors":[],"is_endless":false,"potions_floor_spawned":[1,5,10],"killed_by":"Gremlin Nob","ascension_level":8}}