{"host":"8pjvbxl6xo882v42","time":1610405585,"event":{"mods":["AchievementEnabler","BaseMod","Minty Spire (QoL Compilation)","Replay The Spire","StSLib","The Cursed"],"gold_per_floor":[116,135,145,145,160,188,201,201,201,214,214,234,269,269,269,363,363,377,327,348,361,377,416,416,434,459,75,111,11,11,50,50,146,146,166,216,231,250,273,125,125,141,141,180,33,57,57,75,25,25],"floor_reached":51,"playtime":2987,"items_purged":["Strike_R","Strike_R"],"score":1393,"play_id":"949a29d0-8a4c-4187-bc18-95f1a1b2d4cb","local_time":"20210111235305","is_ascension_mode":true,"campfire_choices":[{"floor":11,"key":"REST"},{"data":"Demonic Infusion","floor":15,"key":"SMITH"},{"data":"Whirlwind","floor":24,"key":"SMITH"},{"data":"Shrug It Off","floor":30,"key":"SMITH"},{"data":"Flame Barrier","floor":32,"key":"SMITH"},{"data":"Shrug It Off","floor":41,"key":"SMITH"},{"floor":47,"key":"REST"}],"circlet_count":0,"master_deck":["AscendersBane","Strike_R","Strike_R","Defend_R+1","Defend_R","Defend_R","Defend_R+1","Bash","Perfected Strike","Shrug It Off+1","Flame Barrier+1","Rage+1","ReplayTheSpireMod:Limb From Limb","Perfected Strike+1","Demonic Infusion+1","Fiend Fire","Whirlwind+1","Clothesline","Perfected Strike+1","Perfected Strike","Battle Trance","Shrug It Off+1","Inflame+1","Battle Trance+1","ReplayTheSpireMod:Limb From Limb","Exhume","Shrug It Off+1","Hemogenesis","Inflame+1","Flame Barrier","Shrug It Off+1","Ragnarok","Reprogram"],"relics":["Snecko Eye","Golden Idol","Centennial Puzzle","Dream Catcher","Onion Ring","Snecko Heart","Eternal Feather","MealTicket","Frozen Egg 2","Art of War","Whetstone","Cursed Key","DollysMirror","PrismaticShard"],"acts_visited":["Exordium","TheCity","TheBeyond"],"potions_floor_usage":[13,16,22,28,50],"damage_taken":[{"damage":2,"enemies":"2 Louse","floor":1,"turns":4},{"damage":3,"enemies":"Small Slimes","floor":2,"turns":3},{"damage":0,"enemies":"Jaw Worm","floor":3,"turns":2},{"damage":0,"enemies":"Exordium Wildlife","floor":5,"turns":2},{"damage":18,"enemies":"Gremlin Nob","floor":6,"turns":4},{"damage":15,"enemies":"Exordium Thugs","floor":7,"turns":4},{"damage":4,"enemies":"Red Slaver","floor":10,"turns":2},{"damage":0,"enemies":"Lots of Slimes","floor":12,"turns":3},{"damage":10,"enemies":"3 Sentries","floor":13,"turns":6},{"damage":14,"enemies":"Hexaghost","floor":16,"turns":6},{"damage":0,"enemies":"Shell Parasite","floor":18,"turns":2},{"damage":0,"enemies":"2 Thieves","floor":20,"turns":3},{"damage":3,"enemies":"Shelled Parasite and Fungi","floor":21,"turns":3},{"damage":0,"enemies":"Chosen and Byrds","floor":22,"turns":4},{"damage":0,"enemies":"Replay:Snechameleon","floor":23,"turns":3},{"damage":0,"enemies":"Sentry and Sphere","floor":25,"turns":3},{"damage":0,"enemies":"Slavers","floor":28,"turns":1},{"damage":3,"enemies":"Replay:Snechameleon","floor":31,"turns":2},{"damage":17,"enemies":"Champ","floor":33,"turns":7},{"damage":0,"enemies":"3 Darklings","floor":35,"turns":3},{"damage":0,"enemies":"Orb Walker","floor":37,"turns":1},{"damage":0,"enemies":"Spire Growth","floor":38,"turns":4},{"damage":0,"enemies":"Transient","floor":39,"turns":5},{"damage":0,"enemies":"Jaw Worm Horde","floor":42,"turns":2},{"damage":3,"enemies":"Giant Head","floor":44,"turns":4},{"damage":0,"enemies":"Spire Growth","floor":46,"turns":2},{"damage":0,"enemies":"4 Shapes","floor":48,"turns":1},{"damage":6,"enemies":"Time Eater","floor":50,"turns":5}],"seed_played":"1514648465186059856","potions_obtained":[{"floor":2,"key":"Explosive Potion"},{"floor":5,"key":"Dexterity Potion"},{"floor":18,"key":"Fire Potion"},{"floor":20,"key":"AttackPotion"},{"floor":23,"key":"SteroidPotion"},{"floor":33,"key":"DistilledChaos"}],"is_trial":false,"path_per_floor":["M","M","M","?","M","E","M","?","T","M","R","M","E","T","R","B",null,"M","?","M","M","M","E","R","M","T","$","E","$","R","E","R","B",null,"M","?","M","M","M","$","R","M","T","E","$","M","R","M","R","B",null],"character_chosen":"IRONCLAD","items_purchased":["Frozen Egg 2","Inflame+1","DollysMirror","PrismaticShard"],"campfire_rested":2,"item_purchase_floors":[27,27,40,45],"current_hp_per_floor":[66,63,63,63,63,45,30,30,30,26,46,46,36,36,36,22,57,57,57,57,54,54,54,66,66,66,68,68,68,68,65,68,51,64,64,64,64,64,64,68,68,68,68,68,68,68,68,68,68,62],"gold":25,"neow_bonus":"BOSS_RELIC","is_daily":false,"chose_seed":false,"campfire_upgraded":5,"win_rate":0.0,"timestamp":1610405585,"path_taken":["M","M","M","?","M","E","M","?","T","M","R","M","E","?","R","BOSS","M","?","M","M","M","E","R","M","T","$","E","$","R","E","R","BOSS","M","?","?","M","M","?","R","M","T","E","$","M","R","M","R","BOSS"],"items_purchased_type":["Relic","Card","Relic","Relic"],"build_version":"2020-12-22","purchased_purges":2,"victory":true,"max_hp_per_floor":[75,75,75,75,75,75,75,68,68,68,68,68,68,68,68,68,68,68,68,68,68,68,68,68,68,68,68,68,68,68,68,68,68,68,68,68,68,68,68,68,68,68,68,68,68,68,68,68,68,68],"card_choices":[{"not_picked":["Ghostly Armor","Headbutt"],"picked":"Perfected Strike","floor":1},{"not_picked":["Anger","Clash"],"picked":"Shrug It Off","floor":2},{"not_picked":["Bloodletting","Cleave"],"picked":"Flame Barrier","floor":3},{"not_picked":["Sentinel","Thunderclap","Body Slam"],"picked":"SKIP","floor":5},{"not_picked":["Rage","Ghostly Armor"],"picked":"ReplayTheSpireMod:Limb From Limb","floor":6},{"not_picked":["Body Slam","Twin Strike","Flex"],"picked":"SKIP","floor":7},{"not_picked":["ReplayTheSpireMod:Strike From Hell","Havoc"],"picked":"Perfected Strike","floor":10},{"not_picked":["Warcry","Havoc","Body Slam"],"picked":"SKIP","floor":12},{"not_picked":["Sword Boomerang","Wild Strike"],"picked":"Demonic Infusion","floor":13},{"not_picked":["Offering","Exhume"],"picked":"Fiend Fire","floor":16},{"not_picked":["Clothesline","Abandon"],"picked":"Whirlwind","floor":18},{"not_picked":["Anger","ReplayTheSpireMod:Strike From Hell"],"picked":"Clothesline","floor":20},{"not_picked":["Seeing Red","Juggernaut"],"picked":"Perfected Strike","floor":21},{"not_picked":["Sword Boomerang","Rampage"],"picked":"Perfected Strike","floor":22},{"not_picked":["Life Link","Perfected Strike"],"picked":"Battle Trance","floor":23},{"not_picked":["True Grit+1","Burning Pact"],"picked":"Shrug It Off+1","floor":25},{"not_picked":["Twin Strike","True Grit"],"picked":"Battle Trance+1","floor":28},{"not_picked":["Replay:Undeath\u0027s Touch","ReplayReversal"],"picked":"ReplayTheSpireMod:Limb From Limb","floor":31},{"not_picked":["Fiend Fire","Berserk+1"],"picked":"Exhume","floor":33},{"not_picked":["Thunderclap","Armaments","Flex"],"picked":"SKIP","floor":35},{"not_picked":["ReplayReversal+1","Armaments","Warcry"],"picked":"SKIP","floor":37},{"not_picked":["Clash+1","Clothesline"],"picked":"Shrug It Off","floor":38},{"not_picked":["Cleave","Battle Trance"],"picked":"Hemogenesis","floor":39},{"not_picked":["Sword Boomerang","Dual Wield"],"picked":"Flame Barrier","floor":42},{"not_picked":["Armaments","ReplayTheSpireMod:Limb From Limb"],"picked":"Shrug It Off+1","floor":44},{"not_picked":["Slice","Rage","Crescendo"],"picked":"SKIP","floor":46},{"not_picked":["Hidden Blade","EmptyMind+1"],"picked":"Ragnarok","floor":47},{"not_picked":["TheCursedMod:TacticalStrike","ReplayTheSpireMod:The Works"],"picked":"Reprogram","floor":48}],"player_experience":308524,"relics_obtained":[{"floor":9,"key":"Centennial Puzzle"},{"floor":13,"key":"Dream Catcher"},{"floor":14,"key":"Onion Ring"},{"floor":23,"key":"Eternal Feather"},{"floor":26,"key":"MealTicket"},{"floor":28,"key":"Art of War"},{"floor":31,"key":"Whetstone"}],"event_choices":[{"damage_healed":0,"gold_gain":0,"player_choice":"Lose Max HP","damage_taken":0,"relics_obtained":["Golden Idol"],"max_hp_gain":0,"max_hp_loss":7,"event_name":"Golden Idol","floor":8,"gold_loss":0},{"damage_healed":0,"gold_gain":0,"player_choice":"Bet on Murderer","damage_taken":0,"max_hp_gain":0,"max_hp_loss":0,"event_name":"The Joust","floor":19,"gold_loss":50},{"damage_healed":0,"gold_gain":50,"player_choice":"Pray","damage_taken":0,"max_hp_gain":0,"max_hp_loss":0,"event_name":"Golden Shrine","floor":36,"gold_loss":0},{"damage_healed":0,"gold_gain":0,"player_choice":"Upgraded Two","damage_taken":0,"max_hp_gain":0,"max_hp_loss":0,"event_name":"Designer","floor":49,"gold_loss":50,"cards_upgraded":["Defend_R","Defend_R"]}],"is_beta":false,"boss_relics":[{"not_picked":["Sozu","Empty Cage"],"picked":"Snecko Heart"},{"not_picked":["Electric Blood","Calling Bell"],"picked":"Cursed Key"}],"items_purged_floors":[27,29],"is_endless":false,"potions_floor_spawned":[2,5,6,10,12,18,20,21,23,33,35,37,39,44],"ascension_level":15}}