{"host":"63rwe7p34ct1i0qu","time":1610326366,"event":{"mods":["BaseMod","Colored Map","DeckTracker","Minty Spire (QoL Compilation)","Permanent Neow","Quick Restart","StSLib"],"gold_per_floor":[110,128,128,128,147,147,117,117,117,132,148,148,171,215,215,215,215],"floor_reached":16,"playtime":546,"items_purged":[],"score":160,"play_id":"8124bf87-694d-4b38-8574-fca90f993034","local_time":"20210111095246","is_ascension_mode":true,"campfire_choices":[{"data":"Force Field","floor":6,"key":"SMITH"},{"floor":8,"key":"REST"},{"floor":15,"key":"REST"}],"circlet_count":0,"master_deck":["AscendersBane","Strike_B","Strike_B","Strike_B","Defend_B","Defend_B","Defend_B","Defend_B","Zap","Dualcast","Force Field+1","Reprogram","Cold Snap","Biased Cognition"],"relics":["Snecko Eye","Golden Idol","Eternal Feather","Juzu Bracelet","Centennial Puzzle"],"acts_visited":["Exordium"],"potions_floor_usage":[10,11],"damage_taken":[{"damage":4,"enemies":"Small Slimes","floor":1,"turns":4},{"damage":9,"enemies":"Jaw Worm","floor":2,"turns":3},{"damage":0,"enemies":"2 Louse","floor":5,"turns":3},{"damage":1,"enemies":"Looter","floor":7,"turns":4},{"damage":0,"enemies":"2 Fungi Beasts","floor":10,"turns":5},{"damage":14,"enemies":"Exordium Thugs","floor":11,"turns":7},{"damage":30,"enemies":"3 Sentries","floor":14,"turns":14},{"damage":0,"enemies":"The Guardian","floor":16,"turns":1}],"seed_played":"8457006822349641770","potions_obtained":[{"floor":1,"key":"EntropicBrew"},{"floor":10,"key":"Strength Potion"}],"is_trial":false,"path_per_floor":["M","M","?","?","M","R","M","R","T","M","M","?","T","E","R","B"],"character_chosen":"DEFECT","items_purchased":[],"campfire_rested":2,"item_purchase_floors":[],"current_hp_per_floor":[64,55,55,60,60,60,59,74,74,74,60,53,53,23,51,51,51],"gold":215,"neow_bonus":"BOSS_RELIC","is_daily":false,"chose_seed":false,"campfire_upgraded":1,"win_rate":0.0,"timestamp":1610326366,"path_taken":["M","M","?","?","M","R","M","R","T","M","M","?","?","E","R","BOSS"],"items_purchased_type":[],"build_version":"2020-12-22","purchased_purges":0,"victory":false,"max_hp_per_floor":[75,75,69,74,74,74,74,74,74,74,74,74,74,74,74,74,74],"card_choices":[{"not_picked":["Lockon","Compile Driver"],"picked":"Force Field","floor":1},{"not_picked":["Gash","Scrape","Double Energy"],"picked":"SKIP","floor":2},{"not_picked":["Turbo","Double Energy","Redo"],"picked":"SKIP","floor":5},{"not_picked":["Conserve Battery","Ball Lightning","Go for the Eyes"],"picked":"SKIP","floor":7},{"not_picked":["Heatsinks","Beam Cell"],"picked":"Reprogram","floor":10},{"not_picked":["Sweeping Beam","Rebound"],"picked":"Cold Snap","floor":11},{"not_picked":["Seek","Gash"],"picked":"Biased Cognition","floor":14}],"player_experience":837261,"relics_obtained":[{"floor":9,"key":"Eternal Feather"},{"floor":13,"key":"Juzu Bracelet"},{"floor":14,"key":"Centennial Puzzle"}],"event_choices":[{"damage_healed":0,"gold_gain":0,"player_choice":"Lose Max HP","damage_taken":0,"relics_obtained":["Golden Idol"],"max_hp_gain":0,"max_hp_loss":6,"event_name":"Golden Idol","floor":3,"gold_loss":0},{"damage_healed":0,"gold_gain":0,"player_choice":"Donut","damage_taken":0,"max_hp_gain":5,"max_hp_loss":0,"event_name":"Big Fish","floor":4,"gold_loss":0},{"cards_removed":["Strike_B"],"damage_healed":0,"gold_gain":0,"player_choice":"Card Removal","damage_taken":7,"max_hp_gain":0,"max_hp_loss":0,"event_name":"Golden Wing","floor":12,"gold_loss":0}],"is_beta":false,"boss_relics":[],"items_purged_floors":[],"is_endless":false,"potions_floor_spawned":[1,10],"killed_by":"The Guardian","ascension_level":12}}