{"host":"h0xw20cia6ppa69g","time":1610347734,"event":{"mods":["AchievementEnabler","BaseMod","Colored Map","Filter the Spire","Googly Eyes","Minty Spire (QoL Compilation)","Relic Stats","StSLib","The Awakened One except there are too many feathers","everything is the same but u backflip on backflip"],"gold_per_floor":[109,124,54,67,79,79,107,107,132,163,174,30,48,82,82,187,187,199,199,199,199,217,247,247,273,273,273,293,293,303,332,332,432,432,450,450,450,213,227,227,258,258,284,284,319,338,338,388,388,388,388,388,16,45,45,45],"floor_reached":55,"playtime":3939,"items_purged":[],"score":814,"play_id":"114cb42a-25c7-4cab-9d3d-34423904f25b","local_time":"20210111004854","is_ascension_mode":true,"campfire_choices":[{"data":"Fiend Fire","floor":6.0,"key":"SMITH"},{"data":"Shockwave","floor":8.0,"key":"SMITH"},{"data":"Metallicize","floor":15.0,"key":"SMITH"},{"data":"Disarm","floor":24.0,"key":"SMITH"},{"data":"Reaper","floor":27.0,"key":"SMITH"},{"data":"Discovery","floor":29.0,"key":"SMITH"},{"data":"Backflip","floor":32.0,"key":"SMITH"},{"floor":40.0,"key":"RECALL"},{"data":"Enlightenment","floor":42,"key":"SMITH"},{"data":"True Grit","floor":49,"key":"SMITH"},{"data":"Bash","floor":52,"key":"SMITH"}],"circlet_count":0,"master_deck":["Bash+1","Fiend Fire+1","Headbutt","Shockwave+1","Carnage","Cleave","Metallicize+1","True Grit+1","SandsOfTime","Backstab","Night Terror","Burning Pact","Disarm+1","Intimidate","Reaper+1","Impervious","Hemokinesis","Seeing Red","Fire Breathing","Body Slam","Outmaneuver+1","Jack Of All Trades+1","Burning Pact+1","Discovery+1","BootSequence","Backflip+1","Thunderclap+1","Madness","Madness","Purity","Secret Weapon","Finesse","Inflame","Enlightenment+1","Blade Dance","Prepared+1","Evaluate+1","Self Repair+1","Barricade","Armaments","WaveOfTheHand+1"],"relics":["Burning Blood","MealTicket","Red Skull","Juzu Bracelet","Art of War","PrismaticShard","Pantograph","Pandora\u0027s Box","Enchiridion","Akabeko","Bottled Flame","Paper Frog","InkBottle","Runic Pyramid","Membership Card","StoneCalendar","Ancient Tea Set","Letter Opener","Bird Faced Urn","Kunai","Medical Kit","Strawberry","Bronze Scales"],"acts_visited":["Exordium","TheCity","TheBeyond","TheEnding"],"potions_floor_usage":[46,48,48,54],"damage_taken":[{"damage":7.0,"enemies":"Small Slimes","floor":1.0,"turns":4.0},{"damage":1.0,"enemies":"Cultist","floor":2.0,"turns":3.0},{"damage":5.0,"enemies":"2 Louse","floor":4.0,"turns":3.0},{"damage":7.0,"enemies":"Looter","floor":5.0,"turns":2.0},{"damage":12.0,"enemies":"Gremlin Nob","floor":7.0,"turns":3.0},{"damage":13.0,"enemies":"3 Sentries","floor":10.0,"turns":7.0},{"damage":0.0,"enemies":"3 Louse","floor":11.0,"turns":3.0},{"damage":0.0,"enemies":"Large Slime","floor":13.0,"turns":5.0},{"damage":5.0,"enemies":"Lagavulin","floor":14.0,"turns":5.0},{"damage":51.0,"enemies":"Hexaghost","floor":16.0,"turns":10.0},{"damage":8.0,"enemies":"Chosen","floor":18.0,"turns":4.0},{"damage":25.0,"enemies":"Spheric Guardian","floor":22.0,"turns":4.0},{"damage":20.0,"enemies":"Book of Stabbing","floor":23.0,"turns":4.0},{"damage":16.0,"enemies":"Slavers","floor":25.0,"turns":3.0},{"damage":12.0,"enemies":"Snake Plant","floor":28.0,"turns":4.0},{"damage":7.0,"enemies":"Cultist and Chosen","floor":30.0,"turns":4.0},{"damage":33.0,"enemies":"Gremlin Leader","floor":31.0,"turns":7.0},{"damage":42.0,"enemies":"Collector","floor":33.0,"turns":8.0},{"damage":0.0,"enemies":"3 Shapes","floor":35.0,"turns":6.0},{"damage":0.0,"enemies":"Orb Walker","floor":39.0,"turns":2.0},{"damage":47,"enemies":"Nemesis","floor":41,"turns":7},{"damage":11,"enemies":"Giant Head","floor":45,"turns":5},{"damage":2,"enemies":"Transient","floor":46,"turns":5},{"damage":69,"enemies":"2 Orb Walkers","floor":48,"turns":4},{"damage":71,"enemies":"Time Eater","floor":50,"turns":15},{"damage":86,"enemies":"Shield and Spear","floor":54,"turns":7},{"damage":171,"enemies":"The Heart","floor":55,"turns":9}],"seed_played":"-3757631353072329252","potions_obtained":[{"floor":2.0,"key":"HeartOfIron"},{"floor":4.0,"key":"Swift Potion"},{"floor":7.0,"key":"FearPotion"},{"floor":13.0,"key":"Swift Potion"},{"floor":25.0,"key":"FairyPotion"},{"floor":30.0,"key":"SmokeBomb"},{"floor":35.0,"key":"SteroidPotion"},{"floor":46,"key":"Explosive Potion"},{"floor":48,"key":"GamblersBrew"}],"is_trial":false,"path_per_floor":["M","M","?","M","M","R","E","R","T","E","M","$","M","E","R","B",null,"M","?","?","?","M","E","R","E","T","R","M","R","M","E","R","B",null,"M","?","?","$","M","R","E","R","T","?","E","M","T","?","R","B",null,"R","$","E","B"],"character_chosen":"IRONCLAD","items_purchased":["PrismaticShard","Membership Card","Inflame","Enlightenment","Barricade","Kunai","Medical Kit","Armaments","Strawberry"],"campfire_rested":0,"item_purchase_floors":[12,38,38,38,53,53,53,53,53],"current_hp_per_floor":[79,80,80,80,79,79,73,73,73,66,72,80,80,80,80,35,80,80,80,64,49,30,46,46,75,75,75,79,79,78,58,58,85,85,85,74,64,79,85,85,44,44,44,44,54,80,80,85,85,85,85,85,92,92,0,0],"gold":45,"neow_bonus":"ONE_RANDOM_RARE_CARD","is_daily":false,"chose_seed":false,"campfire_upgraded":10,"win_rate":0.0,"timestamp":1610347734,"path_taken":["M","M","?","M","M","R","E","R","T","E","M","$","M","E","R","BOSS","M","?","?","?","M","E","R","E","T","R","M","R","M","E","R","BOSS","M","?","?","$","M","R","E","R","T","?","E","M","?","?","R","BOSS","R","$","E","BOSS"],"items_purchased_type":["Relic","Relic","Card","Card","Card","Relic","Relic","Card","Relic"],"build_version":"2020-12-22","purchased_purges":0,"victory":false,"max_hp_per_floor":[80,80,80,80,80,80,80,80,80,80,80,80,80,80,80,80,80,80,80,80,85,85,85,85,85,85,85,85,85,85,85,85,85,85,85,85,85,85,85,85,85,85,85,85,85,85,85,85,85,85,85,85,92,92,92,92],"relic_stats":{"counters":[27,143],"StoneCalendar":[104],"Juzu Bracelet":0,"Letter Opener":[110],"Medical Kit":[2],"Burning Blood":119,"Pantograph":25,"Bird Faced Urn":[35],"Bronze Scales":[105],"MealTicket":23,"Pandora\u0027s Box":["Burning Pact","Disarm","Intimidate","Reaper","Impervious","Hemokinesis","Seeing Red","Fire Breathing","Body Slam"],"Art of War":[27],"Kunai":[4],"obtain_stats":[{"Enchiridion":20,"StoneCalendar":41,"Juzu Bracelet":9,"Letter Opener":47,"PrismaticShard":12,"Ancient Tea Set":45,"Medical Kit":53,"Burning Blood":0,"Akabeko":23,"Bottled Flame":25,"Pantograph":14,"Bird Faced Urn":48,"Strawberry":53,"Bronze Scales":54,"MealTicket":3,"Pandora\u0027s Box":17,"Art of War":10,"Membership Card":38,"Kunai":53,"Red Skull":7,"InkBottle":31,"Paper Frog":26,"Runic Pyramid":34},{"Enchiridion":11,"StoneCalendar":21,"Juzu Bracelet":5,"Letter Opener":23,"PrismaticShard":7,"Ancient Tea Set":22,"Medical Kit":25,"Burning Blood":0,"Akabeko":13,"Bottled Flame":14,"Pantograph":9,"Bird Faced Urn":24,"Strawberry":25,"Bronze Scales":26,"MealTicket":2,"Pandora\u0027s Box":10,"Art of War":6,"Membership Card":19,"Kunai":25,"Red Skull":5,"InkBottle":17,"Paper Frog":14,"Runic Pyramid":18},{"Enchiridion":49,"StoneCalendar":98,"Juzu Bracelet":15,"Letter Opener":108,"PrismaticShard":25,"Ancient Tea Set":103,"Medical Kit":127,"Burning Blood":0,"Akabeko":57,"Bottled Flame":60,"Pantograph":35,"Bird Faced Urn":112,"Strawberry":127,"Bronze Scales":134,"MealTicket":7,"Pandora\u0027s Box":45,"Art of War":22,"Membership Card":89,"Kunai":127,"Red Skull":15,"InkBottle":75,"Paper Frog":60,"Runic Pyramid":83}],"InkBottle":[28]},"card_choices":[{"not_picked":["Flex","Blood for Blood"],"picked":"Headbutt","floor":1.0},{"not_picked":["Havoc","Flame Barrier"],"picked":"Shockwave","floor":2.0},{"not_picked":["Sword Boomerang","Flame Barrier"],"picked":"Carnage","floor":4.0},{"not_picked":["Hemokinesis","Heavy Blade"],"picked":"Cleave","floor":5.0},{"not_picked":["Havoc","Carnage"],"picked":"Metallicize","floor":7.0},{"not_picked":["Iron Wave","Cleave"],"picked":"True Grit","floor":10.0},{"not_picked":["Whirlwind","Headbutt","Wild Strike"],"picked":"SKIP","floor":11.0},{"not_picked":["Chill","Dark Shackles"],"picked":"SandsOfTime","floor":13.0},{"not_picked":["Indignation","Second Wind"],"picked":"Backstab","floor":14.0},{"not_picked":["Metamorphosis","Juggernaut"],"picked":"Night Terror","floor":16.0},{"not_picked":["Glacier","Riddle With Holes"],"picked":"Outmaneuver+1","floor":18.0},{"not_picked":["Footwork","Lockon"],"picked":"Jack Of All Trades+1","floor":22.0},{"not_picked":["Impatience","Chrysalis"],"picked":"Burning Pact+1","floor":23.0},{"not_picked":["Flex","Deflect"],"picked":"Discovery","floor":25.0},{"not_picked":["FollowUp","Quick Slash","Deflect"],"picked":"SKIP","floor":28.0},{"not_picked":["Swift Strike","EmptyBody+1"],"picked":"BootSequence","floor":30.0},{"not_picked":["Sentinel","Havoc"],"picked":"Backflip","floor":31.0},{"not_picked":["FlurryOfBlows","Battle Trance+1"],"picked":"Thunderclap+1","floor":35.0},{"not_picked":["Mind Blast","Dramatic Entrance"],"picked":"Purity","floor":37.0},{"not_picked":["Blind","Deep Breath"],"picked":"Secret Weapon","floor":37.0},{"not_picked":["Good Instincts","Deep Breath"],"picked":"Finesse","floor":37.0},{"not_picked":["Thunderclap+1","Anger"],"picked":"Blade Dance","floor":39.0},{"not_picked":["Sucker Punch","Deadly Poison"],"picked":"Rip and Tear+1","floor":41},{"not_picked":["Havoc+1","Crescendo"],"picked":"Prepared+1","floor":45},{"not_picked":["Havoc+1","PathToVictory+1"],"picked":"Evaluate+1","floor":46},{"not_picked":["Twin Strike","Deflect+1"],"picked":"Self Repair+1","floor":48},{"not_picked":["Infernal Blade+1","Purity+1"],"picked":"WaveOfTheHand+1","floor":54}],"player_experience":3677683,"relics_obtained":[{"floor":7.0,"key":"Red Skull"},{"floor":9.0,"key":"Juzu Bracelet"},{"floor":10.0,"key":"Art of War"},{"floor":14.0,"key":"Pantograph"},{"floor":20.0,"key":"Enchiridion"},{"floor":23.0,"key":"Akabeko"},{"floor":25.0,"key":"Bottled Flame"},{"floor":26.0,"key":"Paper Frog"},{"floor":31.0,"key":"InkBottle"},{"floor":41,"key":"StoneCalendar"},{"floor":45,"key":"Ancient Tea Set"},{"floor":47,"key":"Letter Opener"},{"floor":48,"key":"Bird Faced Urn"},{"floor":54,"key":"Bronze Scales"}],"event_choices":[{"damage_healed":0.0,"max_hp_gain":0.0,"max_hp_loss":0.0,"gold_gain":0.0,"event_name":"WeMeetAgain","player_choice":"Paid Gold","floor":3.0,"gold_loss":70.0,"damage_taken":0.0,"relics_obtained":["MealTicket"]},{"damage_healed":0.0,"max_hp_gain":0.0,"max_hp_loss":0.0,"gold_gain":0.0,"event_name":"Vampires","player_choice":"Ignored","floor":19.0,"gold_loss":0.0,"damage_taken":0.0},{"damage_healed":0.0,"max_hp_gain":0.0,"max_hp_loss":0.0,"gold_gain":0.0,"event_name":"Cursed Tome","player_choice":"Obtained Book","floor":20.0,"gold_loss":0.0,"damage_taken":16.0},{"damage_healed":0.0,"max_hp_gain":5.0,"max_hp_loss":0.0,"gold_gain":0.0,"event_name":"Forgotten Altar","player_choice":"Shed Blood","floor":21.0,"gold_loss":0.0,"damage_taken":20.0},{"damage_healed":0.0,"max_hp_gain":0.0,"max_hp_loss":0.0,"gold_gain":0.0,"event_name":"Winding Halls","player_choice":"Embrace Madness","floor":36.0,"gold_loss":0.0,"damage_taken":11.0,"cards_obtained":["Madness","Madness"]},{"damage_healed":0.0,"max_hp_gain":0.0,"max_hp_loss":0.0,"gold_gain":0.0,"event_name":"SensoryStone","player_choice":"Memory 3","floor":37.0,"gold_loss":0.0,"damage_taken":10.0},{"cards_removed":["Rip and Tear"],"damage_healed":0,"gold_gain":0,"player_choice":"Removed Attack","damage_taken":0,"max_hp_gain":0,"max_hp_loss":0,"event_name":"Falling","floor":44,"gold_loss":0},{"damage_healed":0,"gold_gain":0,"player_choice":"Fight","damage_taken":0,"max_hp_gain":0,"max_hp_loss":0,"event_name":"Mysterious Sphere","floor":48,"gold_loss":0}],"is_beta":false,"boss_relics":[{"not_picked":["Fusion Hammer","Empty Cage"],"picked":"Pandora\u0027s Box"},{"not_picked":["Astrolabe","SacredBark"],"picked":"Runic Pyramid"}],"items_purged_floors":[],"is_endless":false,"potions_floor_spawned":[2,4,7,13,16,25,30,33,35,39,46,48],"killed_by":"The Heart","ascension_level":1}}