{"host":"8fuipfsvjht9cgcs","time":1610404886,"event":{"mods":["AchievementEnabler","BaseMod","Colored Map","Colored Powertips","DeckTracker","Minty Spire (QoL Compilation)","Replay The Spire","StSLib","SuperFastMode","The Gatherer"],"gold_per_floor":[111,36,36,36,50,50,77,152,152,52,52,52],"floor_reached":11,"playtime":245,"items_purged":["Spreading Infection","Strike_R"],"score":107,"play_id":"1821c559-01f0-4314-9cdc-6cdf0323c9f6","local_time":"20210112114126","is_ascension_mode":true,"campfire_choices":[{"data":"ReplayTheSpireMod:Stacked","floor":6,"key":"SMITH"}],"circlet_count":0,"master_deck":["AscendersBane","Strike_R","Strike_R","Strike_R","Strike_R","Defend_R","Defend_R","Defend_R","Defend_R","Bash","ReplayTheSpireMod:Stacked+1","Shrug It Off+1","Bloodletting+1"],"relics":["Burning Blood","TungstenRod","Toxic Egg 2","Dream Catcher","Vajra"],"acts_visited":["Exordium"],"potions_floor_usage":[],"damage_taken":[{"damage":12,"enemies":"Cultist","floor":1,"turns":5},{"damage":0,"enemies":"2 Louse","floor":5,"turns":3},{"damage":39,"enemies":"3 Sentries","floor":7,"turns":15},{"damage":23,"enemies":"Gremlin Nob","floor":11,"turns":4}],"seed_played":"-128112815714293266","potions_obtained":[],"is_trial":false,"path_per_floor":["M","$","T","$","M","R","E","?","T","$","E"],"character_chosen":"IRONCLAD","items_purchased":[],"campfire_rested":0,"item_purchase_floors":[],"current_hp_per_floor":[66,66,66,66,72,72,39,29,29,29,6,6],"gold":52,"neow_bonus":"ONE_RARE_RELIC","is_daily":false,"chose_seed":false,"campfire_upgraded":1,"win_rate":0.0,"timestamp":1610404886,"path_taken":["M","$","?","?","M","R","E","?","T","$","E"],"items_purchased_type":[],"build_version":"2020-12-22","purchased_purges":2,"victory":false,"max_hp_per_floor":[80,80,80,80,80,80,80,80,80,80,80,80],"card_choices":[{"not_picked":["Warcry","Havoc"],"picked":"ReplayTheSpireMod:Stacked","floor":1},{"not_picked":["Iron Wave","Rupture"],"picked":"Shrug It Off+1","floor":5},{"not_picked":["Replay:Undeath\u0027s Touch","Anger"],"picked":"Bloodletting+1","floor":7}],"player_experience":370846,"relics_obtained":[{"floor":3,"key":"Toxic Egg 2"},{"floor":7,"key":"Dream Catcher"},{"floor":9,"key":"Vajra"}],"event_choices":[{"damage_healed":0,"gold_gain":75,"player_choice":"Gather Gold","damage_taken":11,"max_hp_gain":0,"max_hp_loss":0,"event_name":"World of Goop","floor":8,"gold_loss":0}],"is_beta":false,"boss_relics":[],"items_purged_floors":[2,10],"is_endless":false,"potions_floor_spawned":[],"killed_by":"Gremlin Nob","ascension_level":11}}