{"host":"vfg9szunmpjwj08o","time":1610371289,"event":{"mods":["Act Like it!","BaseMod","Challenge The Spire","Colored Map","Colored Powertips","Minty Spire (QoL Compilation)","StSLib","Waifu the Spire"],"gold_per_floor":[118,130,143,143,9,9,39,52,75,92,117,117,142,162,162,262,262,272,272,272,282,86,86,99,99,126,154,154,165,65,91,91,192,192,207,207,207,223,71,71,90,118,118,118,118,118],"floor_reached":45,"playtime":1728,"items_purged":["Writhe","Defend_P"],"score":873,"play_id":"ce7a4c33-8c91-4345-a74d-700addcee715","local_time":"20210111142129","is_ascension_mode":true,"campfire_choices":[{"data":"Eruption","floor":6,"key":"SMITH"},{"data":"Prostrate","floor":12,"key":"SMITH"},{"data":"Devotion","floor":15,"key":"SMITH"},{"data":"Fasting2","floor":23,"key":"SMITH"},{"data":"DevaForm","floor":25,"key":"SMITH"},{"data":"SignatureMove","floor":28,"key":"SMITH"},{"floor":32,"key":"RECALL"},{"data":"Omniscience","floor":40,"key":"SMITH"},{"data":"Ragnarok","floor":44,"key":"SMITH"}],"circlet_count":0,"master_deck":["Strike_P","Defend_P","Defend_P","Defend_P","Eruption+1","Vigilance","EmptyBody","SignatureMove+1","Wallop","Worship","EmptyMind","MentalFortress","Prostrate+1","CutThroughFate","MentalFortress","Devotion+1","DevaForm+1","CutThroughFate","WheelKick","Fasting2+1","Evaluate","Halt","CutThroughFate","Vengeance","CutThroughFate","Ragnarok+1","Adaptation+1","Madness","Madness","Omniscience+1","Pray"],"relics":["PureWater","Bronze Scales","Toy Ornithopter","Philosopher\u0027s Stone","Mummified Hand","Happy Flower","Eternal Feather","White Beast Statue","Coffee Dripper","Strawberry","Shuriken"],"acts_visited":["Exordium","TheCity","TheBeyond"],"potions_floor_usage":[11,16,18,24,31,33,33,41,42],"damage_taken":[{"damage":0,"enemies":"Jaw Worm","floor":1,"turns":2},{"damage":0,"enemies":"Small Slimes","floor":2,"turns":2},{"damage":4,"enemies":"2 Louse","floor":3,"turns":3},{"damage":4,"enemies":"Exordium Thugs","floor":8,"turns":5},{"damage":1,"enemies":"Red Slaver","floor":10,"turns":2},{"damage":0,"enemies":"Gremlin Nob","floor":11,"turns":2},{"damage":0,"enemies":"Large Slime","floor":14,"turns":3},{"damage":0,"enemies":"Slime Boss","floor":16,"turns":6},{"damage":6,"enemies":"Chosen","floor":18,"turns":4},{"damage":29,"enemies":"3 Byrds","floor":21,"turns":3},{"damage":6,"enemies":"Snake Plant","floor":24,"turns":2},{"damage":0,"enemies":"Gremlin Leader","floor":27,"turns":5},{"damage":4,"enemies":"Chosen and Byrds","floor":29,"turns":5},{"damage":13,"enemies":"Slavers","floor":31,"turns":5},{"damage":19,"enemies":"Champ","floor":33,"turns":6},{"damage":1,"enemies":"Orb Walker","floor":35,"turns":3},{"damage":30,"enemies":"3 Darklings","floor":38,"turns":4},{"damage":20,"enemies":"Writhing Mass","floor":41,"turns":4},{"damage":39,"enemies":"Nemesis","floor":42,"turns":5},{"damage":35,"enemies":"4 Shapes","floor":45,"turns":2}],"seed_played":"-475114474336062596","potions_obtained":[{"floor":1,"key":"Block Potion"},{"floor":3,"key":"Explosive Potion"},{"floor":10,"key":"StancePotion"},{"floor":14,"key":"PowerPotion"},{"floor":21,"key":"EssenceOfSteel"},{"floor":31,"key":"EntropicBrew"},{"floor":33,"key":"Dexterity Potion"},{"floor":38,"key":"Block Potion"},{"floor":41,"key":"Regen Potion"},{"floor":42,"key":"DuplicationPotion"}],"is_trial":false,"path_per_floor":["M","M","M","?","$","R","?","M","T","M","E","R","T","M","R","B",null,"M","?","?","M","$","R","M","R","T","E","R","M","$","E","R","B",null,"M","?","?","M","$","R","M","E","T","R","M"],"character_chosen":"WATCHER","items_purchased":["MentalFortress","Prostrate","CutThroughFate","Fasting2","Evaluate","Omniscience"],"campfire_rested":0,"item_purchase_floors":[5,5,5,22,22,39],"current_hp_per_floor":[47,47,43,36,36,36,36,32,32,31,31,31,31,31,31,36,63,62,62,62,33,33,33,32,32,32,32,44,40,40,32,47,38,64,63,54,54,24,24,42,27,14,14,32,0,0],"gold":118,"neow_bonus":"TRANSFORM_TWO_CARDS","is_daily":false,"chose_seed":false,"campfire_upgraded":8,"win_rate":0.0,"timestamp":1610371289,"path_taken":["M","M","M","?","$","R","?","M","T","M","E","R","?","M","R","BOSS","M","?","?","M","$","R","M","R","T","E","R","?","?","E","R","BOSS","M","?","?","M","$","R","M","E","T","R","M"],"items_purchased_type":["Card","Card","Card","Card","Card","Card"],"build_version":"2020-12-22","purchased_purges":2,"victory":false,"max_hp_per_floor":[72,72,72,72,72,72,72,72,72,72,72,72,72,72,72,72,72,72,72,72,72,72,72,72,72,72,72,72,72,72,72,72,72,72,72,72,72,72,72,72,72,79,79,79,79,79],"card_choices":[{"not_picked":["Nirvana","Tantrum"],"picked":"Wallop","floor":1},{"not_picked":["Tantrum","JustLucky"],"picked":"Worship","floor":2},{"not_picked":["Swivel","Nirvana"],"picked":"EmptyMind","floor":3},{"not_picked":["BowlingBash","SashWhip","ClearTheMind"],"picked":"SKIP","floor":8},{"not_picked":["Wireheading","WindmillStrike","Consecrate"],"picked":"SKIP","floor":10},{"not_picked":["Fasting2","FlyingSleeves"],"picked":"MentalFortress","floor":11},{"not_picked":["Swivel","Indignation"],"picked":"Devotion","floor":14},{"not_picked":["Ragnarok","DeusExMachina"],"picked":"DevaForm","floor":16},{"not_picked":["CrushJoints","Crescendo"],"picked":"CutThroughFate","floor":18},{"not_picked":["CrushJoints","Prostrate","Wireheading"],"picked":"SKIP","floor":21},{"not_picked":["EmptyFist","Evaluate"],"picked":"Halt","floor":24},{"not_picked":["ThirdEye+1","Vengeance"],"picked":"CutThroughFate","floor":27},{"not_picked":["Collect","ClearTheMind"],"picked":"Vengeance","floor":29},{"not_picked":["FollowUp+1","Protect"],"picked":"CutThroughFate","floor":31},{"not_picked":["Vault","Devotion"],"picked":"Ragnarok","floor":33},{"not_picked":["PathToVictory+1","Wireheading"],"picked":"Adaptation+1","floor":35},{"not_picked":["EmptyFist","CrushJoints","Evaluate+1"],"picked":"SKIP","floor":38},{"not_picked":["JustLucky","EmptyBody","SashWhip"],"picked":"SKIP","floor":41},{"not_picked":["Worship","Pray","LikeWater+1"],"picked":"SKIP","floor":42},{"not_picked":["Worship","LikeWater+1"],"picked":"Pray","floor":42}],"player_experience":1053131,"relics_obtained":[{"floor":11,"key":"Bronze Scales"},{"floor":13,"key":"Toy Ornithopter"},{"floor":26,"key":"Happy Flower"},{"floor":27,"key":"Eternal Feather"},{"floor":31,"key":"White Beast Statue"},{"floor":42,"key":"Strawberry"},{"floor":43,"key":"Shuriken"}],"event_choices":[{"cards_removed":["Strike_P"],"damage_healed":0,"gold_gain":0,"player_choice":"Card Removal","damage_taken":7,"max_hp_gain":0,"max_hp_loss":0,"event_name":"Golden Wing","floor":4,"gold_loss":0},{"damage_healed":0,"gold_gain":30,"player_choice":"Searched \u00272\u0027 times","damage_taken":0,"max_hp_gain":0,"max_hp_loss":0,"event_name":"Dead Adventurer","floor":7,"gold_loss":0},{"damage_healed":0,"gold_gain":0,"player_choice":"Opened","damage_taken":0,"relics_obtained":["Mummified Hand"],"max_hp_gain":0,"max_hp_loss":0,"event_name":"The Mausoleum","floor":19,"gold_loss":0,"cards_obtained":["Writhe"]},{"damage_healed":0,"gold_gain":0,"player_choice":"1 cards matched","damage_taken":0,"max_hp_gain":0,"max_hp_loss":0,"event_name":"Match and Keep!","floor":20,"gold_loss":0,"cards_obtained":["WheelKick"]},{"damage_healed":0,"gold_gain":0,"player_choice":"Embrace Madness","damage_taken":9,"max_hp_gain":0,"max_hp_loss":0,"event_name":"Winding Halls","floor":36,"gold_loss":0,"cards_obtained":["Madness","Madness"]},{"damage_healed":0,"gold_gain":0,"player_choice":"Ignored","damage_taken":0,"max_hp_gain":0,"max_hp_loss":0,"event_name":"Tomb of Lord Red Mask","floor":37,"gold_loss":0}],"is_beta":false,"boss_relics":[{"not_picked":["Runic Dome","Velvet Choker"],"picked":"Philosopher\u0027s Stone"},{"not_picked":["SacredBark","Busted Crown"],"picked":"Coffee Dripper"}],"items_purged_floors":[22,30],"is_endless":false,"potions_floor_spawned":[1,3,10,14,21,31,33,35,38,41,42],"killed_by":"4 Shapes","ascension_level":8}}