{"host":"bux1pdxjwq4dkad9","time":1610341571,"event":{"mods":["Act Like it!","BaseMod","Colored Map","Minty Spire (QoL Compilation)","Quick Restart","Spicy Shops","StSLib","SuperFastMode","°æ“≈ŒÔMod°øºÚµ•”Œœ∑","ƒßΩ‰"],"gold_per_floor":[118,130,130,205,30,59,74,74,74],"floor_reached":8,"playtime":381,"items_purged":["RingOfDestiny:Strike_IH","RingOfDestiny:Defend_IH"],"score":106,"play_id":"5ec91d30-bb7a-4310-90a7-3ccff523feb9","local_time":"20210111130611","is_ascension_mode":false,"campfire_choices":[],"circlet_count":0,"master_deck":["RingOfDestiny:Strike_IH2","RingOfDestiny:Defend_IH2","RingOfDestiny:FairJudgement2","RingOfDestiny:FairJudgement2","RingOfDestiny:Pray2","RingOfDestiny:Villainous2","RingOfDestiny:HolyGift2","RingOfDestiny:ProtectionOfLight2","Madness","Madness","Madness","Madness"],"relics":["RingOfDestiny:TwinWings","ImprovedEquipment","NeowsBlessing","Mummified Hand"],"acts_visited":["Exordium"],"potions_floor_usage":[],"damage_taken":[{"damage":0.0,"enemies":"Small Slimes","floor":1.0,"turns":1.0},{"damage":0.0,"enemies":"Jaw Worm","floor":2.0,"turns":1.0},{"damage":0.0,"enemies":"Lagavulin","floor":6.0,"turns":2.0},{"damage":0.0,"enemies":"2 Louse","floor":7.0,"turns":1.0},{"damage":0,"enemies":"3 Sentries","floor":8,"turns":1}],"seed_played":"5816732509186432220","potions_obtained":[{"floor":7.0,"key":"Fire Potion"}],"is_trial":false,"path_per_floor":["M","M","?","?","$","E","M","E"],"character_chosen":"Inherit","items_purchased":[],"campfire_rested":0,"item_purchase_floors":[],"current_hp_per_floor":[91,92,92,81,81,82,83,83,83],"gold":74,"neow_bonus":"THREE_ENEMY_KILL","is_daily":false,"chose_seed":false,"campfire_upgraded":0,"win_rate":0.0,"timestamp":1610341571,"path_taken":["M","M","?","?","$","E","M","E"],"items_purchased_type":[],"build_version":"2020-12-22","purchased_purges":2,"victory":false,"max_hp_per_floor":[91,92,92,92,92,93,94,94,94],"card_choices":[{"not_picked":["RingOfDestiny:BathingInGrace2","RingOfDestiny:Pray2"],"picked":"RingOfDestiny:AngelTalisman2","floor":1.0},{"not_picked":["RingOfDestiny:BathingInGrace2","RingOfDestiny:HolyInterweaving2"],"picked":"RingOfDestiny:ForbiddenStrike2","floor":2.0},{"not_picked":["RingOfDestiny:HolyJustice2","RingOfDestiny:HonourJudgement2"],"picked":"RingOfDestiny:AmuletHeart2","floor":6.0},{"not_picked":["RingOfDestiny:FairJudgement2","RingOfDestiny:AngelTalisman2"],"picked":"RingOfDestiny:BaptismOfLight2","floor":7.0}],"player_experience":2430801,"relics_obtained":[{"floor":6.0,"key":"Mummified Hand"}],"event_choices":[{"damage_healed":0.0,"max_hp_gain":0.0,"max_hp_loss":0.0,"gold_gain":0.0,"event_name":"Liars Game","player_choice":"Ignored","floor":3.0,"gold_loss":0.0,"damage_taken":0.0},{"damage_healed":0.0,"max_hp_gain":0.0,"max_hp_loss":0.0,"gold_gain":75.0,"event_name":"World of Goop","player_choice":"Gather Gold","floor":4.0,"gold_loss":0.0,"damage_taken":11.0}],"is_beta":false,"boss_relics":[],"items_purged_floors":[5,5],"is_endless":false,"potions_floor_spawned":[7],"killed_by":"3 Sentries","ascension_level":0}}