{"host":"8c7ixdz8x9d2d2wv","time":1610406157,"event":{"mods":["BaseMod","BetterRewards","Colored Map","Curses Come First","Highlight Path","Minty Spire (QoL Compilation)","Quick Restart","Rare Cards Sparkle","StSLib"],"gold_per_floor":[119,131,145,95,95,95,95,95],"floor_reached":7,"playtime":362,"items_purged":[],"score":41,"play_id":"df427026-51ce-40bf-a824-e44ee4daefd8","local_time":"20210112000237","is_ascension_mode":false,"campfire_choices":[{"data":"Cloak And Dagger","floor":6,"key":"SMITH"}],"circlet_count":0,"master_deck":["Strike_G","Strike_G","Strike_G","Strike_G","Defend_G","Defend_G","Defend_G","Defend_G","Survivor","Neutralize","Slice","Dodge and Roll","Cloak And Dagger+1","Caltrops","Dodge and Roll","Footwork"],"relics":["Ring of the Snake","Torii","Juzu Bracelet"],"acts_visited":["Exordium"],"potions_floor_usage":[],"damage_taken":[{"damage":0,"enemies":"Jaw Worm","floor":1,"turns":5},{"damage":1,"enemies":"Small Slimes","floor":2,"turns":3},{"damage":0,"enemies":"2 Louse","floor":3,"turns":3},{"damage":16,"enemies":"3 Sentries","floor":7,"turns":7}],"seed_played":"5671605833978564463","potions_obtained":[],"is_trial":false,"path_per_floor":["M","M","M","?","?","R","E"],"character_chosen":"THE_SILENT","items_purchased":["Cloak And Dagger"],"campfire_rested":0,"item_purchase_floors":[0],"current_hp_per_floor":[39,38,38,38,13,13,0,0],"gold":95,"neow_bonus":"","is_daily":false,"chose_seed":false,"campfire_upgraded":1,"win_rate":0.0,"timestamp":1610406157,"path_taken":["M","M","M","?","?","R","E"],"items_purchased_type":["Card"],"build_version":"2020-12-22","purchased_purges":0,"victory":false,"max_hp_per_floor":[70,70,70,70,70,70,70,70],"card_choices":[{"not_picked":["Underhanded Strike","Deflect"],"picked":"Caltrops","floor":1},{"not_picked":["Flying Knee","Leg Sweep"],"picked":"Dodge and Roll","floor":2},{"not_picked":["Prepared","Backflip"],"picked":"Footwork","floor":3}],"player_experience":639800,"relics_obtained":[],"event_choices":[{"cards_removed":["Strike_G"],"damage_healed":0,"gold_gain":0,"player_choice":"Card Removal","damage_taken":0,"max_hp_gain":0,"max_hp_loss":0,"event_name":"The Cleric","floor":4,"gold_loss":50},{"damage_healed":0,"gold_gain":0,"player_choice":"Success","damage_taken":25,"relics_obtained":["Juzu Bracelet"],"max_hp_gain":0,"max_hp_loss":0,"event_name":"Scrap Ooze","floor":5,"gold_loss":0}],"is_beta":false,"boss_relics":[],"items_purged_floors":[],"is_endless":false,"potions_floor_spawned":[],"killed_by":"3 Sentries","ascension_level":0}}