{"host":"rolltorest","time":1610406903,"event":{"mods":["BaseMod","Minty Spire (QoL Compilation)","Relic Stats","Slay the Relics Exporter","StSLib","The Bladedancer"],"gold_per_floor":[109,18,18,30,45,45,79,79,102,102,67,94,105,165,165,239,239,252,252,264,282,335,335,335,360,385,413,27,43,54,87,87,160,160,180,1179,1179,1230,1230,1255,1255,1282,1309,1325,1325,1325,1325,1359,1359,1359,1359],"floor_reached":50,"playtime":2069,"items_purged":[],"score":1201,"play_id":"06ec52d6-6d03-4960-a366-dd5150e4114a","local_time":"20210111151503","is_ascension_mode":true,"campfire_choices":[{"data":"blademaster:DragonStrike","floor":6,"key":"SMITH"},{"floor":15,"key":"REST"},{"data":"blademaster:RagingBlow","floor":23,"key":"SMITH"},{"data":"blademaster:Blockade","floor":32,"key":"SMITH"},{"floor":41,"key":"RECALL"},{"data":"blademaster:SlyStabs","floor":46,"key":"SMITH"},{"data":"blademaster:FuryOfTheElements","floor":49,"key":"SMITH"}],"circlet_count":0,"master_deck":["AscendersBane","blademaster:Strike","blademaster:Strike+1","blademaster:Strike","blademaster:Defend","blademaster:Defend","blademaster:Defend","blademaster:RagingBlow+1","blademaster:HighVoltage","blademaster:FuryOfTheElements+1","blademaster:Quickness+1","Trip+1","blademaster:DragonStrike+1","blademaster:WindSlash","blademaster:DeadlyDance+1","blademaster:Frontflip","blademaster:Flash+1","blademaster:LeechingStrike+1","Ghostly","Ghostly","Ghostly","Ghostly","Ghostly","blademaster:Blockade+1","blademaster:FuriousStrike+1","blademaster:Cut+1","blademaster:TraverseCut+1","blademaster:Safeguard","blademaster:Gust+1","blademaster:Frontflip+1","blademaster:FlockOfBlades","Normality","Secret Technique","blademaster:AirSlash+1","blademaster:SlyStabs+1","Madness","Madness"],"relics":["blademaster:DancersAmulet","Bronze Scales","Bag of Preparation","Oddly Smooth Stone","Kunai","Sozu","Omamori","Molten Egg 2","Potion Belt","Art of War","Shuriken","Whetstone","Calling Bell","Centennial Puzzle","HornCleat","FossilizedHelix","Dead Branch","Question Card","StrikeDummy","Nunchaku","Boot"],"acts_visited":["Exordium","TheCity","TheBeyond"],"potions_floor_usage":[12,12,13],"damage_taken":[{"damage":10,"enemies":"Small Slimes","floor":1,"turns":7},{"damage":7,"enemies":"Jaw Worm","floor":4,"turns":4},{"damage":2,"enemies":"2 Louse","floor":5,"turns":4},{"damage":12,"enemies":"Lagavulin","floor":7,"turns":5},{"damage":30,"enemies":"Gremlin Nob","floor":12,"turns":5},{"damage":1,"enemies":"Gremlin Gang","floor":13,"turns":4},{"damage":35,"enemies":"Gremlin Nob","floor":14,"turns":5},{"damage":10,"enemies":"The Guardian","floor":16,"turns":10},{"damage":15,"enemies":"2 Thieves","floor":18,"turns":3},{"damage":0,"enemies":"3 Byrds","floor":20,"turns":2},{"damage":5,"enemies":"Cultist and Chosen","floor":21,"turns":4},{"damage":11,"enemies":"Book of Stabbing","floor":25,"turns":7},{"damage":2,"enemies":"Gremlin Leader","floor":27,"turns":5},{"damage":0,"enemies":"3 Cultists","floor":29,"turns":3},{"damage":0,"enemies":"Centurion and Healer","floor":30,"turns":3},{"damage":0,"enemies":"Book of Stabbing","floor":31,"turns":3},{"damage":2,"enemies":"Automaton","floor":33,"turns":8},{"damage":0,"enemies":"3 Darklings","floor":35,"turns":4},{"damage":0,"enemies":"2 Orb Walkers","floor":38,"turns":5},{"damage":0,"enemies":"Giant Head","floor":40,"turns":6},{"damage":0,"enemies":"Nemesis","floor":42,"turns":7},{"damage":0,"enemies":"Orb Walker","floor":44,"turns":4},{"damage":2,"enemies":"Reptomancer","floor":48,"turns":4},{"damage":38,"enemies":"Time Eater","floor":50,"turns":6}],"seed_played":"6143887079808360293","potions_obtained":[{"floor":5,"key":"Block Potion"},{"floor":7,"key":"GamblersBrew"},{"floor":12,"key":"SteroidPotion"},{"floor":13,"key":"FairyPotion"}],"is_trial":false,"path_per_floor":["M","$","?","M","M","R","E","?","T","?","?","E","M","?","R","B",null,"M","?","M","M","T","R","?","E","T","E","$","M","M","E","R","B",null,"M","?","?","?","?","E","R","E","T","M","?","R","T","E","R","B"],"character_chosen":"THE_BLADEMASTER","items_purchased":["Trip","blademaster:Cut+1","Shuriken","blademaster:TraverseCut+1","blademaster:Safeguard"],"campfire_rested":1,"item_purchase_floors":[2,28,28,28,28],"current_hp_per_floor":[58,58,51,44,42,42,30,15,15,15,33,9,14,7,29,25,63,54,54,65,71,71,71,37,37,37,37,37,37,37,37,37,37,37,37,37,37,37,37,37,37,37,37,37,32,32,32,37,37,0,0],"gold":1359,"neow_bonus":"ONE_RANDOM_RARE_CARD","is_daily":false,"chose_seed":false,"campfire_upgraded":5,"win_rate":0.0,"timestamp":1610406903,"path_taken":["M","$","?","M","M","R","E","?","T","?","?","E","M","?","R","BOSS","M","?","?","M","?","R","?","E","T","E","$","M","M","E","R","BOSS","M","?","?","?","?","E","R","E","T","M","?","R","?","E","R","BOSS"],"items_purchased_type":["Card","Card","Relic","Card","Card"],"build_version":"2020-12-18","purchased_purges":0,"victory":false,"max_hp_per_floor":[75,75,75,75,75,75,75,75,75,75,75,75,75,75,75,75,75,75,75,75,75,75,75,37,37,37,37,37,37,37,37,37,37,37,37,37,37,37,37,37,37,37,37,37,37,37,37,37,37,37,37],"relic_stats":{"counters":[24,118],"Dead Branch":[66],"Bag of Preparation":[40],"Whetstone":["blademaster:Strike","blademaster:Flash"],"Question Card":8,"Boot":[3],"Sozu":6,"Centennial Puzzle":[6],"Nunchaku":[2],"Shuriken":[31],"Bronze Scales":[308],"Art of War":[6],"Kunai":[44],"obtain_stats":[{"blademaster:BonusFuryPerk":38,"Bag of Preparation":9,"Whetstone":31,"Boot":48,"Sozu":17,"Centennial Puzzle":34,"Nunchaku":47,"HornCleat":34,"blademaster:LightningChargePerk":42,"blademaster:FinisherDrawCardPerk":12,"Kunai":14,"blademaster:ComboEveryTurnPerk":27,"blademaster:DextrousPerk":40,"blademaster:BleedingLaceratePerk":48,"Potion Belt":26,"blademaster:StrongPerk":25,"Dead Branch":38,"Oddly Smooth Stone":12,"blademaster:RandomBladePerk":14,"Omamori":22,"Question Card":40,"Calling Bell":34,"Shuriken":28,"Bronze Scales":7,"Molten Egg 2":25,"blademaster:StanceHealPerk":7,"Art of War":27,"blademaster:DancersAmulet":0,"blademaster:WindChargePerk":31,"StrikeDummy":42,"FossilizedHelix":34},{"blademaster:BonusFuryPerk":19,"Bag of Preparation":4,"Whetstone":16,"Boot":23,"Sozu":8,"Centennial Puzzle":17,"Nunchaku":22,"HornCleat":17,"blademaster:LightningChargePerk":21,"blademaster:FinisherDrawCardPerk":5,"Kunai":7,"blademaster:ComboEveryTurnPerk":13,"blademaster:DextrousPerk":20,"blademaster:BleedingLaceratePerk":23,"Potion Belt":12,"blademaster:StrongPerk":12,"Dead Branch":19,"Oddly Smooth Stone":5,"blademaster:RandomBladePerk":7,"Omamori":11,"Question Card":20,"Calling Bell":17,"Shuriken":13,"Bronze Scales":4,"Molten Egg 2":12,"blademaster:StanceHealPerk":4,"Art of War":13,"blademaster:DancersAmulet":0,"blademaster:WindChargePerk":16,"StrikeDummy":21,"FossilizedHelix":17},{"blademaster:BonusFuryPerk":91,"Bag of Preparation":20,"Whetstone":74,"Boot":112,"Sozu":44,"Centennial Puzzle":82,"Nunchaku":108,"HornCleat":82,"blademaster:LightningChargePerk":104,"blademaster:FinisherDrawCardPerk":25,"Kunai":34,"blademaster:ComboEveryTurnPerk":65,"blademaster:DextrousPerk":97,"blademaster:BleedingLaceratePerk":112,"Potion Belt":60,"blademaster:StrongPerk":60,"Dead Branch":91,"Oddly Smooth Stone":25,"blademaster:RandomBladePerk":34,"Omamori":53,"Question Card":97,"Calling Bell":82,"Shuriken":65,"Bronze Scales":20,"Molten Egg 2":60,"blademaster:StanceHealPerk":20,"Art of War":65,"blademaster:DancersAmulet":0,"blademaster:WindChargePerk":74,"StrikeDummy":104,"FossilizedHelix":82}]},"card_choices":[{"not_picked":["blademaster:IcyWind","blademaster:AwakeningDefend"],"picked":"blademaster:Quickness","floor":1},{"not_picked":["blademaster:EyeOfTheTornado","blademaster:ChargingUp"],"picked":"blademaster:DragonStrike","floor":4},{"not_picked":["blademaster:Vortex","blademaster:Discharge"],"picked":"blademaster:WindSlash","floor":5},{"not_picked":["blademaster:Sharpen","blademaster:IcyWind"],"picked":"blademaster:DeadlyDance","floor":7},{"not_picked":["blademaster:EyeOfTheTornado","blademaster:Rupture","blademaster:BladeCross"],"picked":"SKIP","floor":12},{"not_picked":["blademaster:BrainBloom","blademaster:ChargingUp"],"picked":"blademaster:Frontflip","floor":13},{"not_picked":["blademaster:EnchantedCuirass","blademaster:FlockOfBlades"],"picked":"blademaster:Flash","floor":16},{"not_picked":["blademaster:AspectOfLightning","blademaster:DragonStrike"],"picked":"blademaster:LeechingStrike+1","floor":18},{"not_picked":["blademaster:AspectOfWind","blademaster:ParryingStrike","blademaster:EyeOfTheStorm"],"picked":"SKIP","floor":20},{"not_picked":["blademaster:AwakeningDefend","blademaster:Quickness","blademaster:DeadlyDance"],"picked":"SKIP","floor":21},{"not_picked":["blademaster:DancingEdge+1","blademaster:DaggerAndCloak"],"picked":"blademaster:Blockade","floor":25},{"not_picked":["blademaster:ParryingStrike+1","blademaster:Bloodbath"],"picked":"blademaster:FuriousStrike+1","floor":27},{"not_picked":["blademaster:LightningCrash+1","blademaster:Bloodbath"],"picked":"blademaster:Gust+1","floor":29},{"not_picked":["blademaster:FuriousStrike+1","blademaster:DancingEdge+1"],"picked":"blademaster:Frontflip+1","floor":30},{"not_picked":["blademaster:AspectOfLightning","blademaster:AwakeningDefend","blademaster:Safeguard"],"picked":"SKIP","floor":31},{"not_picked":["blademaster:ThreePointStrike+1","blademaster:LightningDraw+1"],"picked":"blademaster:FlockOfBlades","floor":33},{"not_picked":["blademaster:LeechingStrike+1","blademaster:Rupture","blademaster:AspectOfLightning"],"picked":"SKIP","floor":35},{"not_picked":["Forethought","Metamorphosis"],"picked":"Secret Technique","floor":39},{"not_picked":["blademaster:CullingStrike+1","blademaster:AwakeningStrike+1"],"picked":"blademaster:AirSlash+1","floor":40},{"not_picked":["blademaster:StanceMastery","blademaster:Rupture","blademaster:ChargingUp","blademaster:AirSlash+1"],"picked":"SKIP","floor":42},{"not_picked":["blademaster:AspectOfWind","blademaster:CullingStrike+1","blademaster:AwakeningStrike+1"],"picked":"blademaster:SlyStabs","floor":44},{"not_picked":["blademaster:AirSlash+1","blademaster:LeechingStrike+1","blademaster:ChargingUp","blademaster:IcyWind+1"],"picked":"SKIP","floor":48}],"player_experience":1751952,"relics_obtained":[{"floor":7,"key":"Bronze Scales"},{"floor":7,"key":"blademaster:StanceHealPerk"},{"floor":9,"key":"Bag of Preparation"},{"floor":12,"key":"Oddly Smooth Stone"},{"floor":12,"key":"blademaster:FinisherDrawCardPerk"},{"floor":14,"key":"Kunai"},{"floor":14,"key":"blademaster:RandomBladePerk"},{"floor":22,"key":"Omamori"},{"floor":25,"key":"Molten Egg 2"},{"floor":25,"key":"blademaster:StrongPerk"},{"floor":26,"key":"Potion Belt"},{"floor":27,"key":"Art of War"},{"floor":27,"key":"blademaster:ComboEveryTurnPerk"},{"floor":31,"key":"blademaster:WindChargePerk"},{"floor":31,"key":"Whetstone"},{"floor":34,"key":"Centennial Puzzle"},{"floor":34,"key":"HornCleat"},{"floor":34,"key":"FossilizedHelix"},{"floor":38,"key":"Dead Branch"},{"floor":38,"key":"blademaster:BonusFuryPerk"},{"floor":40,"key":"Question Card"},{"floor":40,"key":"blademaster:DextrousPerk"},{"floor":42,"key":"StrikeDummy"},{"floor":42,"key":"blademaster:LightningChargePerk"},{"floor":47,"key":"Nunchaku"},{"floor":48,"key":"Boot"},{"floor":48,"key":"blademaster:BleedingLaceratePerk"}],"event_choices":[{"cards_removed":["blademaster:Defend"],"damage_healed":0,"gold_gain":0,"player_choice":"Card Removal","damage_taken":7,"max_hp_gain":0,"max_hp_loss":0,"event_name":"Golden Wing","floor":3,"gold_loss":0},{"damage_healed":0,"gold_gain":0,"player_choice":"Entered Light","damage_taken":15,"max_hp_gain":0,"max_hp_loss":0,"event_name":"Shining Light","floor":8,"gold_loss":0,"cards_upgraded":["blademaster:Strike","blademaster:Quickness"]},{"damage_healed":0,"gold_gain":0,"player_choice":"Grow","damage_taken":0,"max_hp_gain":0,"max_hp_loss":0,"event_name":"Living Wall","floor":10,"gold_loss":0,"cards_upgraded":["blademaster:DeadlyDance"]},{"damage_healed":18,"gold_gain":0,"player_choice":"Healed","damage_taken":0,"max_hp_gain":0,"max_hp_loss":0,"event_name":"The Cleric","floor":11,"gold_loss":35},{"damage_healed":0,"gold_gain":0,"player_choice":"Searched \u00271\u0027 times","damage_taken":0,"max_hp_gain":0,"max_hp_loss":0,"event_name":"Dead Adventurer","floor":14,"gold_loss":0},{"damage_healed":0,"gold_gain":0,"player_choice":"Forge","damage_taken":0,"max_hp_gain":0,"max_hp_loss":0,"event_name":"Accursed Blacksmith","floor":19,"gold_loss":0,"cards_upgraded":["Trip"]},{"damage_healed":0,"gold_gain":0,"player_choice":"Became a Ghost","damage_taken":0,"max_hp_gain":0,"max_hp_loss":38,"event_name":"Ghosts","floor":24,"gold_loss":0,"cards_obtained":["Ghostly","Ghostly","Ghostly","Ghostly","Ghostly"]},{"damage_healed":0,"gold_gain":999,"player_choice":"Gold","damage_taken":0,"max_hp_gain":0,"max_hp_loss":0,"event_name":"MindBloom","floor":36,"gold_loss":0,"cards_obtained":["Normality","Normality"]},{"cards_removed":["blademaster:Strike"],"damage_healed":0,"gold_gain":0,"player_choice":"Removed Attack","damage_taken":0,"max_hp_gain":0,"max_hp_loss":0,"event_name":"Falling","floor":37,"gold_loss":0},{"damage_healed":0,"gold_gain":0,"player_choice":"Fight","damage_taken":0,"max_hp_gain":0,"max_hp_loss":0,"event_name":"Mysterious Sphere","floor":38,"gold_loss":0},{"damage_healed":0,"gold_gain":0,"player_choice":"Memory 1","damage_taken":0,"max_hp_gain":0,"max_hp_loss":0,"event_name":"SensoryStone","floor":39,"gold_loss":0},{"damage_healed":0,"gold_gain":0,"player_choice":"Embrace Madness","damage_taken":5,"max_hp_gain":0,"max_hp_loss":0,"event_name":"Winding Halls","floor":45,"gold_loss":0,"cards_obtained":["Madness","Madness"]}],"is_beta":true,"boss_relics":[{"not_picked":["Pandora\u0027s Box","SacredBark"],"picked":"Sozu"},{"not_picked":["Empty Cage","Black Star"],"picked":"Calling Bell"}],"items_purged_floors":[],"is_endless":false,"potions_floor_spawned":[5,7,12,13,18,20,25,33,35,48],"killed_by":"Time Eater","ascension_level":13}}