{"host":"eu5wvbbtjeiar27l","time":1610409115,"event":{"mods":["BaseMod","Colored Powertips","Conspire","Hubris","Infinite Spire","Minty Spire (QoL Compilation)","Rare Cards Sparkle","StSLib","vexMod"],"gold_per_floor":[116,116,127,141,153,185,185,199,199,199,199,214,234,244,244,346,346,365,380,380,380],"floor_reached":20,"playtime":1639,"items_purged":[],"score":180,"play_id":"20714dec-43b1-42bf-9cff-b1f4c2abc41d","local_time":"20210111235155","is_ascension_mode":false,"campfire_choices":[{"data":"infinitespire:OneForAll","floor":7,"key":"SMITH"},{"floor":11,"key":"REST"},{"data":"1","floor":15,"key":"LIFT"}],"circlet_count":0,"master_deck":["Strike_R","Strike_R","Strike_R","Strike_R","Defend_R","Defend_R","Defend_R","Defend_R","Bash","Twin Strike","Rupture","infinitespire:OneForAll+1","Bloodletting","hubris:ReadiedAction","Armaments+1","Bludgeon","Perfected Strike","Flex","Pommel Strike","Immolate","Flame Barrier+1"],"relics":["Black Blood","NeowsBlessing","Oddly Smooth Stone","Girya"],"acts_visited":["Exordium","TheCity"],"potions_floor_usage":[12,16,16,16],"damage_taken":[{"damage":0,"enemies":"2 Louse","floor":1,"turns":1},{"damage":0,"enemies":"Cultist","floor":3,"turns":1},{"damage":0,"enemies":"Small Slimes","floor":4,"turns":1},{"damage":17,"enemies":"2 Fungi Beasts","floor":5,"turns":4},{"damage":39,"enemies":"Gremlin Nob","floor":6,"turns":5},{"damage":34,"enemies":"Exordium Thugs","floor":8,"turns":7},{"damage":0,"enemies":"Lots of Slimes","floor":12,"turns":1},{"damage":8,"enemies":"Gremlin Gang","floor":13,"turns":5},{"damage":12,"enemies":"Blue Slaver","floor":14,"turns":2},{"damage":40,"enemies":"The Guardian","floor":16,"turns":9},{"damage":20,"enemies":"Spheric Guardian","floor":18,"turns":4},{"damage":56,"enemies":"3 Byrds","floor":19,"turns":7},{"damage":38,"enemies":"Cultist and Chosen","floor":20,"turns":6}],"seed_played":"5832032087440797384","potions_obtained":[{"floor":3,"key":"BloodPotion"},{"floor":6,"key":"Explosive Potion"},{"floor":8,"key":"Block Potion"},{"floor":13,"key":"Explosive Potion"}],"is_trial":false,"path_per_floor":["M","?","M","M","M","E","R","M","T","?","R","M","M","M","R","B",null,"M","M","M"],"character_chosen":"IRONCLAD","items_purchased":[],"campfire_rested":1,"item_purchase_floors":[],"current_hp_per_floor":[80,80,80,80,69,36,36,8,8,8,32,38,36,30,30,12,80,72,28,0,0],"gold":380,"neow_bonus":"THREE_ENEMY_KILL","is_daily":false,"chose_seed":false,"campfire_upgraded":1,"win_rate":0.0,"timestamp":1610409115,"path_taken":["M","?","M","?","M","E","R","M","T","?","R","M","?","M","R","BOSS","M","?","M"],"items_purchased_type":[],"build_version":"2020-12-22","purchased_purges":0,"victory":false,"max_hp_per_floor":[80,80,80,80,80,80,80,80,80,80,80,80,80,80,80,80,80,80,80,80,80],"card_choices":[{"not_picked":["Pummel","Clash"],"picked":"Twin Strike","floor":1},{"not_picked":["Iron Wave","hubris:ReadiedAction"],"picked":"infinitespire:OneForAll","floor":3},{"not_picked":["Flex","Cleave"],"picked":"Bloodletting","floor":4},{"not_picked":["Power Through","True Grit"],"picked":"hubris:ReadiedAction","floor":5},{"not_picked":["hubris:ReadiedAction","hubris:CleavingFinish"],"picked":"Armaments","floor":6},{"not_picked":["Perfected Strike","Pommel Strike"],"picked":"Bludgeon","floor":8},{"not_picked":["Dark Embrace","Flex"],"picked":"Perfected Strike","floor":12},{"not_picked":["Anger","Iron Wave"],"picked":"Flex","floor":13},{"not_picked":["Armaments","Clash"],"picked":"Pommel Strike","floor":14},{"not_picked":["Double Tap","conspire:Purge"],"picked":"Immolate","floor":16},{"not_picked":["Shrug It Off","Searing Blow"],"picked":"Flame Barrier+1","floor":18},{"not_picked":["True Grit","Anger+1","Warcry"],"picked":"SKIP","floor":19}],"player_experience":85152,"relics_obtained":[{"floor":6,"key":"Oddly Smooth Stone"},{"floor":9,"key":"Girya"}],"event_choices":[{"damage_healed":0,"gold_gain":0,"cards_transformed":["Strike_R"],"player_choice":"Transformed","damage_taken":0,"max_hp_gain":0,"max_hp_loss":0,"event_name":"Transmorgrifier","floor":2,"gold_loss":0,"cards_obtained":["Rupture"]},{"damage_healed":0,"gold_gain":0,"player_choice":"Forge","damage_taken":0,"max_hp_gain":0,"max_hp_loss":0,"event_name":"Accursed Blacksmith","floor":10,"gold_loss":0,"cards_upgraded":["Armaments"]}],"is_beta":false,"boss_relics":[{"not_picked":["Velvet Choker","Philosopher\u0027s Stone"],"picked":"Black Blood"}],"items_purged_floors":[],"is_endless":false,"potions_floor_spawned":[3,6,8,13,14],"killed_by":"Cultist and Chosen","ascension_level":0}}