{"host":"50per11302020","time":1610353743,"event":{"mods":["AchievementEnabler","BaseMod","Colored Map","Minty Spire (QoL Compilation)","Relic Stats","StSLib"],"gold_per_floor":[112,129,144,144,162,162,177,177,177,177,177,193,193,208,208,282,282,299,312,65,65,65,65,95,20,20,20,20,50,50,61,61,134,134,149,149,169,11,31,31,45,58,84,116,116,141,141,190,190,190],"floor_reached":51,"playtime":4002,"items_purged":["Writhe"],"score":1348,"play_id":"8f866140-ecc1-4dcd-b56c-b688f7fdf00f","local_time":"20210111002903","is_ascension_mode":true,"campfire_choices":[{"data":"Neutralize","floor":6.0,"key":"SMITH"},{"data":"Well Laid Plans","floor":8.0,"key":"SMITH"},{"floor":10.0,"key":"REST"},{"floor":15.0,"key":"REST"},{"floor":23.0,"key":"REST"},{"data":"Apotheosis","floor":28.0,"key":"SMITH"},{"data":"Corpse Explosion","floor":30.0,"key":"SMITH"},{"floor":32.0,"key":"REST"},{"floor":40.0,"key":"REST"},{"floor":45,"key":"REST"},{"floor":47,"key":"REST"},{"data":"Well Laid Plans","floor":49,"key":"SMITH"}],"circlet_count":0,"master_deck":["AscendersBane","Strike_G","Strike_G","Strike_G","Strike_G","Defend_G","Defend_G","Defend_G","Defend_G","Defend_G","Survivor","Neutralize+1","Adrenaline","Distraction","Finisher","Well Laid Plans+1","Flying Knee","Sucker Punch","Calculated Gamble+1","Blur","Corpse Explosion+1","Bouncing Flask","Tactician","Apotheosis+1","Noxious Fumes","Blur","Cloak And Dagger","Leg Sweep+1","Wraith Form v2","Well Laid Plans+1","Bullet Time","Quick Slash+1","Escape Plan+1","Calculated Gamble+1","Choke","Decay","Adrenaline","Deadly Poison"],"relics":["Ring of the Snake","Anchor","Regal Pillow","HoveringKite","Meat on the Bone","CaptainsWheel","Pantograph","Du-Vu Doll","Cursed Key","Lee\u0027s Waffle","Bronze Scales","Ninja Scroll","Lantern","FossilizedHelix"],"acts_visited":["Exordium","TheCity","TheBeyond"],"potions_floor_usage":[50,50],"damage_taken":[{"damage":0.0,"enemies":"Jaw Worm","floor":1.0,"turns":4.0},{"damage":0.0,"enemies":"Small Slimes","floor":2.0,"turns":3.0},{"damage":0.0,"enemies":"2 Louse","floor":3.0,"turns":2.0},{"damage":2.0,"enemies":"2 Fungi Beasts","floor":5.0,"turns":3.0},{"damage":0.0,"enemies":"Large Slime","floor":7.0,"turns":5.0},{"damage":9.0,"enemies":"Gremlin Gang","floor":12.0,"turns":6.0},{"damage":0.0,"enemies":"2 Fungi Beasts","floor":14.0,"turns":4.0},{"damage":4.0,"enemies":"Slime Boss","floor":16.0,"turns":10.0},{"damage":9.0,"enemies":"Spheric Guardian","floor":18.0,"turns":5.0},{"damage":0.0,"enemies":"3 Byrds","floor":19.0,"turns":2.0},{"damage":12.0,"enemies":"Book of Stabbing","floor":24.0,"turns":6.0},{"damage":32.0,"enemies":"Slavers","floor":29.0,"turns":4.0},{"damage":20.0,"enemies":"Shelled Parasite and Fungi","floor":31.0,"turns":3.0},{"damage":49.0,"enemies":"Automaton","floor":33.0,"turns":11.0},{"damage":3.0,"enemies":"Orb Walker","floor":35.0,"turns":4.0},{"damage":16.0,"enemies":"3 Shapes","floor":37.0,"turns":4.0},{"damage":50.0,"enemies":"Transient","floor":39.0,"turns":5.0},{"damage":0,"enemies":"4 Shapes","floor":41,"turns":3},{"damage":29,"enemies":"Maw","floor":42,"turns":8},{"damage":6,"enemies":"Nemesis","floor":44,"turns":9},{"damage":16,"enemies":"Giant Head","floor":46,"turns":9},{"damage":2,"enemies":"2 Orb Walkers","floor":48,"turns":3},{"damage":47,"enemies":"Awakened One","floor":50,"turns":12}],"seed_played":"8634094412784141369","potions_obtained":[{"floor":3.0,"key":"SpeedPotion"},{"floor":7.0,"key":"Energy Potion"},{"floor":12.0,"key":"CultistPotion"},{"floor":19.0,"key":"ColorlessPotion"},{"floor":29.0,"key":"Dexterity Potion"},{"floor":33.0,"key":"AttackPotion"},{"floor":37.0,"key":"Weak Potion"},{"floor":39.0,"key":"ColorlessPotion"}],"is_trial":false,"path_per_floor":["M","M","M","?","M","R","M","R","T","R","?","M","?","M","R","B",null,"M","M","$","?","?","R","E","$","T","?","R","E","R","M","R","B",null,"M","?","M","$","M","R","M","M","T","E","R","E","R","?","R","B",null],"character_chosen":"THE_SILENT","items_purchased":["Apotheosis","Noxious Fumes","Lee\u0027s Waffle"],"campfire_rested":7,"item_purchase_floors":[20,20,38],"current_hp_per_floor":[44,44,44,37,35,35,35,35,35,54,28,19,19,19,53,49,62,53,53,53,35,35,71,59,59,59,59,59,39,39,31,67,34,62,59,59,43,78,40,78,78,49,49,43,78,62,78,76,76,43],"gold":190,"neow_bonus":"THREE_RARE_CARDS","is_daily":false,"chose_seed":false,"campfire_upgraded":5,"win_rate":0.0,"timestamp":1610353743,"path_taken":["M","M","M","?","M","R","M","R","T","R","?","M","?","M","R","BOSS","M","M","$","?","?","R","E","$","T","?","R","E","R","M","R","BOSS","M","?","?","$","M","R","M","M","T","E","R","E","R","?","R","BOSS"],"items_purchased_type":["Card","Card","Relic"],"build_version":"2020-12-18","purchased_purges":1,"victory":true,"max_hp_per_floor":[66,66,66,66,66,66,66,66,66,66,66,66,66,66,66,66,66,66,66,66,71,71,71,71,71,71,71,71,71,71,71,71,71,71,71,71,71,78,78,78,78,78,78,78,78,78,78,78,78,78],"relic_stats":{"Regal Pillow":72,"Lee\u0027s Waffle":35,"counters":[23,125],"Pantograph":6,"Bronze Scales":[98],"HoveringKite":[36],"Cursed Key":1,"obtain_stats":[{"Regal Pillow":11,"Lee\u0027s Waffle":38,"Lantern":46,"HoveringKite":17,"Cursed Key":34,"Du-Vu Doll":29,"Anchor":9,"CaptainsWheel":24,"Ninja Scroll":44,"Pantograph":26,"Bronze Scales":43,"FossilizedHelix":48,"Ring of the Snake":0,"Meat on the Bone":22},{"Regal Pillow":5,"Lee\u0027s Waffle":16,"Lantern":21,"HoveringKite":8,"Cursed Key":14,"Du-Vu Doll":12,"Anchor":5,"CaptainsWheel":11,"Ninja Scroll":20,"Pantograph":11,"Bronze Scales":19,"FossilizedHelix":22,"Ring of the Snake":0,"Meat on the Bone":10},{"Regal Pillow":17,"Lee\u0027s Waffle":76,"Lantern":110,"HoveringKite":37,"Cursed Key":68,"Du-Vu Doll":54,"Anchor":17,"CaptainsWheel":50,"Ninja Scroll":101,"Pantograph":50,"Bronze Scales":92,"FossilizedHelix":113,"Ring of the Snake":0,"Meat on the Bone":44}],"Ring of the Snake":[46],"Meat on the Bone":60},"card_choices":[{"not_picked":["Burst","Bullet Time"],"picked":"Adrenaline","floor":0.0},{"not_picked":["Underhanded Strike","Deflect"],"picked":"Distraction","floor":1.0},{"not_picked":["Bane","Slice"],"picked":"Finisher","floor":2.0},{"not_picked":["Deadly Poison","Predator"],"picked":"Well Laid Plans","floor":3.0},{"not_picked":["Heel Hook","Cloak And Dagger"],"picked":"Flying Knee","floor":5.0},{"not_picked":["Bouncing Flask","Quick Slash"],"picked":"Sucker Punch","floor":7.0},{"not_picked":["Escape Plan","Masterful Stab"],"picked":"Calculated Gamble","floor":12.0},{"not_picked":["Masterful Stab","Well Laid Plans"],"picked":"Blur","floor":14.0},{"not_picked":["Malaise","Unload"],"picked":"Corpse Explosion","floor":16.0},{"not_picked":["Dodge and Roll","Deadly Poison"],"picked":"Bouncing Flask","floor":18.0},{"not_picked":["Outmaneuver","Poisoned Stab"],"picked":"Tactician","floor":19.0},{"not_picked":["Underhanded Strike","Tactician+1"],"picked":"Blur","floor":24.0},{"not_picked":["Expertise","Concentrate"],"picked":"Cloak And Dagger","floor":29.0},{"not_picked":["Concentrate","Dagger Spray"],"picked":"Leg Sweep+1","floor":31.0},{"not_picked":["Venomology","Corpse Explosion"],"picked":"Wraith Form v2","floor":33.0},{"not_picked":["Dodge and Roll+1","Slice"],"picked":"Well Laid Plans","floor":35.0},{"not_picked":["Dagger Spray","Poisoned Stab+1"],"picked":"Quick Slash+1","floor":37.0},{"not_picked":["Caltrops+1","Poisoned Stab"],"picked":"Escape Plan+1","floor":39.0},{"not_picked":["Eviscerate","Prepared+1"],"picked":"Calculated Gamble+1","floor":41},{"not_picked":["Cloak And Dagger","Finisher"],"picked":"Choke","floor":42},{"not_picked":["Endless Agony","Prepared"],"picked":"Adrenaline","floor":44},{"not_picked":["Eviscerate","Cloak And Dagger+1"],"picked":"Deadly Poison","floor":46}],"player_experience":170969,"relics_obtained":[{"floor":9.0,"key":"Anchor"},{"floor":24.0,"key":"CaptainsWheel"},{"floor":26.0,"key":"Pantograph"},{"floor":29.0,"key":"Du-Vu Doll"},{"floor":43,"key":"Bronze Scales"},{"floor":44,"key":"Ninja Scroll"},{"floor":46,"key":"Lantern"},{"floor":48,"key":"FossilizedHelix"}],"event_choices":[{"cards_removed":["Strike_G"],"damage_healed":0.0,"max_hp_gain":0.0,"max_hp_loss":0.0,"gold_gain":0.0,"event_name":"Golden Wing","player_choice":"Card Removal","floor":4.0,"gold_loss":0.0,"damage_taken":7.0},{"damage_healed":0.0,"max_hp_gain":0.0,"max_hp_loss":0.0,"gold_gain":0.0,"event_name":"Scrap Ooze","player_choice":"Success","floor":11.0,"gold_loss":0.0,"damage_taken":26.0,"relics_obtained":["Regal Pillow"]},{"damage_healed":0.0,"max_hp_gain":0.0,"max_hp_loss":0.0,"gold_gain":0.0,"event_name":"Living Wall","player_choice":"Grow","floor":13.0,"gold_loss":0.0,"damage_taken":0.0,"cards_upgraded":["Calculated Gamble"]},{"damage_healed":0.0,"max_hp_gain":5.0,"max_hp_loss":0.0,"gold_gain":0.0,"event_name":"Forgotten Altar","player_choice":"Shed Blood","floor":21.0,"gold_loss":0.0,"damage_taken":23.0},{"damage_healed":0.0,"max_hp_gain":0.0,"max_hp_loss":0.0,"gold_gain":0.0,"event_name":"The Mausoleum","player_choice":"Opened","floor":22.0,"gold_loss":0.0,"damage_taken":0.0,"relics_obtained":["Meat on the Bone"],"cards_obtained":["Writhe"]},{"damage_healed":0.0,"max_hp_gain":0.0,"max_hp_loss":0.0,"gold_gain":0.0,"event_name":"Vampires","player_choice":"Ignored","floor":27.0,"gold_loss":0.0,"damage_taken":0.0},{"damage_healed":0.0,"max_hp_gain":0.0,"max_hp_loss":0.0,"gold_gain":0.0,"event_name":"Match and Keep!","player_choice":"1 cards matched","floor":36.0,"gold_loss":0.0,"damage_taken":0.0,"cards_obtained":["Bullet Time"]},{"damage_healed":0,"gold_gain":0,"player_choice":"Fight","damage_taken":0,"max_hp_gain":0,"max_hp_loss":0,"event_name":"Mysterious Sphere","floor":48,"gold_loss":0}],"is_beta":true,"boss_relics":[{"not_picked":["Pandora\u0027s Box","Runic Pyramid"],"picked":"HoveringKite"},{"not_picked":["Philosopher\u0027s Stone","SacredBark"],"picked":"Cursed Key"}],"items_purged_floors":[25],"is_endless":false,"potions_floor_spawned":[3,7,12,19,29,33,35,37,39],"ascension_level":16}}