{"host":"txhhdwa0hqfs4jhb","time":1610401310,"event":{"mods":["AchievementEnabler","BaseMod","Better Third Choice","Filter the Spire","Minty Spire (QoL Compilation)","Relic Stats","Replay The Spire","StSLib","Thieving Mod"],"gold_per_floor":[365,365,375,53,53,53,25,35,62,82,101,164,181,3,83,156,206,223,223,234,234,37,37,67,67,115,115,115,140,178,228,228,314,423,438,474,431,431,450,450,485,526,588,600,661,274,274,361,361,361],"floor_reached":51,"playtime":2790,"items_purged":["Delirium","Decay","Pot Of Greed"],"score":1537,"play_id":"4df3ce2a-c57d-4eea-ab1b-a7e8938ce95a","local_time":"20210111214150","is_ascension_mode":true,"campfire_choices":[{"data":"Recycle","floor":6.0,"key":"SMITH"},{"data":"Creative AI","floor":23,"key":"SMITH"},{"floor":25,"key":"REST"},{"data":"Coolheaded","floor":27,"key":"SMITH"},{"floor":32,"key":"REST"},{"data":"Pot Of Greed","floor":40,"key":"SMITH"}],"circlet_count":0,"master_deck":["AscendersBane","Strike_B+1","Strike_B+1","Strike_B+1","Strike_B+1","Defend_B+1","Defend_B+1","Defend_B+1","Defend_B+1","Zap","Dualcast","Genetic Algorithm","Defy Death+1","Recycle+1","Panache","Rip and Tear","Pot Of Greed+1","Rip and Tear","Beam Cell","Panic Button","Genetic Algorithm","Coolheaded+1","Panic Button","Creative AI+1","Pot Of Greed","Panic Button","Sweeping Beam","Stack+1","Panache","Gash","Cold Snap","Leap","Electrodynamics","CurseOfTheBell","ReplayTheSpireMod:Necrogeddon","Secret Weapon","Pot Of Greed","Dramatic Entrance","FTL","Go for the Eyes","Reboot","Midas Touch","Cold Snap+1","Reprogram+1","Panic Button","Tempest","Electrodynamics+1","Coolheaded+1","Pot Of Greed+1","Steam Power+1"],"relics":["Cracked Core","Bag of Preparation","OrangePellets","Grinning Jar","Membership Card","Toy Ornithopter","Ancient Tea Set","DataDisk","Medical Kit","Tiny House","ReplayTheSpireMod:Ring of Collecting","Ring of Peace","PreservedInsect","DollysMirror","Tiny Chest","Pet Ghost","Ring of Shattering","CeramicFish","Bottled Lightning","Replay:Grab Bag","Replay:Wanted Poster","Replay:Bronze Core","Calling Bell","Strawberry","Carrot","Emotion Chip","ReplayTheSpireMod:CursedCoin","Happy Flower","Replay:Antivirus Software","Ring of Fury","Turnip","MawBank","Ring of Greed","Golden Egg","Golden Idol","Orichalcum","ReplayTheSpireMod:Lightbulb","Chemical X","Frozen Egg 2","ReplayTheSpireMod:Ring of Exchange","Bottled Tornado"],"acts_visited":["Exordium","TheCity","TheBeyond"],"potions_floor_usage":[30,33,37,50],"damage_taken":[{"damage":3.0,"enemies":"2 Louse","floor":1.0,"turns":2.0},{"damage":0.0,"enemies":"Cultist","floor":3.0,"turns":4.0},{"damage":7.0,"enemies":"Jaw Worm","floor":8.0,"turns":2.0},{"damage":4.0,"enemies":"2 Fungi Beasts","floor":10.0,"turns":4.0},{"damage":4.0,"enemies":"Large Slime","floor":11.0,"turns":4.0},{"damage":13.0,"enemies":"3 Sentries","floor":12.0,"turns":4.0},{"damage":2.0,"enemies":"3 Louse","floor":13.0,"turns":2.0},{"damage":30.0,"enemies":"The Guardian","floor":16.0,"turns":11.0},{"damage":12.0,"enemies":"2 Thieves","floor":18.0,"turns":4.0},{"damage":14.0,"enemies":"Shell Parasite","floor":20.0,"turns":4.0},{"damage":17,"enemies":"Slavers","floor":24,"turns":5},{"damage":0,"enemies":"3 Cultists","floor":29,"turns":3},{"damage":19,"enemies":"Book of Stabbing","floor":30,"turns":7},{"damage":16,"enemies":"Collector","floor":33,"turns":10},{"damage":0,"enemies":"3 Darklings","floor":35,"turns":7},{"damage":0,"enemies":"Orb Walker","floor":39,"turns":3},{"damage":0,"enemies":"Giant Head","floor":41,"turns":7},{"damage":16,"enemies":"Transient","floor":42,"turns":5},{"damage":0,"enemies":"Reptomancer","floor":45,"turns":3},{"damage":55,"enemies":"Donu and Deca","floor":50,"turns":6}],"seed_played":"-7851145564808133131","potions_obtained":[{"floor":3.0,"key":"BlessingOfTheForge"},{"floor":8.0,"key":"PowerPotion"},{"floor":12.0,"key":"Explosive Potion"},{"floor":17.0,"key":"ThievingMod:ThievingPotion"},{"floor":24,"key":"Adrenaline Potion"},{"floor":30,"key":"GamblersBrew"},{"floor":35,"key":"Weak Potion"}],"is_trial":false,"path_per_floor":["M","?","M","$","?","R","$","M","T","M","M","?","M","$","R","B",null,"M","?","M","?","$","R","E","R","T","R","?","M","E","?","R","B",null,"M","?","$","T","M","R","E","M","T","?","E","$","?","T","R","B",null],"character_chosen":"DEFECT","items_purchased":["Recycle","Panache","Rip and Tear","Go for the Eyes","DataDisk","Medical Kit","Panic Button","DollysMirror","Tiny Chest","Reboot","Midas Touch","Chemical X","Frozen Egg 2","Electrodynamics+1","Coolheaded","Steam Power"],"campfire_rested":2,"item_purchase_floors":[4,4,4,7,14,14,14,22,22,37,37,46,46,46,46,46],"current_hp_per_floor":[43,26,26,26,71,71,71,64,64,60,56,53,51,51,51,21,64,57,57,43,43,43,43,26,48,48,48,26,26,12,12,36,25,74,74,64,69,69,69,69,69,53,53,53,53,53,53,53,53,3],"gold":361,"neow_bonus":"TWO_FIFTY_GOLD","is_daily":false,"chose_seed":false,"campfire_upgraded":4,"win_rate":0.0,"timestamp":1610401310,"path_taken":["M","?","M","$","?","R","$","M","T","?","M","?","M","?","R","BOSS","M","?","M","?","$","R","E","R","T","R","?","M","E","?","R","BOSS","M","?","$","?","M","R","E","M","T","?","E","?","?","?","R","BOSS"],"items_purchased_type":["Card","Card","Card","Card","Relic","Relic","Card","Relic","Relic","Card","Card","Relic","Relic","Card","Card","Card"],"build_version":"2020-12-22","purchased_purges":3,"victory":true,"max_hp_per_floor":[71,71,71,71,71,71,71,71,71,71,71,71,71,71,71,71,76,76,76,76,76,76,76,76,76,76,76,81,81,81,81,81,81,88,88,88,88,88,88,88,88,88,88,88,88,88,88,88,88,88],"relic_stats":{"Happy Flower":[8],"counters":[20,97],"Golden Idol":27,"CeramicFish":198,"PreservedInsect":304,"Bag of Preparation":[38],"Orichalcum":[6],"Medical Kit":[0],"MawBank":60,"OrangePellets":[22],"Emotion Chip":[3,0,2,1,0],"Tiny Chest":2,"Turnip":[0],"Chemical X":[2],"obtain_stats":[{"Golden Egg":43,"ReplayTheSpireMod:Ring of Exchange":48,"Carrot":34,"Tiny House":17,"CeramicFish":26,"Bag of Preparation":2,"Bottled Tornado":48,"Ancient Tea Set":12,"Pet Ghost":24,"Replay:Wanted Poster":34,"Emotion Chip":34,"DollysMirror":22,"Ring of Peace":21,"Replay:Bronze Core":34,"Strawberry":34,"Tiny Chest":22,"Ring of Shattering":26,"Chemical X":46,"Replay:Antivirus Software":37,"Cracked Core":0,"Happy Flower":37,"ReplayTheSpireMod:CursedCoin":37,"Golden Idol":43,"Replay:Grab Bag":34,"PreservedInsect":22,"Ring of Greed":43,"Orichalcum":43,"Frozen Egg 2":46,"Medical Kit":14,"MawBank":41,"Calling Bell":34,"OrangePellets":4,"DataDisk":14,"ReplayTheSpireMod:Ring of Collecting":21,"Ring of Fury":38,"Turnip":38,"Membership Card":7,"Bottled Lightning":30,"Grinning Jar":7,"ReplayTheSpireMod:Lightbulb":45,"Toy Ornithopter":9},{"Golden Egg":18,"ReplayTheSpireMod:Ring of Exchange":19,"Carrot":14,"Tiny House":8,"CeramicFish":11,"Bag of Preparation":1,"Bottled Tornado":19,"Ancient Tea Set":6,"Pet Ghost":11,"Replay:Wanted Poster":14,"Emotion Chip":14,"DollysMirror":10,"Ring of Peace":10,"Replay:Bronze Core":14,"Strawberry":14,"Tiny Chest":10,"Ring of Shattering":11,"Chemical X":19,"Replay:Antivirus Software":15,"Cracked Core":0,"Happy Flower":15,"ReplayTheSpireMod:CursedCoin":15,"Golden Idol":18,"Replay:Grab Bag":14,"PreservedInsect":10,"Ring of Greed":18,"Orichalcum":18,"Frozen Egg 2":19,"Medical Kit":7,"MawBank":17,"Calling Bell":14,"OrangePellets":2,"DataDisk":7,"ReplayTheSpireMod:Ring of Collecting":10,"Ring of Fury":15,"Turnip":15,"Membership Card":2,"Bottled Lightning":13,"Grinning Jar":2,"ReplayTheSpireMod:Lightbulb":19,"Toy Ornithopter":3},{"Golden Egg":88,"ReplayTheSpireMod:Ring of Exchange":91,"Carrot":66,"Tiny House":33,"CeramicFish":46,"Bag of Preparation":2,"Bottled Tornado":91,"Ancient Tea Set":20,"Pet Ghost":46,"Replay:Wanted Poster":66,"Emotion Chip":66,"DollysMirror":41,"Ring of Peace":41,"Replay:Bronze Core":66,"Strawberry":66,"Tiny Chest":41,"Ring of Shattering":46,"Chemical X":91,"Replay:Antivirus Software":73,"Cracked Core":0,"Happy Flower":73,"ReplayTheSpireMod:CursedCoin":73,"Golden Idol":88,"Replay:Grab Bag":66,"PreservedInsect":41,"Ring of Greed":88,"Orichalcum":88,"Frozen Egg 2":91,"Medical Kit":22,"MawBank":83,"Calling Bell":66,"OrangePellets":6,"DataDisk":22,"ReplayTheSpireMod:Ring of Collecting":41,"Ring of Fury":73,"Turnip":73,"Membership Card":6,"Bottled Lightning":56,"Grinning Jar":6,"ReplayTheSpireMod:Lightbulb":91,"Toy Ornithopter":8}],"Toy Ornithopter":35},"card_choices":[{"not_picked":["Redo","Sweeping Beam"],"picked":"Genetic Algorithm","floor":1.0},{"not_picked":["Gash","Leap"],"picked":"Self Repair","floor":3.0},{"not_picked":["Double Energy","BasicCrystalCard"],"picked":"Rip and Tear","floor":8.0},{"not_picked":["Sweeping Beam","Reprogram"],"picked":"Beam Cell","floor":10.0},{"not_picked":["Reprogram","BootSequence"],"picked":"Panic Button","floor":11.0},{"not_picked":["Barrage","Stack"],"picked":"Genetic Algorithm","floor":12.0},{"not_picked":["Panic Button","Machine Learning"],"picked":"Coolheaded","floor":13.0},{"not_picked":["Fission","Rainbow"],"picked":"Creative AI","floor":16.0},{"not_picked":["Go for the Eyes","Streamline"],"picked":"Panic Button","floor":17.0},{"not_picked":["Steam","Undo"],"picked":"Sweeping Beam","floor":18.0},{"not_picked":["Compile Driver","Go for the Eyes"],"picked":"Stack+1","floor":20.0},{"not_picked":["Steam","FIFO Queue"],"picked":"Gash","floor":24},{"not_picked":["Reprogram","Lockon"],"picked":"Cold Snap","floor":29},{"not_picked":["Sunder","Sweeping Beam"],"picked":"Leap","floor":30},{"not_picked":["ReplayTheSpireMod:Omega Cannon","Multi-Cast"],"picked":"Electrodynamics","floor":33},{"not_picked":["Loop","Streamline+1","Melter"],"picked":"SKIP","floor":35},{"not_picked":["Enlightenment","Good Instincts"],"picked":"ReplayTheSpireMod:Necrogeddon","floor":36},{"not_picked":["Enlightenment","Magnetism"],"picked":"Secret Weapon","floor":36},{"not_picked":["Bandage Up","Sadistic Nature"],"picked":"Dramatic Entrance","floor":36},{"not_picked":["Beam Cell","Go for the Eyes"],"picked":"Cold Snap+1","floor":39},{"not_picked":["Conserve Battery","Consume"],"picked":"Reprogram+1","floor":41},{"not_picked":["Fusion+1","ReplaySolidLightProjector"],"picked":"Panic Button","floor":42},{"not_picked":["Ball Lightning","Fusion"],"picked":"Tempest","floor":45}],"player_experience":229074,"relics_obtained":[{"floor":9.0,"key":"Toy Ornithopter"},{"floor":12.0,"key":"Ancient Tea Set"},{"floor":21.0,"key":"ReplayTheSpireMod:Ring of Collecting"},{"floor":21.0,"key":"Ring of Peace"},{"floor":24,"key":"Pet Ghost"},{"floor":26,"key":"Ring of Shattering"},{"floor":26,"key":"CeramicFish"},{"floor":30,"key":"Bottled Lightning"},{"floor":34,"key":"Strawberry"},{"floor":34,"key":"Carrot"},{"floor":34,"key":"Emotion Chip"},{"floor":38,"key":"Ring of Fury"},{"floor":38,"key":"Turnip"},{"floor":41,"key":"MawBank"},{"floor":43,"key":"Ring of Greed"},{"floor":43,"key":"Golden Egg"},{"floor":43,"key":"Golden Idol"},{"floor":43,"key":"Orichalcum"},{"floor":45,"key":"ReplayTheSpireMod:Lightbulb"},{"floor":48,"key":"ReplayTheSpireMod:Ring of Exchange"},{"floor":48,"key":"Bottled Tornado"}],"event_choices":[{"cards_removed":["Self Repair"],"damage_healed":45.0,"max_hp_gain":0.0,"max_hp_loss":0.0,"gold_gain":0.0,"event_name":"Bonfire Elementals","player_choice":"Offered Uncommon","floor":5.0,"gold_loss":0.0,"damage_taken":0.0},{"damage_healed":0.0,"max_hp_gain":0.0,"max_hp_loss":0.0,"gold_gain":0.0,"event_name":"Dead Adventurer","player_choice":"Searched \u00271\u0027 times","floor":12.0,"gold_loss":0.0,"damage_taken":0.0},{"damage_healed":0.0,"max_hp_gain":0.0,"max_hp_loss":8.0,"gold_gain":0.0,"event_name":"betterThird:BetterWriting","player_choice":"Simplicity","floor":19.0,"gold_loss":0.0,"damage_taken":0.0},{"damage_healed":0,"gold_gain":0,"player_choice":"Shed Blood","damage_taken":27,"max_hp_gain":5,"max_hp_loss":0,"event_name":"Forgotten Altar","floor":28,"gold_loss":0},{"damage_healed":0,"gold_gain":50,"player_choice":"Steal","damage_taken":0,"max_hp_gain":0,"max_hp_loss":0,"event_name":"betterThird:BetterNest","floor":31,"gold_loss":0},{"damage_healed":0,"gold_gain":0,"player_choice":"Memory 3","damage_taken":10,"max_hp_gain":0,"max_hp_loss":0,"event_name":"SensoryStone","floor":36,"gold_loss":0},{"cards_removed":["Go for the Eyes"],"damage_healed":0,"gold_gain":0,"player_choice":"Removed Attack","damage_taken":0,"max_hp_gain":0,"max_hp_loss":0,"event_name":"Falling","floor":44,"gold_loss":0},{"damage_healed":0,"gold_gain":0,"player_choice":"Ignored","damage_taken":0,"max_hp_gain":0,"max_hp_loss":0,"event_name":"Tomb of Lord Red Mask","floor":47,"gold_loss":0},{"cards_removed":["Amnesia"],"damage_healed":0,"gold_gain":0,"player_choice":"Purged","damage_taken":0,"max_hp_gain":0,"max_hp_loss":0,"event_name":"Purifier","floor":49,"gold_loss":0}],"is_beta":false,"boss_relics":[{"not_picked":["Inserter","SacredBark"],"picked":"Tiny House"},{"not_picked":["Empty Cage","Sozu"],"picked":"Replay:Grab Bag"},{"not_picked":["Busted Crown","Velvet Choker"],"picked":"Replay:Wanted Poster"},{"not_picked":["Runic Dome","Cursed Key"],"picked":"Replay:Bronze Core"},{"not_picked":["Astrolabe","Pandora\u0027s Box"],"picked":"Calling Bell"}],"items_purged_floors":[22,37,46],"is_endless":false,"potions_floor_spawned":[3,8,12,24,30,35],"ascension_level":16}}