{"host":"h4lp0eeso8a0ssq0","time":1610387583,"event":{"mods":["2.2 Compatiblity","AchievementEnabler","BaseMod","CapriCore","Colored Map","Minty Spire (QoL Compilation)","StSLib","SuperFastMode"],"gold_per_floor":[118,118,43,57,132,166,166,184,184,184,213,228,257,275,275,373,373,387,179,179,196,196,196,206,206,255,275,153,170,170,182,182,278,278,292,292,310,87,102,102,113,113,136,136,186,186,11,11,11,11],"floor_reached":51,"playtime":2055,"items_purged":["Strike_G","Strike_G"],"score":1014,"play_id":"9fd802ef-b607-4fe9-aaec-b71b1c316a58","local_time":"20210112025303","is_ascension_mode":true,"campfire_choices":[{"data":"Deadly Poison","floor":7.0,"key":"SMITH"},{"data":"Catalyst","floor":10.0,"key":"SMITH"},{"data":"Calculated Gamble","floor":15.0,"key":"SMITH"},{"floor":23.0,"key":"REST"},{"data":"Wraith Form v2","floor":25.0,"key":"SMITH"},{"floor":30.0,"key":"REST"},{"data":"Concentrate","floor":32.0,"key":"SMITH"},{"floor":40.0,"key":"REST"},{"floor":42.0,"key":"REST"},{"data":"Adrenaline","floor":44.0,"key":"SMITH"},{"data":"Phantasmal Killer","floor":49.0,"key":"SMITH"}],"circlet_count":0,"master_deck":["Defend_G","Defend_G","Defend_G","Defend_G","Defend_G","Survivor","Neutralize+1","Deadly Poison+1","Catalyst+1","Backstab+1","Grand Finale+1","Crippling Poison","Backflip","Calculated Gamble+1","Burst","Escape Plan","Concentrate+1","Wraith Form v2+1","Adrenaline+1","Phantasmal Killer+1","Blur","Grand Finale+1","Reflex","Dagger Throw+1"],"relics":["Ring of the Snake","NeowsBlessing","The Courier","Molten Egg 2","Shuriken","Blue Candle","Runic Pyramid","MutagenicStrength","Juzu Bracelet","Whetstone","Busted Crown","Oddly Smooth Stone","Gambling Chip","Lantern"],"acts_visited":["Exordium","TheCity","TheBeyond"],"potions_floor_usage":[50,50],"damage_taken":[{"damage":0.0,"enemies":"Cultist","floor":1.0,"turns":1.0},{"damage":0.0,"enemies":"2 Louse","floor":4.0,"turns":1.0},{"damage":0.0,"enemies":"Gremlin Nob","floor":6.0,"turns":1.0},{"damage":0.0,"enemies":"Jaw Worm","floor":8.0,"turns":4.0},{"damage":12.0,"enemies":"3 Sentries","floor":11.0,"turns":14.0},{"damage":9.0,"enemies":"Exordium Wildlife","floor":12.0,"turns":7.0},{"damage":9.0,"enemies":"Gremlin Nob","floor":13.0,"turns":3.0},{"damage":4.0,"enemies":"Large Slime","floor":14.0,"turns":7.0},{"damage":7.0,"enemies":"The Guardian","floor":16.0,"turns":7.0},{"damage":7.0,"enemies":"Chosen","floor":18.0,"turns":5.0},{"damage":5.0,"enemies":"Shell Parasite","floor":21.0,"turns":4.0},{"damage":21.0,"enemies":"Snake Plant","floor":24.0,"turns":3.0},{"damage":0.0,"enemies":"Chosen and Byrds","floor":27.0,"turns":3.0},{"damage":0.0,"enemies":"3 Cultists","floor":29.0,"turns":2.0},{"damage":0.0,"enemies":"Centurion and Healer","floor":31.0,"turns":2.0},{"damage":44.0,"enemies":"Champ","floor":33.0,"turns":10.0},{"damage":13.0,"enemies":"3 Darklings","floor":35.0,"turns":6.0},{"damage":8.0,"enemies":"Orb Walker","floor":37.0,"turns":2.0},{"damage":0.0,"enemies":"4 Shapes","floor":39.0,"turns":3.0},{"damage":15.0,"enemies":"Spire Growth","floor":41.0,"turns":3.0},{"damage":4.0,"enemies":"Mind Bloom Boss Battle","floor":45.0,"turns":8.0},{"damage":30,"enemies":"Awakened One","floor":50,"turns":7}],"seed_played":"-2671292147918972042","potions_obtained":[{"floor":1.0,"key":"Swift Potion"},{"floor":11.0,"key":"Regen Potion"},{"floor":13.0,"key":"Block Potion"},{"floor":16.0,"key":"Fire Potion"},{"floor":21.0,"key":"ColorlessPotion"},{"floor":24.0,"key":"Fruit Juice"},{"floor":27.0,"key":"Block Potion"},{"floor":37.0,"key":"AttackPotion"},{"floor":39.0,"key":"CunningPotion"}],"is_trial":false,"path_per_floor":["M","?","$","M","?","E","R","M","T","R","E","M","E","M","R","B",null,"M","$","?","M","?","R","M","R","T","M","$","M","R","M","R","B",null,"M","?","M","$","M","R","M","R","T","R","?","?","$","?","R","B",null],"character_chosen":"THE_SILENT","items_purchased":["Escape Plan","Concentrate","Whetstone","Grand Finale+1","Reflex","Dagger Throw+1","Lantern","DuplicationPotion"],"campfire_rested":4,"item_purchase_floors":[19,19,28,38,38,38,47,47],"current_hp_per_floor":[63,56,56,56,45,45,45,45,45,45,33,24,27,23,23,16,57,50,50,50,45,32,54,38,38,38,38,38,38,62,62,62,18,65,52,52,44,44,44,68,53,77,77,77,73,73,73,73,73,43],"gold":11,"neow_bonus":"THREE_ENEMY_KILL","is_daily":false,"chose_seed":false,"campfire_upgraded":7,"win_rate":0.0,"timestamp":1610387583,"path_taken":["M","?","$","M","?","E","R","M","T","R","E","?","E","M","R","BOSS","M","$","?","M","?","R","M","R","T","M","$","M","R","M","R","BOSS","M","?","M","$","M","R","M","R","T","R","?","?","$","?","R","BOSS"],"items_purchased_type":["Card","Card","Relic","Card","Card","Card","Relic","Potion"],"build_version":"2020-12-22","purchased_purges":2,"victory":true,"max_hp_per_floor":[70,70,70,70,70,70,70,70,70,70,70,70,70,70,70,70,70,70,70,70,70,75,75,80,80,80,80,80,80,80,80,80,80,80,80,80,80,80,80,80,80,80,80,80,80,80,80,80,80,80],"card_choices":[{"not_picked":["Flechettes","Setup"],"picked":"Deadly Poison","floor":1.0},{"not_picked":["Underhanded Strike","Tactician"],"picked":"Catalyst","floor":4.0},{"not_picked":["All Out Attack","Eviscerate","Outmaneuver"],"picked":"SKIP","floor":6.0},{"not_picked":["Deadly Poison","Dagger Throw"],"picked":"Backstab","floor":8.0},{"not_picked":["Deadly Poison","Phantasmal Killer"],"picked":"Grand Finale+1","floor":11.0},{"not_picked":["Acrobatics","Distraction"],"picked":"Crippling Poison","floor":12.0},{"not_picked":["Underhanded Strike+1","Prepared"],"picked":"Backflip","floor":13.0},{"not_picked":["Choke+1","Blade Dance"],"picked":"Calculated Gamble","floor":14.0},{"not_picked":["A Thousand Cuts","Night Terror"],"picked":"Burst","floor":16.0},{"not_picked":["Bane+1","Blade Dance","Flying Knee+1"],"picked":"SKIP","floor":18.0},{"not_picked":["Cloak And Dagger","Slice+1","Backstab+1"],"picked":"SKIP","floor":21.0},{"not_picked":["Quick Slash+1","Slice+1"],"picked":"Wraith Form v2","floor":24.0},{"not_picked":["Outmaneuver","Underhanded Strike+1","Deflect"],"picked":"SKIP","floor":27.0},{"not_picked":["PiercingWail","Quick Slash+1","Deflect"],"picked":"SKIP","floor":29.0},{"not_picked":["Heel Hook+1","Crippling Poison+1"],"picked":"Adrenaline","floor":31.0},{"not_picked":["Glass Knife+1","Doppelganger"],"picked":"Phantasmal Killer","floor":33.0},{"not_picked":["Eviscerate+1"],"picked":"SKIP","floor":35.0},{"not_picked":["Quick Slash+1"],"picked":"SKIP","floor":37.0},{"not_picked":["Backflip"],"picked":"SKIP","floor":39.0},{"not_picked":["Blur+1"],"picked":"SKIP","floor":41.0}],"player_experience":138436,"relics_obtained":[{"floor":6.0,"key":"The Courier"},{"floor":9.0,"key":"Molten Egg 2"},{"floor":11.0,"key":"Shuriken"},{"floor":13.0,"key":"Blue Candle"},{"floor":26.0,"key":"Juzu Bracelet"},{"floor":43.0,"key":"Oddly Smooth Stone"},{"floor":45.0,"key":"Gambling Chip"}],"event_choices":[{"cards_removed":["Strike_G"],"damage_healed":0.0,"max_hp_gain":0.0,"max_hp_loss":0.0,"gold_gain":0.0,"event_name":"Golden Wing","player_choice":"Card Removal","floor":2.0,"gold_loss":0.0,"damage_taken":7.0},{"damage_healed":0.0,"max_hp_gain":0.0,"max_hp_loss":0.0,"gold_gain":75.0,"event_name":"World of Goop","player_choice":"Gather Gold","floor":5.0,"gold_loss":0.0,"damage_taken":11.0},{"damage_healed":0.0,"max_hp_gain":0.0,"max_hp_loss":0.0,"gold_gain":0.0,"event_name":"Drug Dealer","player_choice":"Inject Mutagens","floor":20.0,"gold_loss":0.0,"damage_taken":0.0,"relics_obtained":["MutagenicStrength"]},{"damage_healed":0.0,"max_hp_gain":5.0,"max_hp_loss":0.0,"gold_gain":0.0,"event_name":"Forgotten Altar","player_choice":"Shed Blood","floor":22.0,"gold_loss":0.0,"damage_taken":18.0},{"damage_healed":0.0,"max_hp_gain":0.0,"max_hp_loss":0.0,"gold_gain":0.0,"cards_transformed":["Strike_G"],"event_name":"Transmorgrifier","player_choice":"Transformed","floor":36.0,"gold_loss":0.0,"damage_taken":0.0,"cards_obtained":["Blur"]},{"damage_healed":0.0,"max_hp_gain":0.0,"max_hp_loss":0.0,"gold_gain":0.0,"event_name":"MindBloom","player_choice":"Fight","floor":45.0,"gold_loss":0.0,"damage_taken":0.0},{"damage_healed":0.0,"max_hp_gain":0.0,"max_hp_loss":0.0,"gold_gain":0.0,"event_name":"Tomb of Lord Red Mask","player_choice":"Ignored","floor":46.0,"gold_loss":0.0,"damage_taken":0.0},{"cards_removed":["Strike_G"],"damage_healed":0.0,"max_hp_gain":0.0,"max_hp_loss":0.0,"gold_gain":0.0,"event_name":"Purifier","player_choice":"Purged","floor":48.0,"gold_loss":0.0,"damage_taken":0.0}],"is_beta":false,"boss_relics":[{"not_picked":["Ectoplasm","HoveringKite"],"picked":"Runic Pyramid"},{"not_picked":["Black Star","Fusion Hammer"],"picked":"Busted Crown"}],"items_purged_floors":[3,19],"is_endless":false,"potions_floor_spawned":[1,11,13,16,21,24,27,37,39],"ascension_level":9}}