{"host":"uz90qi4h2v7tkywu","time":1610364722,"event":{"mods":["BaseMod","BetterRewards","Colored Powertips","Downfall","Hubris","Marisa£®ÏF”Í°°ƒß¿Ì…≥£©","Minty Spire (QoL Compilation)","Quick Restart","Replay The Spire","Shop Mod","StSLib","SuperFastMode","Synergy Search","Td1madao Mod","TestMod","The Hierophant","The IronCluck","The Necromancer","The Runesmith","The Servant 0.9.4","Transform Curses"],"gold_per_floor":[99,113,129,142,248,283,355,280,296,296,333,46,46,46,66,169,169,169,183,183,45,45,45,45,45,64,82,103,138,138,156,176,299,299,299,320,110,132,167,167,193,118,168,228,251,551,580,35,59,72],"floor_reached":51,"playtime":2991,"items_purged":["Slimebound:SplitBruiser","Slimebound:Defend_Slimebound"],"score":809,"play_id":"ae8cebb9-9ebc-4592-82bf-d02ff04ab7d6","local_time":"20210111223202","is_ascension_mode":false,"campfire_choices":[{"floor":1,"key":"RECALL"},{"floor":8,"key":"REST"},{"data":"Slimebound:CorrosiveSpit","floor":13,"key":"SMITH"},{"data":"Slimebound:SamplingLick","floor":25,"key":"SMITH"},{"data":"Slimebound:Prepare","floor":30,"key":"SMITH"},{"data":"Slimebound:CheckThePlaybook","floor":40,"key":"SMITH"},{"data":"Slimebound:Schlurp","floor":42,"key":"SMITH"}],"circlet_count":0,"master_deck":["Slimebound:Tackle","Slimebound:Defend_Slimebound","Slimebound:Defend_Slimebound","Slimebound:Split","Slimebound:CorrosiveSpit+1","Slimebound:ComboTackle+1","Slimebound:SplitAcid+1","Slimebound:FinishingTackle","Slimebound:Equalize+1","Slimebound:SplitMire","Slimebound:GrowthPunch","Slimebound:Prepare+1","Slimebound:PressTheAttack","Slimebound:PressTheAttack","Slimebound:MassFeed","Slimebound:SplitMire","Necronomicurse","Slimebound:RallyTheTroops+1","Slimebound:SamplingLick+1","Slimebound:Schlurp+1","Slimebound:Schlurp+1","Slimebound:CheckThePlaybook+1","Languid","Slimebound:GoopSpray+1"],"relics":["Slimebound:AbsorbEndCombat","testmod-TestBox","testmod-Acrobat","Lantern","Boot","Runesmith:Nanobots","downfall:HeartBlessingRed","Ancient Tea Set","Singing Bowl","Busted Crown","Necronomicon","hubris:Icosahedron","Ring of Fury","Ring of Panic","testmod-Alchemist","Potion Belt","Replay:Grab Bag","SlaversCollar","Cursed Key","Empty Cage","Bag of Preparation","hubris:TenFootPole","HandDrill","downfall:HeartBlessingBlue","Vajra","Bird Faced Urn","testmod-Muramasa","Ornamental Fan"],"acts_visited":["Exordium","TheCity","TheBeyond"],"potions_floor_usage":[37,50],"damage_taken":[{"damage":13,"enemies":"Jaw Worm","floor":2,"turns":3},{"damage":10,"enemies":"2 Louse","floor":3,"turns":2},{"damage":16,"enemies":"Small Slimes","floor":4,"turns":3},{"damage":58,"enemies":"downfall:Heads","floor":5,"turns":6},{"damage":28,"enemies":"3 Sentries","floor":6,"turns":7},{"damage":4,"enemies":"3 Louse","floor":9,"turns":1},{"damage":15,"enemies":"Gremlin Nob","floor":11,"turns":2},{"damage":18,"enemies":"downfall:FleeingMerchant","floor":12,"turns":4},{"damage":0,"enemies":"Exordium Wildlife","floor":15,"turns":1},{"damage":46,"enemies":"downfall:Ironclad","floor":16,"turns":6},{"damage":29,"enemies":"Spheric Guardian","floor":19,"turns":4},{"damage":34,"enemies":"downfall:FleeingMerchant","floor":21,"turns":4},{"damage":14,"enemies":"Chosen","floor":26,"turns":2},{"damage":4,"enemies":"Snecko","floor":27,"turns":2},{"damage":23,"enemies":"Centurion and Healer","floor":28,"turns":3},{"damage":40,"enemies":"Book of Stabbing","floor":29,"turns":3},{"damage":18,"enemies":"3 Cultists","floor":31,"turns":3},{"damage":4,"enemies":"Snecko","floor":32,"turns":2},{"damage":85,"enemies":"downfall:Watcher","floor":33,"turns":6},{"damage":9,"enemies":"3 Shapes","floor":36,"turns":2},{"damage":11,"enemies":"downfall:FleeingMerchant","floor":37,"turns":1},{"damage":7,"enemies":"3 Darklings","floor":38,"turns":3},{"damage":26,"enemies":"Maw","floor":39,"turns":4},{"damage":117,"enemies":"Nemesis","floor":43,"turns":6},{"damage":23,"enemies":"Mind Bloom Boss Battle","floor":44,"turns":1},{"damage":15,"enemies":"Sphere and 2 Shapes","floor":45,"turns":3},{"damage":34,"enemies":"Transient","floor":47,"turns":5},{"damage":13,"enemies":"4 Shapes","floor":49,"turns":1},{"damage":47,"enemies":"downfall:Silent","floor":50,"turns":4}],"seed_played":"7159446504529847056","potions_obtained":[{"floor":3,"key":"FearPotion"},{"floor":4,"key":"PowerPotion"},{"floor":15,"key":"Energy Potion"},{"floor":16,"key":"SkillPotion"},{"floor":19,"key":"Fire Potion"},{"floor":28,"key":"Dexterity Potion"},{"floor":33,"key":"Adrenaline Potion"},{"floor":36,"key":"Swift Potion"},{"floor":38,"key":"LiquidBronze"},{"floor":43,"key":"Weak Potion"},{"floor":49,"key":"Elixir"}],"is_trial":false,"path_per_floor":["R","M","M","M","?","E","T","R","M","?","E","$","R","?","M","B",null,"R","M","?","$","?","?","T","R","M","M","M","E","R","M","M","B",null,"R","M","$","M","M","R","T","R","E","?","M","?","M","$","M","B",null],"character_chosen":"SLIMEBOUND","items_purchased":["Singing Bowl","Slimebound:PressTheAttack","Slimebound:SamplingLick","Bag of Preparation","hubris:TenFootPole","HandDrill","testmod-Muramasa","Ornamental Fan"],"campfire_rested":1,"item_purchase_floors":[12,12,21,37,37,37,48,48],"current_hp_per_floor":[60,60,58,56,18,18,18,36,40,40,45,55,55,55,61,48,62,62,52,36,50,50,50,50,50,58,69,60,59,59,64,76,31,76,76,78,83,88,90,90,90,100,46,57,79,79,112,112,123,111],"gold":72,"neow_bonus":"RANDOM_COMMON_RELIC","is_daily":false,"chose_seed":false,"campfire_upgraded":5,"win_rate":0.0,"timestamp":1610364722,"path_taken":["R","M","M","M","?","E","T","R","M","?","E","$","R","?","M","BOSS","R","M","?","$","?","?","T","R","M","M","?","E","R","M","M","BOSS","R","M","$","M","?","R","T","R","E","?","M","?","M","$","M","BOSS"],"items_purchased_type":["Relic","Card","Card","Relic","Relic","Relic","Relic","Relic"],"build_version":"2020-12-22","purchased_purges":2,"victory":true,"max_hp_per_floor":[60,60,60,60,60,60,60,60,60,60,60,60,60,60,62,62,62,62,65,65,65,65,65,65,65,67,69,71,73,73,76,76,76,76,76,78,83,88,90,90,90,100,105,107,112,112,112,112,123,123],"card_choices":[{"not_picked":["Slimebound:GrowthPunch","Slimebound:PressTheAttack"],"picked":"Slimebound:ComboTackle","floor":2},{"not_picked":["Slimebound:Grow","Slimebound:SplitLeeching"],"picked":"Slimebound:SplitAcid","floor":3},{"not_picked":["Slimebound:WasteNot","Slimebound:SlimeBarrage"],"picked":"Slimebound:FinishingTackle","floor":4},{"not_picked":["Slimebound:LevelUp","Slimebound:SlimeBarrage"],"picked":"Slimebound:SplitMire","floor":5},{"not_picked":["Slimebound:SlimeBarrage","Slimebound:RollThrough"],"picked":"Slimebound:GrowthPunch","floor":6},{"not_picked":["Slimebound:Grow","Slimebound:ViciousTackle"],"picked":"Slimebound:SplitBruiser","floor":9},{"not_picked":["Slimebound:FinishingTackle","Slimebound:DouseInSlime"],"picked":"Slimebound:Prepare","floor":11},{"not_picked":["Slimebound:FinishingTackle","Slimebound:Repurpose"],"picked":"Slimebound:PressTheAttack","floor":12},{"not_picked":["Slimebound:PressTheAttack","Slimebound:FinishingTackle","Slimebound:Prepare"],"picked":"Singing Bowl","floor":15},{"not_picked":["Slimebound:Overexert","Slimebound:MassRepurpose"],"picked":"Slimebound:MassFeed","floor":16},{"not_picked":[],"picked":"Slimebound:SplitMire","floor":19},{"not_picked":[],"picked":"Slimebound:RallyTheTroops","floor":21},{"not_picked":["Slimebound:SplitLeeching"],"picked":"Singing Bowl","floor":26},{"not_picked":["Slimebound:GrowthPunch"],"picked":"Singing Bowl","floor":27},{"not_picked":["Slimebound:SplitAcid"],"picked":"Singing Bowl","floor":28},{"not_picked":["Slimebound:ViciousTackle"],"picked":"Singing Bowl","floor":29},{"not_picked":[],"picked":"Slimebound:Schlurp","floor":31},{"not_picked":[],"picked":"Slimebound:Schlurp+1","floor":32},{"not_picked":[],"picked":"Slimebound:CheckThePlaybook","floor":33},{"not_picked":["Slimebound:SplitAcid"],"picked":"Singing Bowl","floor":36},{"not_picked":["Slimebound:SelfFormingGoo"],"picked":"Singing Bowl","floor":37},{"not_picked":["Slimebound:SlimeSpikes+1"],"picked":"Singing Bowl","floor":38},{"not_picked":["Slimebound:SlimeSpikes+1"],"picked":"Singing Bowl","floor":39},{"not_picked":["Slimebound:GrowthPunch"],"picked":"Singing Bowl","floor":43},{"not_picked":["Slimebound:FinishingTackle+1"],"picked":"Singing Bowl","floor":44},{"not_picked":["Slimebound:PressTheAttack"],"picked":"Singing Bowl","floor":45},{"not_picked":[],"picked":"Slimebound:GoopSpray+1","floor":47},{"not_picked":["Slimebound:SplitAcid+1"],"picked":"Singing Bowl","floor":49}],"player_experience":485470,"relics_obtained":[{"floor":6,"key":"Boot"},{"floor":7,"key":"Runesmith:Nanobots"},{"floor":11,"key":"Ancient Tea Set"},{"floor":20,"key":"Necronomicon"},{"floor":23,"key":"Ring of Fury"},{"floor":23,"key":"Ring of Panic"},{"floor":24,"key":"testmod-Alchemist"},{"floor":29,"key":"Potion Belt"},{"floor":43,"key":"Vajra"},{"floor":44,"key":"Bird Faced Urn"}],"event_choices":[{"cards_removed":["Slimebound:Strike_Slimebound"],"damage_healed":0,"gold_gain":0,"player_choice":"Card Removal","damage_taken":0,"max_hp_gain":0,"max_hp_loss":0,"event_name":"The Cleric","floor":10,"gold_loss":0},{"damage_healed":0,"gold_gain":300,"player_choice":"Gold","damage_taken":0,"max_hp_gain":0,"max_hp_loss":0,"event_name":"Wheel of Change","floor":46,"gold_loss":0}],"is_beta":false,"boss_relics":[{"not_picked":["SacredBark","testmod-StringDisintegrator"],"picked":"Busted Crown"},{"not_picked":["Honey Jar","Tiny House"],"picked":"Replay:Grab Bag"},{"not_picked":["Philosopher\u0027s Stone","hubris:CrackedHourglass"],"picked":"SlaversCollar"},{"not_picked":["Velvet Choker","Fusion Hammer"],"picked":"Cursed Key"},{"not_picked":["Calling Bell","testmod-Recursion"],"picked":"Empty Cage"}],"items_purged_floors":[21,37],"is_endless":false,"potions_floor_spawned":[3,4,15,16,19,28,33,36,38,43,45,49],"ascension_level":0}}