{"host":"u1dfzl6o6mfmauc3","time":1610377818,"event":{"mods":["2.2 Compatiblity","AchievementEnabler","BaseMod","Block Reminder","Dark Map","Hermit","Minty Spire (QoL Compilation)","Relic Stats","StSLib"],"gold_per_floor":[109,122,134,144,164,164,191,191,191,191,207,240,19,37,37,134,134,151,163,177,33,33,33,68,81,81,81,81],"floor_reached":27,"playtime":956,"items_purged":["Parasite"],"score":272,"play_id":"bd1f2cec-68a1-4173-8618-d4b453aa0af6","local_time":"20210111101018","is_ascension_mode":true,"campfire_choices":[{"data":"Loop","floor":6,"key":"SMITH"},{"data":"Sunder","floor":8,"key":"SMITH"},{"data":"Hologram","floor":10,"key":"SMITH"},{"floor":15,"key":"REST"},{"floor":23,"key":"REST"}],"circlet_count":0,"master_deck":["Strike_B","Strike_B","Strike_B","Strike_B","Defend_B","Defend_B","Defend_B","Defend_B","Zap","Dualcast","Sunder+1","Sweeping Beam","Redo","Hologram+1","Loop+1","Chaos","Glacier","Rip and Tear","Cold Snap","Amplify","Ball Lightning","Beam Cell","Go for the Eyes+1","Reinforced Body"],"relics":["Cursed Key","PreservedInsect","Bottled Tornado","Bag of Preparation","Black Star","OrangePellets","Incense Burner","Centennial Puzzle"],"acts_visited":["Exordium","TheCity"],"potions_floor_usage":[2,11,16,18,18,24,25,27],"damage_taken":[{"damage":0,"enemies":"Cultist","floor":1,"turns":4},{"damage":0,"enemies":"Small Slimes","floor":2,"turns":2},{"damage":4,"enemies":"2 Louse","floor":3,"turns":2},{"damage":7,"enemies":"Large Slime","floor":4,"turns":5},{"damage":0,"enemies":"2 Fungi Beasts","floor":5,"turns":1},{"damage":14,"enemies":"3 Sentries","floor":7,"turns":6},{"damage":6,"enemies":"Lots of Slimes","floor":11,"turns":3},{"damage":14,"enemies":"Gremlin Nob","floor":12,"turns":3},{"damage":3,"enemies":"Looter","floor":14,"turns":3},{"damage":10,"enemies":"The Guardian","floor":16,"turns":11},{"damage":6,"enemies":"3 Byrds","floor":18,"turns":3},{"damage":23,"enemies":"Spheric Guardian","floor":19,"turns":4},{"damage":15,"enemies":"Snake Plant","floor":20,"turns":5},{"damage":12,"enemies":"Book of Stabbing","floor":24,"turns":6},{"damage":12,"enemies":"3 Cultists","floor":25,"turns":5},{"damage":34,"enemies":"Gremlin Leader","floor":27,"turns":4}],"seed_played":"-3061019526662033975","potions_obtained":[{"floor":2,"key":"EntropicBrew"},{"floor":12,"key":"Explosive Potion"},{"floor":16,"key":"SteroidPotion"},{"floor":20,"key":"Explosive Potion"},{"floor":25,"key":"Strength Potion"}],"is_trial":false,"path_per_floor":["M","M","M","M","M","R","E","R","T","R","M","E","$","M","R","B",null,"M","M","M","$","?","R","E","M","T","E"],"character_chosen":"DEFECT","items_purchased":["Glacier","Rip and Tear","OrangePellets"],"campfire_rested":2,"item_purchase_floors":[13,13,21],"current_hp_per_floor":[75,75,71,64,64,64,50,50,50,50,44,30,30,27,48,38,72,66,43,28,28,28,49,37,25,25,0,0],"gold":81,"neow_bonus":"BOSS_RELIC","is_daily":false,"chose_seed":false,"campfire_upgraded":3,"win_rate":0.0,"timestamp":1610377818,"path_taken":["M","M","M","M","M","R","E","R","T","R","M","E","$","M","R","BOSS","M","M","?","$","?","R","E","M","T","E"],"items_purchased_type":["Card","Card","Relic"],"build_version":"2020-12-22","purchased_purges":1,"victory":false,"max_hp_per_floor":[75,75,75,75,75,75,75,75,75,75,75,75,72,72,72,72,72,72,72,72,72,72,72,72,72,72,72,72],"relic_stats":{"OrangePellets":[0],"Centennial Puzzle":[6],"counters":[16,67],"PreservedInsect":111,"Bag of Preparation":[16],"Black Star":1,"Cursed Key":1,"obtain_stats":[{"OrangePellets":21,"Centennial Puzzle":24,"PreservedInsect":7,"Bag of Preparation":12,"Black Star":17,"Incense Burner":24,"Bottled Tornado":9,"Cracked Core":0,"Cursed Key":0},{"OrangePellets":13,"Centennial Puzzle":14,"PreservedInsect":6,"Bag of Preparation":8,"Black Star":10,"Incense Burner":14,"Bottled Tornado":6,"Cracked Core":0,"Cursed Key":0},{"OrangePellets":52,"Centennial Puzzle":58,"PreservedInsect":20,"Bag of Preparation":26,"Black Star":40,"Incense Burner":58,"Bottled Tornado":20,"Cracked Core":0,"Cursed Key":0}]},"card_choices":[{"not_picked":["Cold Snap","Ball Lightning"],"picked":"Sunder","floor":1},{"not_picked":["Streamline","Turbo"],"picked":"Sweeping Beam","floor":2},{"not_picked":["Stack","BootSequence"],"picked":"Redo","floor":3},{"not_picked":["Reprogram","FTL"],"picked":"Hologram","floor":4},{"not_picked":["Redo","BootSequence"],"picked":"Loop","floor":5},{"not_picked":["Steam","BootSequence"],"picked":"Chaos","floor":7},{"not_picked":["Turbo","Force Field","BootSequence"],"picked":"SKIP","floor":11},{"not_picked":["Streamline","Go for the Eyes","Lockon"],"picked":"SKIP","floor":12},{"not_picked":["Ball Lightning","Genetic Algorithm"],"picked":"Cold Snap","floor":14},{"not_picked":["Machine Learning","Hyperbeam"],"picked":"Amplify","floor":16},{"not_picked":["Cold Snap","Lockon","Turbo+1"],"picked":"SKIP","floor":18},{"not_picked":["Force Field","Tempest+1"],"picked":"Ball Lightning","floor":19},{"not_picked":["Streamline+1","Rebound+1"],"picked":"Beam Cell","floor":20},{"not_picked":["Rebound","Gash"],"picked":"Go for the Eyes+1","floor":24},{"not_picked":["Stack","Turbo"],"picked":"Reinforced Body","floor":25}],"player_experience":54423,"relics_obtained":[{"floor":7,"key":"PreservedInsect"},{"floor":9,"key":"Bottled Tornado"},{"floor":12,"key":"Bag of Preparation"},{"floor":24,"key":"Incense Burner"},{"floor":24,"key":"Centennial Puzzle"}],"event_choices":[],"is_beta":false,"boss_relics":[{"not_picked":["SlaversCollar","Tiny House"],"picked":"Black Star"}],"items_purged_floors":[13],"is_endless":false,"potions_floor_spawned":[2,4,5,12,14,16,19,20,25],"killed_by":"Gremlin Leader","ascension_level":2}}