{"host":"6to8m083wj0ro91z","time":1610382214,"event":{"mods":["100% Spire Juice","BaseMod","Better Third Choice","BetterRewards","CatGirl Mod","ChefMod","Friendly Minions","Hubris","Jedi Mod","Mad Scientist","Marisa????????","Minty Spire (QoL Compilation)","Railgun Mod","Robot Space Explorer","Shade Mod","Spicy Shops","StSLib","The Blackbeard","The Death Knight","The Fake Hero","The Gatherer","The Marked","The Mystic","The Necromancer","The Servant 0.9.4","WarShipGirlsR/????R mod"],"gold_per_floor":[112,187,200,213,213,241,257,282,282,307,326,356,356,372,372,472,472,483,501,518,118,132,159,159,190,190,215,233,249,249,249,249],"floor_reached":31,"playtime":1358,"items_purged":["TheRailgun:Strike","TheRailgun:Strike"],"score":503,"play_id":"0de2916f-a4e4-488d-80e8-2163f64812ea","local_time":"20210111172334","is_ascension_mode":true,"campfire_choices":[{"data":"1","floor":13,"key":"LIFT"},{"floor":15,"key":"REST"},{"data":"2","floor":24,"key":"LIFT"},{"data":"TheRailgun:Level_6","floor":30,"key":"SMITH"}],"circlet_count":0,"master_deck":["TheRailgun:Strike","TheRailgun:Strike","TheRailgun:Defend","TheRailgun:Defend","TheRailgun:Defend+1","TheRailgun:Defend","TheRailgun:Discharge","TheRailgun:Static","TheRailgun:Zip+1","TheRailgun:Sister_Noise","TheRailgun:Sister_Noise+1","TheRailgun:Positive_Field","TheRailgun:Oneesama","TheRailgun:Thunderjolt","TheRailgun:Level_6+1","TheRailgun:Pull","TheRailgun:Magnetic_Flight+1","TheRailgun:Lightning_Speed+1","TheRailgun:Teleporter+1","TheRailgun:Electric_Fence","TheRailgun:Battery_Pack+1"],"relics":["TheRailgun:CoinRelic","hubris:PeanutButter","War Paint","Girya","Medical Kit","Toy Ornithopter","hubris:SlimyHat","White Beast Statue","Bird Faced Urn","Cursed Key","ClockworkSouvenir","Frozen Egg 2","DeathKnight:SindragosasSkull","jedi:shrinkray","Bottled Lightning"],"acts_visited":["Exordium","TheCity"],"potions_floor_usage":[10,10,11,12,23,25,27],"damage_taken":[{"damage":1,"enemies":"Small Slimes","floor":1,"turns":3},{"damage":0,"enemies":"2 Louse","floor":3,"turns":2},{"damage":0,"enemies":"Cultist","floor":4,"turns":2},{"damage":2,"enemies":"Gremlin Nob","floor":6,"turns":3},{"damage":4,"enemies":"Lots of Slimes","floor":7,"turns":3},{"damage":5,"enemies":"Lagavulin","floor":8,"turns":4},{"damage":19,"enemies":"3 Sentries","floor":10,"turns":5},{"damage":1,"enemies":"Red Slaver","floor":11,"turns":2},{"damage":6,"enemies":"Lagavulin","floor":12,"turns":4},{"damage":0,"enemies":"Blue Slaver","floor":14,"turns":2},{"damage":0,"enemies":"The Guardian","floor":16,"turns":8},{"damage":18,"enemies":"2 Thieves","floor":18,"turns":3},{"damage":0,"enemies":"3 Byrds","floor":19,"turns":3},{"damage":0,"enemies":"Shelled Parasite and Fungi","floor":20,"turns":4},{"damage":0,"enemies":"Snecko","floor":22,"turns":3},{"damage":1,"enemies":"Slavers","floor":23,"turns":3},{"damage":3,"enemies":"Gremlin Leader","floor":25,"turns":6},{"damage":3,"enemies":"Book of Stabbing","floor":27,"turns":4},{"damage":10,"enemies":"Snake Plant","floor":28,"turns":3},{"damage":0,"enemies":"Cultist and Chosen","floor":29,"turns":4}],"seed_played":"6938460811178654774","potions_obtained":[{"floor":6,"key":"jedi:holywater"},{"floor":7,"key":"jedi:hoardpotion"},{"floor":8,"key":"ColorlessPotion"},{"floor":10,"key":"EssenceOfSteel"},{"floor":11,"key":"Fire Potion"},{"floor":12,"key":"LiquidBronze"},{"floor":14,"key":"EntropicBrew"},{"floor":16,"key":"EssenceOfSteel"},{"floor":18,"key":"DuplicationPotion"},{"floor":23,"key":"BlessingOfTheForge"},{"floor":25,"key":"DistilledChaos"},{"floor":27,"key":"Energy Potion"}],"is_trial":false,"path_per_floor":["M","?","M","M","?","E","M","E","T","E","M","E","R","M","R","B",null,"M","M","M","$","M","E","R","E","T","E","M","M","R","?"],"character_chosen":"THE_DEFAULT","items_purchased":["hubris:PeanutButter","War Paint","Girya","Medical Kit","ClockworkSouvenir","Frozen Egg 2"],"campfire_rested":1,"item_purchase_floors":[0,0,0,0,21,21],"current_hp_per_floor":[33,22,22,22,22,20,16,11,11,2,6,5,5,7,28,32,70,54,58,64,64,70,69,69,67,67,69,62,70,70,0,0],"gold":249,"neow_bonus":"","is_daily":false,"chose_seed":false,"campfire_upgraded":1,"win_rate":0.0,"timestamp":1610382214,"path_taken":["M","?","M","M","?","E","?","E","T","E","M","E","R","M","R","BOSS","M","M","M","?","M","E","R","E","T","E","M","M","R","?"],"items_purchased_type":["Relic","Relic","Relic","Relic","Relic","Relic"],"build_version":"2020-12-22","purchased_purges":2,"victory":false,"max_hp_per_floor":[70,70,70,70,70,70,70,70,70,70,70,70,70,70,70,70,70,70,70,70,70,70,70,70,70,70,70,70,70,70,70,70],"card_choices":[{"not_picked":["TheRailgun:Hypercharge","TheRailgun:Stun_Shock"],"picked":"TheRailgun:Sister_Noise","floor":1},{"not_picked":["TheRailgun:Discharge","TheRailgun:Charge","TheRailgun:Token_Collection"],"picked":"SKIP","floor":3},{"not_picked":["TheRailgun:Lightningbolt","TheRailgun:Push"],"picked":"TheRailgun:Sister_Noise","floor":4},{"not_picked":["TheRailgun:Taser","TheRailgun:Electric_Fence"],"picked":"TheRailgun:Positive_Field","floor":6},{"not_picked":["TheRailgun:Teleporter","TheRailgun:Thundershock","TheRailgun:Gekota_Phone"],"picked":"SKIP","floor":7},{"not_picked":["TheRailgun:Rewiring","TheRailgun:Gekota_Phone"],"picked":"TheRailgun:Oneesama","floor":8},{"not_picked":["TheRailgun:Crackle","TheRailgun:Taser"],"picked":"TheRailgun:Thunderjolt","floor":10},{"not_picked":["TheRailgun:Thunderbolt","TheRailgun:Hypercharge","TheRailgun:Zip"],"picked":"SKIP","floor":11},{"not_picked":["TheRailgun:Sister_Network","TheRailgun:Crack","TheRailgun:Spark"],"picked":"SKIP","floor":12},{"not_picked":["TheRailgun:Stun_Shock","TheRailgun:Thunderbolt","TheRailgun:Token_Collection"],"picked":"SKIP","floor":14},{"not_picked":["TheRailgun:Circuitous","TheRailgun:Supercharge"],"picked":"TheRailgun:Level_6","floor":16},{"not_picked":["TheRailgun:Thunderjolt","TheRailgun:Static","TheRailgun:Hypercharge+1"],"picked":"SKIP","floor":18},{"not_picked":["TheRailgun:Positive_Field","TheRailgun:Zip"],"picked":"TheRailgun:Pull","floor":19},{"not_picked":["TheRailgun:Thunderbolt","TheRailgun:Positive_Field","TheRailgun:Spark+1"],"picked":"SKIP","floor":20},{"not_picked":["TheRailgun:Sister_Network","TheRailgun:Negative_Field+1","TheRailgun:Crack"],"picked":"SKIP","floor":22},{"not_picked":["TheRailgun:Crack","TheRailgun:Negative_Field+1"],"picked":"TheRailgun:Magnetic_Flight+1","floor":23},{"not_picked":["TheRailgun:Taser+1","TheRailgun:Pull"],"picked":"TheRailgun:Lightning_Speed+1","floor":25},{"not_picked":["TheRailgun:Magnetic_Movement+1","TheRailgun:Sister_Noise"],"picked":"TheRailgun:Teleporter+1","floor":27},{"not_picked":["TheRailgun:Thundershock","TheRailgun:Taser+1"],"picked":"TheRailgun:Electric_Fence","floor":28},{"not_picked":["TheRailgun:Heroinism+1","TheRailgun:Sister_Network+1"],"picked":"TheRailgun:Battery_Pack+1","floor":29}],"player_experience":1085706,"relics_obtained":[{"floor":6,"key":"Toy Ornithopter"},{"floor":8,"key":"hubris:SlimyHat"},{"floor":10,"key":"White Beast Statue"},{"floor":12,"key":"Bird Faced Urn"},{"floor":23,"key":"DeathKnight:SindragosasSkull"},{"floor":25,"key":"jedi:shrinkray"},{"floor":27,"key":"Bottled Lightning"}],"event_choices":[{"damage_healed":0,"gold_gain":75,"player_choice":"Gold","damage_taken":11,"max_hp_gain":0,"max_hp_loss":0,"event_name":"betterThird:BetterGoop","floor":2,"gold_loss":0},{"damage_healed":0,"gold_gain":0,"player_choice":"Forge","damage_taken":0,"max_hp_gain":0,"max_hp_loss":0,"event_name":"Accursed Blacksmith","floor":5,"gold_loss":0,"cards_upgraded":["TheRailgun:Sister_Noise"]}],"is_beta":false,"boss_relics":[{"not_picked":["SacredBark","hubris:Backtick"],"picked":"Cursed Key"}],"items_purged_floors":[0,0],"is_endless":false,"potions_floor_spawned":[6,7,8,10,11,12,14,16,18,19,20,22,23,25,27,28,29],"ascension_level":1}}