{"host":"zex3ujd3lwod1gma","time":1610396510,"event":{"mods":["BaseMod","Better Vampires","Better-Laid Plans","Custom Start","Minty Spire (QoL Compilation)","Quick Restart","Relic Stats","StSLib","[地精首领爬塔]The Maniac","篝火指南"],"gold_per_floor":[117,131,146,157,172,172,213,213,213,213,240,253,253,282,86,194,194,194],"floor_reached":17,"playtime":985,"items_purged":["maniac:Feint"],"score":186,"play_id":"8b064fb1-e84f-47f3-a2f9-3a36087b526d","local_time":"20210112042150","is_ascension_mode":true,"campfire_choices":[{"data":"maniac:Whirlscythe","floor":6,"key":"SMITH"},{"data":"maniac:DashForward","floor":8,"key":"SMITH"},{"data":"maniac:SecretBackups","floor":10,"key":"SMITH"}],"circlet_count":0,"master_deck":["maniac:BurnBlood","maniac:AbyssShackle","maniac:TorturousScreams","maniac:SecretBackups+1","maniac:ListenToNone","maniac:BladeShoot","maniac:WardAndDefend","maniac:WardAndDefend","maniac:Whirlscythe+1","maniac:ReconstructWounds","maniac:DashForward+1","maniac:HammerDown","maniac:ArmToTheTeeth","maniac:UniversalPerception"],"relics":["maniac:BrokenHorn","Pandora\u0027s Box","CeramicFish","Oddly Smooth Stone","Pen Nib","The Courier","OrangePellets","Philosopher\u0027s Stone"],"acts_visited":["Exordium","TheCity"],"potions_floor_usage":[],"damage_taken":[{"damage":3.0,"enemies":"Small Slimes","floor":1.0,"turns":5.0},{"damage":1.0,"enemies":"Cultist","floor":2.0,"turns":4.0},{"damage":13.0,"enemies":"Jaw Worm","floor":3.0,"turns":3.0},{"damage":23,"enemies":"Blue Slaver","floor":4,"turns":4},{"damage":7,"enemies":"3 Louse","floor":5,"turns":5},{"damage":28,"enemies":"Lagavulin","floor":7,"turns":7},{"damage":16,"enemies":"Gremlin Nob","floor":11,"turns":3},{"damage":0,"enemies":"Large Slime","floor":12,"turns":5},{"damage":18,"enemies":"3 Sentries","floor":14,"turns":3},{"damage":1,"enemies":"The Guardian","floor":16,"turns":13}],"seed_played":"-4875200229315355205","potions_obtained":[{"floor":1.0,"key":"Strength Potion"},{"floor":2.0,"key":"ColorlessPotion"},{"floor":5,"key":"BlessingOfTheForge"},{"floor":14,"key":"SkillPotion"}],"is_trial":false,"path_per_floor":["M","M","M","M","M","R","E","R","T","R","E","M","?","E","R","B",null],"character_chosen":"THE_MANIAC","items_purchased":["maniac:ArmToTheTeeth","OrangePellets"],"campfire_rested":0,"item_purchase_floors":[15,15],"current_hp_per_floor":[77,80,67,48,53,53,37,37,37,37,29,41,80,62,62,69,80,80],"gold":194,"neow_bonus":"BOSS_RELIC","is_daily":false,"chose_seed":false,"campfire_upgraded":3,"win_rate":0.0,"timestamp":1610396510,"path_taken":["M","M","M","M","M","R","E","R","T","R","E","M","?","E","R","BOSS"],"items_purchased_type":["Card","Relic"],"build_version":"2020-12-22","purchased_purges":1,"victory":false,"max_hp_per_floor":[80,80,80,80,80,80,80,80,80,80,80,80,80,80,80,80,80,80],"relic_stats":{"OrangePellets":[0],"counters":[10,52],"CeramicFish":27,"Pandora\u0027s Box":["maniac:TorturousScreams","maniac:SecretBackups","maniac:ListenToNone","maniac:BladeShoot","maniac:WardAndDefend","maniac:Feint","maniac:WardAndDefend","maniac:Whirlscythe","maniac:ReconstructWounds"],"Pen Nib":[2],"obtain_stats":[{"maniac:DamagedAnvil":0,"maniac:BrokenHorn":0,"OrangePellets":15,"CeramicFish":7,"Oddly Smooth Stone":9,"Pandora\u0027s Box":0,"Philosopher\u0027s Stone":17,"Pen Nib":11,"The Courier":14},{"maniac:DamagedAnvil":0,"maniac:BrokenHorn":0,"OrangePellets":9,"CeramicFish":6,"Oddly Smooth Stone":6,"Pandora\u0027s Box":0,"Philosopher\u0027s Stone":10,"Pen Nib":7,"The Courier":9},{"maniac:DamagedAnvil":0,"maniac:BrokenHorn":0,"OrangePellets":39,"CeramicFish":28,"Oddly Smooth Stone":28,"Pandora\u0027s Box":0,"Philosopher\u0027s Stone":52,"Pen Nib":31,"The Courier":39}]},"card_choices":[{"not_picked":["maniac:Recollect","maniac:Refine","maniac:MeleeStrike"],"picked":"SKIP","floor":1.0},{"not_picked":["maniac:Retrospect","maniac:ColdHeart","maniac:MeleeStrike"],"picked":"SKIP","floor":2.0},{"not_picked":["maniac:Intimidate","maniac:MeleeStrike"],"picked":"maniac:DashForward","floor":3.0},{"not_picked":["maniac:FindAShortcut","maniac:UndyingDesire","maniac:Refine"],"picked":"SKIP","floor":4},{"not_picked":["maniac:PanickyParry","maniac:DashForward","maniac:MeleeStrike"],"picked":"SKIP","floor":5},{"not_picked":["maniac:SpectralKnives","maniac:BladeShoot"],"picked":"maniac:HammerDown","floor":7},{"not_picked":["maniac:PanickyParry","maniac:DashForward","maniac:Traceback"],"picked":"SKIP","floor":11},{"not_picked":["maniac:ShelteringEdge","maniac:BladesInCloak","maniac:BladeShoot"],"picked":"SKIP","floor":12},{"not_picked":["maniac:AllOutAttack","maniac:WardAndDefend","maniac:DashForward"],"picked":"SKIP","floor":14},{"not_picked":["maniac:HammerDown","maniac:Trap"],"picked":"maniac:UniversalPerception","floor":16}],"player_experience":1248818,"relics_obtained":[{"floor":7,"key":"CeramicFish"},{"floor":9,"key":"Oddly Smooth Stone"},{"floor":11,"key":"Pen Nib"},{"floor":14,"key":"The Courier"}],"event_choices":[{"damage_healed":39,"gold_gain":0,"player_choice":"Full Heal","damage_taken":0,"max_hp_gain":0,"max_hp_loss":0,"event_name":"Wheel of Change","floor":13,"gold_loss":0}],"is_beta":false,"boss_relics":[{"not_picked":["SacredBark","SlaversCollar"],"picked":"Philosopher\u0027s Stone"}],"items_purged_floors":[15],"is_endless":false,"potions_floor_spawned":[1,2,5,14,16],"ascension_level":1}}