{"host":"d66n7ln59ex8canu","time":1610393279,"event":{"mods":["AchievementEnabler","BaseMod","Colored Map","Minty Spire (QoL Compilation)","Quick Restart","StSLib"],"gold_per_floor":[113,288,363,373,67,96,112,112,193,94,94,106,81,149,149,251,251,265,265,12,23,23,23,23],"floor_reached":23,"playtime":876,"items_purged":[],"score":224,"play_id":"47c666da-131b-40d8-b4d9-6495a2fb03ce","local_time":"20210111142759","is_ascension_mode":true,"campfire_choices":[{"data":"Crippling Poison","floor":8,"key":"SMITH"},{"floor":15,"key":"REST"}],"circlet_count":0,"master_deck":["Survivor","Neutralize","Crippling Poison+1","Backflip","Burst","Finisher","Concentrate+1","Well Laid Plans","Masterful Stab","Well Laid Plans","PiercingWail","Catalyst","Bane","Doubt","All Out Attack","Blade Dance","Footwork","Noxious Fumes+1","Dagger Spray","Deadly Poison","Blade Dance","Glass Knife","Dodge and Roll+1","Necronomicurse","Blade Dance+1"],"relics":["Pandora\u0027s Box","Tiny Chest","Juzu Bracelet","Potion Belt","Eternal Feather","Sozu","Necronomicon","Toxic Egg 2","MealTicket"],"acts_visited":["Exordium","TheCity"],"potions_floor_usage":[12,23],"damage_taken":[{"damage":6,"enemies":"2 Louse","floor":1,"turns":2},{"damage":9,"enemies":"Jaw Worm","floor":4,"turns":3},{"damage":27,"enemies":"3 Sentries","floor":6,"turns":6},{"damage":0,"enemies":"Small Slimes","floor":7,"turns":2},{"damage":0,"enemies":"2 Fungi Beasts","floor":12,"turns":2},{"damage":31,"enemies":"The Guardian","floor":16,"turns":6},{"damage":17,"enemies":"Chosen","floor":18,"turns":4},{"damage":17,"enemies":"2 Thieves","floor":21,"turns":4},{"damage":20,"enemies":"Book of Stabbing","floor":23,"turns":3}],"seed_played":"7167273181225086812","potions_obtained":[{"floor":6,"key":"PowerPotion"},{"floor":12,"key":"SteroidPotion"},{"floor":16,"key":"Energy Potion"}],"is_trial":false,"path_per_floor":["M","?","?","M","$","E","M","R","T","$","?","M","$","?","R","B",null,"M","?","$","M","T","E"],"character_chosen":"THE_SILENT","items_purchased":["Tiny Chest","Juzu Bracelet","Noxious Fumes","Dagger Spray","Blade Dance","Toxic Egg 2"],"campfire_rested":1,"item_purchase_floors":[5,5,10,10,13,20],"current_hp_per_floor":[64,64,53,44,44,17,17,17,17,17,3,3,3,3,36,5,70,53,37,37,20,20,0,0],"gold":23,"neow_bonus":"BOSS_RELIC","is_daily":false,"chose_seed":false,"campfire_upgraded":1,"win_rate":0.0,"timestamp":1610393279,"path_taken":["M","?","?","M","?","E","M","R","T","$","?","M","$","?","R","BOSS","M","?","$","M","?","E"],"items_purchased_type":["Relic","Relic","Card","Card","Card","Relic"],"build_version":"2020-12-22","purchased_purges":0,"victory":false,"max_hp_per_floor":[70,70,70,70,70,70,70,70,70,70,70,70,70,70,70,70,70,70,70,70,70,70,70,70],"card_choices":[{"not_picked":["Outmaneuver","Acrobatics"],"picked":"Bane","floor":1},{"not_picked":["Calculated Gamble","Backflip"],"picked":"All Out Attack","floor":4},{"not_picked":["Acrobatics","Underhanded Strike"],"picked":"Blade Dance","floor":6},{"not_picked":["Expertise","Prepared"],"picked":"Footwork","floor":7},{"not_picked":["Quick Slash","Predator"],"picked":"Deadly Poison","floor":12},{"not_picked":["Tools of the Trade","Doppelganger"],"picked":"Glass Knife","floor":16},{"not_picked":["Bane","Tactician"],"picked":"Dodge and Roll+1","floor":18},{"not_picked":["Outmaneuver+1","Backflip+1"],"picked":"Blade Dance+1","floor":21}],"player_experience":312379,"relics_obtained":[{"floor":6,"key":"Potion Belt"},{"floor":9,"key":"Eternal Feather"},{"floor":19,"key":"Necronomicon"},{"floor":22,"key":"MealTicket"}],"event_choices":[{"damage_healed":0,"gold_gain":175,"player_choice":"AGREE","damage_taken":0,"max_hp_gain":0,"max_hp_loss":0,"event_name":"Liars Game","floor":2,"gold_loss":0,"cards_obtained":["Doubt"]},{"damage_healed":0,"gold_gain":75,"player_choice":"Gather Gold","damage_taken":11,"max_hp_gain":0,"max_hp_loss":0,"event_name":"World of Goop","floor":3,"gold_loss":0},{"damage_healed":0,"gold_gain":0,"player_choice":"Entered Light","damage_taken":14,"max_hp_gain":0,"max_hp_loss":0,"event_name":"Shining Light","floor":11,"gold_loss":0,"cards_upgraded":["Concentrate","Noxious Fumes"]},{"damage_healed":0,"gold_gain":68,"player_choice":"Gained Gold","damage_taken":0,"max_hp_gain":0,"max_hp_loss":0,"event_name":"Golden Wing","floor":14,"gold_loss":0},{"damage_healed":0,"gold_gain":0,"player_choice":"Obtained Book","damage_taken":16,"max_hp_gain":0,"max_hp_loss":0,"event_name":"Cursed Tome","floor":19,"gold_loss":0}],"is_beta":false,"boss_relics":[{"not_picked":["Black Star","Empty Cage"],"picked":"Sozu"}],"items_purged_floors":[],"is_endless":false,"potions_floor_spawned":[6,12,16,18],"killed_by":"Book of Stabbing","ascension_level":4}}