{"host":"jfbo3eu2ui08ej1u","time":1610369821,"event":{"mods":["2.2 Compatiblity","AchievementEnabler","Act Like it!","Aspiration","BaseMod","Better Altar","Better Match","Better Note","Better Sensory Stone","Better Skull","Better Third Choice","Block Reminder","Colored Map","Colored Powertips","Conspire","DeckTracker","Displayed Cursed Tome","Downfall","Energized Spire","Fox Events","GifTheSpireLib","Hermit","Hubris","Infinite Spire","Marked Mod","Minty Spire (QoL Compilation)","Pale of the Ancients","Quick Restart","RRrroohrrRGHHhhh!!","Relic Filter","Reorder Act Four","Replay The Spire","Shop Mod","Spicy Shops","StSLib","Stuff the Spire","The Blue Laboratory","The Disciple","The Forsaken","The Hierophant","The Marked","Uncapped","Unceasing Turn Reminder","Wandering Minibosses"],"gold_per_floor":[110,121,141,141,71,71,84,84,84],"floor_reached":8,"playtime":247,"items_purged":[],"score":89,"play_id":"af0c0c15-6769-48dc-b273-a633f12a5ebe","local_time":"20210111075701","is_ascension_mode":true,"campfire_choices":[{"data":"Redo","floor":6,"key":"SMITH"}],"circlet_count":0,"master_deck":["AscendersBane","Strike_B","Strike_B","Strike_B","Strike_B","Defend_B","Defend_B","Defend_B","Defend_B","Zap","Dualcast","rorgmod:Volatility+1","Rebound","Redo+1","rorgmod:Steady Aim","Panic Button"],"relics":["Cracked Core","betterThird:SlimedRelic"],"acts_visited":["Exordium"],"potions_floor_usage":[2],"damage_taken":[{"damage":8,"enemies":"2 Louse","floor":1,"turns":3},{"damage":4,"enemies":"Small Slimes","floor":2,"turns":3},{"damage":1,"enemies":"Cultist","floor":3,"turns":4},{"damage":13,"enemies":"Lots of Slimes","floor":7,"turns":5},{"damage":32,"enemies":"Lagavulin","floor":8,"turns":5}],"seed_played":"-516837716917230169","potions_obtained":[{"floor":1,"key":"blueLaboratory:FruitPunch"}],"is_trial":false,"path_per_floor":["M","M","M","?","?","R","M","E"],"character_chosen":"DEFECT","items_purchased":[],"campfire_rested":0,"item_purchase_floors":[],"current_hp_per_floor":[56,54,53,53,42,42,29,0,0],"gold":84,"neow_bonus":"ONE_RANDOM_RARE_CARD","is_daily":false,"chose_seed":false,"campfire_upgraded":1,"win_rate":0.0,"timestamp":1610369821,"path_taken":["M","M","M","?","?","R","M","E"],"items_purchased_type":[],"build_version":"2020-12-22","purchased_purges":0,"victory":false,"max_hp_per_floor":[71,73,73,73,73,73,73,73,73],"card_choices":[{"not_picked":["rorgmod:LRU Cache","Blizzard"],"picked":"Rebound","floor":1},{"not_picked":["Turbo","rorgmod:Claw"],"picked":"Redo","floor":2},{"not_picked":["Skim","aspiration:Polymerization"],"picked":"rorgmod:Steady Aim","floor":3},{"not_picked":["Sweeping Beam","Force Field"],"picked":"Panic Button","floor":7}],"player_experience":1192401,"relics_obtained":[],"event_choices":[{"damage_healed":0,"gold_gain":0,"player_choice":"Slimed","damage_taken":11,"max_hp_gain":0,"max_hp_loss":0,"event_name":"betterThird:BetterGoop","floor":5,"gold_loss":70}],"is_beta":false,"boss_relics":[],"items_purged_floors":[],"is_endless":false,"potions_floor_spawned":[1],"killed_by":"Lagavulin","ascension_level":17}}