{"host":"w19xfkufc0k7hkek","time":1610405829,"event":{"mods":["BaseMod","Better Third Choice","Colored Map","Colored Powertips","Downfall","Highlight Path","Minty Spire (QoL Compilation)","Rare Cards Sparkle","Relic Stats","Replay The Spire","StSLib","The Jungle"],"gold_per_floor":[99,117,132,152,162,196,221,221,253,268,193,207,232,247,266,266,266,266],"floor_reached":16,"playtime":1658,"items_purged":[],"score":132,"play_id":"fa721e45-3fec-4a33-9622-4f18ae234f29","local_time":"20210111155709","is_ascension_mode":true,"campfire_choices":[{"data":"hexamod:EmpoweringStance","floor":11,"key":"SMITH"}],"circlet_count":0,"master_deck":["hexamod:Strike","hexamod:Strike","hexamod:Strike","hexamod:Defend","hexamod:Defend","hexamod:Defend","hexamod:Defend","hexamod:Sear","hexamod:Float","hexamod:ThermalTransfer","hexamod:Hexaguard","hexamod:EmpoweringStance+1","hexamod:InspiringFlames","hexamod:Incineration","hexamod:WildfireWeapon","hexamod:ThermalTransfer","hexamod:SpectersWail","hexamod:PhantomFireball"],"relics":["hexamod:SpiritBrand","BranchBurnRelic","Vajra","Nunchaku","Tiny Chest","downfall:HeartBlessingGreen","Iron Hammer"],"acts_visited":["Exordium"],"potions_floor_usage":[6,6,9,16],"damage_taken":[{"damage":0,"enemies":"Jaw Worm","floor":2,"turns":3},{"damage":0,"enemies":"Cultist","floor":3,"turns":4},{"damage":2,"enemies":"2 Louse","floor":4,"turns":2},{"damage":6,"enemies":"Exordium Thugs","floor":5,"turns":6},{"damage":9,"enemies":"Lagavulin","floor":6,"turns":7},{"damage":14,"enemies":"3 Sentries","floor":9,"turns":7},{"damage":2,"enemies":"Red Slaver","floor":10,"turns":3},{"damage":1,"enemies":"Lots of Slimes","floor":12,"turns":4},{"damage":16,"enemies":"Replay:BlueRogue","floor":13,"turns":4},{"damage":1,"enemies":"2 Fungi Beasts","floor":14,"turns":3},{"damage":0,"enemies":"Red Slaver","floor":15,"turns":2},{"damage":43,"enemies":"downfall:Defect","floor":16,"turns":6}],"seed_played":"-4775877368433105549","potions_obtained":[{"floor":1,"key":"Swift Potion"},{"floor":1,"key":"Regen Potion"},{"floor":5,"key":"champ:CounterPotion"},{"floor":12,"key":"Death Potion"},{"floor":14,"key":"FearPotion"},{"floor":15,"key":"SneckoOil"}],"is_trial":false,"path_per_floor":["R_BF","M","M","M","M","E","T","?","E","M","R","M","E","M","M","B"],"character_chosen":"THE_SPIRIT","items_purchased":[],"campfire_rested":0,"item_purchase_floors":[],"current_hp_per_floor":[49,61,61,59,53,44,44,44,45,43,43,54,38,37,37,0,0,0],"gold":266,"neow_bonus":"ONE_RARE_RELIC","is_daily":false,"chose_seed":false,"campfire_upgraded":1,"win_rate":0.0,"timestamp":1610405829,"path_taken":["R_BF","M","M","M","M","E","T","?","E","M","R","M","E","?","M","BOSS"],"items_purchased_type":[],"build_version":"2020-12-22","purchased_purges":0,"victory":false,"max_hp_per_floor":[70,70,70,70,70,70,70,70,70,70,70,70,70,70,70,70,70,70],"relic_stats":{"Nunchaku":[3],"counters":[12,51],"Tiny Chest":0,"obtain_stats":[{"BranchBurnRelic":1,"Nunchaku":7,"Dead Branch":0,"Vajra":6,"Tiny Chest":9,"downfall:HeartBlessingGreen":11,"Iron Hammer":13,"hexamod:SpiritBrand":0},{"BranchBurnRelic":0,"Nunchaku":5,"Dead Branch":0,"Vajra":5,"Tiny Chest":6,"downfall:HeartBlessingGreen":7,"Iron Hammer":9,"hexamod:SpiritBrand":0},{"BranchBurnRelic":0,"Nunchaku":22,"Dead Branch":0,"Vajra":22,"Tiny Chest":29,"downfall:HeartBlessingGreen":32,"Iron Hammer":40,"hexamod:SpiritBrand":0}]},"card_choices":[{"not_picked":["hexamod:NightmareStrike","hexamod:SpectersWail"],"picked":"hexamod:ThermalTransfer","floor":2},{"not_picked":["hexamod:SecondSeal","hexamod:GhostLash"],"picked":"hexamod:Hexaguard","floor":3},{"not_picked":["hexamod:GhostShield","hexamod:PowerFromBeyond"],"picked":"hexamod:EmpoweringStance","floor":4},{"not_picked":["hexamod:BacktrackSmack","hexamod:FastForward"],"picked":"hexamod:InspiringFlames","floor":5},{"not_picked":["hexamod:NightmareStrike","hexamod:InspiringFlames"],"picked":"hexamod:Incineration","floor":6},{"not_picked":["hexamod:ThermalTransfer","hexamod:AdvancingGuard"],"picked":"hexamod:WildfireWeapon","floor":9},{"not_picked":["hexamod:InspiringFlames","hexamod:StepThrough"],"picked":"hexamod:ThermalTransfer","floor":10},{"not_picked":["hexamod:Again","hexamod:NightmareGuise"],"picked":"hexamod:SpectersWail","floor":12},{"not_picked":["hexamod:SwordOfDarkness","hexamod:ThermalTransfer"],"picked":"hexamod:PhantomFireball","floor":13},{"not_picked":["hexamod:BacktrackSmack","hexamod:HauntingEcho","hexamod:SuperheatedStrike"],"picked":"SKIP","floor":14},{"not_picked":["hexamod:SwordOfDarkness","hexamod:NightmareGuise","hexamod:SkipABeat"],"picked":"SKIP","floor":15}],"player_experience":435911,"relics_obtained":[{"floor":6,"key":"Vajra"},{"floor":7,"key":"Nunchaku"},{"floor":9,"key":"Tiny Chest"},{"floor":13,"key":"Iron Hammer"}],"event_choices":[{"cards_removed":["hexamod:Strike"],"damage_healed":0,"gold_gain":0,"player_choice":"Offered Basic","damage_taken":0,"max_hp_gain":0,"max_hp_loss":0,"event_name":"Bonfire Elementals","floor":8,"gold_loss":0}],"is_beta":false,"boss_relics":[],"items_purged_floors":[],"is_endless":false,"potions_floor_spawned":[5,12,14,15],"killed_by":"downfall:Defect","ascension_level":1}}