{"host":"3vgzk5mhz751jdrj","time":1610353034,"event":{"mods":["2.2 Compatiblity","AchievementEnabler","Act Like it!","Aspiration","BaseMod","Better Altar","Better Match","Better Note","Better Sensory Stone","Better Skull","Better Third Choice","Block Reminder","Colored Map","Conspire","Curses Come First","Dark Map","Displayed Cursed Tome","Downfall","Friendly Minions","GifTheSpireLib","Halation","Hubris","Marked Mod","Mimic Mod","Minty Spire (QoL Compilation)","Quick Restart","Rare Cards Sparkle","Replay The Spire","Reworked Bosses","Shop Mod","Spicy Shops","Spikes Relics","StSLib","Stuff the Spire","The Marked","Thieving Mod","Trackpad","vexMod"],"gold_per_floor":[99,99,99,274,300,126,126,126,126,152,167,182,182,213,227,329,329,254,269,285,43,75,75,75,99,99,137,137,196,196,241,259,379,379,379,418,439,456,161,86,136,136,101,128,173,168,93,136,162,193],"floor_reached":51,"playtime":21268,"items_purged":["Doubt","Clumsy"],"score":1086,"play_id":"a359c453-83cc-4f65-a415-086168fcef99","local_time":"20210111031714","is_ascension_mode":true,"campfire_choices":[{"data":"champ:Taunt","floor":1.0,"key":"SMITH"},{"data":"champ:FalseCounter","floor":13.0,"key":"SMITH"},{"data":"champ:EnchantShield","floor":18.0,"key":"SMITH"},{"data":"champ:TornadoPunch","floor":23.0,"key":"SMITH"},{"data":"champ:ShieldSigil","floor":30,"key":"SMITH"},{"floor":35,"key":"RECALL"},{"data":"champ:EnchantShield","floor":40,"key":"SMITH"},{"data":"champ:GutPunch","floor":47,"key":"SMITH"}],"circlet_count":0,"master_deck":["champ:Strike","champ:Strike","champ:Defend","champ:Defend","champ:Defend","champ:Defend","champ:Execute","champ:Taunt+1","champ:DefensiveStyle","champ:Encircle","champ:Backstep","champ:Circumvent","champ:Haymaker","champ:FalseCounter+1","champ:Circumvent","champ:StanceDance","champ:DefensiveStyle","champ:ShieldThrow","champ:EnchantShield+1","champ:BringItOn+1","ReplayTheSpireMod:Splinters","champ:DefensiveStyle+1","champ:DefensiveStyle","champ:FlashCut","champ:FalseCounter","champ:DefensiveShout","champ:ShieldSigil+1","champ:DeathBlow","champ:ShieldSlam","champ:EnchantShield+1","champ:EnGarde+1","champ:Duel+1","champ:GutPunch+1","champ:ShieldSlam","champ:TornadoPunch+1","champ:StanceDance+1"],"relics":["champ:ChampionCrown","downfall:HeartsMalice","Incense Burner","PreservedInsect","halation:PinkSoulGem","MiniBlackHole","Gambling Chip","conspire:SpecialSausage","downfall:HeartBlessingGreen","aspiration:AnachronicSnailShell","halation:IllGainedPizza","The Courier","downfall:RedIOU","trackpad:ToughGloves","Torii","hubris:Stopwatch","aspiration:HummingbirdHeart","SnailShell","downfall:HeartBlessingRed","halation:QuantumPhysicsTextbook","downfall:HeartBlessingBlue","StuffTheSpire:Mouthbags"],"acts_visited":["Exordium","TheCity","TheBeyond"],"potions_floor_usage":[25,27,29,33,33,36,39,44,45],"damage_taken":[{"damage":0.0,"enemies":"2 Louse","floor":2.0,"turns":1.0},{"damage":0.0,"enemies":"Small Slimes","floor":3.0,"turns":1.0},{"damage":0.0,"enemies":"conspire:MimicChest","floor":5.0,"turns":1.0},{"damage":7.0,"enemies":"downfall:FleeingMerchant","floor":6.0,"turns":4.0},{"damage":12.0,"enemies":"Gremlin Nob","floor":10.0,"turns":4.0},{"damage":10.0,"enemies":"Jaw Worm","floor":11.0,"turns":5.0},{"damage":26.0,"enemies":"Large Slime","floor":12.0,"turns":6.0},{"damage":14.0,"enemies":"Lagavulin","floor":14.0,"turns":6.0},{"damage":0.0,"enemies":"3 Louse","floor":15.0,"turns":3.0},{"damage":5.0,"enemies":"downfall:Silent","floor":16.0,"turns":10.0},{"damage":0.0,"enemies":"Spheric Guardian","floor":19.0,"turns":3.0},{"damage":6.0,"enemies":"downfall:FleeingMerchant","floor":21.0,"turns":4.0},{"damage":5.0,"enemies":"conspire:FuzzyDice","floor":22.0,"turns":5.0},{"damage":4,"enemies":"Chosen and Byrds","floor":25,"turns":6},{"damage":2,"enemies":"conspire:SneckoGhost","floor":27,"turns":7},{"damage":14,"enemies":"conspire:Head Lice","floor":29,"turns":10},{"damage":1,"enemies":"Replay:Snechameleon","floor":31,"turns":5},{"damage":5,"enemies":"Shelled Parasite and Fungi","floor":32,"turns":4},{"damage":12,"enemies":"downfall:Watcher","floor":33,"turns":10},{"damage":21,"enemies":"3 Darklings","floor":36,"turns":11},{"damage":3,"enemies":"3 Shapes","floor":37,"turns":2},{"damage":1,"enemies":"Writhing Mass","floor":38,"turns":5},{"damage":7,"enemies":"downfall:FleeingMerchant","floor":39,"turns":4},{"damage":17,"enemies":"downfall:FleeingMerchant","floor":43,"turns":4},{"damage":8,"enemies":"Maw","floor":44,"turns":7},{"damage":15,"enemies":"Nemesis","floor":45,"turns":5},{"damage":13,"enemies":"downfall:FleeingMerchant","floor":46,"turns":4},{"damage":16,"enemies":"R_Hoarder","floor":48,"turns":7},{"damage":5,"enemies":"Sphere and 2 Shapes","floor":49,"turns":6},{"damage":14,"enemies":"downfall:Defect","floor":50,"turns":7}],"seed_played":"715708018844059986","potions_obtained":[{"floor":5.0,"key":"hexamod:EctoCoolerPotion"},{"floor":11.0,"key":"Milkshake"},{"floor":12.0,"key":"Strength Potion"},{"floor":15.0,"key":"Elixir"},{"floor":25,"key":"Dexterity Potion"},{"floor":27,"key":"Energy Potion"},{"floor":31,"key":"Milkshake"},{"floor":32,"key":"champ:CounterPotion"},{"floor":33,"key":"Ancient Potion"},{"floor":37,"key":"Venom Potion"},{"floor":38,"key":"Energy Potion"},{"floor":44,"key":"ColorlessPotion"},{"floor":49,"key":"LiquidBronze"}],"is_trial":false,"path_per_floor":["R","M","M","?","?","$","T","?","?","E","M","M","R","E","M","B",null,"R","M","?","$","M","R","T","M","?","E","?","E","R","E","M","B",null,"R","M","M","M","$","R","T","?","$","M","E","$","R","E","M","B",null],"character_chosen":"THE_CHAMP","items_purchased":["champ:TornadoPunch","champ:Circumvent","halation:IllGainedPizza","champ:DefensiveStyle","aspiration:HummingbirdHeart","SnailShell","champ:GutPunch"],"campfire_rested":0,"item_purchase_floors":[6,6,21,21,39,39,43],"current_hp_per_floor":[90,90,90,90,90,90,90,90,90,87,79,65,65,59,59,58,90,90,90,90,86,81,81,81,77,77,77,77,65,65,66,61,61,90,90,76,73,72,72,72,72,72,72,72,72,72,82,91,88,88],"gold":193,"neow_bonus":"THREE_ENEMY_KILL","is_daily":false,"chose_seed":false,"campfire_upgraded":7,"win_rate":0.0,"timestamp":1610353034,"path_taken":["R","M","M","?","?","$","T","?","?","E","?","M","R","E","M","BOSS","R","M","?","?","M","R","T","?","?","E","?","E","R","E","M","BOSS","R","M","M","M","$","R","T","?","$","M","E","$","R","E","M","BOSS"],"items_purchased_type":["Card","Card","Relic","Card","Relic","Relic","Card"],"build_version":"2020-12-22","purchased_purges":2,"victory":true,"max_hp_per_floor":[90,90,90,90,90,90,90,90,90,90,90,90,90,90,90,90,90,90,90,90,90,90,90,90,90,90,90,90,90,90,90,90,90,90,90,90,90,90,90,90,90,90,90,90,90,90,100,100,100,100],"card_choices":[{"not_picked":["champ:CrookedStrike","champ:DefensiveShout"],"picked":"champ:DefensiveStyle","floor":2.0},{"not_picked":["champ:BladeFlurry","champ:FocusedBerserking"],"picked":"champ:Encircle","floor":3.0},{"not_picked":["champ:ViciousMockery","champ:DefensiveShout"],"picked":"champ:Backstep","floor":6.0},{"not_picked":["champ:FocusedBerserking","champ:TornadoPunch"],"picked":"champ:FalseCounter","floor":10.0},{"not_picked":["champ:FanOfKnives","champ:TornadoPunch"],"picked":"champ:Circumvent","floor":11.0},{"not_picked":["champ:GladiatorStyle","champ:RapidStrikes"],"picked":"champ:StanceDance","floor":12.0},{"not_picked":["champ:BringItOn","champ:PreciseThrust"],"picked":"champ:DefensiveStyle","floor":14.0},{"not_picked":["champ:Backstep","champ:Riposte"],"picked":"champ:ShieldThrow","floor":15.0},{"not_picked":["champ:LastStand","champ:Devastate"],"picked":"champ:EnchantShield","floor":16.0},{"not_picked":["champ:BladeFlurry","champ:RisingSlash"],"picked":"champ:BringItOn+1","floor":19.0},{"not_picked":["champ:Haymaker+1","champ:TornadoPunch"],"picked":"champ:DefensiveStyle+1","floor":21.0},{"not_picked":["champ:PerfectedStrike","champ:GladiatorsShout"],"picked":"champ:FlashCut","floor":22.0},{"not_picked":["champ:Encircle","champ:TornadoPunch"],"picked":"champ:FalseCounter","floor":25},{"not_picked":["champ:FlashCut","champ:BerserkerStyle"],"picked":"champ:DefensiveShout","floor":27},{"not_picked":["champ:BerserkersShout+1","champ:FocusedBerserking+1"],"picked":"champ:ShieldSigil","floor":29},{"not_picked":["champ:GladiatorsShout","champ:ShieldSigil"],"picked":"champ:DeathBlow","floor":31},{"not_picked":["champ:PreciseThrust","champ:ShieldSigil"],"picked":"champ:ShieldSlam","floor":32},{"not_picked":["champ:MurderStrike","champ:Devastate"],"picked":"champ:EnchantShield","floor":33},{"not_picked":["champ:Riposte","champ:Duel+1"],"picked":"champ:EnGarde+1","floor":36},{"not_picked":["champ:FanOfKnives+1","champ:ViciousMockery+1","champ:FlashCut"],"picked":"SKIP","floor":37},{"not_picked":["champ:Encircle+1","champ:CrookedStrike+1","champ:TornadoPunch"],"picked":"SKIP","floor":38},{"not_picked":["champ:RageSigil+1","champ:FlashCut+1"],"picked":"champ:Duel+1","floor":39},{"not_picked":["champ:FlashCut","champ:BerserkerStyle+1","champ:PerfectForm"],"picked":"SKIP","floor":43},{"not_picked":["champ:RisingSlash","champ:BerserkerStyle+1","champ:BerserkersShout+1"],"picked":"SKIP","floor":44},{"not_picked":["champ:ShieldSigil","champ:TornadoPunch+1"],"picked":"champ:ShieldSlam","floor":45},{"not_picked":["champ:RageSigil","champ:BringItOn+1","champ:CrookedStrike+1"],"picked":"SKIP","floor":46},{"not_picked":["champ:Shatter+1","champ:Backstep"],"picked":"champ:StanceDance+1","floor":48},{"not_picked":["champ:RisingSlash+1","champ:BringItOn","champ:PerfectedStrike"],"picked":"SKIP","floor":49}],"player_experience":421018,"relics_obtained":[{"floor":5.0,"key":"Incense Burner"},{"floor":7.0,"key":"PreservedInsect"},{"floor":10.0,"key":"MiniBlackHole"},{"floor":14.0,"key":"Gambling Chip"},{"floor":20.0,"key":"aspiration:AnachronicSnailShell"},{"floor":24.0,"key":"The Courier"},{"floor":27,"key":"aspiration:Lifesprig"},{"floor":29,"key":"trackpad:ToughGloves"},{"floor":31,"key":"Torii"},{"floor":45,"key":"halation:QuantumPhysicsTextbook"},{"floor":48,"key":"StuffTheSpire:Mouthbags"}],"event_choices":[{"damage_healed":0.0,"max_hp_gain":0.0,"max_hp_loss":0.0,"gold_gain":0.0,"cards_transformed":["champ:Strike"],"event_name":"Transmorgrifier","player_choice":"Transformed","floor":9.0,"gold_loss":0.0,"damage_taken":0.0,"cards_obtained":["champ:Haymaker"]},{"cards_removed":["champ:Strike"],"damage_healed":0,"gold_gain":0,"player_choice":"Removed Attack","damage_taken":0,"max_hp_gain":0,"max_hp_loss":0,"event_name":"Falling","floor":42,"gold_loss":0}],"is_beta":false,"boss_relics":[{"not_picked":["StuffTheSpire:ModemDavis","conspire:RoyalGoblet"],"picked":"conspire:SpecialSausage"},{"not_picked":["Replay:Ancient Bell","hubris:ScarierMask"],"picked":"hubris:Stopwatch"}],"items_purged_floors":[6,39],"is_endless":false,"potions_floor_spawned":[5,11,12,15,25,27,31,32,33,37,38,44,49],"ascension_level":2}}