{"host":"mmyob72dycyg5z21","time":1610365310,"event":{"mods":["Act Like it!","Alarm Clock","BaseMod","Bestiary","Better Note","Better Third Choice","Better Vampires","Colored Powertips","Custom Start","Gold Saver","Gremlin Skip","Luminous","Marked Mod","Minty Spire (QoL Compilation)","Rare Cards Sparkle","Spicy Shops","StSLib","SuperFastMode","[功能]功能增强和修复MOD","【功能Mod】精心准备"],"gold_per_floor":[1141,1141,1160,1171,1171,1171,1196,1212,1258,1258,500,500,500,72,72,168,168,182,182,196,213,213,246,246,246,297,297,327,327,359,370,370,468,468,480,480,534,25,37,62,62,90,90,120,120,120,151,151,151,151,151,151,33,60,60],"floor_reached":56,"playtime":2385,"items_purged":["Strike_G","Infinite Blades"],"score":2234,"play_id":"30e726c7-0333-44db-be53-59e3496a4fe5","local_time":"20210111194150","is_ascension_mode":true,"campfire_choices":[{"data":"Blade Dance","floor":6.0,"key":"SMITH"},{"data":"Acrobatics","floor":10.0,"key":"SMITH"},{"data":"Envenom","floor":13.0,"key":"SMITH"},{"data":"Deflect","floor":15.0,"key":"SMITH"},{"data":"Adrenaline","floor":25.0,"key":"SMITH"},{"data":"Blur","floor":27.0,"key":"SMITH"},{"data":"Crippling Poison","floor":32,"key":"SMITH"},{"data":"Madness","floor":41,"key":"SMITH"},{"floor":46,"key":"RECALL"},{"data":"Reflex","floor":49,"key":"SMITH"},{"data":"Survivor","floor":52,"key":"SMITH"}],"circlet_count":0,"master_deck":["Defend_G","Defend_G","Defend_G","Defend_G","Survivor+1","Neutralize+1","Accuracy","Blade Dance+1","Expertise+1","Acrobatics+1","Reflex+1","Deflect+1","Envenom+1","Creative AI+1","Crippling Poison+1","Adrenaline+1","Blur+1","Footwork+1","Tactician+1","Acrobatics+1","Storm of Steel","Catalyst+1","Madness+1","Madness","Escape Plan+1","Finisher","Good Instincts","Sadistic Nature"],"relics":["Luminous:BlackBlessingRelic","Oddly Smooth Stone","Snake Skull","OrangePellets","Nunchaku","Singing Bowl","Juzu Bracelet","Bottled Tornado","Whetstone","SlaversCollar","Nloth\u0027s Gift","Happy Flower","Dead Branch","Paper Crane","Strawberry","Empty Cage","Girya","War Paint","Sundial","Omamori","Ice Cream","PreservedInsect","Letter Opener","Bag of Preparation","Kunai","Pen Nib","Medical Kit","Ornamental Fan"],"acts_visited":["Exordium","TheCity","TheBeyond","TheEnding"],"potions_floor_usage":[28,28,37,37,44,55,55,55],"damage_taken":[{"damage":4.0,"enemies":"2 Louse","floor":1.0,"turns":4.0},{"damage":0.0,"enemies":"Small Slimes","floor":3.0,"turns":3.0},{"damage":0.0,"enemies":"Cultist","floor":4.0,"turns":3.0},{"damage":1.0,"enemies":"Lagavulin","floor":7.0,"turns":5.0},{"damage":2.0,"enemies":"Red Slaver","floor":8.0,"turns":3.0},{"damage":0.0,"enemies":"Slime Boss","floor":16.0,"turns":5.0},{"damage":3.0,"enemies":"Shell Parasite","floor":18.0,"turns":4.0},{"damage":7.0,"enemies":"2 Thieves","floor":20.0,"turns":4.0},{"damage":0.0,"enemies":"Centurion and Healer","floor":21.0,"turns":4.0},{"damage":7.0,"enemies":"Gremlin Leader","floor":23.0,"turns":6.0},{"damage":0,"enemies":"Slavers","floor":28,"turns":6},{"damage":4,"enemies":"Book of Stabbing","floor":30,"turns":4},{"damage":0,"enemies":"Snecko","floor":31,"turns":3},{"damage":0,"enemies":"Collector","floor":33,"turns":6},{"damage":0,"enemies":"3 Shapes","floor":35,"turns":4},{"damage":0,"enemies":"2 Orb Walkers","floor":37,"turns":2},{"damage":0,"enemies":"Orb Walker","floor":39,"turns":2},{"damage":0,"enemies":"Reptomancer","floor":40,"turns":4},{"damage":0,"enemies":"Giant Head","floor":42,"turns":3},{"damage":0,"enemies":"Nemesis","floor":44,"turns":3},{"damage":0,"enemies":"Reptomancer","floor":47,"turns":2},{"damage":8,"enemies":"Time Eater","floor":50,"turns":9},{"damage":6,"enemies":"Shield and Spear","floor":54,"turns":3},{"damage":12,"enemies":"The Heart","floor":55,"turns":6}],"seed_played":"1460871958011331696","potions_obtained":[{"floor":1.0,"key":"Fruit Juice"},{"floor":3.0,"key":"Dexterity Potion"},{"floor":4.0,"key":"Strength Potion"},{"floor":7.0,"key":"BlessingOfTheForge"},{"floor":23.0,"key":"Swift Potion"},{"floor":30,"key":"BlessingOfTheForge"},{"floor":33,"key":"Energy Potion"},{"floor":35,"key":"GamblersBrew"},{"floor":37,"key":"Dexterity Potion"},{"floor":42,"key":"PowerPotion"},{"floor":44,"key":"SpeedPotion"}],"is_trial":false,"path_per_floor":["M","?","M","M","?","R","E","M","T","R","$","?","R","$","R","B",null,"M","?","M","M","?","E","?","R","T","R","E","?","E","M","R","B",null,"M","?","?","$","M","E","R","E","T","E","T","R","E","?","R","B",null,"R","$","E","B",null],"character_chosen":"THE_SILENT","items_purchased":["Envenom","OrangePellets","Nunchaku","Singing Bowl","Juzu Bracelet","Lantern","Bottled Tornado","Whetstone","Crippling Poison","War Paint","Sundial","Omamori","Medical Kit"],"campfire_rested":0,"item_purchase_floors":[11,11,11,11,11,11,14,14,14,38,38,38,53],"current_hp_per_floor":[64,64,64,64,64,64,63,61,61,61,61,61,61,61,61,61,72,69,69,62,64,64,57,57,57,57,57,59,44,49,51,51,51,84,84,72,74,74,74,74,74,76,76,78,78,78,80,75,75,67,94,94,94,90,78],"gold":60,"neow_bonus":"TRANSFORM_CARD","is_daily":false,"chose_seed":false,"campfire_upgraded":10,"win_rate":0.0,"timestamp":1610365310,"path_taken":["M","?","M","M","?","R","E","?","T","R","?","?","R","$","R","BOSS","M","?","M","M","?","E","?","R","T","R","E","?","E","M","R","BOSS","M","?","?","$","M","E","R","E","T","E","?","R","E","?","R","BOSS","R","$","E","BOSS"],"items_purchased_type":["Card","Relic","Relic","Relic","Relic","Relic","Relic","Relic","Card","Relic","Relic","Relic","Relic"],"build_version":"2020-12-22","purchased_purges":2,"victory":true,"max_hp_per_floor":[75,75,75,75,75,75,75,75,75,75,75,75,75,75,75,75,75,75,75,75,77,77,77,77,77,77,77,79,84,93,95,95,95,95,95,95,97,97,97,97,97,99,99,101,101,101,103,103,103,103,103,103,103,105,105],"card_choices":[{"not_picked":["Setup","Dodge and Roll"],"picked":"Accuracy","floor":1.0},{"not_picked":["Catalyst","Flechettes"],"picked":"Expertise","floor":3.0},{"not_picked":["Dagger Throw","Prepared"],"picked":"Acrobatics","floor":4.0},{"not_picked":["Flying Knee","Expertise"],"picked":"Reflex","floor":7.0},{"not_picked":["Poisoned Stab","Dash"],"picked":"Deflect","floor":8.0},{"not_picked":["Doppelganger","Night Terror"],"picked":"Adrenaline","floor":16.0},{"not_picked":["Deadly Poison","Underhanded Strike"],"picked":"Blur","floor":18.0},{"not_picked":["Flying Knee","Flechettes"],"picked":"Footwork+1","floor":20.0},{"not_picked":["Slice","PiercingWail","Unload"],"picked":"Singing Bowl","floor":21.0},{"not_picked":["Setup","Crippling Poison+1"],"picked":"Tactician+1","floor":23.0},{"not_picked":["Dodge and Roll","A Thousand Cuts","Prepared"],"picked":"Singing Bowl","floor":28},{"not_picked":["Prepared","Dash","Sucker Punch"],"picked":"Singing Bowl","floor":30},{"not_picked":["Sucker Punch","Dodge and Roll+1","Endless Agony"],"picked":"Singing Bowl","floor":31},{"not_picked":["After Image","Grand Finale"],"picked":"Storm of Steel","floor":33},{"not_picked":["Footwork","Dodge and Roll"],"picked":"Catalyst","floor":35},{"not_picked":["Flying Knee","Deadly Poison","Phantasmal Killer"],"picked":"Singing Bowl","floor":37},{"not_picked":["Acrobatics+1","Cloak And Dagger"],"picked":"Escape Plan+1","floor":39},{"not_picked":["Heel Hook","Glass Knife"],"picked":"Finisher","floor":40},{"not_picked":["Tools of the Trade","Finisher+1","Cloak And Dagger"],"picked":"Singing Bowl","floor":42},{"not_picked":["Storm of Steel","Skewer","Acrobatics"],"picked":"Singing Bowl","floor":44},{"not_picked":["Expertise+1","Infinite Blades","Dodge and Roll+1"],"picked":"Singing Bowl","floor":47},{"not_picked":["Metamorphosis","HandOfGreedSenior"],"picked":"Good Instincts","floor":48},{"not_picked":["Secret Weapon","HandOfGreedLower"],"picked":"Sadistic Nature","floor":48},{"not_picked":["All Out Attack+1","Bane","Endless Agony"],"picked":"Singing Bowl","floor":54}],"player_experience":377018,"relics_obtained":[{"floor":7.0,"key":"Oddly Smooth Stone"},{"floor":9.0,"key":"Snake Skull"},{"floor":23.0,"key":"Dead Branch"},{"floor":28,"key":"Paper Crane"},{"floor":30,"key":"Strawberry"},{"floor":37,"key":"Girya"},{"floor":40,"key":"Ice Cream"},{"floor":42,"key":"PreservedInsect"},{"floor":43,"key":"Letter Opener"},{"floor":44,"key":"Bag of Preparation"},{"floor":45,"key":"Kunai"},{"floor":47,"key":"Pen Nib"},{"floor":54,"key":"Ornamental Fan"}],"event_choices":[{"damage_healed":0.0,"max_hp_gain":0.0,"max_hp_loss":0.0,"gold_gain":0.0,"cards_transformed":["Strike_G"],"event_name":"Living Wall","player_choice":"Change","floor":2.0,"gold_loss":0.0,"damage_taken":0.0,"cards_obtained":["Blade Dance"]},{"cards_removed":["Strike_G"],"damage_healed":0.0,"max_hp_gain":0.0,"max_hp_loss":0.0,"gold_gain":0.0,"event_name":"Bonfire Elementals","player_choice":"Offered Basic","floor":5.0,"gold_loss":0.0,"damage_taken":0.0},{"cards_removed":["Creative AI"],"damage_healed":0.0,"max_hp_gain":0.0,"max_hp_loss":0.0,"gold_gain":0.0,"event_name":"betterNote:BetterNote","player_choice":"Take \u0026 Give","floor":12.0,"gold_loss":0.0,"damage_taken":0.0,"cards_obtained":["Creative AI"]},{"damage_healed":0.0,"max_hp_gain":0.0,"max_hp_loss":0.0,"gold_gain":0.0,"event_name":"N\u0027loth","player_choice":"Traded Relic","floor":19.0,"relics_lost":["Lantern"],"gold_loss":0.0,"damage_taken":0.0,"relics_obtained":["Nloth\u0027s Gift"]},{"damage_healed":0.0,"max_hp_gain":0.0,"max_hp_loss":0.0,"gold_gain":0.0,"event_name":"WeMeetAgain","player_choice":"Gave Potion","floor":22.0,"gold_loss":0.0,"damage_taken":0.0,"relics_obtained":["Happy Flower"]},{"damage_healed":0.0,"max_hp_gain":0.0,"max_hp_loss":0.0,"gold_gain":0.0,"event_name":"Duplicator","player_choice":"Copied","floor":24.0,"gold_loss":0.0,"damage_taken":0.0,"cards_obtained":["Acrobatics"]},{"damage_healed":0,"gold_gain":0,"player_choice":"Shed Blood","damage_taken":20,"max_hp_gain":5,"max_hp_loss":0,"event_name":"Forgotten Altar","floor":29,"gold_loss":0},{"damage_healed":0,"gold_gain":0,"player_choice":"Embrace Madness","damage_taken":12,"max_hp_gain":0,"max_hp_loss":0,"event_name":"Winding Halls","floor":36,"gold_loss":0,"cards_obtained":["Madness","Madness"]},{"damage_healed":0,"gold_gain":0,"player_choice":"Fight","damage_taken":0,"max_hp_gain":0,"max_hp_loss":0,"event_name":"Mysterious Sphere","floor":37,"gold_loss":0},{"damage_healed":0,"gold_gain":0,"player_choice":"Memory 2","damage_taken":5,"max_hp_gain":0,"max_hp_loss":0,"event_name":"SensoryStone","floor":48,"gold_loss":0}],"is_beta":false,"boss_relics":[{"not_picked":["Runic Dome","Cursed Key"],"picked":"SlaversCollar"},{"not_picked":["Philosopher\u0027s Stone","Runic Pyramid"],"picked":"Empty Cage"}],"items_purged_floors":[11,38],"is_endless":false,"potions_floor_spawned":[1,3,4,7,18,20,23,23,30,33,35,37,42,44],"ascension_level":9}}