{"host":"mydft8i2zzydgggw","time":1610327664,"event":{"mods":["AchievementEnabler","BaseMod","BetterRewards","Colored Map","Colored Powertips","DeckTracker","Keyboard Shortcuts","Minty Spire (QoL Compilation)","Rare Cards Sparkle","StSLib","SuperFastMode","everything is the same but u backflip on backflip"],"gold_per_floor":[119,119,138,213,213,213,240,240,240,258,258,271,271,119,119,216,216,228,228,128,138,150,150,150,150],"floor_reached":24,"playtime":423,"items_purged":["Strike_R","Defend_R"],"score":252,"play_id":"a7d9fa8d-40de-414e-b3b2-15274726a9c6","local_time":"20210111101424","is_ascension_mode":true,"campfire_choices":[{"data":"Bash","floor":6,"key":"SMITH"},{"floor":8,"key":"REST"},{"data":"Pommel Strike","floor":11,"key":"SMITH"},{"data":"Shrug It Off","floor":13,"key":"SMITH"},{"data":"Reaper","floor":15,"key":"SMITH"},{"data":"Double Tap","floor":23,"key":"SMITH"}],"circlet_count":0,"master_deck":["Strike_R","Strike_R","Strike_R","Defend_R","Defend_R","Defend_R","Bash+1","Pommel Strike+1","Shrug It Off+1","Reaper+1","Double Tap+1","Body Slam+1"],"relics":["Burning Blood","Centennial Puzzle","Pantograph","Runic Pyramid"],"acts_visited":["Exordium","TheCity"],"potions_floor_usage":[16,16],"damage_taken":[{"damage":9,"enemies":"Jaw Worm","floor":1,"turns":4},{"damage":1,"enemies":"2 Louse","floor":3,"turns":4},{"damage":52,"enemies":"Gremlin Nob","floor":7,"turns":6},{"damage":1,"enemies":"Cultist","floor":10,"turns":3},{"damage":0,"enemies":"Large Slime","floor":12,"turns":4},{"damage":74,"enemies":"Slime Boss","floor":16,"turns":12},{"damage":25,"enemies":"Chosen","floor":18,"turns":5},{"damage":31,"enemies":"3 Byrds","floor":21,"turns":6},{"damage":8,"enemies":"Snecko","floor":22,"turns":4},{"damage":79,"enemies":"Slavers","floor":24,"turns":3}],"seed_played":"-3231438599905183339","potions_obtained":[{"floor":7,"key":"Swift Potion"},{"floor":10,"key":"SkillPotion"}],"is_trial":false,"path_per_floor":["M","?","M","?","?","R","E","R","T","M","R","M","R","$","R","B",null,"M","?","$","M","M","R","E"],"character_chosen":"IRONCLAD","items_purchased":["Reaper"],"campfire_rested":1,"item_purchase_floors":[14],"current_hp_per_floor":[77,77,82,71,64,64,18,44,44,49,49,55,55,55,55,28,73,59,59,59,46,49,49,0,0],"gold":150,"neow_bonus":"TEN_PERCENT_HP_BONUS","is_daily":false,"chose_seed":false,"campfire_upgraded":5,"win_rate":0.0,"timestamp":1610327664,"path_taken":["M","?","M","?","?","R","E","R","T","M","R","M","R","$","R","BOSS","M","?","$","M","?","R","E"],"items_purchased_type":["Card"],"build_version":"2020-12-22","purchased_purges":2,"victory":false,"max_hp_per_floor":[88,88,88,88,88,88,88,88,88,88,88,88,88,88,88,88,88,88,88,88,88,88,88,88,88],"card_choices":[{"not_picked":["Twin Strike","Anger","Headbutt"],"picked":"SKIP","floor":1},{"not_picked":["Whirlwind","Headbutt","True Grit"],"picked":"SKIP","floor":3},{"not_picked":["Rupture","Thunderclap"],"picked":"Pommel Strike","floor":7},{"not_picked":["Wild Strike","Havoc","Flex"],"picked":"SKIP","floor":10},{"not_picked":["Perfected Strike","Ghostly Armor"],"picked":"Shrug It Off","floor":12},{"not_picked":["Juggernaut","Brutality"],"picked":"Double Tap","floor":16},{"not_picked":["Metallicize","Twin Strike+1"],"picked":"Body Slam","floor":18},{"not_picked":["Twin Strike","Battle Trance","Pommel Strike+1"],"picked":"SKIP","floor":21},{"not_picked":["Headbutt","Perfected Strike","Wild Strike"],"picked":"SKIP","floor":22}],"player_experience":162696,"relics_obtained":[{"floor":7,"key":"Centennial Puzzle"},{"floor":9,"key":"Pantograph"}],"event_choices":[{"damage_healed":0,"gold_gain":0,"player_choice":"Ignored","damage_taken":0,"max_hp_gain":0,"max_hp_loss":0,"event_name":"Shining Light","floor":2,"gold_loss":0},{"damage_healed":0,"gold_gain":75,"player_choice":"Gather Gold","damage_taken":11,"max_hp_gain":0,"max_hp_loss":0,"event_name":"World of Goop","floor":4,"gold_loss":0},{"cards_removed":["Strike_R"],"damage_healed":0,"gold_gain":0,"player_choice":"Card Removal","damage_taken":7,"max_hp_gain":0,"max_hp_loss":0,"event_name":"Golden Wing","floor":5,"gold_loss":0},{"damage_healed":0,"gold_gain":0,"player_choice":"Upgraded","damage_taken":0,"max_hp_gain":0,"max_hp_loss":0,"event_name":"Upgrade Shrine","floor":19,"gold_loss":0,"cards_upgraded":["Body Slam"]}],"is_beta":false,"boss_relics":[{"not_picked":["Busted Crown","Runic Cube"],"picked":"Runic Pyramid"}],"items_purged_floors":[14,20],"is_endless":false,"potions_floor_spawned":[7,10],"killed_by":"Slavers","ascension_level":6}}