{"host":"l84l8xigz5v5foa2","time":1610352393,"event":{"mods":["2.2 Compatiblity","AchievementEnabler","BaseMod","Better Note","Better Vampires","Card Filter","Colored Map","DeckTracker","Downfall","Gremlin Skip","Highlight Path","Keyboard Shortcuts","Minty Spire (QoL Compilation)","Permanent Neow","Quick Restart","Relic Filter","Relic Stats","StSLib","SuperFastMode","Transform Curses","Unknown Chances"],"gold_per_floor":[0,16,33,33,48,48,48,63,80,65,65,84,84,113,130,130,130,130],"floor_reached":16,"playtime":1629,"items_purged":[],"score":258,"play_id":"04a07506-d39d-4147-bf2e-9d4363ff1c30","local_time":"20210111170633","is_ascension_mode":true,"campfire_choices":[{"data":"hexamod:Float","floor":1.0,"key":"SMITH"},{"data":"hexamod:ShieldOfDarkness","floor":6,"key":"SMITH"},{"data":"hexamod:RainOfEmbers","floor":11,"key":"SMITH"},{"data":"hexamod:FastForward","floor":13,"key":"SMITH"}],"circlet_count":0,"master_deck":["AscendersBane","hexamod:Strike","hexamod:Strike","hexamod:Strike","hexamod:Strike","hexamod:Defend","hexamod:Defend","hexamod:Defend+1","hexamod:Defend","hexamod:Sear","hexamod:Float+1","hexamod:ShieldOfDarkness+1","hexamod:SpectersWail","hexamod:NightmareStrike","hexamod:FastForward+1","hexamod:RainOfEmbers+1","hexamod:InspiringFlames","hexamod:NightmareGuise","hexamod:SixthSeal","hexamod:Hexaguard"],"relics":["hexamod:SpiritBrand","Mango","Question Card","Mummified Hand"],"acts_visited":[],"potions_floor_usage":[14,15,16],"damage_taken":[{"damage":0.0,"enemies":"Small Slimes","floor":2.0,"turns":4.0},{"damage":0.0,"enemies":"2 Louse","floor":3.0,"turns":3.0},{"damage":1,"enemies":"Jaw Worm","floor":5,"turns":4},{"damage":2,"enemies":"Blue Slaver","floor":8,"turns":3},{"damage":0,"enemies":"Large Slime","floor":9,"turns":4},{"damage":0,"enemies":"downfall:FleeingMerchant","floor":10,"turns":4},{"damage":0,"enemies":"Exordium Wildlife","floor":12,"turns":4},{"damage":0,"enemies":"Lagavulin","floor":14,"turns":7},{"damage":6,"enemies":"Exordium Thugs","floor":15,"turns":5},{"damage":43,"enemies":"downfall:Defect","floor":16,"turns":8}],"seed_played":"-3335808250654733046","potions_obtained":[{"floor":3.0,"key":"EssenceOfSteel"},{"floor":8,"key":"SkillPotion"},{"floor":15,"key":"Fruit Juice"}],"is_trial":false,"path_per_floor":["R","M","M","?","M","R","T","M","M","$","R","M","R","E","M","B"],"character_chosen":"THE_SPIRIT","items_purchased":[],"campfire_rested":0,"item_purchase_floors":[],"current_hp_per_floor":[71,71,71,45,44,44,44,42,42,42,42,42,42,42,41,0,0,0],"gold":130,"neow_bonus":"ONE_RARE_RELIC","is_daily":false,"chose_seed":false,"campfire_upgraded":4,"win_rate":0.0,"timestamp":1610352393,"path_taken":["R","M","M","?","M","R","T","M","M","$","R","M","R","E","M","BOSS"],"items_purchased_type":[],"build_version":"2020-12-22","purchased_purges":0,"victory":false,"max_hp_per_floor":[77,77,77,77,77,77,77,77,77,77,77,77,77,77,82,82,82,82],"relic_stats":{"counters":[10,46],"Mummified Hand":[2],"Question Card":7,"obtain_stats":[{"Mummified Hand":14,"Mango":0,"Question Card":4,"hexamod:SpiritBrand":0},{"Mummified Hand":8,"Mango":0,"Question Card":2,"hexamod:SpiritBrand":0},{"Mummified Hand":33,"Mango":0,"Question Card":7,"hexamod:SpiritBrand":0}]},"card_choices":[{"not_picked":["hexamod:AdvancingGuard","hexamod:InspiringFlames"],"picked":"hexamod:ShieldOfDarkness","floor":2.0},{"not_picked":["hexamod:AdvancingGuard","hexamod:InspiringFlames"],"picked":"hexamod:SpectersWail","floor":3.0},{"not_picked":["hexamod:BurningTouch","hexamod:AdvancingGuard","hexamod:SpectersWail"],"picked":"hexamod:NightmareStrike","floor":5},{"not_picked":["hexamod:BacktrackSmack","hexamod:SearingWound","hexamod:InspiringFlames"],"picked":"hexamod:FastForward","floor":8},{"not_picked":["hexamod:GhostOfSpireFuture","hexamod:GhostLash","hexamod:AdvancingGuard"],"picked":"hexamod:RainOfEmbers","floor":9},{"not_picked":["hexamod:BacktrackSmack","hexamod:GhostLash","hexamod:GhostShield"],"picked":"hexamod:InspiringFlames","floor":10},{"not_picked":["hexamod:DynamicBlow","hexamod:GhostShield","hexamod:SpectersWail"],"picked":"hexamod:NightmareGuise","floor":12},{"not_picked":["hexamod:SkipABeat","hexamod:EmpoweredFlame","hexamod:HeatCrush"],"picked":"hexamod:SixthSeal","floor":14},{"not_picked":["hexamod:RetreatToShadows","hexamod:InspiringFlames","hexamod:Firestarter"],"picked":"hexamod:Hexaguard","floor":15}],"player_experience":3081195,"relics_obtained":[{"floor":14,"key":"Mummified Hand"}],"event_choices":[{"damage_healed":0.0,"max_hp_gain":0.0,"max_hp_loss":0.0,"gold_gain":0.0,"event_name":"Scrap Ooze","player_choice":"Success","floor":4.0,"gold_loss":0.0,"damage_taken":26.0,"relics_obtained":["Question Card"]}],"is_beta":false,"boss_relics":[],"items_purged_floors":[],"is_endless":false,"potions_floor_spawned":[3,8,15],"killed_by":"downfall:Defect","ascension_level":20}}