{"host":"vumwfieg2b2mnrfl","time":1610404768,"event":{"mods":["AchievementEnabler","BaseMod","Minty Spire (QoL Compilation)","Rare Cards Sparkle","Relic Stats"],"gold_per_floor":[367,185,204,41,72,72,103,141,141,161,212,224,236,285,297,406,418,449,500,512,396,486,486,486],"floor_reached":23,"playtime":975,"items_purged":["Defend_P"],"score":280,"play_id":"a610dae2-9de3-4b7e-9742-063e4eefe8ad","local_time":"20210111163928","is_ascension_mode":true,"campfire_choices":[{"floor":6,"key":"REST"},{"floor":13,"key":"REST"},{"floor":15,"key":"REST"}],"circlet_count":0,"master_deck":["Strike_P","Strike_P","Strike_P","Strike_P","Defend_P","Defend_P","Defend_P","Eruption","Vigilance","Tantrum+1","Wallop","Adaptation","HandOfGreed+1","FlurryOfBlows","Evaluate","EmptyBody","SpiritShield","WindmillStrike","ConjureBlade","EmptyBody","MentalFortress"],"relics":["PureWater","Membership Card","Omamori","StrikeDummy","Meat on the Bone","Odd Mushroom","MawBank","SlaversCollar","Chemical X"],"acts_visited":["Exordium","TheCity"],"potions_floor_usage":[7,19,23,23],"damage_taken":[{"damage":0,"enemies":"Cultist","floor":1,"turns":2},{"damage":0,"enemies":"2 Louse","floor":3,"turns":2},{"damage":13,"enemies":"Small Slimes","floor":5,"turns":4},{"damage":10,"enemies":"Lagavulin","floor":7,"turns":5},{"damage":1,"enemies":"Looter","floor":8,"turns":4},{"damage":3,"enemies":"The Mushroom Lair","floor":10,"turns":3},{"damage":32,"enemies":"Gremlin Nob","floor":11,"turns":3},{"damage":25,"enemies":"Gremlin Gang","floor":14,"turns":4},{"damage":5,"enemies":"The Guardian","floor":16,"turns":12},{"damage":1,"enemies":"Chosen","floor":18,"turns":3},{"damage":18,"enemies":"2 Thieves","floor":19,"turns":5},{"damage":36,"enemies":"Gremlin Leader","floor":23,"turns":4}],"seed_played":"-3524730403884987548","potions_obtained":[{"floor":1,"key":"StancePotion"},{"floor":5,"key":"SpeedPotion"},{"floor":10,"key":"LiquidBronze"},{"floor":16,"key":"BlessingOfTheForge"},{"floor":19,"key":"PowerPotion"}],"is_trial":false,"path_per_floor":["M","$","M","$","M","R","E","M","T","?","E","?","R","M","R","B",null,"M","M","?","$","?","E"],"character_chosen":"WATCHER","items_purchased":["Membership Card","Wallop","HandOfGreed","Omamori","MentalFortress","Chemical X"],"campfire_rested":3,"item_purchase_floors":[2,2,4,4,21,21],"current_hp_per_floor":[51,51,51,51,38,59,49,48,48,45,25,11,32,19,40,47,66,65,47,47,47,35,0,0],"gold":486,"neow_bonus":"TWO_FIFTY_GOLD","is_daily":false,"chose_seed":false,"campfire_upgraded":0,"win_rate":0.0,"timestamp":1610404768,"path_taken":["M","$","?","$","M","R","E","?","T","?","E","?","R","M","R","BOSS","M","M","?","$","?","E"],"items_purchased_type":["Relic","Card","Card","Relic","Card","Relic"],"build_version":"2020-12-22","purchased_purges":1,"victory":false,"max_hp_per_floor":[72,72,72,72,72,72,72,72,72,72,72,72,72,72,72,72,72,72,72,72,72,72,72,72],"relic_stats":{"counters":[12,51],"Chemical X":[1],"MawBank":120,"obtain_stats":[{"SlaversCollar":17,"Omamori":4,"Membership Card":2,"Chemical X":21,"PureWater":0,"Odd Mushroom":10,"StrikeDummy":7,"MawBank":11,"Meat on the Bone":9},{"SlaversCollar":9,"Omamori":2,"Membership Card":1,"Chemical X":11,"PureWater":0,"Odd Mushroom":6,"StrikeDummy":4,"MawBank":7,"Meat on the Bone":5},{"SlaversCollar":39,"Omamori":4,"Membership Card":2,"Chemical X":47,"PureWater":0,"Odd Mushroom":20,"StrikeDummy":13,"MawBank":23,"Meat on the Bone":17}],"Meat on the Bone":36},"card_choices":[{"not_picked":["ForeignInfluence","Consecrate"],"picked":"Tantrum","floor":1},{"not_picked":["JustLucky","CrushJoints"],"picked":"Adaptation","floor":3},{"not_picked":["Collect","Prostrate"],"picked":"FlurryOfBlows","floor":5},{"not_picked":["EmptyBody","Sanctity"],"picked":"Evaluate","floor":7},{"not_picked":["FollowUp","Nirvana","BattleHymn"],"picked":"SKIP","floor":8},{"not_picked":["Evaluate","PathToVictory"],"picked":"EmptyBody","floor":10},{"not_picked":["Judgement","CutThroughFate"],"picked":"SpiritShield","floor":11},{"not_picked":["CrushJoints","Consecrate"],"picked":"WindmillStrike","floor":14},{"not_picked":["Establishment","Scrawl"],"picked":"ConjureBlade","floor":16},{"not_picked":["FlurryOfBlows","Evaluate","SignatureMove+1"],"picked":"SKIP","floor":18},{"not_picked":["FlurryOfBlows","Prostrate+1"],"picked":"EmptyBody","floor":19}],"player_experience":405831,"relics_obtained":[{"floor":7,"key":"StrikeDummy"},{"floor":9,"key":"Meat on the Bone"},{"floor":10,"key":"Odd Mushroom"},{"floor":11,"key":"MawBank"}],"event_choices":[{"damage_healed":0,"gold_gain":0,"player_choice":"Fought Mushrooms","damage_taken":0,"max_hp_gain":0,"max_hp_loss":0,"event_name":"Mushrooms","floor":10,"gold_loss":0},{"damage_healed":0,"gold_gain":0,"player_choice":"Entered Light","damage_taken":14,"max_hp_gain":0,"max_hp_loss":0,"event_name":"Shining Light","floor":12,"gold_loss":0,"cards_upgraded":["HandOfGreed","Tantrum"]},{"damage_healed":0,"gold_gain":0,"player_choice":"Smashed Altar","damage_taken":0,"max_hp_gain":0,"max_hp_loss":0,"event_name":"Forgotten Altar","floor":20,"gold_loss":0,"cards_obtained":["Decay"]},{"damage_healed":0,"gold_gain":90,"player_choice":"GOLD ","damage_taken":12,"max_hp_gain":0,"max_hp_loss":0,"event_name":"Knowing Skull","floor":22,"potions_obtained":[],"gold_loss":0,"cards_obtained":[]}],"is_beta":false,"boss_relics":[{"not_picked":["Runic Dome","Velvet Choker"],"picked":"SlaversCollar"}],"items_purged_floors":[21],"is_endless":false,"potions_floor_spawned":[1,5,10,16,19],"killed_by":"Gremlin Leader","ascension_level":5}}