{"host":"xurz8oye0j2lsa2k","time":1610342568,"event":{"mods":["AchievementEnabler","BaseMod","Bestiary","BetterRewards","Colored Map","Hubris","Marisa????????","Minty Spire (QoL Compilation)","Permanent Neow","Replay The Spire","Spicy Shops","StSLib","UnlockEverythingMod"],"gold_per_floor":[25,38,58,7,7,33,33,67,67,146,18,49,11,31,31,126,126,144,161,161,184,184,210,63,63,90,90,90,110,126,126,126,223,223,336,336,336,354,111,111,127,145,172,192,206,206,218,242,242,242,242,242,21,56,56,56],"floor_reached":55,"playtime":3980,"items_purged":["Regret","Normality","Overencumbered"],"score":1105,"play_id":"6cbb480d-d747-4756-a55b-840a62662081","local_time":"20210111002248","is_ascension_mode":false,"campfire_choices":[{"floor":7,"key":"REST"},{"data":"Double Energy","floor":15,"key":"SMITH"},{"data":"Crystallizer","floor":25,"key":"SMITH"},{"floor":28,"key":"REST"},{"data":"Defragment","floor":32,"key":"SMITH"},{"floor":40,"key":"RECALL"},{"floor":46,"key":"REST"},{"data":"Mirror Shield","floor":49,"key":"SMITH"},{"data":"Echo Form","floor":52,"key":"SMITH"}],"circlet_count":0,"master_deck":["Strike_B+2","Strike_B","Defend_B+1","Defend_B","Defend_B+1","Defend_B+1","Zap","Dualcast","Rebound+1","BootSequence","Defragment+1","Glacier","Blizzard+1","Electrodynamics","Coolheaded+1","Double Energy+1","Amplify","AbeCurse","Self Repair","Stack+1","ReplayTheSpireMod:System Scan","Buffer","Echo Form+1","Crystallizer+1","Conserve Battery","Coolheaded+1","Doom and Gloom","Mirror Shield+1","CurseOfTheBell","Reinforced Body","Coolheaded+1","White Noise+1","hubris:DoWhile","hubris:NaturalOne","Redo+1","FIFO Queue+1","BasicCrystalCard+1","Turbo+1","Panic Button","Compile Driver","Coolheaded+1","Hello World","Time Bomb+1","hubris:PowerSurge","FIFO Queue+1"],"relics":["Cracked Core","Membership Card","Strange Spoon","Akabeko","Regal Pillow","Simple Rune","Tiny Chest","Thread and Needle","hubris:SphereOfDissonance","Prayer Wheel","Abe\u0027s Treasure","hubris:Icosahedron","PreservedInsect","DataDisk","Whetstone","hubris:BallOfYels","Calipers","Anchor","hubris:BottledRain","hubris:EvacipatedBox","Replay:Bottled Eggs","Replay:Ancient Bell","Omamori","Snack Pack","Replay:Kaleidoscope","Bronze Scales","Gremlin Food","Replay:Baseball","Pen Nib","ReplayTheSpireMod:CursedCoin","Mummified Hand","Lantern","hubris:SlimyHat"],"acts_visited":["Exordium","TheCity","TheBeyond","TheEnding"],"potions_floor_usage":[8,23,44,50],"damage_taken":[{"damage":0,"enemies":"Cultist","floor":1,"turns":3},{"damage":0,"enemies":"2 Louse","floor":2,"turns":2},{"damage":11,"enemies":"Jaw Worm","floor":3,"turns":4},{"damage":23,"enemies":"3 Sentries","floor":6,"turns":9},{"damage":17,"enemies":"Gremlin Nob","floor":8,"turns":4},{"damage":1,"enemies":"3 Sentries","floor":12,"turns":4},{"damage":0,"enemies":"Lots of Slimes","floor":14,"turns":3},{"damage":15,"enemies":"Fading Forest","floor":16,"turns":11},{"damage":0,"enemies":"Shell Parasite","floor":18,"turns":4},{"damage":7,"enemies":"2 Thieves","floor":19,"turns":4},{"damage":2,"enemies":"Book of Stabbing","floor":23,"turns":9},{"damage":0,"enemies":"3 Cultists","floor":29,"turns":3},{"damage":0,"enemies":"Centurion and Healer","floor":30,"turns":6},{"damage":0,"enemies":"Collector","floor":33,"turns":9},{"damage":0,"enemies":"Orb Walker","floor":35,"turns":3},{"damage":12,"enemies":"3 Shapes","floor":38,"turns":5},{"damage":31,"enemies":"Jaw Worm Horde","floor":41,"turns":5},{"damage":27,"enemies":"Spire Growth","floor":42,"turns":6},{"damage":0,"enemies":"3 Darklings","floor":44,"turns":4},{"damage":28,"enemies":"Transient","floor":45,"turns":5},{"damage":14,"enemies":"Jaw Worm Horde","floor":47,"turns":6},{"damage":0,"enemies":"hubris:GrandSnecko","floor":50,"turns":12},{"damage":0,"enemies":"Shield and Spear","floor":54,"turns":6},{"damage":107,"enemies":"The Heart","floor":55,"turns":7}],"seed_played":"-7914272005226289808","potions_obtained":[{"floor":1,"key":"Languid Potion"},{"floor":3,"key":"Explosive Potion"},{"floor":12,"key":"Venom Potion"},{"floor":16,"key":"Elixir"},{"floor":29,"key":"FairyPotion"},{"floor":37,"key":"SteroidPotion"},{"floor":42,"key":"DistilledChaos"},{"floor":45,"key":"Fire Potion"},{"floor":47,"key":"FairyPotion"}],"is_trial":false,"path_per_floor":["M","M","M","$","?","E","R","E","T","?","$","E","$","M","R","B",null,"M","M","?","T","?","E","$","R","T","$","R","M","M","T","R","B",null,"M","?","?","M","$","R","M","M","T","M","M","R","M","T","R","B",null,"R","$","E","B"],"character_chosen":"DEFECT","items_purchased":["Membership Card","Rebound+1","Strange Spoon","BootSequence","Akabeko","Blizzard","Thread and Needle","hubris:SphereOfDissonance","DataDisk","Whetstone","Crystallizer","Calipers","Anchor","hubris:BottledRain","hubris:EvacipatedBox","Bronze Scales","Gremlin Food","hubris:DoWhile","ReplayTheSpireMod:CursedCoin","Mummified Hand","Lantern","hubris:PowerSurge"],"campfire_rested":3,"item_purchase_floors":[0,0,0,0,4,4,11,11,24,24,24,27,27,27,27,39,39,39,53,53,53,53],"current_hp_per_floor":[66,66,55,55,55,32,69,52,52,52,52,51,51,51,51,46,75,75,75,75,75,75,75,75,75,75,9,46,46,46,46,46,53,75,75,75,75,70,70,70,39,19,19,19,28,65,58,58,58,64,75,75,75,75,0,0],"gold":56,"neow_bonus":"","is_daily":false,"chose_seed":false,"campfire_upgraded":5,"win_rate":0.0,"timestamp":1610342568,"path_taken":["M","M","M","$","?","E","R","E","T","?","$","E","?","M","R","BOSS","M","M","?","?","?","E","$","R","T","?","R","M","?","?","R","BOSS","M","?","?","M","$","R","M","?","T","M","M","R","M","?","R","BOSS","R","$","E","BOSS"],"items_purchased_type":["Relic","Card","Relic","Card","Relic","Card","Relic","Relic","Relic","Relic","Card","Relic","Relic","Relic","Relic","Relic","Relic","Card","Relic","Relic","Relic","Card"],"build_version":"2020-12-22","purchased_purges":3,"victory":false,"max_hp_per_floor":[75,75,75,75,75,75,75,75,75,75,75,75,75,75,75,75,75,75,75,75,75,75,75,75,75,75,75,75,75,75,75,75,75,75,75,75,75,75,75,75,75,75,75,75,75,75,75,75,75,75,75,75,75,75,75,75],"card_choices":[{"not_picked":["Rebound","ReplayTheSpireMod:GoodbyeWorld"],"picked":"Defragment","floor":1},{"not_picked":["Compile Driver","Rebound","Melter"],"picked":"SKIP","floor":2},{"not_picked":["FIFO Queue","Redo"],"picked":"Glacier","floor":3},{"not_picked":["Steam","ReplayTheSpireMod:System Scan","Heatsinks"],"picked":"SKIP","floor":6},{"not_picked":["Leap","Hyperbeam"],"picked":"Electrodynamics","floor":8},{"not_picked":["Blizzard","ReplayTheSpireMod:Reroute Power"],"picked":"Coolheaded","floor":12},{"not_picked":["Turbo","ReplayTheSpireMod:System Scan"],"picked":"Double Energy","floor":14},{"not_picked":["Redo","Time Bomb","Turbo"],"picked":"SKIP","floor":14},{"not_picked":["Electrodynamics","ReplayRNGCard"],"picked":"Amplify","floor":16},{"not_picked":["Steam+1","Redo"],"picked":"Self Repair","floor":18},{"not_picked":["Melter","Gash+1","Seek"],"picked":"SKIP","floor":18},{"not_picked":["Steam Power","Turbo"],"picked":"Stack+1","floor":19},{"not_picked":["Go for the Eyes","Steam","Barrage+1"],"picked":"SKIP","floor":19},{"not_picked":["Coolheaded","Crystallizer"],"picked":"Echo Form","floor":23},{"not_picked":["Panic Button","Tempest"],"picked":"Conserve Battery","floor":29},{"not_picked":["Heatsinks","Rip and Tear","Stack"],"picked":"SKIP","floor":29},{"not_picked":["Steam+1","Redo"],"picked":"Coolheaded","floor":30},{"not_picked":["Hologram+1","Genetic Algorithm+1"],"picked":"Doom and Gloom","floor":30},{"not_picked":["Core Surge","Thunder Strike"],"picked":"Mirror Shield","floor":33},{"not_picked":["ReplayTheSpireMod:IOU","ReplayTheSpireMod:Splinters"],"picked":"Doubt","floor":34},{"not_picked":["Replay:Sluggish","Voices"],"picked":"ReplayTheSpireMod:IOU","floor":34},{"not_picked":["hubris:Gluttony","ReplayTheSpireMod:IOU"],"picked":"CurseOfTheBell","floor":34},{"not_picked":["Scrape+1","Leap"],"picked":"Reinforced Body","floor":35},{"not_picked":["Rebound+1","FTL","hubris:Ukulele+1"],"picked":"SKIP","floor":35},{"not_picked":["Steam Power","hubris:PowerSurge+1"],"picked":"Coolheaded","floor":38},{"not_picked":["Rebound+1","Coolheaded+1"],"picked":"White Noise+1","floor":38},{"not_picked":["Gash","Time Bomb"],"picked":"Redo+1","floor":41},{"not_picked":["Coolheaded+1","Beam Cell"],"picked":"FIFO Queue+1","floor":41},{"not_picked":["Compile Driver","Creative AI"],"picked":"BasicCrystalCard+1","floor":42},{"not_picked":["Crystallizer","Sweeping Beam"],"picked":"Turbo+1","floor":42},{"not_picked":["Streamline","Skim"],"picked":"Panic Button","floor":44},{"not_picked":["Rebound+1","Doom and Gloom","Aggregate"],"picked":"SKIP","floor":44},{"not_picked":["Steam","Turbo"],"picked":"Compile Driver","floor":45},{"not_picked":["Steam","ReplaySolidLightProjector"],"picked":"Coolheaded","floor":45},{"not_picked":["Beam Cell","Gash+1"],"picked":"Hello World","floor":47},{"not_picked":["Sunder","All For One"],"picked":"Time Bomb+1","floor":47},{"not_picked":["Conserve Battery+1","Gash+1"],"picked":"FIFO Queue+1","floor":54}],"player_experience":518454,"relics_obtained":[{"floor":6,"key":"Regal Pillow"},{"floor":8,"key":"Simple Rune"},{"floor":9,"key":"Tiny Chest"},{"floor":12,"key":"Prayer Wheel"},{"floor":23,"key":"PreservedInsect"},{"floor":26,"key":"hubris:BallOfYels"},{"floor":31,"key":"Replay:Bottled Eggs"},{"floor":43,"key":"Replay:Baseball"},{"floor":48,"key":"Pen Nib"},{"floor":54,"key":"hubris:SlimyHat"}],"event_choices":[{"damage_healed":0,"gold_gain":79,"player_choice":"Gained Gold","damage_taken":0,"max_hp_gain":0,"max_hp_loss":0,"event_name":"Golden Wing","floor":10,"gold_loss":0},{"damage_healed":0,"gold_gain":0,"cards_transformed":["Strike_B","Strike_B"],"player_choice":"Became Test Subject","damage_taken":0,"max_hp_gain":0,"max_hp_loss":0,"event_name":"Drug Dealer","floor":20,"gold_loss":0,"cards_obtained":["ReplayTheSpireMod:System Scan","Buffer"]},{"damage_healed":0,"gold_gain":0,"player_choice":"Got Potions","damage_taken":0,"max_hp_gain":0,"max_hp_loss":0,"event_name":"Lab","floor":37,"gold_loss":0}],"is_beta":false,"boss_relics":[{"not_picked":["hubris:VirtuousBlindfold","Snecko Eye"],"picked":"Abe\u0027s Treasure"},{"not_picked":["Astrolabe","ChewingGum","Calling Bell"],"picked":"Replay:Ancient Bell"},{"not_picked":["Boot","Juzu Bracelet","Replay:Drink Me"],"picked":"Omamori"},{"not_picked":["Blue Candle","Replay:Ringing Soul","Black Star"],"picked":"Snack Pack"},{"not_picked":["TungstenRod","FossilizedHelix","hubris:HollowSoul"],"picked":"Replay:Kaleidoscope"}],"items_purged_floors":[13,39,53],"is_endless":false,"potions_floor_spawned":[1,3,12,16,19,29,33,41,42,45,47],"killed_by":"The Heart","ascension_level":0}}