{"host":"p9t7qd83igtcp2bh","time":1610406294,"event":{"mods":["2.2 Compatiblity","AchievementEnabler","BaseMod","Colored Map","Colored Powertips","Custom Start","DeckTracker","Keyboard Shortcuts","Minty Spire (QoL Compilation)","Permanent Neow","StSLib","SuperFastMode","everything is the same but u backflip on backflip"],"gold_per_floor":[117,67,82,82,94,126,126,138,187,214,214,214,233,259,259,358,358,370,389,405,405,422,422,439,451,451,451,131,131,144,154,154,259,259,270,283,283,19,19,19,36,56,79,79,79,79,79,99,99,99,99,99,34,60,60],"floor_reached":56,"playtime":2170,"items_purged":["Dualcast"],"score":1391,"play_id":"a9b17e5f-863f-40fe-85e5-090d26c354f0","local_time":"20210112080454","is_ascension_mode":true,"campfire_choices":[{"data":"Defend_B","floor":11.0,"key":"PURGE"},{"data":"Chill","floor":15.0,"key":"SMITH"},{"data":"Coolheaded","floor":23.0,"key":"SMITH"},{"data":"Blizzard","floor":29.0,"key":"SMITH"},{"floor":32.0,"key":"REST"},{"data":"Recycle","floor":40.0,"key":"SMITH"},{"floor":44.0,"key":"RECALL"},{"data":"Zap","floor":46.0,"key":"PURGE"},{"data":"Panache","floor":49.0,"key":"SMITH"},{"data":"Finesse","floor":52.0,"key":"SMITH"}],"circlet_count":0,"master_deck":["FTL","Chill+1","Hologram+1","Blizzard+1","Genetic Algorithm","Turbo","Heatsinks","Scrape","Coolheaded+1","Seek","Panache+1","Finesse+1","Recycle+1","Madness"],"relics":["Black Star","TungstenRod","Singing Bowl","Peace Pipe","The Courier","Tiny Chest","Centennial Puzzle","Regal Pillow","Pandora\u0027s Box","Pantograph","MawBank","Toy Ornithopter","SacredBark","Torii","Shuriken","MealTicket","CaptainsWheel","Kunai","Pear"],"acts_visited":["Exordium","TheCity","TheBeyond","TheEnding"],"potions_floor_usage":[],"damage_taken":[{"damage":6.0,"enemies":"Jaw Worm","floor":1.0,"turns":4.0},{"damage":1.0,"enemies":"2 Louse","floor":3.0,"turns":3.0},{"damage":1.0,"enemies":"Cultist","floor":5.0,"turns":3.0},{"damage":25.0,"enemies":"3 Sentries","floor":6.0,"turns":8.0},{"damage":0.0,"enemies":"Large Slime","floor":8.0,"turns":5.0},{"damage":4.0,"enemies":"Gremlin Nob","floor":10.0,"turns":3.0},{"damage":6.0,"enemies":"Lots of Slimes","floor":13.0,"turns":3.0},{"damage":12.0,"enemies":"3 Sentries","floor":14.0,"turns":9.0},{"damage":10.0,"enemies":"Slime Boss","floor":16.0,"turns":7.0},{"damage":10.0,"enemies":"Spheric Guardian","floor":18.0,"turns":4.0},{"damage":0.0,"enemies":"3 Byrds","floor":19.0,"turns":6.0},{"damage":0.0,"enemies":"Centurion and Healer","floor":20.0,"turns":10.0},{"damage":11.0,"enemies":"Snecko","floor":22.0,"turns":8.0},{"damage":36.0,"enemies":"Cultist and Chosen","floor":24.0,"turns":7.0},{"damage":0.0,"enemies":"Centurion and Healer","floor":25.0,"turns":10.0},{"damage":2.0,"enemies":"Sentry and Sphere","floor":30.0,"turns":4.0},{"damage":15.0,"enemies":"Snecko","floor":31.0,"turns":6.0},{"damage":2.0,"enemies":"Automaton","floor":33.0,"turns":10.0},{"damage":0.0,"enemies":"Orb Walker","floor":35.0,"turns":4.0},{"damage":0.0,"enemies":"3 Darklings","floor":36.0,"turns":3.0},{"damage":14.0,"enemies":"Spire Growth","floor":41.0,"turns":4.0},{"damage":10.0,"enemies":"4 Shapes","floor":42.0,"turns":3.0},{"damage":0.0,"enemies":"Maw","floor":48.0,"turns":5.0},{"damage":73.0,"enemies":"Time Eater","floor":50.0,"turns":11.0},{"damage":33.0,"enemies":"Shield and Spear","floor":54.0,"turns":3.0},{"damage":57,"enemies":"The Heart","floor":55,"turns":6}],"seed_played":"-449271891583201379","potions_obtained":[{"floor":1.0,"key":"DuplicationPotion"},{"floor":5.0,"key":"AttackPotion"},{"floor":8.0,"key":"EntropicBrew"},{"floor":13.0,"key":"FocusPotion"},{"floor":14.0,"key":"AttackPotion"},{"floor":18.0,"key":"AttackPotion"},{"floor":30.0,"key":"Energy Potion"},{"floor":36.0,"key":"LiquidMemories"},{"floor":48.0,"key":"PowerPotion"}],"is_trial":false,"path_per_floor":["M","?","M","?","M","E","T","M","T","E","R","?","M","E","R","B",null,"M","M","M","?","M","R","M","M","T","T","$","R","M","M","R","B",null,"M","M","?","$","?","R","M","M","T","R","T","R","?","M","R","B",null,"R","$","E","B",null],"character_chosen":"DEFECT","items_purchased":["Toy Ornithopter","Panache","Recycle","Torii","Madness"],"campfire_rested":1,"item_purchase_floors":[28,28,38,38,53],"current_hp_per_floor":[69,69,68,68,67,44,44,44,44,40,40,40,34,24,24,16,81,71,73,75,75,66,66,32,34,34,34,34,34,34,21,64,95,97,99,101,96,96,96,96,84,76,76,76,76,76,76,78,78,35,111,111,111,90,58],"gold":60,"neow_bonus":"BOSS_RELIC","is_daily":false,"chose_seed":true,"campfire_upgraded":6,"win_rate":0.0,"timestamp":1610406294,"path_taken":["M","?","M","?","M","E","?","?","T","E","R","?","M","E","R","BOSS","M","?","M","?","M","R","M","M","T","?","$","R","M","M","R","BOSS","M","M","?","$","?","R","?","M","T","R","?","R","?","M","R","BOSS","R","$","E","BOSS"],"items_purchased_type":["Relic","Card","Card","Relic","Card"],"build_version":"2020-12-22","purchased_purges":1,"victory":true,"max_hp_per_floor":[75,75,75,75,75,77,77,77,77,77,77,77,77,79,79,81,81,81,83,85,85,87,87,89,91,91,91,91,91,93,95,95,97,97,99,101,105,105,105,105,107,109,109,109,109,109,109,111,111,111,111,111,111,123,123],"card_choices":[{"not_picked":["Heatsinks","Compile Driver","Stack"],"picked":"SKIP","floor":1.0},{"not_picked":["Conserve Battery","Compile Driver"],"picked":"FTL","floor":3.0},{"not_picked":["Conserve Battery","Aggregate"],"picked":"Chill","floor":5.0},{"not_picked":["Gash","Chaos","Conserve Battery"],"picked":"Singing Bowl","floor":6.0},{"not_picked":["Scrape","Undo"],"picked":"Hologram","floor":8.0},{"not_picked":["Redo","Self Repair"],"picked":"Blizzard","floor":10.0},{"not_picked":["Rebound","Core Surge"],"picked":"Genetic Algorithm","floor":13.0},{"not_picked":["Rip and Tear","Conserve Battery","Cold Snap"],"picked":"Singing Bowl","floor":14.0},{"not_picked":["Electrodynamics","Core Surge","Buffer"],"picked":"Singing Bowl","floor":16.0},{"not_picked":["Hello World","Turbo"],"picked":"Coolheaded","floor":18.0},{"not_picked":["Hello World","Coolheaded","Go for the Eyes"],"picked":"Singing Bowl","floor":19.0},{"not_picked":["Stack","Glacier","Barrage+1"],"picked":"Singing Bowl","floor":20.0},{"not_picked":["Genetic Algorithm","Gash","Conserve Battery"],"picked":"Singing Bowl","floor":22.0},{"not_picked":["Gash","Streamline+1","Turbo"],"picked":"Singing Bowl","floor":24.0},{"not_picked":["Genetic Algorithm","Stack","Beam Cell"],"picked":"Singing Bowl","floor":25.0},{"not_picked":["Barrage","Gash","Reinforced Body"],"picked":"Singing Bowl","floor":30.0},{"not_picked":["Streamline","Coolheaded","Redo+1"],"picked":"Singing Bowl","floor":31.0},{"not_picked":["Seek","Echo Form","Amplify"],"picked":"Singing Bowl","floor":33.0},{"not_picked":["Redo+1","FTL","Ball Lightning"],"picked":"Singing Bowl","floor":35.0},{"not_picked":["Reprogram","Genetic Algorithm","Stack+1"],"picked":"Singing Bowl","floor":36.0},{"not_picked":["Good Instincts","Swift Strike"],"picked":"Finesse","floor":37.0},{"not_picked":["Forethought","Swift Strike","Panacea"],"picked":"Singing Bowl","floor":37.0},{"not_picked":["Mind Blast","Jack Of All Trades","Chrysalis"],"picked":"Singing Bowl","floor":37.0},{"not_picked":["Conserve Battery+1","Chaos+1","Coolheaded"],"picked":"Singing Bowl","floor":41.0},{"not_picked":["Turbo","Chill","Hologram+1"],"picked":"Singing Bowl","floor":42.0},{"not_picked":["Turbo+1","Aggregate+1","Go for the Eyes+1"],"picked":"Singing Bowl","floor":48.0},{"not_picked":["Hello World","Chill","Rebound+1"],"picked":"Singing Bowl","floor":54.0}],"player_experience":616805,"relics_obtained":[{"floor":6.0,"key":"TungstenRod"},{"floor":6.0,"key":"Singing Bowl"},{"floor":7.0,"key":"Peace Pipe"},{"floor":10.0,"key":"The Courier"},{"floor":10.0,"key":"Tiny Chest"},{"floor":14.0,"key":"Centennial Puzzle"},{"floor":14.0,"key":"Regal Pillow"},{"floor":26.0,"key":"Pantograph"},{"floor":27.0,"key":"MawBank"},{"floor":43.0,"key":"MealTicket"},{"floor":45.0,"key":"CaptainsWheel"},{"floor":54.0,"key":"Kunai"},{"floor":54.0,"key":"Pear"}],"event_choices":[{"cards_removed":["Defend_B"],"damage_healed":0.0,"max_hp_gain":0.0,"max_hp_loss":0.0,"gold_gain":0.0,"event_name":"The Cleric","player_choice":"Card Removal","floor":2.0,"gold_loss":50.0,"damage_taken":0.0},{"damage_healed":0.0,"max_hp_gain":0.0,"max_hp_loss":0.0,"gold_gain":0.0,"event_name":"Liars Game","player_choice":"Ignored","floor":4.0,"gold_loss":0.0,"damage_taken":0.0},{"damage_healed":0.0,"max_hp_gain":0.0,"max_hp_loss":0.0,"gold_gain":0.0,"event_name":"Upgrade Shrine","player_choice":"Upgraded","floor":12.0,"gold_loss":0.0,"damage_taken":0.0,"cards_upgraded":["Hologram"]},{"cards_removed":["Stack"],"damage_healed":0.0,"max_hp_gain":0.0,"max_hp_loss":0.0,"gold_gain":0.0,"event_name":"NoteForYourself","player_choice":"Took Card","floor":21.0,"gold_loss":0.0,"damage_taken":0.0,"cards_obtained":["Seek"]},{"damage_healed":0.0,"max_hp_gain":0.0,"max_hp_loss":0.0,"gold_gain":0.0,"event_name":"SensoryStone","player_choice":"Memory 3","floor":37.0,"gold_loss":0.0,"damage_taken":10.0},{"cards_removed":["Conserve Battery"],"damage_healed":0.0,"max_hp_gain":0.0,"max_hp_loss":0.0,"gold_gain":0.0,"event_name":"WeMeetAgain","player_choice":"Gave Card","floor":39.0,"gold_loss":0.0,"damage_taken":0.0,"relics_obtained":["Shuriken"]},{"cards_removed":["Static Discharge"],"damage_healed":0.0,"max_hp_gain":0.0,"max_hp_loss":0.0,"gold_gain":0.0,"event_name":"Falling","player_choice":"Removed Power","floor":47.0,"gold_loss":0.0,"damage_taken":0.0}],"is_beta":false,"boss_relics":[{"not_picked":["Calling Bell","Philosopher\u0027s Stone"],"picked":"Pandora\u0027s Box"},{"not_picked":["Tiny House","Snecko Eye"],"picked":"SacredBark"}],"items_purged_floors":[28],"is_endless":false,"potions_floor_spawned":[1,5,8,13,14,18,22,30,36,48],"ascension_level":1}}