{"host":"jfbo3eu2ui08ej1u","time":1610391402,"event":{"mods":["2.2 Compatiblity","AchievementEnabler","Act Like it!","Aspiration","BaseMod","Better Altar","Better Match","Better Note","Better Sensory Stone","Better Skull","Better Third Choice","Block Reminder","Colored Map","Colored Powertips","Conspire","DeckTracker","Displayed Cursed Tome","Downfall","Energized Spire","Fox Events","GifTheSpireLib","Hermit","Hubris","Infinite Spire","Marked Mod","Minty Spire (QoL Compilation)","Pale of the Ancients","Quick Restart","RRrroohrrRGHHhhh!!","Relic Filter","Reorder Act Four","Replay The Spire","Shop Mod","Spicy Shops","StSLib","Stuff the Spire","The Blue Laboratory","The Disciple","The Forsaken","The Hierophant","The Marked","Uncapped","Unceasing Turn Reminder","Wandering Minibosses"],"gold_per_floor":[99,111,122,141,141,4,86,116,136,146,200,52,52,80,100,201,201,201,218,218,40,40,65,65,80,91,91,91,111,111,130,146,250,250,250,261,276,293,322,4,29,47,67,85,85,85,85,85,100,100,115,128,179,20,20,38,38,38,38,38,38,38],"floor_reached":60,"playtime":5201,"items_purged":["ReplayTheSpireMod:Splinters","Languid","hubris:Disease","conspire:Blindness"],"score":931,"play_id":"8ba12cf7-ee29-417e-bceb-a61e7fb8a6a1","local_time":"20210111135642","is_ascension_mode":false,"campfire_choices":[{"data":"Slimebound:Defend_Slimebound","floor":1.0,"key":"PURGE"},{"data":"Slimebound:SlimeSlap","floor":18.0,"key":"SMITH"},{"data":"Slimebound:RainOfGoop","floor":28.0,"key":"SMITH"},{"data":"Slimebound:LeechEnergy","floor":30.0,"key":"SMITH"},{"data":"Slimebound:Schlurp","floor":35.0,"key":"SMITH"},{"data":"Slimebound:MegaLick","floor":45.0,"key":"SMITH"},{"data":"Slimebound:RejuvenatingLick","floor":47.0,"key":"SMITH"},{"data":"Slimebound:LivingWall","floor":55.0,"key":"SMITH"},{"data":"Slimebound:SamplingLick","floor":57.0,"key":"SMITH"}],"circlet_count":0,"master_deck":["Slimebound:Strike_Slimebound","Slimebound:Strike_Slimebound","Slimebound:Strike_Slimebound","Slimebound:Tackle","Slimebound:Defend_Slimebound","Slimebound:Defend_Slimebound","Slimebound:Defend_Slimebound","Slimebound:Split","Slimebound:CorrosiveSpit","Slimebound:ViciousTackle","Slimebound:SlimeSlap+1","Slimebound:SamplingLick+1","ReplayTheSpireMod:Haul","Slimebound:Grow","Slimebound:AcidTongue","Slimebound:FinishingTackle","Slimebound:PressTheAttack","Slimebound:LeechEnergy+1","Slimebound:RainOfGoop+1","Slimebound:LeechLife","Slimebound:SamplingLick","Bandage Up","Slimebound:ItLooksTasty","Slimebound:OozeBath+1","Slimebound:RejuvenatingLick+1","Slimebound:GoopSpray","Slimebound:ViciousTackle+1","Slimebound:FinishingTackle+1","Slimebound:PressTheAttack+1","Slimebound:Gluttony","Slimebound:LeechingTouch","Slimebound:Schlurp+1","Slimebound:LeechLife","Slimebound:RainOfGoop+1","Slimebound:SpikyOuterGoop+1","Slimebound:Replication+1","Slimebound:MegaLick+1","Slimebound:LeechingTouch","Slimebound:SpikyOuterGoop","Slimebound:SpikyOuterGoop","SwitchThreat","Slimebound:AcidTongue","ReplayTheSpireMod:Haul","Slimebound:RainOfGoop","Slimebound:SplitMire+1","Slimebound:LivingWall+1","Slimebound:GoopSpray+1"],"relics":["Slimebound:AbsorbEndCombat","Gremlin Horn","Replay:Baseball","Replay:Rubber Ducky","Bag of Preparation","energizedSpire:CursedPentagram","Boot","aspiration:HummingbirdHeart","rorgmod:Black Star","theForsaken:Gavel","Happy Flower","Blood Vial","StuffTheSpire:HeavyRock","Strange Spoon","paleoftheancients:Timepiece","Letter Opener","CultistMask","paleoftheancients:SoulOfTheCollector","paleoftheancients:SoulOfTheThorton","Ice Cream"],"acts_visited":["Exordium","TheCity","TheBeyond","paleoftheancients:PaleOfTheAncients"],"potions_floor_usage":[60,60],"damage_taken":[{"damage":8.0,"enemies":"Cultist","floor":2.0,"turns":4.0},{"damage":8.0,"enemies":"2 Louse","floor":3.0,"turns":3.0},{"damage":8.0,"enemies":"Jaw Worm","floor":4.0,"turns":3.0},{"damage":19.0,"enemies":"downfall:FleeingMerchant","floor":6.0,"turns":4.0},{"damage":24.0,"enemies":"Lagavulin","floor":8.0,"turns":7.0},{"damage":22.0,"enemies":"2 Fungi Beasts","floor":9.0,"turns":4.0},{"damage":19.0,"enemies":"Blue Slaver","floor":10.0,"turns":3.0},{"damage":7.0,"enemies":"downfall:FleeingMerchant","floor":12.0,"turns":4.0},{"damage":2.0,"enemies":"Gremlin Nob","floor":14.0,"turns":3.0},{"damage":0.0,"enemies":"Lots of Slimes","floor":15.0,"turns":2.0},{"damage":73.0,"enemies":"downfall:Ironclad","floor":16.0,"turns":9.0},{"damage":4.0,"enemies":"Spheric Guardian","floor":19.0,"turns":4.0},{"damage":12.0,"enemies":"downfall:FleeingMerchant","floor":21.0,"turns":4.0},{"damage":69.0,"enemies":"Slavers","floor":23.0,"turns":5.0},{"damage":10.0,"enemies":"Centurion and Healer","floor":25.0,"turns":5.0},{"damage":9.0,"enemies":"Shelled Parasite and Fungi","floor":26.0,"turns":3.0},{"damage":22.0,"enemies":"Sentry and Sphere","floor":29.0,"turns":5.0},{"damage":10.0,"enemies":"Cultist and Chosen","floor":31.0,"turns":3.0},{"damage":4.0,"enemies":"Shelled Parasite and Fungi","floor":32.0,"turns":3.0},{"damage":48.0,"enemies":"downfall:Silent","floor":33.0,"turns":7.0},{"damage":7.0,"enemies":"Orb Walker","floor":36.0,"turns":3.0},{"damage":7.0,"enemies":"3 Shapes","floor":37.0,"turns":2.0},{"damage":6.0,"enemies":"Writhing Mass","floor":38.0,"turns":4.0},{"damage":18.0,"enemies":"conspire:MimicChest","floor":39.0,"turns":5.0},{"damage":16.0,"enemies":"downfall:FleeingMerchant","floor":40.0,"turns":3.0},{"damage":37.0,"enemies":"Spire Growth","floor":42.0,"turns":6.0},{"damage":20.0,"enemies":"Sphere and 2 Shapes","floor":43.0,"turns":5.0},{"damage":7.0,"enemies":"4 Shapes","floor":44.0,"turns":5.0},{"damage":4.0,"enemies":"Maw","floor":49.0,"turns":6.0},{"damage":8.0,"enemies":"downfall:Defect","floor":50.0,"turns":6.0},{"damage":61.0,"enemies":"downfall:Defect","floor":51.0,"turns":11.0},{"damage":37.0,"enemies":"downfall:Defect","floor":52.0,"turns":7.0},{"damage":25.0,"enemies":"paleoftheancients:Thorton1","floor":53.0,"turns":5.0},{"damage":147.0,"enemies":"paleoftheancients:Thorton1","floor":56.0,"turns":12.0},{"damage":297,"enemies":"paleoftheancients:N","floor":60,"turns":22}],"seed_played":"-4895299726905914605","potions_obtained":[{"floor":2.0,"key":"blueLaboratory:TrueEctoplasm"},{"floor":4.0,"key":"Toxic Potion"},{"floor":9.0,"key":"Flashbang"},{"floor":11.0,"key":"blueLaboratory:RecallPotion"},{"floor":11.0,"key":"Slimebound:SpawnSlimePotion"},{"floor":14.0,"key":"blueLaboratory:HorrorPotion"},{"floor":25.0,"key":"blueLaboratory:FruitPreserves"},{"floor":29.0,"key":"Cursed Concoction"},{"floor":43.0,"key":"blueLaboratory:BottleOfRum"},{"floor":44.0,"key":"EntropicBrew"},{"floor":48.0,"key":"downfall:CursedFountainPotion"},{"floor":53.0,"key":"Block Potion"},{"floor":56.0,"key":"blueLaboratory:FruitPunch"}],"is_trial":false,"path_per_floor":["R_BF","M","M","M","?","$","T","E","M","M","?","$","?","E","M","B",null,"R","M","?","$","?","E","T","M","M","?","R","M","R","M","M","B",null,"R","M","M","M","?","$","T","M","M","M","R","AVR","R","?","M","B","M","M","M","$","R","M","R","T","?","B"],"character_chosen":"SLIMEBOUND","items_purchased":["Slimebound:AcidTongue","Slimebound:FinishingTackle","Slimebound:SamplingLick","Bandage Up","Slimebound:ViciousTackle+1","blueLaboratory:BottleOfVodka","Slimebound:MegaLick","Slimebound:LeechingTouch","Happy Flower","Blood Vial","Slimebound:SpikyOuterGoop","Slimebound:LivingWall"],"campfire_rested":0,"item_purchase_floors":[6,6,12,12,21,21,40,40,40,40,40,54],"current_hp_per_floor":[66,66,62,66,49,46,46,50,44,41,41,62,62,66,66,51,66,66,66,66,66,66,23,23,47,66,66,66,66,66,66,66,45,66,66,66,66,66,62,57,57,44,66,66,66,66,66,66,66,66,66,66,49,49,49,63,63,63,63,0,0,0],"gold":38,"neow_bonus":"TEN_PERCENT_HP_BONUS","is_daily":false,"chose_seed":false,"campfire_upgraded":8,"win_rate":0.0,"timestamp":1610391402,"path_taken":["R_BF","M","M","M","?","$","T","E","M","M","?","$","?","E","M","BOSS","R","M","?","$","?","E","T","?","M","?","R","?","R","M","M","BOSS","R","M","M","M","?","$","T","M","?","M","R","AVR","R","?","M","BOSS","M","M","?","$","R","M","R","T","?","BOSS"],"items_purchased_type":["Card","Card","Card","Card","Card","Potion","Card","Card","Relic","Relic","Card","Card"],"build_version":"2020-12-22","purchased_purges":4,"victory":false,"max_hp_per_floor":[66,66,66,66,66,66,66,66,66,66,66,66,66,66,66,66,66,66,66,66,66,66,66,66,66,66,66,66,66,66,66,66,66,66,66,66,66,66,66,66,66,66,66,66,66,66,66,66,66,66,66,66,66,66,66,66,66,66,66,68,68,68],"card_choices":[{"not_picked":["Slimebound:Grow","Slimebound:Dissolve"],"picked":"Slimebound:ViciousTackle","floor":2.0},{"not_picked":["Slimebound:Replication","Slimebound:AcidTongue"],"picked":"Slimebound:SlimeSlap","floor":3.0},{"not_picked":["Slimebound:Dissolve","Slimebound:SpikyOuterGoop"],"picked":"Slimebound:SamplingLick","floor":4.0},{"not_picked":["ReplayTheSpireMod:Chaos Vortex","infinitespire:SealOfDarkness+"],"picked":"ReplayTheSpireMod:Haul","floor":5.0},{"not_picked":["Slimebound:ComboTackle","Slimebound:Nibble"],"picked":"Slimebound:Grow","floor":6.0},{"not_picked":["Slimebound:SlimeSpikes","Slimebound:ComboTackle","Slimebound:SplitLeeching"],"picked":"SKIP","floor":8.0},{"not_picked":["Slimebound:FlameTackle","Slimebound:Schlurp"],"picked":"Slimebound:PressTheAttack","floor":9.0},{"not_picked":["Slimebound:SplitAcid","Slimebound:SlimeTap"],"picked":"Slimebound:LeechEnergy","floor":10.0},{"not_picked":["Slimebound:SplitBruiser","Slimebound:LeechingTouch"],"picked":"Slimebound:RainOfGoop","floor":11.0},{"not_picked":["Slimebound:SplitLeeching","Slimebound:Dissolve"],"picked":"Slimebound:LeechLife","floor":12.0},{"not_picked":["Slimebound:PressTheAttack","Slimebound:SplitBruiser"],"picked":"Slimebound:ItLooksTasty","floor":14.0},{"not_picked":["Slimebound:Repurpose","Slimebound:SlimeTap","Slimebound:ComboTackle"],"picked":"SKIP","floor":15.0},{"not_picked":["Slimebound:WasteNot","Slimebound:Teamwork"],"picked":"Slimebound:OozeBath","floor":16.0},{"not_picked":["Slimebound:DisruptingSlam+1","Slimebound:GoopSpray"],"picked":"Slimebound:RejuvenatingLick","floor":19.0},{"not_picked":["Slimebound:AcidTongue","Slimebound:LevelUp"],"picked":"Slimebound:GoopSpray","floor":21.0},{"not_picked":["Slimebound:LeadByExample","Slimebound:Schlurp"],"picked":"Slimebound:FinishingTackle+1","floor":23.0},{"not_picked":["Slimebound:ComboTackle","Slimebound:SplitAcid+1"],"picked":"Slimebound:PressTheAttack+1","floor":25.0},{"not_picked":["Slimebound:SlimeSpikes","Slimebound:SlimeBrawl","Slimebound:MinionMaster"],"picked":"SKIP","floor":26.0},{"not_picked":["Slimebound:SplitAcid+1","Slimebound:SlimeBrawl","Slimebound:ComboTackle"],"picked":"SKIP","floor":29.0},{"not_picked":["Slimebound:GoopSpray","Slimebound:SplitLeeching"],"picked":"Slimebound:LeechingTouch","floor":31.0},{"not_picked":["Slimebound:GoopSpray","Slimebound:Chomp"],"picked":"Slimebound:Schlurp","floor":32.0},{"not_picked":["Slimebound:SelfFormingGoo","Slimebound:OneTwoCombo"],"picked":"Slimebound:LeechLife","floor":33.0},{"not_picked":["Slimebound:ComboTackle+1","Slimebound:Schlurp","Slimebound:SplitAcid"],"picked":"SKIP","floor":36.0},{"not_picked":["Slimebound:LeechEnergy","Slimebound:FormOfPuddle"],"picked":"Slimebound:RainOfGoop+1","floor":37.0},{"not_picked":["Slimebound:Schlurp+1","Slimebound:LeechingTouch"],"picked":"Slimebound:SpikyOuterGoop+1","floor":38.0},{"not_picked":["Slimebound:LeechLife","Slimebound:SplitAcid+1"],"picked":"Slimebound:Replication+1","floor":39.0},{"not_picked":["Slimebound:SlimeBrawl+1","Slimebound:ComboTackle","Slimebound:SplitAcid"],"picked":"SKIP","floor":40.0},{"not_picked":["Slimebound:Nibble","Slimebound:SplitAcid+1","Slimebound:Repurpose"],"picked":"SKIP","floor":42.0},{"not_picked":["Slimebound:FinishingTackle+1","Slimebound:RejuvenatingLick"],"picked":"Slimebound:AcidTongue","floor":43.0},{"not_picked":["Slimebound:SplitBruiser+1","Slimebound:SplitAcid+1","Slimebound:SlimeSpikes"],"picked":"SKIP","floor":44.0},{"not_picked":["Slimebound:GrowthPunch","Slimebound:Repurpose","Slimebound:Prepare"],"picked":"SKIP","floor":49.0},{"not_picked":["Slimebound:ProtectTheBoss+1","Slimebound:GrowthPunch+1"],"picked":"Slimebound:RainOfGoop","floor":51.0},{"not_picked":["Slimebound:FormOfPuddle","Slimebound:RollThrough+1","Slimebound:RainOfGoop"],"picked":"SKIP","floor":52.0},{"not_picked":["Slimebound:Overexert","Slimebound:SplitAcid+1"],"picked":"Slimebound:SplitMire+1","floor":53.0},{"not_picked":["Slimebound:PressTheAttack","Slimebound:SamplingLick"],"picked":"Slimebound:GoopSpray+1","floor":56.0}],"player_experience":1202739,"relics_obtained":[{"floor":7.0,"key":"Gremlin Horn"},{"floor":8.0,"key":"Replay:Baseball"},{"floor":11.0,"key":"Replay:Rubber Ducky"},{"floor":14.0,"key":"Bag of Preparation"},{"floor":23.0,"key":"Boot"},{"floor":24.0,"key":"aspiration:HummingbirdHeart"},{"floor":39.0,"key":"theForsaken:Gavel"},{"floor":41.0,"key":"StuffTheSpire:HeavyRock"},{"floor":51.0,"key":"paleoftheancients:SoulOfTheCollector"},{"floor":53.0,"key":"paleoftheancients:SoulOfTheThorton"},{"floor":58.0,"key":"Ice Cream"}],"event_choices":[{"damage_healed":0.0,"max_hp_gain":0.0,"max_hp_loss":0.0,"gold_gain":0.0,"event_name":"Upgrade Shrine","player_choice":"Upgraded","floor":20.0,"gold_loss":0.0,"damage_taken":0.0,"cards_upgraded":["Slimebound:OozeBath"]},{"damage_healed":0.0,"max_hp_gain":0.0,"max_hp_loss":0.0,"gold_gain":0.0,"event_name":"betterNote:BetterNote","player_choice":"Ignored","floor":22.0,"gold_loss":0.0,"damage_taken":0.0,"cards_obtained":["ReplayUltimateDefense"]},{"damage_healed":0.0,"max_hp_gain":0.0,"max_hp_loss":0.0,"gold_gain":0.0,"event_name":"The Library","player_choice":"Read","floor":27.0,"gold_loss":0.0,"damage_taken":0.0,"cards_obtained":["Slimebound:Gluttony"]}],"is_beta":false,"boss_relics":[{"not_picked":["StuffTheSpire:RunicHypercube","energizedSpire:HugeHouse"],"picked":"energizedSpire:CursedPentagram"},{"not_picked":["Replay:Bronze Core","energizedSpire:NeverEndingSparkler"],"picked":"rorgmod:Black Star"}],"items_purged_floors":[21,40,46,54],"is_endless":false,"potions_floor_spawned":[2,4,9,14,15,25,29,31,33,38,43,44,49,53,56],"killed_by":"paleoftheancients:N","ascension_level":0}}