{"host":"zfk8vacv0tkjrc2a","time":1610398118,"event":{"mods":["BaseMod","Conspire","Downfall","Hubris","Infinite Spire","Minty Spire (QoL Compilation)","Replay The Spire","Spicy Shops","StSLib"],"gold_per_floor":[115,115,115,135,189,219,237,256,279,299,313,313,326,337,337,434,434,445,445,528,528,544,544,555,555,625,656,669,669,55,68,68,68,68],"floor_reached":33,"playtime":1975,"items_purged":[],"score":271,"play_id":"08b81d73-da64-433b-a02f-ece37e547e8d","local_time":"20210111154838","is_ascension_mode":false,"campfire_choices":[{"floor":12.0,"key":"REST"},{"floor":15.0,"key":"REST"},{"floor":23,"key":"REST"},{"data":"Fire Breathing","floor":25,"key":"SMITH"},{"floor":32,"key":"REST"}],"circlet_count":0,"master_deck":["Strike_R+1","Strike_R","Strike_R+1","Strike_R","Defend_R","Defend_R","Defend_R","Defend_R","Bash","expansioncontent:StudyTheSpire","Armaments","hubris:ReadiedAction","Run Through","conspire:Purge","True Grit","Metallicize","ReplayTheSpireMod:Stacked","Replay:Undeath\u0027s Touch","Warcry","Hemogenesis","Fire Breathing+1","Disarm","Warcry","Dropkick+1","Wild Strike+1","Reckless Charge","Barricade+1","Abandon","Anger","Clash"],"relics":["Burning Blood","hubris:Icosahedron","Whetstone","MealTicket","SacredBark","infinitespire:Beetle Shell","Frozen Egg 2","hubris:FunFungus","infinitespire:CheckeredPen","Red Skull","OrangePellets"],"acts_visited":["TheCity"],"potions_floor_usage":[22,22,22,24,27,27,27],"damage_taken":[{"damage":4.0,"enemies":"2 Louse","floor":1.0,"turns":3.0},{"damage":13.0,"enemies":"Small Slimes","floor":4.0,"turns":5.0},{"damage":56.0,"enemies":"Lagavulin","floor":6.0,"turns":9.0},{"damage":6.0,"enemies":"Jaw Worm","floor":7.0,"turns":4.0},{"damage":19.0,"enemies":"Gremlin Gang","floor":8.0,"turns":5.0},{"damage":2.0,"enemies":"3 Louse","floor":10.0,"turns":4.0},{"damage":5.0,"enemies":"Looter","floor":11.0,"turns":3.0},{"damage":26.0,"enemies":"Gremlin Gang","floor":13.0,"turns":6.0},{"damage":8.0,"enemies":"Red Slaver","floor":14.0,"turns":5.0},{"damage":30,"enemies":"The Guardian","floor":16,"turns":18},{"damage":23,"enemies":"Shell Parasite","floor":18,"turns":12},{"damage":20,"enemies":"conspire:FuzzyDice","floor":22,"turns":6},{"damage":4,"enemies":"Centurion and Healer","floor":24,"turns":11},{"damage":13,"enemies":"Slavers","floor":27,"turns":6},{"damage":27,"enemies":"3 Cultists","floor":28,"turns":4},{"damage":19,"enemies":"Sentry and Sphere","floor":31,"turns":5},{"damage":63,"enemies":"hubris:MusketHawk","floor":33,"turns":8}],"seed_played":"8866144683698457990","potions_obtained":[{"floor":4.0,"key":"ElixirPotion"},{"floor":6.0,"key":"sneckomod:MuddlingPotion"},{"floor":7.0,"key":"DistilledChaos"},{"floor":11.0,"key":"Explosive Potion"},{"floor":21,"key":"EntropicBrew"},{"floor":21,"key":"Explosive Potion"},{"floor":22,"key":"EssenceOfSteel"},{"floor":24,"key":"Weak Potion"}],"is_trial":false,"path_per_floor":["M","?","?","M","T","E","M","M","T","M","M","R","M","M","R","B",null,"M","?","?","?","M","R","M","R","T","E","M","?","$","M","R","B"],"character_chosen":"IRONCLAD","items_purchased":["infinitespire:CheckeredPen","Anger","Red Skull","OrangePellets"],"campfire_rested":4,"item_purchase_floors":[30,30,30,30],"current_hp_per_floor":[80,80,80,73,73,23,23,10,10,14,15,39,19,17,41,17,80,70,70,38,38,29,53,55,55,55,48,29,29,44,32,56,0,0],"gold":68,"neow_bonus":"RANDOM_COLORLESS_2","is_daily":false,"chose_seed":false,"campfire_upgraded":1,"win_rate":0.0,"timestamp":1610398118,"path_taken":["M","?","?","M","?","E","M","M","T","M","?","R","M","M","R","BOSS","M","?","?","?","M","R","M","R","T","E","?","?","$","M","R","BOSS"],"items_purchased_type":["Relic","Card","Relic","Relic"],"build_version":"2020-12-22","purchased_purges":0,"victory":false,"max_hp_per_floor":[80,80,80,80,80,80,80,80,80,80,80,80,80,80,80,80,80,80,80,80,80,80,80,80,80,80,80,80,80,80,80,80,80,80],"card_choices":[{"not_picked":["Thinking Ahead","Chrysalis"],"picked":"expansioncontent:StudyTheSpire","floor":0.0},{"not_picked":["Sentinel","Perfected Strike"],"picked":"Armaments","floor":1.0},{"not_picked":["Dropkick","Pommel Strike"],"picked":"hubris:ReadiedAction","floor":4.0},{"not_picked":["Whirlwind","Feel No Pain"],"picked":"Run Through","floor":6.0},{"not_picked":["Armaments","Uppercut"],"picked":"conspire:Purge","floor":7.0},{"not_picked":["Iron Wave","conspire:ExplosiveBarrier"],"picked":"True Grit","floor":8.0},{"not_picked":["Perfected Strike","Second Wind"],"picked":"Metallicize","floor":10.0},{"not_picked":["Wild Strike","Warcry"],"picked":"ReplayTheSpireMod:Stacked","floor":11.0},{"not_picked":["Run Through","ReplayTheSpireMod:Strike From Hell"],"picked":"Replay:Undeath\u0027s Touch","floor":13.0},{"not_picked":["Headbutt","ReplayTheSpireMod:Strike From Hell"],"picked":"Warcry","floor":14.0},{"not_picked":["Fiend Fire","Brutality"],"picked":"Hemogenesis","floor":16},{"not_picked":["Heavy Blade","Body Slam+1"],"picked":"Fire Breathing","floor":18},{"not_picked":["ReplayTheSpireMod:Strike From Hell","Second Wind"],"picked":"Disarm","floor":20},{"not_picked":["Abandon","Heavy Blade"],"picked":"Warcry","floor":20},{"not_picked":["Feel No Pain+1","Whirlwind"],"picked":"Dropkick+1","floor":22},{"not_picked":["Pommel Strike+1","Flex"],"picked":"Wild Strike+1","floor":24},{"not_picked":["ReplayTheSpireMod:LeadingStrike","Cleave"],"picked":"Reckless Charge","floor":27},{"not_picked":["Headbutt","Anger"],"picked":"Barricade+1","floor":28},{"not_picked":["Flex","Rupture+1"],"picked":"Clash","floor":31}],"player_experience":352102,"relics_obtained":[{"floor":6.0,"key":"Whetstone"},{"floor":9.0,"key":"MealTicket"},{"floor":20,"key":"infinitespire:Beetle Shell"},{"floor":26,"key":"Frozen Egg 2"},{"floor":27,"key":"hubris:FunFungus"}],"event_choices":[{"damage_healed":0.0,"max_hp_gain":0.0,"max_hp_loss":0.0,"gold_gain":0.0,"event_name":"conspire:LoneGhost","player_choice":"Disagree","floor":2.0,"gold_loss":0.0,"damage_taken":0.0},{"damage_healed":0,"gold_gain":0,"player_choice":"Got Potions","damage_taken":0,"max_hp_gain":0,"max_hp_loss":0,"event_name":"Lab","floor":21,"gold_loss":0},{"damage_healed":0,"gold_gain":0,"cards_transformed":["Strike_R"],"player_choice":"Transformed","damage_taken":0,"max_hp_gain":0,"max_hp_loss":0,"event_name":"Transmorgrifier","floor":29,"gold_loss":0,"cards_obtained":["Abandon"]}],"is_beta":false,"boss_relics":[{"not_picked":["Coffee Dripper","Velvet Choker"],"picked":"SacredBark"}],"items_purged_floors":[],"is_endless":false,"potions_floor_spawned":[4,6,7,11,22,24],"killed_by":"hubris:MusketHawk","ascension_level":0}}