{"host":"1c17lcvl7acx821p","time":1610374548,"event":{"mods":["AchievementEnabler","BaseMod","Colored Map","Minty Spire (QoL Compilation)","StSLib"],"gold_per_floor":[119,119,173,192,202,202,277,293,319,331,362,362,96,112,112,208,208,219,219,144,160,160,13,13,42,42,71,71,82,82,82],"floor_reached":30,"playtime":1039,"items_purged":["Strike_R"],"score":440,"play_id":"bbf7dc83-9934-47ee-a08e-0db1c63dc4d3","local_time":"20210111161548","is_ascension_mode":true,"campfire_choices":[{"data":"Blood for Blood","floor":6.0,"key":"SMITH"},{"floor":12.0,"key":"REST"},{"data":"Shockwave","floor":15.0,"key":"SMITH"},{"floor":24.0,"key":"REST"},{"floor":28.0,"key":"REST"}],"circlet_count":0,"master_deck":["AscendersBane","Strike_R+1","Strike_R","Strike_R","Defend_R","Defend_R","Defend_R","Defend_R","Bash","Blood for Blood+1","Shockwave+1","Exhume","Headbutt","Hemokinesis","Cleave+1","PanicButton","Rage","Brutality","Warcry+1","Bloodletting","True Grit","Flame Barrier+1","Twin Strike+1"],"relics":["Runic Cube","Ancient Tea Set","Lantern","Snecko Eye","Sling","Whetstone","Magic Flower","Calipers"],"acts_visited":["Exordium","TheCity"],"potions_floor_usage":[],"damage_taken":[{"damage":3.0,"enemies":"Jaw Worm","floor":1.0,"turns":5.0},{"damage":8.0,"enemies":"2 Louse","floor":4.0,"turns":2.0},{"damage":7.0,"enemies":"Small Slimes","floor":5.0,"turns":4.0},{"damage":10.0,"enemies":"Blue Slaver","floor":8.0,"turns":4.0},{"damage":12.0,"enemies":"Large Slime","floor":10.0,"turns":3.0},{"damage":15.0,"enemies":"Gremlin Nob","floor":11.0,"turns":3.0},{"damage":6.0,"enemies":"Lots of Slimes","floor":14.0,"turns":2.0},{"damage":24.0,"enemies":"The Guardian","floor":16.0,"turns":7.0},{"damage":11.0,"enemies":"Chosen","floor":18.0,"turns":6.0},{"damage":15.0,"enemies":"2 Thieves","floor":21.0,"turns":3.0},{"damage":6.0,"enemies":"Gremlin Leader","floor":25.0,"turns":4.0},{"damage":39.0,"enemies":"Book of Stabbing","floor":27.0,"turns":5.0},{"damage":5,"enemies":"Centurion and Healer","floor":29,"turns":6},{"damage":24,"enemies":"Snake Plant","floor":30,"turns":1}],"seed_played":"-100696295870507861","potions_obtained":[{"floor":5.0,"key":"Strength Potion"},{"floor":8.0,"key":"LiquidMemories"},{"floor":21.0,"key":"ColorlessPotion"},{"floor":27.0,"key":"Dexterity Potion"}],"is_trial":false,"path_per_floor":["M","?","?","M","M","R","?","M","T","M","E","R","$","M","R","B",null,"M","?","?","M","?","$","R","E","T","E","R","M","M"],"character_chosen":"IRONCLAD","items_purchased":["PanicButton","BloodPotion","AttackPotion","Sling"],"campfire_rested":3,"item_purchase_floors":[13,13,13,23],"current_hp_per_floor":[69,69,69,61,54,54,43,33,33,21,6,30,30,24,24,16,64,53,53,53,38,23,23,48,42,42,3,28,23,0,0],"gold":82,"neow_bonus":"BOSS_RELIC","is_daily":false,"chose_seed":false,"campfire_upgraded":2,"win_rate":0.0,"timestamp":1610374548,"path_taken":["M","?","?","M","M","R","?","M","T","M","E","R","$","?","R","BOSS","M","?","?","M","?","?","R","E","T","E","R","M","M"],"items_purchased_type":["Card","Potion","Potion","Relic"],"build_version":"2020-12-22","purchased_purges":1,"victory":false,"max_hp_per_floor":[80,80,80,80,80,80,80,80,80,80,80,80,80,80,80,80,80,80,80,80,80,85,85,85,85,85,85,85,85,85,85],"card_choices":[{"not_picked":["Pommel Strike","Sword Boomerang"],"picked":"Blood for Blood","floor":1.0},{"not_picked":["Shrug It Off","Havoc"],"picked":"Shockwave","floor":4.0},{"not_picked":["Shrug It Off","Havoc"],"picked":"Exhume","floor":5.0},{"not_picked":["Shrug It Off","Clothesline"],"picked":"Headbutt","floor":8.0},{"not_picked":["Headbutt","Clash"],"picked":"Hemokinesis","floor":10.0},{"not_picked":["Dropkick","True Grit"],"picked":"Cleave","floor":11.0},{"not_picked":["Clothesline","Infernal Blade"],"picked":"Rage","floor":14.0},{"not_picked":["Bludgeon","Immolate"],"picked":"Brutality","floor":16.0},{"not_picked":["Pommel Strike","Perfected Strike+1"],"picked":"Warcry+1","floor":18.0},{"not_picked":["Twin Strike+1","Pommel Strike+1"],"picked":"Bloodletting","floor":21.0},{"not_picked":["Twin Strike+1","Warcry"],"picked":"True Grit","floor":25.0},{"not_picked":["Cleave+1","Thunderclap"],"picked":"Flame Barrier+1","floor":27.0},{"not_picked":["Exhume","Thunderclap"],"picked":"Twin Strike+1","floor":29}],"player_experience":43087,"relics_obtained":[{"floor":9.0,"key":"Ancient Tea Set"},{"floor":11.0,"key":"Lantern"},{"floor":25.0,"key":"Whetstone"},{"floor":26.0,"key":"Magic Flower"},{"floor":27.0,"key":"Calipers"}],"event_choices":[{"damage_healed":0.0,"max_hp_gain":0.0,"max_hp_loss":0.0,"gold_gain":0.0,"event_name":"Liars Game","player_choice":"Ignored","floor":2.0,"gold_loss":0.0,"damage_taken":0.0},{"damage_healed":0.0,"max_hp_gain":0.0,"max_hp_loss":0.0,"gold_gain":54.0,"event_name":"Golden Wing","player_choice":"Gained Gold","floor":3.0,"gold_loss":0.0,"damage_taken":0.0},{"damage_healed":0.0,"max_hp_gain":0.0,"max_hp_loss":0.0,"gold_gain":75.0,"event_name":"World of Goop","player_choice":"Gather Gold","floor":7.0,"gold_loss":0.0,"damage_taken":11.0},{"damage_healed":0.0,"max_hp_gain":0.0,"max_hp_loss":0.0,"gold_gain":0.0,"event_name":"Ghosts","player_choice":"Ignored","floor":19.0,"gold_loss":0.0,"damage_taken":0.0},{"cards_removed":["Strike_R"],"damage_healed":0.0,"max_hp_gain":0.0,"max_hp_loss":0.0,"gold_gain":0.0,"event_name":"Beggar","player_choice":"Gave Gold","floor":20.0,"gold_loss":75.0,"damage_taken":0.0},{"damage_healed":0.0,"max_hp_gain":5.0,"max_hp_loss":0.0,"gold_gain":0.0,"event_name":"Forgotten Altar","player_choice":"Shed Blood","floor":22.0,"gold_loss":0.0,"damage_taken":20.0}],"is_beta":false,"boss_relics":[{"not_picked":["Coffee Dripper","Velvet Choker"],"picked":"Snecko Eye"}],"items_purged_floors":[13],"is_endless":false,"potions_floor_spawned":[5,8,21,27],"killed_by":"Snake Plant","ascension_level":10}}