{"host":"ci7cmvrwpmzqnw7e","time":1610339567,"event":{"mods":["BaseMod","BetterRewards","Colored Map","Downfall","GungeonMod","Highlight Path","Hubris","Infinite Spire","Minty Spire (QoL Compilation)","Random Character Button","Rare Cards Sparkle","Replay The Spire","Shop Mod","StSLib","The Disciple","The Forsaken","The Necromancer"],"gold_per_floor":[119,129,129,9,9,9,22,35,35,53,53,63,79,91,91,191,191,207,219,41,68,80,109,123,123,123,134,134,146,163,177,177,177,177],"floor_reached":33,"playtime":1509,"items_purged":[],"score":267,"play_id":"b95df5ad-00bb-4f18-8df2-53d5d022fb5a","local_time":"20210110213247","is_ascension_mode":false,"campfire_choices":[{"data":"ReplayUltimateDefense","floor":6,"key":"SMITH"},{"data":"Apotheosis","floor":11,"key":"SMITH"},{"floor":15,"key":"REST"},{"floor":25,"key":"REST"},{"floor":28,"key":"REST"},{"floor":32,"key":"REST"}],"circlet_count":0,"master_deck":["Strike_W","Strike_W","Strike_W","Defend_W","Defend_W","Defend_W","Defend_W","Negative_Energy_Arrows+1","Bone_Wall","Bone_Shift","Negative_Energy_Mist+1","Bone_Armory","Apotheosis+1","ReplayUltimateDefense+1","expansioncontent:Flail","Delirium","Flash of Steel","Hellfire","Bone_Spikes","Detonate_Bones","Blood_Is_Power","Uncharnel+1","Grasp_Heart","Bone_Prison+1","Corrupt","Secret Technique","Hellfire","Summon_Undead"],"relics":["Vampire_Amulet","Mango","ReplayTheSpireMod:ShopPack","Letter Opener","theForsaken:PaleLantern","theForsaken:Gavel","Gremlin Food","Blood Vial"],"acts_visited":["Exordium","TheCity"],"potions_floor_usage":[16,29,33],"damage_taken":[{"damage":2,"enemies":"Small Slimes","floor":1,"turns":4},{"damage":0,"enemies":"Cultist","floor":2,"turns":4},{"damage":23,"enemies":"infinitespire:Voidling","floor":7,"turns":5},{"damage":0,"enemies":"Exordium Thugs","floor":8,"turns":6},{"damage":18,"enemies":"2 Fungi Beasts","floor":10,"turns":3},{"damage":5,"enemies":"Exordium Wildlife","floor":12,"turns":3},{"damage":3,"enemies":"3 Louse","floor":13,"turns":3},{"damage":12,"enemies":"Large Slime","floor":14,"turns":3},{"damage":28,"enemies":"The Guardian","floor":16,"turns":9},{"damage":22,"enemies":"Shell Parasite","floor":18,"turns":5},{"damage":10,"enemies":"Spheric Guardian","floor":19,"turns":5},{"damage":15,"enemies":"Snake Plant","floor":22,"turns":4},{"damage":14,"enemies":"Slavers","floor":23,"turns":6},{"damage":18,"enemies":"Shelled Parasite and Fungi","floor":24,"turns":4},{"damage":10,"enemies":"Chosen and Byrds","floor":27,"turns":6},{"damage":25,"enemies":"Centurion and Healer","floor":29,"turns":6},{"damage":35,"enemies":"Shelled Parasite and Fungi","floor":30,"turns":4},{"damage":18,"enemies":"Snake Plant","floor":31,"turns":4},{"damage":43,"enemies":"Collector","floor":33,"turns":3}],"seed_played":"8111590646961123780","potions_obtained":[{"floor":1,"key":"Swift Potion"},{"floor":8,"key":"champ:CounterPotion"},{"floor":12,"key":"Swift Potion"},{"floor":14,"key":"Swift Potion"},{"floor":18,"key":"Milkshake"}],"is_trial":false,"path_per_floor":["M","M","?","$","?","R","M","M","T","M","R","M","M","M","R","B",null,"M","M","$","T","M","E","M","R","T","M","R","M","M","M","R","B"],"character_chosen":"NECROMANCER","items_purchased":["ReplayTheSpireMod:ShopPack","Secret Technique"],"campfire_rested":4,"item_purchase_floors":[4,20],"current_hp_per_floor":[75,75,77,77,77,77,69,73,73,59,59,58,61,51,77,51,89,69,61,61,61,48,40,26,52,52,48,74,55,26,12,38,0,0],"gold":177,"neow_bonus":"TRANSFORM_CARD","is_daily":false,"chose_seed":false,"campfire_upgraded":2,"win_rate":0.0,"timestamp":1610339567,"path_taken":["M","M","?","$","?","R","M","?","T","M","R","M","M","M","R","BOSS","M","M","$","?","M","E","M","R","T","M","R","?","M","M","R","BOSS"],"items_purchased_type":["Relic","Card"],"build_version":"2020-12-22","purchased_purges":0,"victory":false,"max_hp_per_floor":[75,75,89,89,89,89,89,89,89,89,89,89,89,89,89,89,89,89,89,89,89,89,89,89,89,89,89,89,89,89,89,89,89,89],"card_choices":[{"not_picked":["Death_March_Dance","Deaths_Shadow"],"picked":"Negative_Energy_Mist","floor":1},{"not_picked":["Blood_Curse","Negative_Energy_Mist"],"picked":"Bone_Armory","floor":2},{"not_picked":["Secret Weapon","Violence"],"picked":"Apotheosis","floor":4},{"not_picked":["Jack Of All Trades","Impatience"],"picked":"ReplayUltimateDefense","floor":4},{"not_picked":["Replay:Parry","Bandage Up"],"picked":"expansioncontent:Flail","floor":4},{"not_picked":["Bone_Armory","Chill_Blood"],"picked":"Hellfire","floor":7},{"not_picked":["Life_Drain","Bone_Armor"],"picked":"Bone_Spikes","floor":8},{"not_picked":["Bones_to_Steel","Spectral_Armor"],"picked":"Detonate_Bones","floor":10},{"not_picked":["Negative_Energy_Sphere","Detonate_Bones"],"picked":"Blood_Is_Power","floor":12},{"not_picked":["Bones_to_Steel","Death_Coil","Life_Drain"],"picked":"SKIP","floor":13},{"not_picked":["Summon_Lich","Bones_to_Steel"],"picked":"Uncharnel","floor":14},{"not_picked":["Skeleton_Dragon","Hellfire"],"picked":"Grasp_Heart","floor":16},{"not_picked":["Shackles_Of_Pain","Bone_Bullets"],"picked":"Bone_Prison+1","floor":18},{"not_picked":["Consume_Illness","Blood_Curse"],"picked":"Corrupt","floor":19},{"not_picked":["Scare","Death_March_Dance+1"],"picked":"Hellfire","floor":22},{"not_picked":["Bone_Armor+1","Life_Tap","Bone_Shift"],"picked":"SKIP","floor":23},{"not_picked":["Slay_Living","Consume_Illness","Shackles_Of_Pain"],"picked":"SKIP","floor":24},{"not_picked":["Bone_Prison","Negative_Energy_Sphere+1","Acid_Javelin"],"picked":"SKIP","floor":27},{"not_picked":["Bone_Armor+1","Bone_Spikes"],"picked":"Summon_Undead","floor":29},{"not_picked":["Toxic_Smoke_Screen","Blood_Whip","Finger_Of_Death"],"picked":"SKIP","floor":30},{"not_picked":["Summon_Lich","Exploit","Bone_Spikes"],"picked":"SKIP","floor":31}],"player_experience":43757,"relics_obtained":[{"floor":9,"key":"Letter Opener"},{"floor":21,"key":"theForsaken:Gavel"},{"floor":23,"key":"Gremlin Food"},{"floor":26,"key":"Blood Vial"}],"event_choices":[{"damage_healed":0,"gold_gain":0,"player_choice":"Success","damage_taken":12,"relics_obtained":["Mango"],"max_hp_gain":0,"max_hp_loss":0,"event_name":"Scrap Ooze","floor":3,"gold_loss":0},{"damage_healed":0,"gold_gain":0,"player_choice":"2 cards matched","damage_taken":0,"max_hp_gain":0,"max_hp_loss":0,"event_name":"Match and Keep!","floor":5,"gold_loss":0,"cards_obtained":["Delirium","Flash of Steel"]},{"damage_healed":0,"gold_gain":0,"player_choice":"2 cards matched","damage_taken":0,"max_hp_gain":0,"max_hp_loss":0,"event_name":"Match and Keep!","floor":5,"gold_loss":0,"cards_obtained":["Delirium","Flash of Steel"]}],"is_beta":false,"boss_relics":[{"not_picked":["Calling Bell","Replay:Drink Me"],"picked":"theForsaken:PaleLantern"}],"items_purged_floors":[],"is_endless":false,"potions_floor_spawned":[1,8,12,14,18,24,27],"killed_by":"Collector","ascension_level":0}}