{"host":"3sxd4it2cvd2ryl6","time":1610371171,"event":{"mods":["AchievementEnabler","Aspiration","BaseMod","Colored Powertips","Halation","Minty Spire (QoL Compilation)","StSLib","Transform Curses"],"gold_per_floor":[112,128,403,413,15,15,47,47,47,47,82,102,120,18,18,118,118,129,7,21,21,32,32,32],"floor_reached":23,"playtime":728,"items_purged":["Regret"],"score":283,"play_id":"c049783e-d891-47a4-8275-427442e83e5c","local_time":"20210111141931","is_ascension_mode":true,"campfire_choices":[{"floor":6,"key":"REST"},{"floor":8,"key":"REST"},{"data":"Barricade","floor":10,"key":"SMITH"},{"floor":15,"key":"REST"}],"circlet_count":0,"master_deck":["Strike_R","Strike_R","Strike_R","Strike_R","Strike_R","Defend_R","Defend_R","Defend_R","Defend_R","Bash","Perfected Strike","Sword Boomerang","Thunderclap","Shockwave","Barricade+1","Iron Wave","Combust","Pommel Strike","Thunderclap","Inflame","Perfected Strike","Flex","Rupture","Twin Strike","Limit Break","Twin Strike","Combust","Armaments","Anger+1"],"relics":["Burning Blood","Dream Catcher","PreservedInsect","halation:WeightlessCrab","The Courier","Fusion Hammer"],"acts_visited":["Exordium","TheCity"],"potions_floor_usage":[11,13,16,16,23],"damage_taken":[{"damage":1,"enemies":"Cultist","floor":1,"turns":3},{"damage":12,"enemies":"Small Slimes","floor":2,"turns":3},{"damage":10,"enemies":"Jaw Worm","floor":4,"turns":3},{"damage":34,"enemies":"3 Sentries","floor":7,"turns":5},{"damage":0,"enemies":"Gremlin Nob","floor":11,"turns":2},{"damage":17,"enemies":"Gremlin Gang","floor":12,"turns":4},{"damage":7,"enemies":"3 Louse","floor":13,"turns":2},{"damage":34,"enemies":"Slime Boss","floor":16,"turns":7},{"damage":8,"enemies":"Chosen","floor":18,"turns":3},{"damage":41,"enemies":"3 Byrds","floor":20,"turns":4},{"damage":18,"enemies":"Snecko","floor":22,"turns":4},{"damage":29,"enemies":"Slavers","floor":23,"turns":2}],"seed_played":"3518377012816918351","potions_obtained":[{"floor":7,"key":"Strength Potion"},{"floor":11,"key":"BlessingOfTheForge"},{"floor":12,"key":"Fire Potion"},{"floor":22,"key":"Dexterity Potion"}],"is_trial":false,"path_per_floor":["M","M","?","M","$","R","E","R","T","R","E","M","M","$","R","B",null,"M","$","M","?","M","E"],"character_chosen":"IRONCLAD","items_purchased":["Dream Catcher","Barricade","Iron Wave","Rupture","AttackPotion","Combust","Combust"],"campfire_rested":3,"item_purchase_floors":[5,5,5,14,14,19,19],"current_hp_per_floor":[80,74,74,70,70,80,52,76,76,76,80,69,68,68,80,52,73,71,71,36,36,24,0,0],"gold":32,"neow_bonus":"THREE_CARDS","is_daily":false,"chose_seed":false,"campfire_upgraded":1,"win_rate":0.0,"timestamp":1610371171,"path_taken":["M","?","?","M","$","R","E","R","T","R","E","M","M","$","R","BOSS","M","$","?","?","?","E"],"items_purchased_type":["Relic","Card","Card","Card","Potion","Card","Card"],"build_version":"2020-12-22","purchased_purges":1,"victory":false,"max_hp_per_floor":[80,80,80,80,80,80,80,80,80,80,80,80,80,80,80,80,80,80,80,80,80,80,80,80],"card_choices":[{"not_picked":["Headbutt","Flame Barrier"],"picked":"Perfected Strike","floor":0},{"not_picked":["Body Slam","Clash"],"picked":"Sword Boomerang","floor":1},{"not_picked":["Shockwave","Twin Strike"],"picked":"Thunderclap","floor":2},{"not_picked":["Sword Boomerang","Entrench"],"picked":"Shockwave","floor":4},{"not_picked":["Headbutt","Warcry"],"picked":"Combust","floor":6},{"not_picked":["Clash","Wild Strike"],"picked":"Pommel Strike","floor":7},{"not_picked":["Carnage","Shrug It Off"],"picked":"Thunderclap","floor":8},{"not_picked":["Metallicize","Pummel"],"picked":"Inflame","floor":11},{"not_picked":["Twin Strike","Clothesline"],"picked":"Perfected Strike","floor":12},{"not_picked":["Armaments","Shrug It Off"],"picked":"Flex","floor":13},{"not_picked":["Barricade","True Grit"],"picked":"Twin Strike","floor":15},{"not_picked":["Feed","Fiend Fire"],"picked":"Limit Break","floor":16},{"not_picked":["True Grit+1","Second Wind+1"],"picked":"Twin Strike","floor":18},{"not_picked":["Feel No Pain","Warcry"],"picked":"Armaments","floor":20},{"not_picked":["Reckless Charge+1","Headbutt"],"picked":"Anger+1","floor":22}],"player_experience":515592,"relics_obtained":[{"floor":7,"key":"PreservedInsect"},{"floor":9,"key":"halation:WeightlessCrab"},{"floor":11,"key":"The Courier"}],"event_choices":[{"damage_healed":0,"gold_gain":275,"player_choice":"Desecrate","damage_taken":0,"max_hp_gain":0,"max_hp_loss":0,"event_name":"Golden Shrine","floor":3,"gold_loss":0,"cards_obtained":["Regret"]},{"cards_removed":["Combust"],"damage_healed":0,"gold_gain":0,"player_choice":"Purged","damage_taken":0,"max_hp_gain":0,"max_hp_loss":0,"event_name":"Purifier","floor":21,"gold_loss":0}],"is_beta":false,"boss_relics":[{"not_picked":["Runic Cube","aspiration:DefectSkillbook"],"picked":"Fusion Hammer"}],"items_purged_floors":[5],"is_endless":false,"potions_floor_spawned":[7,11,12,22],"killed_by":"Slavers","ascension_level":5}}