{"host":"y3h3n3f7seyagppx","time":1610394832,"event":{"mods":["AlwaysNeverKeys","BaseMod","Better Vampires","Colored Powertips","DeckTracker","Emptier Cage","Minty Spire (QoL Compilation)","Permanent Neow","Quick Restart","Rare Cards Sparkle","Relic Sorter","Relic Stats","StSLib","Transform Curses"],"gold_per_floor":[111,126,126,145,160,195,195,227,254,254,254],"floor_reached":10,"playtime":1016,"items_purged":[],"score":156,"play_id":"fee3a316-0288-4150-b46d-84c9a53ed79e","local_time":"20210111145352","is_ascension_mode":true,"campfire_choices":[{"floor":7,"key":"REST"}],"circlet_count":0,"master_deck":["AscendersBane","Strike_B","Strike_B","Defend_B","Defend_B","Defend_B","Zap","Dualcast","Gash","Ball Lightning","Gash","Loop","Scrape"],"relics":["Empty Cage","Orichalcum","Anchor","Juzu Bracelet"],"acts_visited":["Exordium"],"potions_floor_usage":[6,8],"damage_taken":[{"damage":1,"enemies":"Cultist","floor":1,"turns":4},{"damage":9,"enemies":"Jaw Worm","floor":2,"turns":4},{"damage":0,"enemies":"Small Slimes","floor":4,"turns":2},{"damage":11,"enemies":"3 Louse","floor":5,"turns":2},{"damage":40,"enemies":"3 Sentries","floor":6,"turns":6},{"damage":19,"enemies":"Lagavulin","floor":8,"turns":6},{"damage":22,"enemies":"3 Sentries","floor":10,"turns":6}],"seed_played":"-8932325045141801685","potions_obtained":[{"floor":5,"key":"DistilledChaos"},{"floor":6,"key":"SteroidPotion"}],"is_trial":false,"path_per_floor":["M","M","?","M","M","E","R","E","T","E"],"character_chosen":"DEFECT","items_purchased":[],"campfire_rested":1,"item_purchase_floors":[],"current_hp_per_floor":[63,54,71,71,60,20,41,22,22,0,0],"gold":254,"neow_bonus":"BOSS_RELIC","is_daily":false,"chose_seed":false,"campfire_upgraded":0,"win_rate":0.0,"timestamp":1610394832,"path_taken":["M","M","?","M","M","E","R","E","T","E"],"items_purchased_type":[],"build_version":"2020-12-22","purchased_purges":0,"victory":false,"max_hp_per_floor":[71,71,71,71,71,71,71,71,71,71,71],"relic_stats":{"counters":[7,30],"Juzu Bracelet":0,"Orichalcum":[54],"obtain_stats":[{"Anchor":8,"Juzu Bracelet":9,"Orichalcum":6,"Cracked Core":0,"Empty Cage":0},{"Anchor":6,"Juzu Bracelet":6,"Orichalcum":5,"Cracked Core":0,"Empty Cage":0},{"Anchor":24,"Juzu Bracelet":24,"Orichalcum":18,"Cracked Core":0,"Empty Cage":0}]},"card_choices":[{"not_picked":["Barrage","Rebound"],"picked":"Gash","floor":1},{"not_picked":["Barrage","Go for the Eyes"],"picked":"Ball Lightning","floor":2},{"not_picked":["Turbo","Rip and Tear"],"picked":"Gash","floor":4},{"not_picked":["Force Field","Barrage","Streamline"],"picked":"SKIP","floor":5},{"not_picked":["Reboot","Leap"],"picked":"Loop","floor":6},{"not_picked":["Hologram","Conserve Battery"],"picked":"Scrape","floor":8}],"player_experience":20709173,"relics_obtained":[{"floor":6,"key":"Orichalcum"},{"floor":8,"key":"Anchor"},{"floor":9,"key":"Juzu Bracelet"}],"event_choices":[{"damage_healed":17,"gold_gain":0,"player_choice":"Full Heal","damage_taken":0,"max_hp_gain":0,"max_hp_loss":0,"event_name":"Wheel of Change","floor":3,"gold_loss":0}],"is_beta":false,"boss_relics":[],"items_purged_floors":[],"is_endless":false,"potions_floor_spawned":[5,6],"killed_by":"3 Sentries","ascension_level":20}}