{"host":"2no1vwhhkhf0ohz3","time":1610350597,"event":{"mods":["AchievementEnabler","BaseMod","Colored Map","DeckTracker","Keyboard Shortcuts","Minty Spire (QoL Compilation)","Relic Stats","SuperFastMode"],"gold_per_floor":[115,115,115,129,129,156,169,187,187,207,265,294,294,328,328,431,431,444,320,338,338,338,338,348,361,361,377,377,476,476,506,506,603,603,622,476,476,526,526,526,213,228,228,258,278,294,307,324,324,324],"floor_reached":51,"playtime":1103,"items_purged":["Decay"],"score":1140,"play_id":"c124e9a9-91bb-4031-b261-c3359bb25f7b","local_time":"20210111163637","is_ascension_mode":true,"campfire_choices":[{"data":"Bash","floor":15,"key":"SMITH"},{"data":"Bludgeon","floor":23,"key":"SMITH"},{"data":"Whirlwind","floor":30,"key":"SMITH"},{"floor":32,"key":"REST"},{"data":"Offering","floor":40,"key":"SMITH"},{"floor":49,"key":"REST"}],"circlet_count":0,"master_deck":["Strike_R","Strike_R","Strike_R","Strike_R","Strike_R","Defend_R+1","Defend_R+1","Defend_R","Defend_R","Bash+1","Perfected Strike+1","Whirlwind+1","Pommel Strike","Pommel Strike","Pommel Strike","Bludgeon+1","Offering+1","Shrug It Off","Evolve","Perfected Strike+1","Pommel Strike","Wild Strike","Barricade","Fire Breathing+1","Perfected Strike+1","Power Through","Pommel Strike+1","Decay","Pommel Strike+1"],"relics":["Burning Blood","NeowsBlessing","Pear","Self Forming Clay","Shuriken","Strawberry","Pantograph","Anchor","Snecko Eye","Pen Nib","Unceasing Top","Cursed Key","OrangePellets","Dead Branch","DollysMirror","Paper Frog","War Paint"],"acts_visited":["Exordium","TheCity","TheBeyond"],"potions_floor_usage":[11,31,38,46,50,50],"damage_taken":[{"damage":0,"enemies":"Small Slimes","floor":1,"turns":1},{"damage":0,"enemies":"Jaw Worm","floor":4,"turns":1},{"damage":0,"enemies":"3 Sentries","floor":6,"turns":1},{"damage":4,"enemies":"2 Louse","floor":7,"turns":2},{"damage":10,"enemies":"Red Slaver","floor":8,"turns":3},{"damage":27,"enemies":"Large Slime","floor":10,"turns":4},{"damage":33,"enemies":"Lagavulin Event","floor":11,"turns":5},{"damage":8,"enemies":"Gremlin Nob","floor":12,"turns":3},{"damage":22,"enemies":"Lagavulin","floor":14,"turns":4},{"damage":40,"enemies":"Slime Boss","floor":16,"turns":9},{"damage":8,"enemies":"2 Thieves","floor":18,"turns":3},{"damage":0,"enemies":"Chosen","floor":20,"turns":3},{"damage":16,"enemies":"3 Cultists","floor":24,"turns":4},{"damage":6,"enemies":"Chosen and Byrds","floor":25,"turns":3},{"damage":18,"enemies":"Centurion and Healer","floor":27,"turns":4},{"damage":18,"enemies":"Slavers","floor":31,"turns":3},{"damage":73,"enemies":"Automaton","floor":33,"turns":7},{"damage":0,"enemies":"3 Shapes","floor":35,"turns":2},{"damage":6,"enemies":"Mind Bloom Boss Battle","floor":38,"turns":2},{"damage":19,"enemies":"3 Darklings","floor":42,"turns":4},{"damage":48,"enemies":"Nemesis","floor":44,"turns":5},{"damage":6,"enemies":"Transient","floor":45,"turns":5},{"damage":6,"enemies":"Spire Growth","floor":46,"turns":3},{"damage":15,"enemies":"4 Shapes","floor":47,"turns":4},{"damage":31,"enemies":"Jaw Worm Horde","floor":48,"turns":4},{"damage":80,"enemies":"Time Eater","floor":50,"turns":7}],"seed_played":"7308682735642477211","potions_obtained":[{"floor":6,"key":"FairyPotion"},{"floor":10,"key":"GamblersBrew"},{"floor":11,"key":"SpeedPotion"},{"floor":14,"key":"SpeedPotion"},{"floor":16,"key":"HeartOfIron"},{"floor":25,"key":"Weak Potion"},{"floor":35,"key":"BloodPotion"},{"floor":38,"key":"EssenceOfSteel"},{"floor":46,"key":"DuplicationPotion"}],"is_trial":false,"path_per_floor":["M","?","?","M","?","E","M","M","T","M","?","E","$","E","R","B",null,"M","$","M","?","?","R","M","M","T","M","?","?","R","E","R","B",null,"M","$","?","?","?","R","$","M","T","E","M","M","M","M","R","B",null],"character_chosen":"IRONCLAD","items_purchased":["Shrug It Off","Evolve","OrangePellets","DollysMirror","Power Through"],"campfire_rested":2,"item_purchase_floors":[19,19,36,41,41],"current_hp_per_floor":[78,78,76,82,87,93,95,91,91,70,50,48,48,32,32,23,82,80,80,86,65,65,65,55,55,55,43,43,43,43,31,63,21,86,92,92,92,107,107,107,107,94,94,52,52,73,64,39,71,22],"gold":324,"neow_bonus":"THREE_ENEMY_KILL","is_daily":false,"chose_seed":false,"campfire_upgraded":4,"win_rate":0.0,"timestamp":1610350597,"path_taken":["M","?","?","M","?","E","?","M","T","M","?","E","$","E","R","BOSS","M","$","M","?","?","R","?","M","T","M","?","?","R","E","R","BOSS","M","$","?","?","?","R","$","?","T","E","M","M","M","M","R","BOSS"],"items_purchased_type":["Card","Card","Relic","Relic","Card"],"build_version":"2020-12-22","purchased_purges":1,"victory":true,"max_hp_per_floor":[80,80,90,90,95,95,95,95,95,95,102,102,102,102,102,102,102,102,102,102,107,107,107,107,107,107,107,107,107,107,107,107,107,107,107,107,107,107,107,107,107,107,107,107,107,107,107,107,107,107],"relic_stats":{"counters":[26,96],"Self Forming Clay":[159],"Dead Branch":[6],"Pen Nib":[12],"War Paint":["Defend_R","Defend_R"],"Cursed Key":1,"Burning Blood":156,"OrangePellets":[4],"Shuriken":[36],"Pantograph":90,"Snecko Eye":[88,101,106,76],"obtain_stats":[{"Pear":3,"NeowsBlessing":0,"Self Forming Clay":6,"Dead Branch":38,"Pen Nib":26,"War Paint":44,"Cursed Key":34,"Burning Blood":0,"OrangePellets":36,"Anchor":14,"Shuriken":9,"DollysMirror":41,"Strawberry":11,"Pantograph":12,"Snecko Eye":17,"Unceasing Top":31,"Paper Frog":43},{"Pear":1,"NeowsBlessing":0,"Self Forming Clay":3,"Dead Branch":19,"Pen Nib":14,"War Paint":21,"Cursed Key":17,"Burning Blood":0,"OrangePellets":18,"Anchor":9,"Shuriken":5,"DollysMirror":19,"Strawberry":7,"Pantograph":8,"Snecko Eye":10,"Unceasing Top":16,"Paper Frog":20},{"Pear":1,"NeowsBlessing":0,"Self Forming Clay":3,"Dead Branch":64,"Pen Nib":46,"War Paint":73,"Cursed Key":60,"Burning Blood":0,"OrangePellets":62,"Anchor":24,"Shuriken":8,"DollysMirror":64,"Strawberry":17,"Pantograph":20,"Snecko Eye":33,"Unceasing Top":53,"Paper Frog":68}],"Unceasing Top":[0]},"card_choices":[{"not_picked":["Clothesline","Hemokinesis"],"picked":"Perfected Strike","floor":1},{"not_picked":["Burning Pact","Inflame"],"picked":"Whirlwind","floor":4},{"not_picked":["Spot Weakness","Carnage"],"picked":"Pommel Strike","floor":6},{"not_picked":["Searing Blow","Whirlwind","Rampage"],"picked":"SKIP","floor":7},{"not_picked":["Juggernaut","Thunderclap"],"picked":"Pommel Strike","floor":8},{"not_picked":["Whirlwind","Body Slam","Cleave"],"picked":"SKIP","floor":10},{"not_picked":["Sever Soul","Body Slam"],"picked":"Pommel Strike","floor":11},{"not_picked":["Heavy Blade","Burning Pact","Limit Break"],"picked":"SKIP","floor":12},{"not_picked":["Evolve","Warcry"],"picked":"Bludgeon","floor":14},{"not_picked":["Feed","Corruption"],"picked":"Offering","floor":16},{"not_picked":["Headbutt","Iron Wave","True Grit"],"picked":"SKIP","floor":18},{"not_picked":["Headbutt","Iron Wave","True Grit"],"picked":"SKIP","floor":18},{"not_picked":["Clash","Dark Embrace"],"picked":"Perfected Strike","floor":20},{"not_picked":["Flex","Clash","Cleave"],"picked":"SKIP","floor":24},{"not_picked":["Cleave","Uppercut+1"],"picked":"Pommel Strike","floor":25},{"not_picked":["Uppercut","Havoc","Spot Weakness"],"picked":"SKIP","floor":27},{"not_picked":["Heavy Blade","Havoc+1"],"picked":"Wild Strike","floor":31},{"not_picked":["Feed","Bludgeon"],"picked":"Barricade","floor":33},{"not_picked":["Flex","Thunderclap+1"],"picked":"Fire Breathing+1","floor":35},{"not_picked":["Havoc","Blood for Blood+1"],"picked":"Pommel Strike+1","floor":42},{"not_picked":["Flex","Sever Soul+1","Clash"],"picked":"SKIP","floor":44},{"not_picked":["Heavy Blade","Feed","Havoc+1"],"picked":"SKIP","floor":45},{"not_picked":["Pummel","Combust+1","Havoc+1"],"picked":"SKIP","floor":46},{"not_picked":["Bloodletting","Flex","Blood for Blood"],"picked":"SKIP","floor":47},{"not_picked":["Clothesline+1","Clash"],"picked":"Pommel Strike+1","floor":48}],"player_experience":285285,"relics_obtained":[{"floor":6,"key":"Self Forming Clay"},{"floor":9,"key":"Shuriken"},{"floor":11,"key":"Strawberry"},{"floor":12,"key":"Pantograph"},{"floor":14,"key":"Anchor"},{"floor":26,"key":"Pen Nib"},{"floor":31,"key":"Unceasing Top"},{"floor":38,"key":"Dead Branch"},{"floor":43,"key":"Paper Frog"},{"floor":44,"key":"War Paint"}],"event_choices":[{"damage_healed":0,"gold_gain":0,"player_choice":"Grow","damage_taken":0,"max_hp_gain":0,"max_hp_loss":0,"event_name":"Living Wall","floor":2,"gold_loss":0,"cards_upgraded":["Perfected Strike"]},{"damage_healed":0,"gold_gain":0,"player_choice":"Success","damage_taken":12,"relics_obtained":["Pear"],"max_hp_gain":0,"max_hp_loss":0,"event_name":"Scrap Ooze","floor":3,"gold_loss":0},{"damage_healed":0,"gold_gain":0,"player_choice":"Donut","damage_taken":0,"max_hp_gain":5,"max_hp_loss":0,"event_name":"Big Fish","floor":5,"gold_loss":0},{"damage_healed":0,"gold_gain":30,"player_choice":"Searched \u00272\u0027 times","damage_taken":0,"max_hp_gain":0,"max_hp_loss":0,"event_name":"Dead Adventurer","floor":11,"gold_loss":0},{"damage_healed":0,"gold_gain":0,"player_choice":"Shed Blood","damage_taken":26,"max_hp_gain":5,"max_hp_loss":0,"event_name":"Forgotten Altar","floor":21,"gold_loss":0},{"damage_healed":0,"gold_gain":0,"player_choice":"Forge","damage_taken":0,"max_hp_gain":0,"max_hp_loss":0,"event_name":"Accursed Blacksmith","floor":22,"gold_loss":0,"cards_upgraded":["Perfected Strike"]},{"damage_healed":0,"gold_gain":0,"player_choice":"Ignored","damage_taken":0,"max_hp_gain":0,"max_hp_loss":0,"event_name":"Vampires","floor":28,"gold_loss":0},{"damage_healed":0,"gold_gain":99,"player_choice":"Stole From Cult","damage_taken":0,"max_hp_gain":0,"max_hp_loss":0,"event_name":"Nest","floor":29,"gold_loss":0},{"damage_healed":0,"gold_gain":0,"player_choice":"Ignored","damage_taken":0,"max_hp_gain":0,"max_hp_loss":0,"event_name":"Tomb of Lord Red Mask","floor":37,"gold_loss":0},{"damage_healed":0,"gold_gain":0,"player_choice":"Fight","damage_taken":0,"max_hp_gain":0,"max_hp_loss":0,"event_name":"MindBloom","floor":38,"gold_loss":0},{"damage_healed":0,"gold_gain":0,"player_choice":"Cursed","damage_taken":0,"max_hp_gain":0,"max_hp_loss":0,"event_name":"Wheel of Change","floor":39,"gold_loss":0,"cards_obtained":["Decay"]}],"is_beta":false,"boss_relics":[{"not_picked":["Coffee Dripper","Sozu"],"picked":"Snecko Eye"},{"not_picked":["Busted Crown","Black Blood"],"picked":"Cursed Key"}],"items_purged_floors":[41],"is_endless":false,"potions_floor_spawned":[6,10,11,14,16,18,25,27,35,38,46,47],"ascension_level":9}}