{"host":"wghdsg8ym2wc7ov9","time":1610334152,"event":{"mods":["AchievementEnabler","Astrologer","BaseMod","Beaked The Cultist","Better Altar","Better Note","Colored Map","Downfall","Hermit","Highlight Path","Jorbs\u0027s Wanderer Trilogy","KinomotoSakuraMod(????)","Minty Spire (QoL Compilation)","Random Character Button","Relic Stats","SIMod","Shop Mod","StSLib","The Blackbeard","The Bladedancer","The Construct","The Cursed","The Death Knight","The Gatherer","The Hierophant","The Marked","The Mystic","The Necromancer","The Runesmith","The Senshi","The Servant 0.9.4"],"gold_per_floor":[117,136,198,212,212,240,240,260,285,302,302,335,349,364,364,468,468,484,500,516,516,530,560,560,576,621,636,636,666,32,32,32,127,127,144,155,174,184,184,184,208,234,257,257,267,25,36,66,66,66,66],"floor_reached":50,"playtime":22513,"items_purged":[],"score":658,"play_id":"f45583df-3c23-44c0-bd2a-f7fcfc699d7d","local_time":"20210110190232","is_ascension_mode":false,"campfire_choices":[{"floor":7,"key":"RECALL"},{"data":"mysticmod:MagicMissile","floor":11,"key":"SMITH"},{"data":"mysticmod:ComboCaster","floor":15,"key":"SMITH"},{"data":"mysticmod:VorpalThrust","floor":24,"key":"SMITH"},{"floor":32,"key":"REST"},{"floor":40,"key":"REST"},{"floor":44,"key":"REST"},{"floor":49,"key":"REST"}],"circlet_count":0,"master_deck":["mysticmod:Strike_Mystic","mysticmod:Strike_Mystic","mysticmod:Strike_Mystic","mysticmod:Defend_Mystic+1","mysticmod:Defend_Mystic","mysticmod:Defend_Mystic+1","mysticmod:Defend_Mystic","mysticmod:ArcaneDodge","mysticmod:ShockingGrasp","mysticmod:AllIn","mysticmod:MagicMissile+1","mysticmod:VorpalThrust+1","mysticmod:DiviningBlow","mysticmod:ComboCaster+1","mysticmod:PunishingArmor","mysticmod:StyleChange+1","mysticmod:MagicMissile","mysticmod:Riposte+1","mysticmod:Sideswipe+1","mysticmod:Disintegrate","mysticmod:Shield","mysticmod:PreparedCaster","mysticmod:Fireball+1","mysticmod:Fly+1","mysticmod:PureInstinct+1","mysticmod:PowerSlash+1","mysticmod:Dedication","mysticmod:ComboCaster+1","mysticmod:ArcaneAccuracy","Chrysalis","mysticmod:Discipline","Creative AI","mysticmod:Daze","mysticmod:BladedDash+1","mysticmod:Flourish+1","mysticmod:ComponentsPouch+1","mysticmod:Daze","mysticmod:RapidCaster","mysticmod:Shield","mysticmod:EarthenWall","mysticmod:Alacrity+1","mysticmod:Probe+1"],"relics":["mysticmod:SpellBook","PreservedInsect","beaked:SacredNecklace","FaceOfCleric","Tiny Chest","Pen Nib","Bronze Scales","MerchantsRug","HandDrill","Oddly Smooth Stone","DeathKnight:PutricidesVial","mysticmod:BentSpoon","Blood Vial","Juzu Bracelet"],"acts_visited":["Exordium","TheCity","TheBeyond"],"potions_floor_usage":[14,19,22,27,33,33,42,45,48,50,50],"damage_taken":[{"damage":0,"enemies":"Jaw Worm","floor":1,"turns":3},{"damage":0,"enemies":"Small Slimes","floor":2,"turns":2},{"damage":0,"enemies":"Cultist","floor":4,"turns":3},{"damage":0,"enemies":"Gremlin Nob","floor":6,"turns":3},{"damage":6,"enemies":"2 Fungi Beasts","floor":8,"turns":3},{"damage":10,"enemies":"Looter","floor":10,"turns":3},{"damage":10,"enemies":"3 Sentries","floor":12,"turns":6},{"damage":0,"enemies":"3 Louse","floor":13,"turns":2},{"damage":0,"enemies":"Blue Slaver","floor":14,"turns":2},{"damage":24,"enemies":"Slime Boss","floor":16,"turns":11},{"damage":8,"enemies":"2 Thieves","floor":18,"turns":3},{"damage":5,"enemies":"3 Byrds","floor":19,"turns":4},{"damage":0,"enemies":"Sentry and Sphere","floor":20,"turns":4},{"damage":2,"enemies":"Snake Plant","floor":22,"turns":3},{"damage":6,"enemies":"Gremlin Leader","floor":23,"turns":7},{"damage":16,"enemies":"Cultist and Chosen","floor":25,"turns":5},{"damage":8,"enemies":"Centurion and Healer","floor":27,"turns":3},{"damage":7,"enemies":"Slavers","floor":29,"turns":4},{"damage":39,"enemies":"Collector","floor":33,"turns":9},{"damage":4,"enemies":"3 Shapes","floor":35,"turns":10},{"damage":22,"enemies":"3 Darklings","floor":36,"turns":7},{"damage":105,"enemies":"Sphere and 2 Shapes","floor":37,"turns":4},{"damage":14,"enemies":"Maw","floor":38,"turns":8},{"damage":25,"enemies":"Giant Head","floor":42,"turns":7},{"damage":26,"enemies":"Transient","floor":45,"turns":5},{"damage":0,"enemies":"Sphere and 2 Shapes","floor":47,"turns":5},{"damage":3,"enemies":"Nemesis","floor":48,"turns":5},{"damage":84,"enemies":"Donu and Deca","floor":50,"turns":8}],"seed_played":"8943545044446798001","potions_obtained":[{"floor":1,"key":"Energy Potion"},{"floor":6,"key":"ColorlessPotion"},{"floor":8,"key":"SteroidPotion"},{"floor":10,"key":"Fire Potion"},{"floor":16,"key":"LiquidBronze"},{"floor":20,"key":"SneckoOil"},{"floor":25,"key":"Energy Potion"},{"floor":27,"key":"SmokeBomb"},{"floor":31,"key":"EssenceOfSteel"},{"floor":31,"key":"FairyPotion"},{"floor":37,"key":"Explosive Potion"},{"floor":38,"key":"Energy Potion"},{"floor":48,"key":"FearPotion"}],"is_trial":false,"path_per_floor":["M","M","?","M","?","E","R","M","T","M","R","E","M","M","R","B",null,"M","M","M","?","M","E","R","M","T","M","?","E","$","?","R","B",null,"M","M","M","M","?","R","T","E","T","R","M","$","M","E","R","B"],"character_chosen":"MYSTIC_CLASS","items_purchased":["Bronze Scales","mysticmod:ArcaneAccuracy","Chrysalis","MerchantsRug","HandDrill","mysticmod:BentSpoon","Blood Vial","hexamod:EctoCoolerPotion","mysticmod:Shield","mysticmod:EarthenWall"],"campfire_rested":4,"item_purchase_floors":[30,30,30,30,30,46,46,46,46,46],"current_hp_per_floor":[77,77,77,77,77,77,77,71,71,61,61,51,51,51,51,27,77,69,64,64,64,63,58,58,43,43,36,36,30,30,30,54,16,83,80,59,6,42,42,68,68,44,44,70,45,45,48,48,75,0,0],"gold":66,"neow_bonus":"TRANSFORM_CARD","is_daily":false,"chose_seed":false,"campfire_upgraded":3,"win_rate":0.0,"timestamp":1610334152,"path_taken":["M","M","?","M","?","E","R","M","T","?","R","E","M","M","R","BOSS","M","M","M","?","M","E","R","M","T","M","?","E","$","?","R","BOSS","M","M","M","M","?","R","?","E","T","R","M","$","M","E","R","BOSS"],"items_purchased_type":["Relic","Card","Card","Relic","Relic","Relic","Relic","Potion","Card","Card"],"build_version":"2020-12-22","purchased_purges":0,"victory":false,"max_hp_per_floor":[77,77,77,77,77,77,77,77,77,77,77,77,77,77,77,77,77,77,77,77,77,78,79,79,80,80,81,81,82,82,82,82,83,83,84,85,86,87,87,87,87,88,88,88,89,89,90,91,91,91,91],"relic_stats":{"Blood Vial":6,"FaceOfCleric":14,"counters":[28,139],"Bronze Scales":[192],"Tiny Chest":1,"PreservedInsect":313,"Pen Nib":[16],"HandDrill":[10],"Juzu Bracelet":0,"obtain_stats":[{"MerchantsRug":30,"Oddly Smooth Stone":41,"mysticmod:SpellBook":0,"PreservedInsect":5,"Pen Nib":26,"beaked:SacredNecklace":17,"Juzu Bracelet":48,"Whetstone":29,"War Paint":6,"Smiling Mask":42,"Blood Vial":46,"Lizard Tail":12,"FaceOfCleric":21,"Bronze Scales":30,"beaked:SacredDeck":34,"DeathKnight:PutricidesVial":43,"Tiny Chest":23,"HandDrill":30,"mysticmod:BentSpoon":46},{"MerchantsRug":18,"Oddly Smooth Stone":23,"mysticmod:SpellBook":0,"PreservedInsect":3,"Pen Nib":16,"beaked:SacredNecklace":10,"Juzu Bracelet":27,"Whetstone":18,"War Paint":4,"Smiling Mask":24,"Blood Vial":25,"Lizard Tail":7,"FaceOfCleric":13,"Bronze Scales":18,"beaked:SacredDeck":19,"DeathKnight:PutricidesVial":24,"Tiny Chest":15,"HandDrill":18,"mysticmod:BentSpoon":25},{"MerchantsRug":71,"Oddly Smooth Stone":109,"mysticmod:SpellBook":0,"PreservedInsect":8,"Pen Nib":64,"beaked:SacredNecklace":38,"Juzu Bracelet":131,"Whetstone":71,"War Paint":11,"Smiling Mask":116,"Blood Vial":121,"Lizard Tail":23,"FaceOfCleric":49,"Bronze Scales":71,"beaked:SacredDeck":80,"DeathKnight:PutricidesVial":116,"Tiny Chest":59,"HandDrill":71,"mysticmod:BentSpoon":121}]},"card_choices":[{"not_picked":["mysticmod:DiviningBlow","mysticmod:Shield"],"picked":"mysticmod:MagicMissile","floor":1},{"not_picked":["mysticmod:BladeMaster","mysticmod:MirrorStrike"],"picked":"mysticmod:VorpalThrust","floor":2},{"not_picked":["mysticmod:Disengage","mysticmod:BulkUp"],"picked":"mysticmod:DiviningBlow","floor":4},{"not_picked":["mysticmod:Sideswipe","mysticmod:Haste"],"picked":"mysticmod:ComboCaster","floor":6},{"not_picked":["mysticmod:Shield","mysticmod:BladeMaster"],"picked":"mysticmod:PunishingArmor","floor":8},{"not_picked":["mysticmod:BulkUp","mysticmod:Fireball"],"picked":"mysticmod:StyleChange","floor":10},{"not_picked":["mysticmod:AllIn","mysticmod:CorrosiveTouch"],"picked":"mysticmod:MagicMissile","floor":12},{"not_picked":["mysticmod:SuddenClarity","mysticmod:BulkUp"],"picked":"mysticmod:Riposte","floor":13},{"not_picked":["mysticmod:EnergizedRift","mysticmod:CorrosiveTouch"],"picked":"mysticmod:Sideswipe","floor":14},{"not_picked":["mysticmod:SpontaneousCaster","mysticmod:Lunge"],"picked":"mysticmod:Disintegrate","floor":16},{"not_picked":["mysticmod:CorrosiveTouch","mysticmod:BulkUp+1"],"picked":"mysticmod:Shield","floor":18},{"not_picked":["mysticmod:Alacrity","mysticmod:CorrosiveTouch"],"picked":"mysticmod:PreparedCaster","floor":19},{"not_picked":["mysticmod:MirrorStrike","mysticmod:Stoneskin"],"picked":"mysticmod:Fireball+1","floor":20},{"not_picked":["mysticmod:Probe","mysticmod:LightningBolt"],"picked":"mysticmod:Fly+1","floor":22},{"not_picked":["mysticmod:Feint","mysticmod:LightningBolt"],"picked":"mysticmod:PureInstinct+1","floor":23},{"not_picked":["mysticmod:SpellRecall","mysticmod:HunkerDown"],"picked":"mysticmod:PowerSlash+1","floor":25},{"not_picked":["mysticmod:Grease","mysticmod:Shield+1"],"picked":"mysticmod:Dedication","floor":27},{"not_picked":["mysticmod:FiveFootStep","mysticmod:Probe+1"],"picked":"mysticmod:ComboCaster+1","floor":29},{"not_picked":["mysticmod:SpellRecall","mysticmod:KnowledgePool"],"picked":"mysticmod:Discipline","floor":33},{"not_picked":["mysticmod:Disengage","mysticmod:LightningBolt"],"picked":"mysticmod:Daze","floor":35},{"not_picked":["mysticmod:SuddenClarity","mysticmod:EbbAndFlow"],"picked":"mysticmod:BladedDash+1","floor":36},{"not_picked":["mysticmod:ChargedParry+1","mysticmod:PunishingArmor+1"],"picked":"mysticmod:Flourish+1","floor":37},{"not_picked":["mysticmod:Snowball+1","mysticmod:KeenEdge"],"picked":"mysticmod:ComponentsPouch+1","floor":38},{"not_picked":["mysticmod:Grease","mysticmod:HunkerDown+1"],"picked":"mysticmod:Daze","floor":42},{"not_picked":["mysticmod:Disengage","mysticmod:BulkUp"],"picked":"mysticmod:RapidCaster","floor":45},{"not_picked":["mysticmod:MightyMagic","mysticmod:SuddenClarity"],"picked":"mysticmod:Alacrity+1","floor":47},{"not_picked":["mysticmod:Daze","mysticmod:BulkUp"],"picked":"mysticmod:Probe+1","floor":48}],"player_experience":659593,"relics_obtained":[{"floor":6,"key":"War Paint"},{"floor":12,"key":"Lizard Tail"},{"floor":23,"key":"Tiny Chest"},{"floor":26,"key":"Pen Nib"},{"floor":29,"key":"Whetstone"},{"floor":41,"key":"Oddly Smooth Stone"},{"floor":42,"key":"Smiling Mask"},{"floor":43,"key":"DeathKnight:PutricidesVial"},{"floor":48,"key":"Juzu Bracelet"}],"event_choices":[{"damage_healed":0,"gold_gain":62,"player_choice":"Gained Gold","damage_taken":0,"max_hp_gain":0,"max_hp_loss":0,"event_name":"Golden Wing","floor":3,"gold_loss":0},{"damage_healed":0,"gold_gain":0,"player_choice":"Gave Potion","damage_taken":0,"relics_obtained":["PreservedInsect"],"max_hp_gain":0,"max_hp_loss":0,"event_name":"WeMeetAgain","floor":5,"gold_loss":0},{"damage_healed":0,"gold_gain":0,"player_choice":"Trade","damage_taken":0,"relics_obtained":["FaceOfCleric"],"max_hp_gain":0,"max_hp_loss":0,"event_name":"FaceTrader","floor":21,"gold_loss":0},{"damage_healed":0,"gold_gain":0,"player_choice":"Upgraded","damage_taken":0,"max_hp_gain":0,"max_hp_loss":0,"event_name":"Upgrade Shrine","floor":28,"gold_loss":0,"cards_upgraded":["mysticmod:StyleChange"]},{"damage_healed":0,"gold_gain":0,"player_choice":"Got Potions","damage_taken":0,"max_hp_gain":0,"max_hp_loss":0,"event_name":"Lab","floor":31,"gold_loss":0},{"damage_healed":0,"gold_gain":0,"player_choice":"Ignored","damage_taken":0,"max_hp_gain":0,"max_hp_loss":0,"event_name":"The Moai Head","floor":39,"gold_loss":0}],"is_beta":false,"boss_relics":[{"not_picked":["Cursed Key","Runic Pyramid"],"picked":"beaked:SacredNecklace"},{"not_picked":["Snecko Eye","SacredBark"],"picked":"beaked:SacredDeck"}],"items_purged_floors":[],"is_endless":false,"potions_floor_spawned":[1,6,8,10,16,20,25,27,37,38,48],"killed_by":"Donu and Deca","ascension_level":0}}