{"host":"nn8dnwg7qu5hzjj2","time":1610405170,"event":{"mods":["AchievementEnabler","AlwaysNeverKeys","BaseMod","Better Match","Better Note","Better Sensory Stone","Better Third Choice","Better Vampires","Card Forge","Colored Map","Colored Powertips","Dark Map","Data Control","Filter the Spire","Highlight Path","Infinite Spire","Minty Spire (QoL Compilation)","Permanent Neow","Poem Panic","Practice Mode","Relic Filter","Relic Sorter","Replay The Spire","Shop Mod","StSLib","SuperFastMode","Synergy Search","The Jungle","Transform Curses","Uncapped","Waifu the Spire"],"gold_per_floor":[111,130,150,780,790,823,841,841,841,860,872,889,919,387,387,486,486,499,499,519,282,282,312,324,340,340,340,365,365,398,398,398,496,496,509,529,548,14443,14443,14472,14489,14509,14583,14600,14612,14624,14638,14656,14656,14656],"floor_reached":51,"playtime":2449,"items_purged":[],"score":1281,"play_id":"34c29dab-5f43-4737-87ad-0807faa67ef8","local_time":"20210111154610","is_ascension_mode":true,"campfire_choices":[{"data":"Genetic Algorithm","floor":8,"key":"SMITH"},{"floor":15,"key":"DIG"},{"data":"Exhume","floor":27,"key":"SMITH"},{"data":"Catalyst","floor":29,"key":"SMITH"},{"floor":32,"key":"DIG"}],"circlet_count":0,"master_deck":["Corpse Explosion+1","Catalyst+1","Bouncing Flask+1","Burst+1","Deadly Poison+1","Envenom+1","Adrenaline+1","Exhume+1","Entrench","Genetic Algorithm+1","Catalyst+1","Barricade+1","Hidden Blade","infinitespire:Neurotoxin+1","Toxin Wave+1","ReplayTheSpireMod:Echoes of Time+1","Toxin Wave+1","Deadly Poison+1","Tactician+1","Poison Darts+1","Hidden Blade+1","Hidden Blade+1"],"relics":["Ring of the Snake","Hammer of Thor","Seething Fire","Anvil of the Gods","ClockworkSouvenir","Replay:PocketPolymizer","Meat on the Bone","infinitespire:BottledMercury","infinitespire:Eraser","Toxic Egg 2","Bag of Preparation","Shuriken","Toolbox","infinitespire:CheckeredPen","Runic Pyramid","BargainBundle","infinitespire:EmpoweringShard","Counterbalance","Ring of Hypnosis","ReplayTheSpireMod:Ring of Collecting","Ancient Tea Set","ReplayTheSpireMod:Ring of Addiction","Smiling Mask","Potion Belt","Toy Ornithopter","Tiny Chest","Darkstone Periapt","Blue Doll","Replay:Bronze Core","Sundial","Vajra","Frozen Eye","Molten Egg 2","Ring of Greed","Pet Ghost","MealTicket","Membership Card"],"acts_visited":["Exordium","TheCity","TheBeyond"],"potions_floor_usage":[42,42,42,42,42],"damage_taken":[{"damage":0,"enemies":"Small Slimes","floor":1,"turns":2},{"damage":0,"enemies":"Jaw Worm","floor":2,"turns":1},{"damage":0,"enemies":"2 Louse","floor":3,"turns":1},{"damage":0,"enemies":"Red Slaver","floor":5,"turns":1},{"damage":18,"enemies":"3 Sentries","floor":6,"turns":4},{"damage":0,"enemies":"Exordium Thugs","floor":7,"turns":1},{"damage":0,"enemies":"Exordium Wildlife","floor":10,"turns":1},{"damage":0,"enemies":"Large Slime","floor":11,"turns":1},{"damage":0,"enemies":"Lots of Slimes","floor":12,"turns":1},{"damage":0,"enemies":"Lagavulin","floor":13,"turns":1},{"damage":0,"enemies":"The Guardian","floor":16,"turns":1},{"damage":0,"enemies":"Chosen","floor":18,"turns":1},{"damage":0,"enemies":"3 Byrds","floor":20,"turns":1},{"damage":0,"enemies":"Slavers","floor":23,"turns":1},{"damage":0,"enemies":"3 Cultists","floor":24,"turns":1},{"damage":0,"enemies":"Centurion and Healer","floor":25,"turns":1},{"damage":0,"enemies":"Gremlin Leader","floor":28,"turns":2},{"damage":0,"enemies":"Slavers","floor":30,"turns":1},{"damage":0,"enemies":"Collector","floor":33,"turns":2},{"damage":0,"enemies":"Orb Walker","floor":35,"turns":1},{"damage":0,"enemies":"3 Darklings","floor":36,"turns":1},{"damage":0,"enemies":"Spire Growth","floor":37,"turns":1},{"damage":0,"enemies":"Nemesis","floor":40,"turns":1},{"damage":0,"enemies":"Sphere and 2 Shapes","floor":41,"turns":2},{"damage":0,"enemies":"Writhing Mass","floor":42,"turns":1},{"damage":0,"enemies":"Jaw Worm Horde","floor":44,"turns":1},{"damage":0,"enemies":"4 Shapes","floor":45,"turns":1},{"damage":0,"enemies":"3 Darklings","floor":46,"turns":2},{"damage":0,"enemies":"Writhing Mass","floor":47,"turns":1},{"damage":0,"enemies":"Sphere and 2 Shapes","floor":48,"turns":1},{"damage":5,"enemies":"Awakened One","floor":50,"turns":5}],"seed_played":"6624858336492623481","potions_obtained":[{"floor":1,"key":"AttackPotion"},{"floor":2,"key":"Explosive Potion"},{"floor":6,"key":"SkillPotion"},{"floor":25,"key":"DistilledChaos"},{"floor":26,"key":"FearPotion"},{"floor":26,"key":"Dexterity Potion"},{"floor":33,"key":"DistilledChaos"},{"floor":37,"key":"infinitespire:BlackPotion"},{"floor":42,"key":"Fire Potion"}],"is_trial":false,"path_per_floor":["M","M","M","$","M","E","M","R","T","M","M","M","E","$","R_BF","B",null,"M","?","M","$","?","E","M","M","T","R","E","R","E","?","R_BF","B",null,"M","M","M","$","?","E","M","M","T","M","M","M","M","M","R_BF","B",null],"character_chosen":"THE_SILENT","items_purchased":["ClockworkSouvenir","Replay:PocketPolymizer","Meat on the Bone","Bag of Preparation","Shuriken","Toolbox","BargainBundle","infinitespire:EmpoweringShard","Counterbalance","Sundial","Vajra","Frozen Eye"],"campfire_rested":0,"item_purchase_floors":[4,4,4,14,14,14,21,21,21,38,38,38],"current_hp_per_floor":[77,77,77,77,77,59,59,59,59,59,59,59,59,59,59,59,77,77,77,77,77,77,77,77,77,77,77,77,77,75,75,75,73,73,73,71,71,71,69,69,69,67,67,67,67,65,65,65,63,58],"gold":14656,"neow_bonus":"TEN_PERCENT_HP_BONUS","is_daily":false,"chose_seed":false,"campfire_upgraded":3,"win_rate":0.0,"timestamp":1610405170,"path_taken":["M","M","M","$","M","E","M","R","T","M","M","M","E","$","R_BF","BOSS","M","?","M","$","?","E","M","M","T","R","E","R","E","?","R_BF","BOSS","M","M","M","$","?","E","M","M","T","M","M","?","M","M","R_BF","BOSS"],"items_purchased_type":["Relic","Relic","Relic","Relic","Relic","Relic","Relic","Relic","Relic","Relic","Relic","Relic"],"build_version":"2020-12-22","purchased_purges":0,"victory":true,"max_hp_per_floor":[77,77,77,77,77,77,77,77,77,77,77,77,77,77,77,77,77,77,77,77,77,77,77,77,77,77,77,77,77,75,75,75,73,73,73,71,71,71,69,69,69,67,67,67,67,65,65,65,63,63],"card_choices":[{"not_picked":["Underhanded Strike","ReplayTheSpireMod:Exploit Weakness"],"picked":"Catalyst","floor":1},{"not_picked":["Slice","Infinite Blades"],"picked":"Hidden Blade","floor":2},{"not_picked":["Dagger Throw","Endless Agony","Slice"],"picked":"SKIP","floor":3},{"not_picked":["Cloak And Dagger","Bane","Hidden Blade"],"picked":"SKIP","floor":5},{"not_picked":["PiercingWail","Skewer","Cloak And Dagger"],"picked":"SKIP","floor":6},{"not_picked":["Sucker Punch","Corpse Explosion","Choke"],"picked":"SKIP","floor":7},{"not_picked":["Dodge and Roll","Backflip","Flying Knee"],"picked":"SKIP","floor":10},{"not_picked":["Underhanded Strike","Outmaneuver","Sucker Punch"],"picked":"SKIP","floor":11},{"not_picked":["Slice","ReplayTheSpireMod:Scrap Shanks","Deflect"],"picked":"SKIP","floor":12},{"not_picked":["Dodge and Roll+1","Choke","Dagger Spray"],"picked":"SKIP","floor":13},{"not_picked":["Doppelganger+1","ReplayTheSpireMod:Necrosis+1"],"picked":"infinitespire:Neurotoxin+1","floor":16},{"not_picked":["Acrobatics+1","Endless Agony"],"picked":"Toxin Wave+1","floor":18},{"not_picked":["Dagger Spray","Flying Knee+1"],"picked":"Toxin Wave+1","floor":20},{"not_picked":["Sucker Punch","Skewer"],"picked":"Deadly Poison+1","floor":23},{"not_picked":["Poisoned Stab","Concentrate+1","Deadly Poison+1"],"picked":"SKIP","floor":24},{"not_picked":["Slice","Dagger Throw","Flying Knee"],"picked":"SKIP","floor":25},{"not_picked":["Noxious Fumes","Calculated Gamble+1"],"picked":"Tactician+1","floor":28},{"not_picked":["ReplayTheSpireMod:Tripwire+1","Caltrops","Hidden Blade+1"],"picked":"SKIP","floor":30},{"not_picked":["ReplayTheSpireMod:From All Sides","Die Die Die"],"picked":"Poison Darts+1","floor":33},{"not_picked":["Hidden Blade+1","Fluid Movement","Caltrops+1"],"picked":"SKIP","floor":35},{"not_picked":["Outmaneuver+1","Acrobatics+1","Slice"],"picked":"SKIP","floor":36},{"not_picked":["Dagger Spray","PiercingWail+1"],"picked":"Hidden Blade+1","floor":37},{"not_picked":["Poisoned Stab+1","Expertise+1","Deflect+1"],"picked":"SKIP","floor":40},{"not_picked":["Poisoned Stab+1","Expertise+1","Deflect+1"],"picked":"SKIP","floor":40},{"not_picked":["Bane+1","PiercingWail+1","Acrobatics+1"],"picked":"SKIP","floor":41},{"not_picked":["Endless Agony+1","Flechettes+1","ReplayTheSpireMod:Exploit Weakness+1"],"picked":"SKIP","floor":42},{"not_picked":["ReplayTheSpireMod:Speed Training+1","Unload+1","Setup+1"],"picked":"SKIP","floor":44},{"not_picked":["Acrobatics+1","Noxious Fumes","Blade Dance+1"],"picked":"SKIP","floor":45},{"not_picked":["Quick Slash+1","Underhanded Strike+1"],"picked":"Hidden Blade+1","floor":46},{"not_picked":["Dodge and Roll+1","Well Laid Plans","Acrobatics+1"],"picked":"SKIP","floor":47},{"not_picked":["Heel Hook+1","Calculated Gamble+1","Backflip+1"],"picked":"SKIP","floor":48}],"player_experience":126258,"relics_obtained":[{"floor":6,"key":"infinitespire:BottledMercury"},{"floor":9,"key":"infinitespire:Eraser"},{"floor":13,"key":"Toxic Egg 2"},{"floor":15,"key":"infinitespire:CheckeredPen"},{"floor":22,"key":"Ring of Hypnosis"},{"floor":22,"key":"ReplayTheSpireMod:Ring of Collecting"},{"floor":23,"key":"Ancient Tea Set"},{"floor":26,"key":"ReplayTheSpireMod:Ring of Addiction"},{"floor":26,"key":"Smiling Mask"},{"floor":26,"key":"Potion Belt"},{"floor":26,"key":"Toy Ornithopter"},{"floor":28,"key":"Tiny Chest"},{"floor":30,"key":"Darkstone Periapt"},{"floor":32,"key":"Blue Doll"},{"floor":40,"key":"Molten Egg 2"},{"floor":43,"key":"Ring of Greed"},{"floor":43,"key":"Pet Ghost"},{"floor":43,"key":"MealTicket"},{"floor":43,"key":"Membership Card"}],"event_choices":[{"damage_healed":0,"gold_gain":0,"player_choice":"Take","damage_taken":0,"max_hp_gain":0,"max_hp_loss":0,"event_name":"betterNote:BetterNote","floor":19,"gold_loss":0,"cards_obtained":["ReplayTheSpireMod:Echoes of Time"]},{"damage_healed":0,"gold_gain":0,"player_choice":"Ignored","damage_taken":0,"max_hp_gain":0,"max_hp_loss":0,"event_name":"Transmorgrifier","floor":31,"gold_loss":0},{"damage_healed":0,"gold_gain":0,"player_choice":"Ignored","damage_taken":0,"max_hp_gain":0,"max_hp_loss":0,"event_name":"Purifier","floor":39,"gold_loss":0}],"is_beta":false,"boss_relics":[{"not_picked":["HoveringKite","Snecko Eye"],"picked":"Runic Pyramid"},{"not_picked":["Snecko Scales","Replay:Ancient Bell"],"picked":"Replay:Bronze Core"}],"items_purged_floors":[],"is_endless":false,"potions_floor_spawned":[1,2,6,16,25,28,33,37,41,42],"ascension_level":4}}