{"host":"ji1fk25fd1ga4ji1","time":1610377695,"event":{"mods":["2.2 Compatiblity","BaseMod","Colored Map","DeckTracker","Minty Spire (QoL Compilation)","Permanent Neow","Quick Restart","StSLib","SuperFastMode"],"gold_per_floor":[15,15,26,40,53,88,98,126,172,39,39,57,57,82,82,180,180,199,149,164,164,175,175,175,208,232,267,267,267,136,166,178,291,303,331,343,368,330,430,430,233,233,233,233,233,265,215,227,227,227],"floor_reached":51,"playtime":1002,"items_purged":["Perfected Strike","Reckless Charge","Bludgeon+1","Bash+1","Whirlwind+1"],"score":835,"play_id":"f762b186-2f32-4e5e-a2c3-6f2677decd93","local_time":"20210112000815","is_ascension_mode":true,"campfire_choices":[{"data":"Bludgeon","floor":11.0,"key":"SMITH"},{"data":"Armaments","floor":13.0,"key":"SMITH"},{"data":"Bash","floor":15.0,"key":"SMITH"},{"data":"Berserk","floor":23,"key":"SMITH"},{"data":"Demon Form","floor":29,"key":"SMITH"},{"data":"Sword Boomerang","floor":32,"key":"SMITH"},{"data":"Limit Break","floor":40,"key":"SMITH"},{"data":"Heavy Blade","floor":42,"key":"SMITH"},{"data":"Inflame","floor":44,"key":"SMITH"},{"data":"Disarm","floor":49,"key":"SMITH"}],"circlet_count":0,"master_deck":["Armaments+1","Ghostly Armor","Berserk+1","Demon Form+1","Shockwave","Pummel","Disarm+1","Shrug It Off+1","Inflame+1","Sword Boomerang+1","Limit Break+1","Disarm+1","Heavy Blade+1"],"relics":["Burning Blood","Lizard Tail","Meat on the Bone","Juzu Bracelet","White Beast Statue","Smiling Mask","Pandora\u0027s Box","Pear","Bag of Marbles","Matryoshka","MawBank","Empty Cage","Vajra","Gambling Chip","Centennial Puzzle"],"acts_visited":["Exordium","TheCity","TheBeyond"],"potions_floor_usage":[25,25,25,25,25,27,31,33,37,37,50,50],"damage_taken":[{"damage":0.0,"enemies":"Small Slimes","floor":1.0,"turns":3.0},{"damage":1.0,"enemies":"Cultist","floor":3.0,"turns":3.0},{"damage":11.0,"enemies":"Jaw Worm","floor":4.0,"turns":2.0},{"damage":18.0,"enemies":"3 Louse","floor":5.0,"turns":5.0},{"damage":35.0,"enemies":"Lagavulin","floor":6.0,"turns":6.0},{"damage":7.0,"enemies":"Blue Slaver","floor":7.0,"turns":3.0},{"damage":18.0,"enemies":"3 Sentries","floor":8.0,"turns":8.0},{"damage":12.0,"enemies":"Exordium Thugs","floor":12.0,"turns":3.0},{"damage":25.0,"enemies":"Lagavulin","floor":14.0,"turns":8.0},{"damage":28.0,"enemies":"Hexaghost","floor":16.0,"turns":6.0},{"damage":36.0,"enemies":"2 Thieves","floor":18.0,"turns":4.0},{"damage":8.0,"enemies":"3 Byrds","floor":20.0,"turns":7.0},{"damage":15,"enemies":"Snecko","floor":22,"turns":3},{"damage":1,"enemies":"Slavers","floor":25,"turns":4},{"damage":35,"enemies":"Gremlin Leader","floor":27,"turns":6},{"damage":23,"enemies":"Book of Stabbing","floor":31,"turns":6},{"damage":18,"enemies":"Champ","floor":33,"turns":9},{"damage":16,"enemies":"3 Shapes","floor":35,"turns":6},{"damage":11,"enemies":"Orb Walker","floor":37,"turns":4},{"damage":7,"enemies":"Giant Head","floor":46,"turns":6},{"damage":24,"enemies":"Spire Growth","floor":48,"turns":4},{"damage":44,"enemies":"Time Eater","floor":50,"turns":9}],"seed_played":"7507440980759822607","potions_obtained":[{"floor":2.0,"key":"AttackPotion"},{"floor":2.0,"key":"ColorlessPotion"},{"floor":2.0,"key":"DistilledChaos"},{"floor":3.0,"key":"EntropicBrew"},{"floor":4.0,"key":"Regen Potion"},{"floor":5.0,"key":"Fire Potion"},{"floor":6.0,"key":"Fruit Juice"},{"floor":12.0,"key":"ElixirPotion"},{"floor":14.0,"key":"GamblersBrew"},{"floor":16.0,"key":"GamblersBrew"},{"floor":18.0,"key":"Block Potion"},{"floor":20.0,"key":"EssenceOfSteel"},{"floor":22,"key":"LiquidBronze"},{"floor":25,"key":"BloodPotion"},{"floor":27,"key":"ColorlessPotion"},{"floor":31,"key":"GamblersBrew"},{"floor":33,"key":"Swift Potion"},{"floor":35,"key":"BloodPotion"},{"floor":37,"key":"Energy Potion"}],"is_trial":false,"path_per_floor":["M","?","M","M","M","E","M","E","T","?","R","M","R","E","R","B",null,"M","$","M","?","M","R","?","E","T","E","?","R","$","E","R","B",null,"M","?","M","$","?","R","$","R","T","R","?","E","$","M","R","B",null],"character_chosen":"IRONCLAD","items_purchased":["Inflame","Heavy Blade","FairyPotion"],"campfire_rested":0,"item_purchase_floors":[30,41,41],"current_hp_per_floor":[80,80,80,75,63,49,53,41,41,41,41,47,47,40,40,30,85,55,55,53,53,56,56,56,71,71,61,61,61,61,56,56,56,95,85,85,95,95,95,95,95,95,95,95,95,94,94,76,76,50],"gold":227,"neow_bonus":"TRANSFORM_TWO_CARDS","is_daily":false,"chose_seed":false,"campfire_upgraded":10,"win_rate":0.0,"timestamp":1610377695,"path_taken":["M","?","M","M","M","E","M","E","T","?","R","M","R","E","R","BOSS","M","?","M","?","M","R","?","E","T","E","?","R","$","E","R","BOSS","M","?","M","$","?","R","$","R","T","R","?","E","$","M","R","BOSS"],"items_purchased_type":["Card","Card","Potion"],"build_version":"2020-12-22","purchased_purges":5,"victory":true,"max_hp_per_floor":[80,80,80,80,80,80,85,85,85,85,85,85,85,85,85,85,85,85,85,85,85,85,85,85,95,95,95,95,95,95,95,95,95,95,95,95,95,95,95,95,95,95,95,95,95,95,95,95,95,95],"card_choices":[{"not_picked":["Havoc","Pommel Strike","Heavy Blade"],"picked":"SKIP","floor":1.0},{"not_picked":["Twin Strike","Metallicize"],"picked":"Ghostly Armor","floor":3.0},{"not_picked":["Hemokinesis","Havoc","Wild Strike"],"picked":"SKIP","floor":4.0},{"not_picked":["Pommel Strike","Flame Barrier","Armaments"],"picked":"SKIP","floor":5.0},{"not_picked":["Whirlwind","Carnage","Shockwave"],"picked":"SKIP","floor":6.0},{"not_picked":["Sentinel","Sever Soul","Thunderclap"],"picked":"SKIP","floor":7.0},{"not_picked":["Brutality","Iron Wave","Uppercut"],"picked":"SKIP","floor":8.0},{"not_picked":["Perfected Strike","Twin Strike","Sentinel"],"picked":"SKIP","floor":12.0},{"not_picked":["Carnage","Iron Wave","Armaments"],"picked":"SKIP","floor":14.0},{"not_picked":["Corruption","Impervious"],"picked":"Berserk","floor":16.0},{"not_picked":["Seeing Red","Shockwave+1"],"picked":"Disarm+1","floor":18.0},{"not_picked":["True Grit","Warcry"],"picked":"Whirlwind+1","floor":20.0},{"not_picked":["Feel No Pain","Uppercut+1","Clothesline"],"picked":"SKIP","floor":22},{"not_picked":["Cleave","Burning Pact","Evolve"],"picked":"SKIP","floor":25},{"not_picked":["Blood for Blood","Seeing Red+1"],"picked":"Shrug It Off+1","floor":27},{"not_picked":["Anger","Blood for Blood+1"],"picked":"Sword Boomerang","floor":31},{"not_picked":["Feed","Corruption"],"picked":"Limit Break","floor":33},{"not_picked":["Power Through+1","Clash","Twin Strike+1"],"picked":"SKIP","floor":35},{"not_picked":["True Grit+1","Spot Weakness"],"picked":"Disarm","floor":37},{"not_picked":["Juggernaut","Armaments","Warcry"],"picked":"SKIP","floor":46},{"not_picked":["Perfected Strike","Twin Strike","Clash"],"picked":"SKIP","floor":48}],"player_experience":469869,"relics_obtained":[{"floor":6.0,"key":"Lizard Tail"},{"floor":8.0,"key":"Meat on the Bone"},{"floor":9.0,"key":"Juzu Bracelet"},{"floor":14.0,"key":"Smiling Mask"},{"floor":25,"key":"Pear"},{"floor":26,"key":"Bag of Marbles"},{"floor":27,"key":"Matryoshka"},{"floor":31,"key":"MawBank"},{"floor":43,"key":"Vajra"},{"floor":43,"key":"Gambling Chip"},{"floor":46,"key":"Centennial Puzzle"}],"event_choices":[{"damage_healed":0.0,"max_hp_gain":0.0,"max_hp_loss":0.0,"gold_gain":0.0,"event_name":"Lab","player_choice":"Got Potions","floor":2.0,"gold_loss":0.0,"damage_taken":0.0},{"damage_healed":0.0,"max_hp_gain":0.0,"max_hp_loss":0.0,"gold_gain":0.0,"event_name":"WeMeetAgain","player_choice":"Paid Gold","floor":10.0,"gold_loss":133.0,"damage_taken":0.0,"relics_obtained":["White Beast Statue"]},{"damage_healed":0,"gold_gain":0,"player_choice":"Ignored","damage_taken":0,"max_hp_gain":0,"max_hp_loss":0,"event_name":"The Mausoleum","floor":21,"gold_loss":0},{"damage_healed":0,"gold_gain":0,"player_choice":"Ignored","damage_taken":0,"max_hp_gain":0,"max_hp_loss":0,"event_name":"Cursed Tome","floor":24,"gold_loss":0},{"damage_healed":0,"gold_gain":0,"player_choice":"Ignored","damage_taken":0,"max_hp_gain":0,"max_hp_loss":0,"event_name":"Vampires","floor":28,"gold_loss":0},{"damage_healed":0,"gold_gain":0,"player_choice":"Ignored","damage_taken":0,"max_hp_gain":0,"max_hp_loss":0,"event_name":"Tomb of Lord Red Mask","floor":36,"gold_loss":0},{"damage_healed":0,"gold_gain":100,"player_choice":"Pray","damage_taken":0,"max_hp_gain":0,"max_hp_loss":0,"event_name":"Golden Shrine","floor":39,"gold_loss":0},{"damage_healed":0,"gold_gain":0,"player_choice":"Ignored","damage_taken":0,"max_hp_gain":0,"max_hp_loss":0,"event_name":"SecretPortal","floor":45,"gold_loss":0}],"is_beta":false,"boss_relics":[{"not_picked":["Busted Crown","Tiny House"],"picked":"Pandora\u0027s Box"},{"not_picked":["Astrolabe","Coffee Dripper"],"picked":"Empty Cage"}],"items_purged_floors":[19,30,38,41,47],"is_endless":false,"potions_floor_spawned":[3,4,5,6,12,14,16,18,20,22,25,27,31,33,35,37,46,48],"ascension_level":1}}