{"host":"h9d5il8g1iqie9ys","time":1610382132,"event":{"mods":["BaseMod","Colored Powertips","Decade(???)","Hero for Fun","Luminous","Marisa????????","Minty Spire (QoL Compilation)","StSLib","The Administrix","The Animator","The Bug Knight","The Cursed","The Exalted","The Necromancer","The Poker Player","The Saiyan","The Servant 0.9.4","The Wild Card"],"gold_per_floor":[118,118,118,43,43,77,94,121,194,217,229,240,259,270,270,366,366,380,380,380,380],"floor_reached":19,"playtime":1352,"items_purged":["Regret"],"score":204,"play_id":"17b92df8-19d4-4fa0-9061-a1abceb8a062","local_time":"20210111232212","is_ascension_mode":false,"metric_token":1170,"campfire_choices":[{"floor":15.0,"key":"REST"}],"circlet_count":0,"master_deck":["PokerPlayerMod:Diamond1","PokerPlayerMod:Diamond2","PokerPlayerMod:Diamond3","PokerPlayerMod:Diamond4","PokerPlayerMod:Diamond5","PokerPlayerMod:Spade1","PokerPlayerMod:Spade2","PokerPlayerMod:Spade3","PokerPlayerMod:Spade4","PokerPlayerMod:Club1","PokerPlayerMod:Club2","PokerPlayerMod:Heart2","PokerPlayerMod:TrumpStrike","PokerPlayerMod:BadJoker","PokerPlayerMod:Mulligan+1","PokerPlayerMod:MagicTrick","PokerPlayerMod:CloakAndDiamond","PokerPlayerMod:HotShotCut","PokerPlayerMod:Diamond4","PokerPlayerMod:ClubsClub","PokerPlayerMod:FakeSymbols","PokerPlayerMod:Overdeal","PokerPlayerMod:Extraction","PokerPlayerMod:Heart3","PokerPlayerMod:SecretDealer","PokerPlayerMod:Configure"],"relics":["PokerPlayerMod:DeckCase","NeowsBlessing","Bromod:ArcaneConsequence","Bromod:ArcaneTempo","Vajra","Dream Catcher","Lantern","Bromod:ArcaneBarrier"],"acts_visited":["Exordium","TheCity"],"potions_floor_usage":[19,19],"damage_taken":[{"damage":0.0,"enemies":"Jaw Worm","floor":1.0,"turns":1.0},{"damage":0.0,"enemies":"Gremlin Nob","floor":6.0,"turns":1.0},{"damage":0.0,"enemies":"Small Slimes","floor":7.0,"turns":1.0},{"damage":12.0,"enemies":"Lagavulin","floor":8.0,"turns":3.0},{"damage":0.0,"enemies":"2 Louse","floor":11.0,"turns":2.0},{"damage":0.0,"enemies":"Exordium Wildlife","floor":12.0,"turns":2.0},{"damage":0.0,"enemies":"Lots of Slimes","floor":13.0,"turns":1.0},{"damage":0.0,"enemies":"Blue Slaver","floor":14.0,"turns":1.0},{"damage":8.0,"enemies":"Slime Boss","floor":16.0,"turns":6.0},{"damage":25.0,"enemies":"2 Thieves","floor":18.0,"turns":4.0},{"damage":36,"enemies":"Centurion and Healer","floor":19,"turns":5}],"seed_played":"-6774116363978083500","potions_obtained":[{"floor":6.0,"key":"BlessingOfTheForge"},{"floor":11.0,"key":"LiquidMemories"},{"floor":12.0,"key":"SpeedPotion"}],"is_trial":false,"path_per_floor":["M","?","?","$","?","E","M","E","T","T","M","M","M","M","R","B",null,"M","M"],"character_chosen":"THE_POKER_PLAYER","items_purchased":[],"campfire_rested":1,"item_purchase_floors":[],"current_hp_per_floor":[52,45,45,45,45,45,51,39,39,39,41,45,45,45,52,44,52,32,0,0,0],"gold":380,"neow_bonus":"THREE_ENEMY_KILL","is_daily":false,"chose_seed":false,"campfire_upgraded":0,"win_rate":0.0,"timestamp":1610382132,"path_taken":["M","?","?","$","?","E","M","E","T","?","?","M","M","M","R","BOSS","M","M"],"items_purchased_type":[],"build_version":"2020-12-22","purchased_purges":1,"victory":false,"max_hp_per_floor":[52,52,52,52,52,52,52,52,52,52,52,52,52,52,52,52,52,52,52,52,52],"card_choices":[{"not_picked":["PokerPlayerMod:DartThrow","PokerPlayerMod:Club1"],"picked":"PokerPlayerMod:MagicTrick","floor":1.0},{"not_picked":["PokerPlayerMod:DartThrow","PokerPlayerMod:Diamond6"],"picked":"PokerPlayerMod:CloakAndDiamond","floor":6.0},{"not_picked":["PokerPlayerMod:Fold","PokerPlayerMod:RiskyBet"],"picked":"PokerPlayerMod:HotShotCut","floor":7.0},{"not_picked":["PokerPlayerMod:Spade6","PokerPlayerMod:JackOfSpades"],"picked":"PokerPlayerMod:Diamond4","floor":8.0},{"not_picked":["PokerPlayerMod:CardPrinter","PokerPlayerMod:Configure"],"picked":"PokerPlayerMod:ClubsClub","floor":11.0},{"not_picked":["PokerPlayerMod:Sharpen","PokerPlayerMod:Diamond2"],"picked":"PokerPlayerMod:FakeSymbols","floor":12.0},{"not_picked":["PokerPlayerMod:Raise","PokerPlayerMod:Diamond1"],"picked":"PokerPlayerMod:Overdeal","floor":13.0},{"not_picked":["PokerPlayerMod:SpadeStrike","PokerPlayerMod:Raise"],"picked":"PokerPlayerMod:Extraction","floor":14.0},{"not_picked":["PokerPlayerMod:Diamond1","PokerPlayerMod:Spade2"],"picked":"PokerPlayerMod:Heart3","floor":15.0},{"not_picked":["PokerPlayerMod:RoyalStrike","PokerPlayerMod:Club9"],"picked":"PokerPlayerMod:SecretDealer","floor":16.0},{"not_picked":["PokerPlayerMod:Diamond1","PokerPlayerMod:Spade1"],"picked":"PokerPlayerMod:Configure","floor":18.0}],"player_experience":189295,"relics_obtained":[{"floor":6.0,"key":"Vajra"},{"floor":8.0,"key":"Dream Catcher"},{"floor":10.0,"key":"Lantern"}],"event_choices":[{"damage_healed":0.0,"max_hp_gain":0.0,"max_hp_loss":0.0,"gold_gain":0.0,"event_name":"Scrap Ooze","player_choice":"Success","floor":2.0,"gold_loss":0.0,"damage_taken":7.0,"relics_obtained":["Bromod:ArcaneConsequence"]},{"damage_healed":0.0,"max_hp_gain":0.0,"max_hp_loss":0.0,"gold_gain":0.0,"event_name":"Big Fish","player_choice":"Box","floor":3.0,"gold_loss":0.0,"damage_taken":0.0,"relics_obtained":["Bromod:ArcaneTempo"],"cards_obtained":["Regret"]},{"damage_healed":0.0,"max_hp_gain":0.0,"max_hp_loss":0.0,"gold_gain":0.0,"event_name":"Living Wall","player_choice":"Grow","floor":5.0,"gold_loss":0.0,"damage_taken":0.0,"cards_upgraded":["PokerPlayerMod:Mulligan"]}],"is_beta":false,"boss_relics":[{"not_picked":["Coffee Dripper","Bromod:ArcaneGrace"],"picked":"Bromod:ArcaneBarrier"}],"items_purged_floors":[4],"is_endless":false,"potions_floor_spawned":[6,11,12,16],"killed_by":"Centurion and Healer","ascension_level":0}}