{"host":"l12hrjjiowxu1z6t","time":1610348583,"event":{"mods":["100% Spire Juice","2.2 Compatiblity","AlwaysNeverKeys","Arknights The Spire","Aspiration","BaseMod","Better Third Choice","BetterRewards","CapriCore","Challenge The Spire","ChefMod","Conspire","Dark Map","Ekko","Evolution","Googly Eyes","Halation","Hubris","Jedi Mod","Minty Spire (QoL Compilation)","Permanent Neow","Quick Restart","Remove Card Discount Mod","Replay The Spire","Robot Space Explorer","Shop Mod","StSLib","The Alterego","The Hierophant","TheWitcher","Yakumo Yukari mod","[IsaacMod]????","vexMod"],"gold_per_floor":[111,111,111,109,109,124,147,188,188,188,188,207,207,227,227,352,352,371,421,232,250,275,311,334,334,334,334,334,282,282,332,332,458,458,483,508,526,524,574,574,593,617,617,631,631,802,836,886,886,886,886],"floor_reached":50,"playtime":3330,"items_purged":["Injury","Doubt","Voices"],"score":663,"play_id":"273b5bc8-d60a-447d-96e5-53987570a20e","local_time":"20210111070303","is_ascension_mode":false,"campfire_choices":[{"data":"chefmod:Puree","floor":11,"key":"SMITH"},{"data":"chefmod:SushiPlatter","floor":13,"key":"SMITH"},{"data":"chefmod:FiveAlarmChili","floor":15,"key":"SMITH"},{"data":"chefmod:FreezerBurn","floor":25,"key":"SMITH"},{"data":"chefmod:QuickThaw","floor":28,"key":"SMITH"},{"data":"chefmod:FreshProduce","floor":32,"key":"SMITH"},{"floor":40,"key":"REST"},{"floor":45,"key":"REST"},{"floor":49,"key":"REST"}],"circlet_count":0,"master_deck":["chefmod:Strike","chefmod:Strike","chefmod:Strike","chefmod:Strike","chefmod:QuickThaw+1","chefmod:Defend","chefmod:Defend","chefmod:Defend","chefmod:Defend","chefmod:TodaysSpecial+1","chefmod:Puree+1","chefmod:SushiPlatter+1","chefmod:FryPan","chefmod:FreezerBurn+1","chefmod:FiveAlarmChili+1","chefmod:DeathByChocolate","chefmod:FreshProduce+1","chefmod:DinoKale+1","chefmod:FullBurn+1","chefmod:FireUp+1","chefmod:FreezeSolid+1","jedi:thedog","chefmod:RisingDough","chefmod:MonsterBait+1","conspire:Blindness","chefmod:ColdSteel+1","ReplayTheSpireMod:Splinters","chefmod:Gelato+1","Voices","chefmod:BananaSplit","chefmod:Julienne+1","ReplayTheSpireMod:Doomed"],"relics":["chefmod:TrustyPot","EVO:Axolotl","HushsDoor","Leech","Golden Idol","jedi:HeartOfTheCards","Kunai","ReplayTheSpireMod:Shallot","halation:PinkSoulGem","ReplayTheSpireMod:Ring of Exchange","Ring of Greed","Smiling Mask","MealTicket","Orichalcum","ForgetMeNow","TheBean","SsserpentHead","hubris:ToyBattleship","chefmod:WoodenSpoon","Art of War","DeathBook"],"acts_visited":["Exordium","TheCity","TheBeyond"],"potions_floor_usage":[8,23],"damage_taken":[{"damage":0,"enemies":"2 Louse","floor":1,"turns":3},{"damage":0,"enemies":"Cultist","floor":6,"turns":3},{"damage":0,"enemies":"Small Slimes","floor":7,"turns":3},{"damage":12,"enemies":"Lagavulin","floor":8,"turns":7},{"damage":1,"enemies":"Blue Slaver","floor":12,"turns":3},{"damage":0,"enemies":"Lots of Slimes","floor":14,"turns":4},{"damage":49,"enemies":"The Guardian","floor":16,"turns":14},{"damage":15,"enemies":"Shell Parasite","floor":18,"turns":9},{"damage":4,"enemies":"2 Thieves","floor":21,"turns":4},{"damage":20,"enemies":"Shelled Parasite and Fungi","floor":22,"turns":9},{"damage":9,"enemies":"Gremlin Leader","floor":23,"turns":4},{"damage":0,"enemies":"Snake Plant","floor":24,"turns":4},{"damage":12,"enemies":"conspire:MysteriousRune","floor":33,"turns":8},{"damage":30,"enemies":"3 Darklings","floor":35,"turns":4},{"damage":6,"enemies":"3 Shapes","floor":37,"turns":5},{"damage":46,"enemies":"Maw","floor":41,"turns":10},{"damage":23,"enemies":"4 Shapes","floor":42,"turns":5},{"damage":2,"enemies":"Sphere and 2 Shapes","floor":44,"turns":3},{"damage":30,"enemies":"R_Hoarder","floor":47,"turns":5},{"damage":41,"enemies":"hubris:GrandSnecko","floor":50,"turns":4}],"seed_played":"-9031877166083725362","potions_obtained":[{"floor":1,"key":"jedi:wingpotion"},{"floor":7,"key":"Strength Potion"},{"floor":12,"key":"jedi:StrikingPotion"},{"floor":16,"key":"chefmod:PotionOfPlenty"},{"floor":22,"key":"Adrenaline Potion"},{"floor":23,"key":"AttackPotion"},{"floor":35,"key":"SkillPotion"}],"is_trial":false,"path_per_floor":["M","?","?","$","T","M","M","E","T","?","R","M","R","M","R","B",null,"M","?","$","M","M","E","M","R","T","?","R","$","?","?","R","B",null,"M","?","M","$","T","R","M","M","T","M","R","?","E","?","R","B"],"character_chosen":"THE_CHEF","items_purchased":["chefmod:FreshProduce","Orichalcum","chefmod:FreezeSolid+1"],"campfire_rested":3,"item_purchase_floors":[20,20,29],"current_hp_per_floor":[76,76,76,76,76,76,76,67,67,67,67,69,69,72,72,29,76,62,62,76,74,60,54,58,58,58,58,58,73,73,76,76,68,76,47,47,44,59,59,76,34,15,15,16,38,38,12,12,34,0,0],"gold":886,"neow_bonus":"UPGRADE_CARD","is_daily":false,"chose_seed":false,"campfire_upgraded":6,"win_rate":0.0,"timestamp":1610348583,"path_taken":["M","?","?","$","?","M","?","E","T","?","R","M","R","M","R","BOSS","M","?","$","M","M","E","?","R","T","?","R","?","?","?","R","BOSS","M","?","M","$","?","R","M","M","T","M","R","?","E","?","R","BOSS"],"items_purchased_type":["Card","Relic","Card"],"build_version":"2020-12-22","purchased_purges":3,"victory":false,"max_hp_per_floor":[76,76,76,76,76,76,76,76,76,76,76,76,76,76,76,76,76,76,76,76,76,76,76,76,76,76,76,76,76,76,76,76,76,76,76,76,76,76,76,76,76,76,76,76,76,76,76,76,76,76,76],"card_choices":[{"not_picked":["chefmod:NoSoupForYou","chefmod:FreezerBurn"],"picked":"chefmod:Puree","floor":1},{"not_picked":["chefmod:HotSoup","chefmod:IceCreamCone"],"picked":"chefmod:SushiPlatter","floor":6},{"not_picked":["chefmod:DoubleChop","chefmod:Sorbet"],"picked":"chefmod:FryPan","floor":7},{"not_picked":["chefmod:HotSoup","chefmod:KnifeFlurry"],"picked":"chefmod:FreezerBurn","floor":8},{"not_picked":["chefmod:Chop","chefmod:PotatoGratin","chefmod:DinoKale"],"picked":"SKIP","floor":12},{"not_picked":["chefmod:Omelette","chefmod:Puree"],"picked":"chefmod:FiveAlarmChili","floor":14},{"not_picked":["chefmod:CapreseSalad","chefmod:Mince"],"picked":"chefmod:DeathByChocolate","floor":16},{"not_picked":["chefmod:SearedScallops","chefmod:FryPan","chefmod:Omelette"],"picked":"SKIP","floor":18},{"not_picked":["chefmod:FryPan","chefmod:FreshProduce"],"picked":"chefmod:DinoKale+1","floor":21},{"not_picked":["chefmod:SliceAndDice","chefmod:FireUp"],"picked":"chefmod:FullBurn+1","floor":22},{"not_picked":["chefmod:IcePick","chefmod:ZaruSoba"],"picked":"chefmod:FireUp+1","floor":23},{"not_picked":["chefmod:SaveForLater","chefmod:SliceAndDice","chefmod:FryPan"],"picked":"SKIP","floor":24},{"not_picked":["chefmod:CapreseSalad","chefmod:Canape"],"picked":"chefmod:RisingDough","floor":33},{"not_picked":["chefmod:NewMenu","chefmod:FireUp","chefmod:Granita+1"],"picked":"SKIP","floor":35},{"not_picked":["chefmod:IceCreamCone+1","chefmod:SliceAndDice+1"],"picked":"chefmod:MonsterBait+1","floor":37},{"not_picked":["chefmod:DinoKale","chefmod:CuttingBoard"],"picked":"chefmod:ColdSteel+1","floor":41},{"not_picked":["chefmod:Granita","chefmod:Fillet+1","chefmod:IcePick+1"],"picked":"SKIP","floor":42},{"not_picked":["chefmod:SpaghettiCarbonara+1","chefmod:Chop+1","chefmod:FryPan+1"],"picked":"SKIP","floor":44},{"not_picked":["chefmod:KnifeFlurry","chefmod:CleanHouse"],"picked":"chefmod:Gelato+1","floor":46},{"not_picked":["chefmod:FarmersMarket","chefmod:ColdSteel+1"],"picked":"chefmod:BananaSplit","floor":46},{"not_picked":["chefmod:MonsterBait","chefmod:ColdSteel+1"],"picked":"chefmod:Julienne+1","floor":47}],"player_experience":100203,"relics_obtained":[{"floor":5,"key":"jedi:HeartOfTheCards"},{"floor":8,"key":"Kunai"},{"floor":9,"key":"ReplayTheSpireMod:Shallot"},{"floor":19,"key":"ReplayTheSpireMod:Ring of Exchange"},{"floor":19,"key":"Ring of Greed"},{"floor":19,"key":"Smiling Mask"},{"floor":19,"key":"MealTicket"},{"floor":23,"key":"ForgetMeNow"},{"floor":26,"key":"TheBean"},{"floor":39,"key":"hubris:ToyBattleship"},{"floor":43,"key":"chefmod:WoodenSpoon"},{"floor":46,"key":"Art of War"},{"floor":47,"key":"DeathBook"}],"event_choices":[{"damage_healed":0,"gold_gain":0,"player_choice":"Take Wound","damage_taken":0,"relics_obtained":["Golden Idol"],"max_hp_gain":0,"max_hp_loss":0,"event_name":"Golden Idol","floor":3,"gold_loss":0,"cards_obtained":["Injury"]},{"damage_healed":0,"gold_gain":0,"player_choice":"Trade","damage_taken":0,"relics_obtained":["SsserpentHead"],"max_hp_gain":0,"max_hp_loss":0,"event_name":"FaceTrader","floor":30,"gold_loss":0}],"is_beta":false,"boss_relics":[{"not_picked":["Velvet Choker","hubris:VirtuousBlindfold","vexMod:FluxCapacitor"]},{"not_picked":["Coffee Dripper","Replay:Drink Me","Pandora\u0027s Box"]}],"items_purged_floors":[4,20,38],"is_endless":false,"potions_floor_spawned":[1,7,12,16,22,23,33,35,41,42,44],"killed_by":"hubris:GrandSnecko","ascension_level":0}}