{"host":"7yxt37kap0q16lk4","time":1610360810,"event":{"mods":["2.2 Compatiblity","Act Like it!","BaseMod","Better Third Choice","Better-Laid Plans","Colored Map","Custom Start","Highlight Path","Keyboard Shortcuts","Minty Spire (QoL Compilation)","Quick Restart","Rare Cards Sparkle","Relic Stats","Shop Mod","Slay the Relics Exporter","StSLib","SuperFastMode"],"gold_per_floor":[115,115,134,134,134,166,166,195,195,228,228,243,49,12,12,12,12],"floor_reached":16,"playtime":308,"items_purged":["Strike_R","Strike_R"],"score":232,"play_id":"98083510-53f8-430d-ab8f-171176a77c97","local_time":"20210111192650","is_ascension_mode":true,"campfire_choices":[{"data":"Bludgeon","floor":7.0,"key":"SMITH"},{"data":"Armaments","floor":11.0,"key":"SMITH"},{"data":"Bash","floor":15.0,"key":"SMITH"}],"circlet_count":0,"master_deck":["AscendersBane","Strike_R","Strike_R","Defend_R","Defend_R","Defend_R","Defend_R","Bash+1","Cleave","Bludgeon+1","Armaments+1","Ghostly Armor","Bludgeon+1"],"relics":["Burning Blood","Tiny Chest","Nunchaku","Orichalcum","Sundial","The Courier","Mummified Hand","Bottled Lightning","DollysMirror","Membership Card","PreservedInsect"],"acts_visited":["Exordium"],"potions_floor_usage":[16,16],"damage_taken":[{"damage":14.0,"enemies":"Jaw Worm","floor":1.0,"turns":4.0},{"damage":6.0,"enemies":"Cultist","floor":3.0,"turns":3.0},{"damage":28.0,"enemies":"Lagavulin","floor":6.0,"turns":6.0},{"damage":9.0,"enemies":"3 Sentries","floor":8.0,"turns":6.0},{"damage":15.0,"enemies":"Lagavulin","floor":10.0,"turns":4.0},{"damage":1.0,"enemies":"2 Louse","floor":12.0,"turns":3.0},{"damage":37,"enemies":"Slime Boss","floor":16,"turns":6}],"seed_played":"-5154368816521463756","potions_obtained":[{"floor":3.0,"key":"Dexterity Potion"},{"floor":8.0,"key":"Energy Potion"},{"floor":10.0,"key":"LiquidBronze"}],"is_trial":false,"path_per_floor":["M","?","M","?","T","E","R","E","T","E","R","M","$","$","R","B"],"character_chosen":"IRONCLAD","items_purchased":["DollysMirror","Membership Card","PreservedInsect"],"campfire_rested":0,"item_purchase_floors":[13,14,14],"current_hp_per_floor":[60,60,60,55,55,33,33,30,30,21,21,26,26,26,26,0,0],"gold":12,"neow_bonus":"RANDOM_COMMON_RELIC","is_daily":false,"chose_seed":false,"campfire_upgraded":3,"win_rate":0.0,"timestamp":1610360810,"path_taken":["M","?","?","?","?","E","R","E","T","E","R","M","?","$","R","BOSS"],"items_purchased_type":["Relic","Relic","Relic"],"build_version":"2020-12-22","purchased_purges":2,"victory":false,"max_hp_per_floor":[75,75,75,75,75,75,75,75,75,75,75,75,75,75,75,75,75],"relic_stats":{"Nunchaku":[3],"counters":[7,32],"Sundial":[2],"Mummified Hand":[0],"Tiny Chest":1,"PreservedInsect":0,"Orichalcum":[48],"obtain_stats":[{"Nunchaku":4,"Sundial":6,"Mummified Hand":9,"DollysMirror":13,"Tiny Chest":0,"The Courier":8,"PreservedInsect":14,"Bottled Lightning":10,"Membership Card":14,"Orichalcum":5,"Burning Blood":0},{"Nunchaku":2,"Sundial":3,"Mummified Hand":4,"DollysMirror":6,"Tiny Chest":0,"The Courier":4,"PreservedInsect":6,"Bottled Lightning":5,"Membership Card":6,"Orichalcum":2,"Burning Blood":0},{"Nunchaku":7,"Sundial":13,"Mummified Hand":19,"DollysMirror":26,"Tiny Chest":0,"The Courier":19,"PreservedInsect":26,"Bottled Lightning":23,"Membership Card":26,"Orichalcum":7,"Burning Blood":0}],"Burning Blood":36},"card_choices":[{"not_picked":["Clothesline","Wild Strike"],"picked":"Cleave","floor":1.0},{"not_picked":["Anger","Entrench"],"picked":"Armaments","floor":3.0},{"not_picked":["Sever Soul","Juggernaut"],"picked":"Ghostly Armor","floor":6.0},{"not_picked":["Perfected Strike","Flame Barrier","Power Through"],"picked":"SKIP","floor":8.0},{"not_picked":["Sword Boomerang","Shockwave","Searing Blow"],"picked":"SKIP","floor":10.0},{"not_picked":["Iron Wave","Metallicize","Warcry"],"picked":"SKIP","floor":12.0}],"player_experience":1043783,"relics_obtained":[{"floor":5.0,"key":"Orichalcum"},{"floor":6.0,"key":"Sundial"},{"floor":8.0,"key":"The Courier"},{"floor":9.0,"key":"Mummified Hand"},{"floor":10.0,"key":"Bottled Lightning"}],"event_choices":[{"damage_healed":0.0,"max_hp_gain":0.0,"max_hp_loss":0.0,"gold_gain":0.0,"cards_transformed":["Strike_R"],"event_name":"Transmorgrifier","player_choice":"Transformed","floor":2.0,"gold_loss":0.0,"damage_taken":0.0,"cards_obtained":["Bludgeon"]},{"damage_healed":0.0,"max_hp_gain":0.0,"max_hp_loss":0.0,"gold_gain":0.0,"event_name":"betterThird:BetterScrap","player_choice":"Relic ","floor":4.0,"gold_loss":0.0,"damage_taken":5.0,"cards_obtained":["Amplify"]}],"is_beta":false,"boss_relics":[],"items_purged_floors":[13,14],"is_endless":false,"potions_floor_spawned":[3,8,10],"killed_by":"Slime Boss","ascension_level":20}}