{"host":"5yoj846f700ld8qy","time":1610402042,"event":{"mods":["AchievementEnabler","BaseMod","Better Altar","Better Match","Better Note","Better Sensory Stone","Better Skull","Better Third Choice","Colored Map","Colored Powertips","Minty Spire (QoL Compilation)","StSLib"],"gold_per_floor":[112,112,187,187,152,195,195,238,293,331,67,67,85,108,108,199,199,212,212,10,33,33,33,71,71,71,84,84,6,29,29,29,29,29],"floor_reached":33,"playtime":1049,"items_purged":["Regret","Writhe"],"score":576,"play_id":"ddd3b03d-d41c-47cb-a7c5-413aa6278772","local_time":"20210111235402","is_ascension_mode":true,"campfire_choices":[{"floor":15,"key":"REST"},{"floor":23,"key":"REST"},{"data":"Armaments","floor":25,"key":"SMITH"},{"floor":32,"key":"REST"}],"circlet_count":0,"master_deck":["AscendersBane","Strike_R","Strike_R","Strike_R","Strike_R","Strike_R","Defend_R","Defend_R","Defend_R+1","Defend_R+1","Bash","Clothesline","Dramatic Entrance","Inflame","Blood for Blood","Bloodletting","Inflame","Shockwave","Flame Barrier","Armaments+1","Limit Break","Infernal Blade+1","Twin Strike","J.A.X.","Sword Boomerang","Flex","Battle Trance","Mayhem","Battle Trance"],"relics":["Burning Blood","NeowsBlessing","Bloody Idol","Regal Pillow","Dream Catcher","Lantern","Oddly Smooth Stone","Vajra","War Paint","Strawberry","Philosopher\u0027s Stone","MealTicket","Membership Card","The Courier","Pear"],"acts_visited":["Exordium","TheCity"],"potions_floor_usage":[10,16,16,16,18,18,24,27,13033,33],"damage_taken":[{"damage":0,"enemies":"2 Louse","floor":1,"turns":1},{"damage":0,"enemies":"Lagavulin","floor":6,"turns":1},{"damage":0,"enemies":"3 Sentries","floor":8,"turns":1},{"damage":12,"enemies":"Gremlin Nob","floor":10,"turns":3},{"damage":9,"enemies":"Small Slimes","floor":13,"turns":2},{"damage":3,"enemies":"Jaw Worm","floor":14,"turns":2},{"damage":57,"enemies":"Slime Boss","floor":16,"turns":9},{"damage":27,"enemies":"3 Byrds","floor":18,"turns":4},{"damage":9,"enemies":"Shell Parasite","floor":21,"turns":6},{"damage":24,"enemies":"Book of Stabbing","floor":24,"turns":4},{"damage":14,"enemies":"Centurion and Healer","floor":27,"turns":3},{"damage":27,"enemies":"Sentry and Sphere","floor":30,"turns":4},{"damage":102,"enemies":"Collector","floor":33,"turns":7}],"seed_played":"2005992673070671610","potions_obtained":[{"floor":1,"key":"SpeedPotion"},{"floor":6,"key":"ColorlessPotion"},{"floor":10,"key":"EntropicBrew"},{"floor":16,"key":"Explosive Potion"},{"floor":18,"key":"LiquidBronze"},{"floor":24,"key":"ColorlessPotion"}],"is_trial":false,"path_per_floor":["M","?","?","?","?","E","?","E","T","E","$","?","M","M","R","B",null,"M","?","$","M","?","R","E","R","T","M","?","$","M","?","R","B"],"character_chosen":"IRONCLAD","items_purchased":["War Paint","Inflame","Membership Card","Mayhem"],"campfire_rested":3,"item_purchase_floors":[11,11,20,29],"current_hp_per_floor":[74,68,57,57,68,68,68,68,68,62,62,58,55,58,75,24,62,41,41,56,53,53,75,57,57,67,59,59,74,53,27,67,0,0],"gold":29,"neow_bonus":"THREE_ENEMY_KILL","is_daily":false,"chose_seed":false,"campfire_upgraded":1,"win_rate":0.0,"timestamp":1610402042,"path_taken":["M","?","?","?","?","E","?","E","T","E","$","?","?","M","R","BOSS","M","?","$","M","?","R","E","R","T","M","?","$","M","?","R","BOSS"],"items_purchased_type":["Relic","Card","Relic","Card"],"build_version":"2020-12-22","purchased_purges":2,"victory":false,"max_hp_per_floor":[75,68,68,68,68,68,68,68,68,68,68,75,75,75,75,75,75,75,75,75,75,75,75,75,75,85,85,85,85,85,85,85,85,85],"card_choices":[{"not_picked":["Power Through","Reckless Charge"],"picked":"Clothesline","floor":1},{"not_picked":["Enlightenment","Dark Shackles"],"picked":"Dramatic Entrance","floor":4},{"not_picked":["Flex","Havoc"],"picked":"Inflame","floor":6},{"not_picked":["Flex","Clash"],"picked":"Blood for Blood","floor":8},{"not_picked":["Headbutt","Dark Embrace"],"picked":"Bloodletting","floor":10},{"not_picked":["Shrug It Off","Wild Strike"],"picked":"Shockwave","floor":13},{"not_picked":["Sword Boomerang","Barricade"],"picked":"Flame Barrier","floor":14},{"not_picked":["Iron Wave","True Grit"],"picked":"Armaments","floor":15},{"not_picked":["Feed","Bludgeon"],"picked":"Limit Break","floor":16},{"not_picked":["Anger","Bloodletting+1"],"picked":"Infernal Blade+1","floor":18},{"not_picked":["True Grit","Heavy Blade"],"picked":"Twin Strike","floor":21},{"not_picked":["Clash","Cleave"],"picked":"Sword Boomerang","floor":23},{"not_picked":["Body Slam","Immolate"],"picked":"Flex","floor":24},{"not_picked":["Body Slam","Clash"],"picked":"Battle Trance","floor":27},{"not_picked":["Blood for Blood","Headbutt","Wild Strike"],"picked":"SKIP","floor":30},{"not_picked":["Sever Soul","Clothesline"],"picked":"Battle Trance","floor":32}],"player_experience":390513,"relics_obtained":[{"floor":6,"key":"Regal Pillow"},{"floor":8,"key":"Lantern"},{"floor":9,"key":"Oddly Smooth Stone"},{"floor":10,"key":"Vajra"},{"floor":24,"key":"The Courier"},{"floor":26,"key":"Pear"}],"event_choices":[{"damage_healed":0,"gold_gain":0,"player_choice":"Lose Max HP","damage_taken":0,"relics_obtained":["Golden Idol"],"max_hp_gain":0,"max_hp_loss":7,"event_name":"Golden Idol","floor":2,"gold_loss":0},{"damage_healed":0,"gold_gain":75,"player_choice":"Gold","damage_taken":11,"max_hp_gain":0,"max_hp_loss":0,"event_name":"betterThird:BetterGoop","floor":3,"gold_loss":0},{"damage_healed":0,"gold_gain":1,"player_choice":"1","damage_taken":0,"max_hp_gain":0,"max_hp_loss":0,"event_name":"betterStone:BetterStone","floor":4,"gold_loss":0},{"damage_healed":17,"gold_gain":0,"player_choice":"Healed","damage_taken":0,"max_hp_gain":0,"max_hp_loss":0,"event_name":"The Cleric","floor":5,"gold_loss":35},{"damage_healed":0,"gold_gain":0,"player_choice":"Box","damage_taken":0,"relics_obtained":["Dream Catcher"],"max_hp_gain":0,"max_hp_loss":0,"event_name":"Big Fish","floor":7,"gold_loss":0,"cards_obtained":["Regret"]},{"damage_healed":0,"gold_gain":0,"player_choice":"Relic ","damage_taken":11,"max_hp_gain":0,"max_hp_loss":0,"event_name":"betterThird:BetterScrap","floor":12,"gold_loss":0,"cards_obtained":["Malaise"]},{"damage_healed":0,"gold_gain":0,"player_choice":"Opened","damage_taken":0,"relics_obtained":["MealTicket"],"max_hp_gain":0,"max_hp_loss":0,"event_name":"The Mausoleum","floor":19,"gold_loss":0,"cards_obtained":["Writhe"]},{"damage_healed":0,"gold_gain":0,"player_choice":"Obtain J.A.X.","damage_taken":0,"max_hp_gain":0,"max_hp_loss":0,"event_name":"Drug Dealer","floor":22,"gold_loss":0,"cards_obtained":["J.A.X."]},{"damage_healed":0,"gold_gain":0,"player_choice":"Ignored","damage_taken":0,"max_hp_gain":0,"max_hp_loss":0,"event_name":"Beggar","floor":28,"gold_loss":0},{"damage_healed":0,"gold_gain":0,"player_choice":" GoldIdol Potion ","damage_taken":26,"relics_obtained":["Bloody Idol"],"max_hp_gain":53,"max_hp_loss":27,"event_name":"betterAltar:BetterAltar","floor":31,"potions_obtained":["betterAltar:AltarPotion"],"relics_lost":["Golden Idol"],"gold_loss":0}],"is_beta":false,"boss_relics":[{"not_picked":["SacredBark","Empty Cage"],"picked":"Philosopher\u0027s Stone"}],"items_purged_floors":[11,20],"is_endless":false,"potions_floor_spawned":[1,6,10,16,18,24],"killed_by":"Collector","ascension_level":15}}