{"host":"3oax8yz66k5njorr","time":1610388192,"event":{"mods":["AchievementEnabler","BaseMod","Colored Map","Colored Powertips","DeckTracker","Minty Spire (QoL Compilation)","Rare Cards Sparkle"],"gold_per_floor":[131,155,183,210,222,248,279,303,341,369,409,421,450,480,492,599,611,638,661,686,715,727,739,770,268,268,61,3,23,40,60,60,155,155,174,193,193,193],"floor_reached":37,"playtime":1862,"items_purged":["Strike_G+1"],"score":435,"play_id":"f0663323-3a85-41c4-a0e8-c45ea92ddca3","local_time":"20210112030312","is_ascension_mode":false,"campfire_choices":[{"data":"Night Terror","floor":12.0,"key":"SMITH"},{"floor":15.0,"key":"REST"},{"floor":23,"key":"REST"},{"data":"Footwork","floor":32,"key":"SMITH"}],"circlet_count":0,"master_deck":["Strike_G+1","Strike_G+1","Strike_G+1","Strike_G+1","Defend_G+1","Defend_G+1","Defend_G+1","Defend_G+1","Defend_G+1","Survivor","Neutralize","Blade Dance","Backflip","Poisoned Stab","PiercingWail","Night Terror+1","Dramatic Entrance","Neutralize","Choke","Catalyst","Acrobatics","Infinite Blades","Noxious Fumes","Noxious Fumes","Die Die Die","Deflect+1","Tactician","Prepared+1","Leg Sweep+1","Bane","Footwork+1","Deadly Poison","PiercingWail","Escape Plan+1","Backflip","Malaise","Acrobatics+1","Bouncing Flask"],"relics":["Ring of the Snake","MawBank","Lantern","Omamori","SlaversCollar","Lee\u0027s Waffle","Vajra","Regal Pillow","Blood Vial","Boot","HoveringKite"],"acts_visited":["Exordium","TheCity","TheBeyond"],"potions_floor_usage":[16,16,19,21,21,33,33,36,36,37],"damage_taken":[{"damage":4.0,"enemies":"2 Louse","floor":1.0,"turns":3.0},{"damage":0.0,"enemies":"Cultist","floor":2.0,"turns":4.0},{"damage":11.0,"enemies":"Jaw Worm","floor":3.0,"turns":3.0},{"damage":5.0,"enemies":"2 Fungi Beasts","floor":4.0,"turns":3.0},{"damage":0.0,"enemies":"Gremlin Gang","floor":6.0,"turns":3.0},{"damage":7.0,"enemies":"Exordium Thugs","floor":7.0,"turns":2.0},{"damage":0.0,"enemies":"3 Louse","floor":8.0,"turns":2.0},{"damage":0.0,"enemies":"Looter","floor":10.0,"turns":2.0},{"damage":17.0,"enemies":"3 Sentries","floor":11.0,"turns":5.0},{"damage":9.0,"enemies":"Large Slime","floor":13.0,"turns":5.0},{"damage":2.0,"enemies":"2 Fungi Beasts","floor":14.0,"turns":3.0},{"damage":18,"enemies":"Hexaghost","floor":16,"turns":8},{"damage":19,"enemies":"Shell Parasite","floor":18,"turns":7},{"damage":3,"enemies":"Spheric Guardian","floor":19,"turns":5},{"damage":28,"enemies":"Shelled Parasite and Fungi","floor":20,"turns":8},{"damage":0,"enemies":"Cultist and Chosen","floor":21,"turns":6},{"damage":20,"enemies":"Snake Plant","floor":24,"turns":5},{"damage":2,"enemies":"3 Cultists","floor":29,"turns":5},{"damage":6,"enemies":"Shelled Parasite and Fungi","floor":30,"turns":7},{"damage":23,"enemies":"Snake Plant","floor":31,"turns":3},{"damage":23,"enemies":"Collector","floor":33,"turns":6},{"damage":16,"enemies":"Orb Walker","floor":35,"turns":5},{"damage":14,"enemies":"3 Darklings","floor":36,"turns":3},{"damage":55,"enemies":"Transient","floor":37,"turns":5}],"seed_played":"8601985503832242665","potions_obtained":[{"floor":3.0,"key":"Dexterity Potion"},{"floor":4.0,"key":"PowerPotion"},{"floor":6.0,"key":"SteroidPotion"},{"floor":8.0,"key":"Block Potion"},{"floor":13.0,"key":"Swift Potion"},{"floor":16,"key":"Fire Potion"},{"floor":19,"key":"Block Potion"},{"floor":24,"key":"Fire Potion"},{"floor":29,"key":"PowerPotion"},{"floor":31,"key":"ColorlessPotion"},{"floor":33,"key":"Explosive Potion"},{"floor":36,"key":"CunningPotion"}],"is_trial":false,"path_per_floor":["M","M","M","M","?","M","M","M","T","M","E","R","M","M","R","B",null,"M","M","M","M","?","R","M","$","T","$","?","M","M","M","R","B",null,"M","M","M"],"character_chosen":"THE_SILENT","items_purchased":["Footwork","Lee\u0027s Waffle","Deadly Poison","Vajra","PiercingWail","Blood Vial"],"campfire_rested":2,"item_purchase_floors":[25,25,25,25,27,27],"current_hp_per_floor":[66,66,55,50,50,50,43,43,43,43,26,26,17,15,36,18,70,51,48,20,20,20,41,21,77,77,77,77,75,71,50,50,29,77,61,49,0,0],"gold":193,"neow_bonus":"RANDOM_COMMON_RELIC","is_daily":false,"chose_seed":false,"campfire_upgraded":2,"win_rate":0.0,"timestamp":1610388192,"path_taken":["M","M","M","M","?","M","M","M","T","?","E","R","M","M","R","BOSS","M","?","M","M","?","R","M","$","T","$","?","M","M","?","R","BOSS","M","M","M"],"items_purchased_type":["Card","Relic","Card","Relic","Card","Relic"],"build_version":"2020-12-22","purchased_purges":1,"victory":false,"max_hp_per_floor":[70,70,70,70,70,70,70,70,70,70,70,70,70,70,70,70,70,70,70,70,70,70,70,70,77,77,77,77,77,77,77,77,77,77,77,77,77,77],"card_choices":[{"not_picked":["Deflect","Reflex","Leg Sweep"],"picked":"SKIP","floor":1.0},{"not_picked":["Finisher","Sucker Punch"],"picked":"Blade Dance","floor":2.0},{"not_picked":["Distraction","Reflex"],"picked":"Backflip","floor":3.0},{"not_picked":["Deadly Poison","Heel Hook"],"picked":"Poisoned Stab","floor":4.0},{"not_picked":["Outmaneuver","Slice"],"picked":"Catalyst","floor":6.0},{"not_picked":["Well Laid Plans","Endless Agony","Blade Dance"],"picked":"SKIP","floor":7.0},{"not_picked":["Heel Hook","Choke"],"picked":"Acrobatics","floor":8.0},{"not_picked":["Reflex","Caltrops"],"picked":"Infinite Blades","floor":10.0},{"not_picked":["Distraction","Heel Hook"],"picked":"Noxious Fumes","floor":11.0},{"not_picked":["Leg Sweep","Skewer"],"picked":"Noxious Fumes","floor":13.0},{"not_picked":["Leg Sweep","Backflip","Dash"],"picked":"SKIP","floor":14.0},{"not_picked":["Tools of the Trade","Bullet Time"],"picked":"Die Die Die","floor":16},{"not_picked":["Masterful Stab","Dagger Spray"],"picked":"Deflect+1","floor":18},{"not_picked":["Heel Hook","Skewer"],"picked":"Tactician","floor":19},{"not_picked":["Quick Slash","Poisoned Stab+1"],"picked":"Prepared+1","floor":20},{"not_picked":["Dash","Quick Slash"],"picked":"Leg Sweep+1","floor":21},{"not_picked":["Poisoned Stab","Sucker Punch"],"picked":"Bane","floor":24},{"not_picked":["Choke+1","Dagger Spray","Expertise"],"picked":"SKIP","floor":29},{"not_picked":["Choke+1","Dodge and Roll"],"picked":"Escape Plan+1","floor":30},{"not_picked":["Deflect","Choke+1"],"picked":"Backflip","floor":31},{"not_picked":["Venomology","Bullet Time"],"picked":"Malaise","floor":33},{"not_picked":["Calculated Gamble+1","Dagger Throw+1"],"picked":"Acrobatics+1","floor":35},{"not_picked":["Poisoned Stab","PiercingWail"],"picked":"Bouncing Flask","floor":36}],"player_experience":36020,"relics_obtained":[{"floor":9.0,"key":"Lantern"},{"floor":11.0,"key":"Omamori"},{"floor":26,"key":"Regal Pillow"}],"event_choices":[{"damage_healed":0.0,"max_hp_gain":0.0,"max_hp_loss":0.0,"gold_gain":0.0,"event_name":"Match and Keep!","player_choice":"5 cards matched","floor":5.0,"gold_loss":0.0,"damage_taken":0.0,"cards_obtained":["PiercingWail","Night Terror","Dramatic Entrance","Neutralize","Choke"]},{"damage_healed":0,"gold_gain":0,"player_choice":"Simplicity","damage_taken":0,"max_hp_gain":0,"max_hp_loss":0,"event_name":"Back to Basics","floor":22,"gold_loss":0,"cards_upgraded":["Strike_G","Strike_G","Strike_G","Strike_G","Strike_G","Defend_G","Defend_G","Defend_G","Defend_G","Defend_G"]},{"damage_healed":0,"gold_gain":0,"player_choice":"Paid Gold","damage_taken":0,"relics_obtained":["Boot"],"max_hp_gain":0,"max_hp_loss":0,"event_name":"WeMeetAgain","floor":28,"gold_loss":58}],"is_beta":false,"boss_relics":[{"not_picked":["Empty Cage","Coffee Dripper"],"picked":"SlaversCollar"},{"not_picked":["Astrolabe","Runic Pyramid"],"picked":"HoveringKite"}],"items_purged_floors":[25],"is_endless":false,"potions_floor_spawned":[3,4,6,8,13,16,19,24,29,31,33,36],"killed_by":"Transient","ascension_level":0}}