{"host":"06h77atpgiec8kbk","time":1610374974,"event":{"mods":["Act Like it!","Alarm Clock","Arknights The Spire","Aspiration","Bard","BaseMod","CapriCore","Colored Powertips","Conspire","Downfall","Hermit","Marisa£®ÏF”Í°°ƒß¿Ì…≥£©","Minty Spire (QoL Compilation)","Quick Restart","Reimu£®≤©¿ˆ¡È√Œ£©","Relic Stats","Replay The Spire","StSLib","The Construct","The Cursed","The Gatherer","The Hierophant","The Immortal","The Marked","The Runesmith","[µÿæ´ ◊¡Ï≈¿À˛]The Maniac","°æ“≈ŒÔø®≈∆°øREMEMod"],"gold_per_floor":[110,130,130,130,150,150,181,106,106,106,120,120,120,145,145,250,250,260,3,30,30,48,78,78,112,112,112,128,3,19,34,34,138,138,152,162,12,27,27,56,56,56],"floor_reached":41,"playtime":1637,"items_purged":["conspire:Blindness","ats:Strike V","ats:Strike C","ats:Defend"],"score":650,"play_id":"1aaa4191-23e2-4442-b147-40c9e116db60","local_time":"20210111222254","is_ascension_mode":true,"campfire_choices":[{"data":"Adrenaline","floor":6.0,"key":"SMITH"},{"data":"ats:Armor Crushing Shot","floor":10.0,"key":"SMITH"},{"data":"ats:Poison Spread","floor":15.0,"key":"SMITH"},{"floor":24.0,"key":"RECALL"},{"data":"ats:Strike S","floor":27.0,"key":"SMITH"},{"data":"ats:Curse Doll","floor":32.0,"key":"SMITH"}],"circlet_count":1,"master_deck":["ats:Strike G","ats:Strike S+1","ats:Armor Crushing Shot+1","ats:Defend","ats:Defend","ats:Defend","ats:Emotion Absorption+1","Adrenaline+1","ats:Poison Spread+1","ats:Poison Spread+1","ats:Explosion Area Strengthen+1","ats:Shadow Assault+1","ats:Powerful Strike+1","ats:Poison Spread+1","ats:Curse Doll+1","ats:Flexible Camouflage","ats:Powerful Strike+1","Wraith"],"relics":["ats:Sanity","REME_ComplimentaryCards","Molten Egg 2","CultistMask","Circlet","ats:Originium","aspiration:Lifesprig","Mastiff:ReiMu","Ancient Tea Set","RedLine:ReiMu","Guardian:BottledAnomaly","Akabeko","Mercury Hourglass","Onion Ring","aspiration:SecretTechniqueScroll","Juzu Bracelet"],"acts_visited":["Exordium","TheCity","TheBeyond"],"potions_floor_usage":[40],"damage_taken":[{"damage":9.0,"enemies":"2 Louse","floor":1.0,"turns":3.0},{"damage":3.0,"enemies":"Jaw Worm","floor":2.0,"turns":5.0},{"damage":0.0,"enemies":"Cultist","floor":5.0,"turns":2.0},{"damage":11.0,"enemies":"Gremlin Nob","floor":7.0,"turns":3.0},{"damage":10.0,"enemies":"3 Louse","floor":11.0,"turns":4.0},{"damage":4.0,"enemies":"3 Sentries","floor":14.0,"turns":6.0},{"damage":26.0,"enemies":"Fading Forest","floor":16.0,"turns":11.0},{"damage":5.0,"enemies":"Spheric Guardian","floor":18.0,"turns":3.0},{"damage":15.0,"enemies":"conspire:FuzzyDice","floor":22.0,"turns":3.0},{"damage":16.0,"enemies":"Replay:Snechameleon","floor":23.0,"turns":4.0},{"damage":3.0,"enemies":"Gremlin Leader","floor":25.0,"turns":3.0},{"damage":0.0,"enemies":"3 Cultists","floor":28.0,"turns":2.0},{"damage":0.0,"enemies":"Sentry and Sphere","floor":30.0,"turns":1.0},{"damage":11.0,"enemies":"Snake Plant","floor":31.0,"turns":2.0},{"damage":44.0,"enemies":"Pondfish","floor":33.0,"turns":7.0},{"damage":0.0,"enemies":"3 Darklings","floor":35.0,"turns":2.0},{"damage":0.0,"enemies":"3 Shapes","floor":36.0,"turns":2.0},{"damage":0.0,"enemies":"Jaw Worm Horde","floor":38.0,"turns":2.0},{"damage":33,"enemies":"Giant Head","floor":40,"turns":7},{"damage":0,"enemies":"conspire:MimicChest","floor":41,"turns":1}],"seed_played":"-724165690901403722","potions_obtained":[{"floor":2.0,"key":"Swift Potion"},{"floor":11.0,"key":"Strength Potion"},{"floor":16.0,"key":"Fire Potion"},{"floor":18.0,"key":"BlessingOfTheForge"},{"floor":28.0,"key":"ats:Emergency Sanity Potion"},{"floor":33.0,"key":"BlessingOfTheForge"},{"floor":35.0,"key":"SteroidPotion"},{"floor":40,"key":"Languid Potion"}],"is_trial":false,"path_per_floor":["M","M","?","?","M","R","E","$","T","R","M","?","?","E","R","B",null,"M","$","T","$","M","E","R","E","T","R","M","$","M","M","R","B",null,"M","M","$","M","?","E","?"],"character_chosen":"DOCTOR_CLASS","items_purchased":["Guardian:BottledAnomaly"],"campfire_rested":0,"item_purchase_floors":[19],"current_hp_per_floor":[63,60,60,60,60,60,58,58,58,58,60,60,60,56,56,49,72,67,67,67,67,52,36,36,42,42,42,47,47,47,36,36,7,72,72,72,72,72,72,44,44,44],"gold":56,"neow_bonus":"ONE_RARE_RELIC","is_daily":false,"chose_seed":false,"campfire_upgraded":5,"win_rate":0.0,"timestamp":1610374974,"path_taken":["M","M","?","?","M","R","E","$","T","R","?","?","?","E","R","BOSS","M","?","?","$","M","E","R","E","T","R","?","$","M","M","R","BOSS","M","M","$","M","?","E","?"],"items_purchased_type":["Relic"],"build_version":"2020-12-22","purchased_purges":4,"victory":false,"max_hp_per_floor":[72,72,72,72,72,72,72,72,72,72,72,72,72,72,72,72,72,72,72,72,72,72,72,72,72,72,72,72,72,72,72,72,72,72,72,72,72,72,72,72,72,72],"relic_stats":{"counters":[20,73],"Juzu Bracelet":0,"obtain_stats":[{"aspiration:Lifesprig":7,"Dead Branch":0,"Circlet":0,"Juzu Bracelet":40,"aspiration:SecretTechniqueScroll":34,"Ancient Tea Set":14,"Akabeko":23,"RedLine:ReiMu":17,"Mercury Hourglass":25,"BranchBurnRelic":6,"ats:Originium":7,"Mastiff:ReiMu":9,"Molten Egg 2":3,"Onion Ring":26,"CultistMask":4,"ats:Sanity":0,"Guardian:BottledAnomaly":19,"REME_ComplimentaryCards":0},{"aspiration:Lifesprig":4,"Dead Branch":0,"Circlet":0,"Juzu Bracelet":19,"aspiration:SecretTechniqueScroll":15,"Ancient Tea Set":6,"Akabeko":10,"RedLine:ReiMu":7,"Mercury Hourglass":11,"BranchBurnRelic":3,"ats:Originium":4,"Mastiff:ReiMu":4,"Molten Egg 2":2,"Onion Ring":11,"CultistMask":2,"ats:Sanity":0,"Guardian:BottledAnomaly":8,"REME_ComplimentaryCards":0},{"aspiration:Lifesprig":13,"Dead Branch":0,"Circlet":0,"Juzu Bracelet":72,"aspiration:SecretTechniqueScroll":59,"Ancient Tea Set":23,"Akabeko":44,"RedLine:ReiMu":34,"Mercury Hourglass":47,"BranchBurnRelic":10,"ats:Originium":13,"Mastiff:ReiMu":13,"Molten Egg 2":8,"Onion Ring":47,"CultistMask":8,"ats:Sanity":0,"Guardian:BottledAnomaly":37,"REME_ComplimentaryCards":0}],"Mercury Hourglass":[105]},"card_choices":[{"not_picked":["ats:Red Shift","ats:Powerful Strike","ats:Assault Order"],"picked":"SKIP","floor":1.0},{"not_picked":["ats:Red Shift","ats:Powerful Strike","ats:Assault Order"],"picked":"SKIP","floor":1.0},{"not_picked":["ats:Revitalization","ats:Very Hot Blade"],"picked":"ats:Poison Spread","floor":2.0},{"not_picked":["ats:Beaten Up","ats:Counter Healing Mode"],"picked":"ats:Poison Spread+1","floor":5.0},{"not_picked":["ats:Curse Doll","ats:Ignite+1","ats:Very Hot Blade+1"],"picked":"SKIP","floor":7.0},{"not_picked":["ats:Cat Scratch+1","ats:Childhood Dance"],"picked":"ats:Explosion Area Strengthen+1","floor":11.0},{"not_picked":["ats:Red Shift+1","ats:Steam Pump","ats:Curse Doll"],"picked":"SKIP","floor":14.0},{"not_picked":["ats:True Silver Slash+1","ats:Durian"],"picked":"ats:Shadow Assault+1","floor":16.0},{"not_picked":["ats:Ignite+1","ats:Cat Scratch+1"],"picked":"ats:Powerful Strike+1","floor":18.0},{"not_picked":["ats:Beaten Up","ats:LN2 Cannon+1"],"picked":"ats:Poison Spread+1","floor":22.0},{"not_picked":["ats:Flexible Camouflage","ats:Guardian Obelisk","ats:Blood Oath+1"],"picked":"SKIP","floor":23.0},{"not_picked":["ats:Ignite+1","ats:LN2 Cannon+1","ats:Part Time Job+1"],"picked":"SKIP","floor":25.0},{"not_picked":["ats:Burning Ground","ats:Leaping Hammer+1","ats:Assault Order"],"picked":"SKIP","floor":28.0},{"not_picked":["ats:Very Hot Blade+1","ats:Cat Scratch+1","ats:Assault Order"],"picked":"SKIP","floor":30.0},{"not_picked":["ats:Hammer On+1","ats:Chain Hook+1"],"picked":"ats:Curse Doll","floor":31.0},{"not_picked":["ats:Ignite+1","ats:Apocalypse"],"picked":"ats:Flexible Camouflage","floor":35.0},{"not_picked":["ats:Healing Drone","ats:Childhood Dance"],"picked":"ats:Powerful Strike+1","floor":36.0},{"not_picked":["ats:Leaping Hammer+1","ats:Healing Drone","ats:Apocalypse+1"],"picked":"SKIP","floor":38.0},{"not_picked":["ats:Cat Scratch+1","ats:Hook Shot","ats:Ignite+1"],"picked":"SKIP","floor":40}],"player_experience":831389,"relics_obtained":[{"floor":7.0,"key":"ats:Originium"},{"floor":7.0,"key":"aspiration:Lifesprig"},{"floor":9.0,"key":"Mastiff:ReiMu"},{"floor":14.0,"key":"ats:Originium"},{"floor":14.0,"key":"Ancient Tea Set"},{"floor":23.0,"key":"ats:Originium"},{"floor":23.0,"key":"Akabeko"},{"floor":25.0,"key":"Mercury Hourglass"},{"floor":26.0,"key":"Onion Ring"},{"floor":40,"key":"Juzu Bracelet"}],"event_choices":[{"damage_healed":0.0,"max_hp_gain":0.0,"max_hp_loss":0.0,"gold_gain":0.0,"event_name":"FaceTrader","player_choice":"Trade","floor":4.0,"gold_loss":0.0,"damage_taken":0.0,"relics_obtained":["CultistMask"]},{"cards_removed":["Injury"],"damage_healed":0.0,"max_hp_gain":0.0,"max_hp_loss":0.0,"gold_gain":0.0,"event_name":"Living Wall","player_choice":"Forget","floor":12.0,"gold_loss":0.0,"damage_taken":0.0},{"damage_healed":0.0,"max_hp_gain":0.0,"max_hp_loss":0.0,"gold_gain":0.0,"event_name":"Upgrade Shrine","player_choice":"Upgraded","floor":13.0,"gold_loss":0.0,"damage_taken":0.0,"cards_upgraded":["ats:Emotion Absorption"]},{"damage_healed":0,"gold_gain":0,"player_choice":"Ignored","damage_taken":0,"max_hp_gain":0,"max_hp_loss":0,"event_name":"OrinTheCat","floor":39,"gold_loss":0}],"is_beta":false,"boss_relics":[{"not_picked":["REME_ChargedStone","aspiration:RunicSpoon"],"picked":"RedLine:ReiMu"},{"not_picked":["aspiration:MarisaSkillbook","Black Star"],"picked":"aspiration:SecretTechniqueScroll"}],"items_purged_floors":[8,19,29,37],"is_endless":false,"potions_floor_spawned":[2,11,16,18,28,33,35,40],"killed_by":"conspire:MimicChest","ascension_level":1}}