{"host":"kdt6w7ix8lwe69i9","time":1610371374,"event":{"mods":["100% Spire Juice","Bartender","BaseMod","ChefMod","Downfall","Evolution","Fiend Mod","Jorbs\u0027s Wanderer Trilogy","Minty Spire (QoL Compilation)","Reimu（博丽灵梦）","Robot Space Explorer","Shade Mod","StSLib","The Caster","The Cursed","The Disciple","The Dragon Tamer","The Druid","The Fake Hero","The Forsaken","The Gatherer","The Marked","TheBandit","TheSwordswoman"],"gold_per_floor":[114,114,114,189,189,189,200,200,254,38,62,32,76,102,102,207,216,237,59,59,59],"floor_reached":20,"playtime":1170,"items_purged":[],"score":170,"play_id":"2e2fa83e-23cf-4049-9e1e-fb0e17f262b9","local_time":"20210111082254","is_ascension_mode":false,"campfire_choices":[{"data":"Shade:CarefulCut","floor":6,"key":"SMITH"},{"data":"Shade:PoundOfFlesh","floor":8,"key":"SMITH"},{"data":"Shade:Putrefaction","floor":15,"key":"SMITH"}],"circlet_count":0,"master_deck":["Shade:Strike_Shade","Shade:Strike_Shade","Shade:Strike_Shade","Shade:Defend_Shade","Shade:Defend_Shade","Shade:Defend_Shade","Shade:Defend_Shade","Shade:AnimateDead+1","Shade:CarefulCut+1","Shade:CallOfTheGrave+1","Shade:PoundOfFlesh+1","Shade:CloudOfShrapnel","Shade:ClawBack","Shade:FreshBones","Shade:Putrefaction+1","Shade:Coordination","CurseOfTheBell","Shade:FingerOfDeath","Shade:OpenGraves","Shade:Excise","Shade:GraveStillness","Shade:ExtraLimbs"],"relics":["Shade:YorickSkull","EVO:Axolotl","NeowsBlessing","CeramicFish","Strange Spoon","Mastiff:ReiMu","Calling Bell","Ice Cream","Eternal Feather","Akabeko"],"acts_visited":["Exordium","TheCity"],"potions_floor_usage":[13,13,18,18],"damage_taken":[{"damage":0,"enemies":"Small Slimes","floor":1,"turns":1},{"damage":0,"enemies":"Jaw Worm","floor":7,"turns":1},{"damage":0,"enemies":"2 Louse","floor":11,"turns":1},{"damage":4,"enemies":"Gremlin Nob","floor":13,"turns":5},{"damage":4,"enemies":"2 Fungi Beasts","floor":14,"turns":3},{"damage":27,"enemies":"The Guardian","floor":16,"turns":8},{"damage":32,"enemies":"2 Thieves","floor":18,"turns":4},{"damage":34,"enemies":"Masked Bandits","floor":20,"turns":3}],"seed_played":"4810688390529456680","potions_obtained":[{"floor":1,"key":"EssenceOfSteel"},{"floor":12,"key":"CultistPotion"},{"floor":12,"key":"GamblersBrew"},{"floor":16,"key":"champ:CounterPotion"}],"is_trial":false,"path_per_floor":["M","?","?","?","?","R","M","R","T","$","M","?","E","M","R","B",null,"M","$","?"],"character_chosen":"SHADE","items_purchased":["Strange Spoon","Shade:CloudOfShrapnel","Shade:OpenGraves","Shade:Excise","Shade:GraveStillness","Shade:ExtraLimbs"],"campfire_rested":0,"item_purchase_floors":[10,10,19,19,19,19],"current_hp_per_floor":[65,59,59,48,48,48,48,48,48,48,48,48,44,40,40,13,65,33,33,0,0],"gold":59,"neow_bonus":"THREE_ENEMY_KILL","is_daily":false,"chose_seed":false,"campfire_upgraded":3,"win_rate":0.0,"timestamp":1610371374,"path_taken":["M","?","?","?","?","R","M","R","T","$","M","?","E","M","R","BOSS","M","$","?"],"items_purchased_type":["Relic","Card","Card","Card","Card","Card"],"build_version":"2020-12-22","purchased_purges":0,"victory":false,"max_hp_per_floor":[65,65,65,65,65,65,65,65,65,65,65,65,65,65,65,65,65,65,65,65,65],"card_choices":[{"not_picked":["Shade:GraveStillness","Shade:RitualOffering"],"picked":"Shade:CallOfTheGrave","floor":1},{"not_picked":["Shade:GreyBargain","Shade:OfferingToTheBeyond"],"picked":"Shade:PoundOfFlesh","floor":7},{"not_picked":["Shade:FeralStrike","Shade:TouchOfTheGrave"],"picked":"Shade:ClawBack","floor":11},{"not_picked":["Shade:BoneShards","Shade:FuneraryArmor"],"picked":"Shade:FreshBones","floor":13},{"not_picked":["Shade:GraveStillness","Shade:Asphyxiate"],"picked":"Shade:Putrefaction","floor":14},{"not_picked":["Shade:SoulPierce","Shade:SelfBurial"],"picked":"Shade:Coordination","floor":16},{"not_picked":["Shade:FeralStrike+1","Shade:Patience+1"],"picked":"Shade:FingerOfDeath","floor":18}],"player_experience":1741296,"relics_obtained":[{"floor":9,"key":"CeramicFish"},{"floor":13,"key":"Mastiff:ReiMu"},{"floor":17,"key":"Ice Cream"},{"floor":17,"key":"Eternal Feather"},{"floor":17,"key":"Akabeko"}],"event_choices":[{"damage_healed":0,"gold_gain":75,"player_choice":"Gather Gold","damage_taken":11,"max_hp_gain":0,"max_hp_loss":0,"event_name":"World of Goop","floor":4,"gold_loss":0},{"damage_healed":0,"gold_gain":0,"player_choice":"Grow","damage_taken":0,"max_hp_gain":0,"max_hp_loss":0,"event_name":"Living Wall","floor":5,"gold_loss":0,"cards_upgraded":["Shade:AnimateDead"]},{"damage_healed":0,"gold_gain":0,"player_choice":"Bought 2 Potions","damage_taken":0,"max_hp_gain":0,"max_hp_loss":0,"event_name":"The Woman in Blue","floor":12,"gold_loss":0},{"damage_healed":0,"gold_gain":0,"player_choice":"Fought Bandits","damage_taken":0,"max_hp_gain":0,"max_hp_loss":0,"event_name":"Masked Bandits","floor":20,"gold_loss":0}],"is_beta":false,"boss_relics":[{"not_picked":["Tiny House","Fiend:Scarf"],"picked":"Calling Bell"}],"items_purged_floors":[],"is_endless":false,"potions_floor_spawned":[1,16],"killed_by":"Masked Bandits","ascension_level":0}}