{"host":"7c402rm0fqc13zvz","time":1610381707,"event":{"mods":["BaseMod","Marisa£®ÏF”Í°°ƒß¿Ì…≥£©","Minty Spire (QoL Compilation)","Reimu£®≤©¿ˆ¡È√Œ£©","StSLib","The Administrix","Youmu£®ªÍ∆«—˝√Œ£©","[π¶ƒ‹]π¶ƒ‹‘ˆ«ø∫Õ–ﬁ∏¥MOD"],"gold_per_floor":[113,132,142,89,99,99,114,143,167,167,167,167,162,178,178,434,434,449,434,434,429,429,445,474,474,474,487,499,533,551,541,541,836,836,849,849,864,864,884,918,931,966,966,993,1007,1022,1041,1058,1058,1058],"floor_reached":51,"playtime":1586,"items_purged":["Defend_R","Defend_R","Bash","Strike_R","Strike_R","Strike_R","Defend_R","Strike_R","Strike_R","Defend_R","True Grit+1","Pain","Demon Form+1","Iron Wave","Forethought+1","Writhe","Thunderclap","Cleave"],"score":1373,"play_id":"680603bc-e6af-4c95-83cf-c9cc75c85601","local_time":"20210112001507","is_ascension_mode":true,"campfire_choices":[{"data":"Demon Form","floor":6,"key":"SMITH"},{"data":"Pommel Strike","floor":15,"key":"SMITH"},{"data":"Rupture","floor":25,"key":"SMITH"},{"data":"Rupture","floor":32,"key":"SMITH"},{"data":"Pummel","floor":49,"key":"SMITH"}],"circlet_count":0,"master_deck":["Pummel","Armaments+1","Pommel Strike+1","Warcry+1","Rupture+1","Deep Breath+1","Warcry+1","Rupture+1","Offering+1","Offering+1","Hemokinesis+1","Pummel+1","Thunderclap+1","Warcry+1","Bloodletting+1","Offering+1","Hemokinesis+1"],"relics":["Burning Blood","Toxic Egg 2","Thread and Needle","Membership Card","Odd Mushroom","Dream Catcher","Unceasing Top","WarpedTongs","Toy Ornithopter","Sundial","FossilizedHelix","Coffee Dripper","Strange Spoon","Darkstone Periapt","Question Card","Regal Pillow","Happy Flower","Art of War","Shuriken","Pear","Molten Egg 2","PreservedInsect","HandDrill","Centennial Puzzle","MealTicket","Matryoshka","Black Star","Meat on the Bone","Omamori","Potion Belt","TentaclePot:ReiMu","The Courier","Mummified Hand","Self Forming Clay","Bird Faced Urn","White Beast Statue","CrazyTorch:ReiMu","Frozen Egg 2","Vajra"],"acts_visited":["Exordium","TheCity","TheBeyond"],"potions_floor_usage":[16,16,24,42,50,50,50,50,50,50,50,50,50],"damage_taken":[{"damage":9,"enemies":"Jaw Worm","floor":1,"turns":5},{"damage":9,"enemies":"2 Louse","floor":2,"turns":2},{"damage":10,"enemies":"Small Slimes","floor":3,"turns":3},{"damage":6,"enemies":"Red Slaver","floor":5,"turns":3},{"damage":3,"enemies":"2 Fungi Beasts","floor":7,"turns":2},{"damage":5,"enemies":"The Mushroom Lair","floor":8,"turns":3},{"damage":0,"enemies":"Exordium Wildlife","floor":14,"turns":2},{"damage":28,"enemies":"Hexaghost","floor":16,"turns":4},{"damage":6,"enemies":"2 Thieves","floor":18,"turns":1},{"damage":4,"enemies":"Chosen","floor":23,"turns":1},{"damage":16,"enemies":"Book of Stabbing","floor":24,"turns":1},{"damage":14,"enemies":"Snake Plant","floor":27,"turns":1},{"damage":10,"enemies":"Centurion and Healer","floor":28,"turns":1},{"damage":8,"enemies":"Slavers","floor":29,"turns":1},{"damage":10,"enemies":"Shelled Parasite and Fungi","floor":30,"turns":1},{"damage":13,"enemies":"Collector","floor":33,"turns":1},{"damage":9,"enemies":"Orb Walker","floor":35,"turns":1},{"damage":6,"enemies":"3 Darklings","floor":37,"turns":1},{"damage":7,"enemies":"Sphere and 2 Shapes","floor":39,"turns":1},{"damage":20,"enemies":"Giant Head","floor":40,"turns":1},{"damage":15,"enemies":"Writhing Mass","floor":41,"turns":1},{"damage":11,"enemies":"Reptomancer","floor":42,"turns":1},{"damage":7,"enemies":"Giant Head","floor":44,"turns":1},{"damage":11,"enemies":"3 Darklings","floor":45,"turns":1},{"damage":11,"enemies":"Maw","floor":46,"turns":1},{"damage":24,"enemies":"4 Shapes","floor":47,"turns":1},{"damage":4,"enemies":"Writhing Mass","floor":48,"turns":1},{"damage":24,"enemies":"Donu and Deca","floor":50,"turns":1}],"seed_played":"-4195902585976147239","potions_obtained":[{"floor":1,"key":"EntropicBrew"},{"floor":2,"key":"BlessingOfTheForge"},{"floor":14,"key":"LiquidBronze"},{"floor":16,"key":"ZuzhouPotion:ReiMu"},{"floor":23,"key":"Strength Potion"},{"floor":24,"key":"Energy Potion"},{"floor":27,"key":"PowerPotion"},{"floor":28,"key":"Strength Potion"},{"floor":39,"key":"SteroidPotion"},{"floor":41,"key":"Regen Potion"},{"floor":42,"key":"GrandPatriotsElixir:ReiMu"}],"is_trial":false,"path_per_floor":["M","M","M","$","M","R","M","?","T","?","?","?","$","M","R","B",null,"M","$","?","$","T","M","E","R","T","M","M","E","M","$","R","B",null,"M","$","M","$","M","E","M","E","T","E","M","M","M","M","R","B",null],"character_chosen":"IRONCLAD","items_purchased":["Toxic Egg 2","Thread and Needle","Membership Card","Forethought+1","Armaments+1","True Grit+1","Pommel Strike","Strength Potion","Deep Breath+1","Warcry+1","Rupture","Cleave","Toy Ornithopter","Sundial","Strange Spoon","Darkstone Periapt","Pummel","Question Card","Happy Flower","Art of War","HandDrill","Centennial Puzzle","MealTicket","Meat on the Bone","Omamori","Potion Belt","TentaclePot:ReiMu"],"campfire_rested":0,"item_purchase_floors":[4,4,4,4,4,4,4,4,13,13,13,13,13,13,19,19,19,19,21,21,31,31,31,36,38,38,38],"current_hp_per_floor":[69,66,62,62,62,62,65,66,66,66,59,59,59,65,65,50,67,67,67,73,73,73,75,78,78,78,70,66,64,60,60,60,53,79,76,88,88,88,87,73,64,64,64,67,66,65,51,57,57,72],"gold":1058,"neow_bonus":"THREE_RARE_CARDS","is_daily":false,"chose_seed":false,"campfire_upgraded":5,"win_rate":0.0,"timestamp":1610381707,"path_taken":["M","M","M","$","M","R","M","?","T","?","?","?","$","M","R","BOSS","M","?","?","$","?","M","E","R","T","?","?","E","M","$","R","BOSS","M","$","?","$","M","E","M","E","T","E","M","M","?","M","R","BOSS"],"items_purchased_type":["Relic","Relic","Relic","Card","Card","Card","Card","Potion","Card","Card","Card","Card","Relic","Relic","Relic","Relic","Card","Relic","Relic","Relic","Relic","Relic","Relic","Relic","Relic","Relic","Relic"],"build_version":"2020-12-22","purchased_purges":18,"victory":true,"max_hp_per_floor":[72,72,72,72,72,72,72,72,72,72,72,72,72,72,72,72,72,72,72,78,78,78,78,88,88,88,88,88,88,88,88,88,88,88,88,88,88,88,88,88,88,88,88,88,88,88,88,88,88,88],"card_choices":[{"not_picked":["Feed","Berserk"],"picked":"Demon Form","floor":0},{"not_picked":["Havoc","Hemokinesis"],"picked":"Pummel","floor":1},{"not_picked":["Heavy Blade","Pommel Strike"],"picked":"Thunderclap","floor":2},{"not_picked":["Hemokinesis","Warcry"],"picked":"Iron Wave","floor":3},{"not_picked":["Clash","Carnage"],"picked":"Warcry+1","floor":5},{"not_picked":["Disarm+1","Havoc+1","Pommel Strike"],"picked":"SKIP","floor":7},{"not_picked":["True Grit+1","Body Slam"],"picked":"Rupture","floor":8},{"not_picked":["Flex+1","Cleave","Dual Wield+1"],"picked":"SKIP","floor":14},{"not_picked":["Fiend Fire","Immolate"],"picked":"Offering+1","floor":16},{"not_picked":["Barricade","Reaper"],"picked":"Offering+1","floor":16},{"not_picked":["Sword Boomerang+1","Heavy Blade"],"picked":"Hemokinesis+1","floor":18},{"not_picked":["Thunderclap","Shrug It Off+1","Headbutt+1","Rampage"],"picked":"SKIP","floor":23},{"not_picked":["Uppercut","Fire Breathing+1","Sword Boomerang","Spot Weakness+1"],"picked":"SKIP","floor":24},{"not_picked":["Ghostly Armor+1","Inflame","Sentinel+1","Wild Strike+1"],"picked":"SKIP","floor":27},{"not_picked":["Cleave+1","Spot Weakness+1","Exhume+1"],"picked":"Thunderclap+1","floor":28},{"not_picked":["Shockwave+1","Clash+1","Reckless Charge+1"],"picked":"Warcry+1","floor":29},{"not_picked":["Perfected Strike+1","Clash+1","Power Through+1"],"picked":"Bloodletting+1","floor":30},{"not_picked":["Brutality","Immolate+1","Bludgeon+1"],"picked":"Offering+1","floor":33},{"not_picked":["Headbutt+1","Fire Breathing+1","Shrug It Off+1","Evolve"],"picked":"SKIP","floor":35},{"not_picked":["Fire Breathing+1","Armaments+1","Anger+1","Combust+1"],"picked":"SKIP","floor":37},{"not_picked":["Intimidate+1","Fire Breathing","Heavy Blade+1","Clothesline+1"],"picked":"SKIP","floor":39},{"not_picked":["Sword Boomerang+1","True Grit+1","Carnage+1","Warcry+1"],"picked":"SKIP","floor":40},{"not_picked":["Heavy Blade+1","Pummel+1","Twin Strike+1","Clash+1"],"picked":"SKIP","floor":41},{"not_picked":["Feed+1","Flame Barrier+1","Feel No Pain+1","Warcry+1"],"picked":"SKIP","floor":42},{"not_picked":["Warcry+1","Headbutt+1","Pummel+1","True Grit+1"],"picked":"SKIP","floor":44},{"not_picked":["Anger+1","Clothesline+1","Fire Breathing+1"],"picked":"Hemokinesis+1","floor":45},{"not_picked":["Entrench+1","Sword Boomerang+1","Clothesline+1","Body Slam+1"],"picked":"SKIP","floor":46},{"not_picked":["Body Slam+1","Clash+1","Warcry+1","Iron Wave+1"],"picked":"SKIP","floor":47},{"not_picked":["Pummel+1","Warcry+1","Havoc+1","Spot Weakness+1"],"picked":"SKIP","floor":48}],"player_experience":57955,"relics_obtained":[{"floor":8,"key":"Odd Mushroom"},{"floor":9,"key":"Dream Catcher"},{"floor":16,"key":"FossilizedHelix"},{"floor":22,"key":"Shuriken"},{"floor":24,"key":"Pear"},{"floor":26,"key":"Molten Egg 2"},{"floor":29,"key":"PreservedInsect"},{"floor":33,"key":"Matryoshka"},{"floor":40,"key":"The Courier"},{"floor":40,"key":"Mummified Hand"},{"floor":42,"key":"Self Forming Clay"},{"floor":42,"key":"Bird Faced Urn"},{"floor":43,"key":"White Beast Statue"},{"floor":43,"key":"CrazyTorch:ReiMu"},{"floor":44,"key":"Frozen Egg 2"},{"floor":44,"key":"Vajra"}],"event_choices":[{"damage_healed":0,"gold_gain":0,"player_choice":"Fought Mushrooms","damage_taken":0,"max_hp_gain":0,"max_hp_loss":0,"event_name":"Mushrooms","floor":8,"gold_loss":0},{"damage_healed":0,"gold_gain":0,"player_choice":"Box","damage_taken":0,"relics_obtained":["Unceasing Top"],"max_hp_gain":0,"max_hp_loss":0,"event_name":"Big Fish","floor":10,"gold_loss":0,"cards_obtained":["Regret"]},{"cards_removed":["Regret"],"damage_healed":0,"gold_gain":0,"player_choice":"Card Removal","damage_taken":7,"max_hp_gain":0,"max_hp_loss":0,"event_name":"Golden Wing","floor":11,"gold_loss":0},{"damage_healed":0,"gold_gain":0,"player_choice":"Rummage","damage_taken":0,"relics_obtained":["WarpedTongs"],"max_hp_gain":0,"max_hp_loss":0,"event_name":"Accursed Blacksmith","floor":12,"gold_loss":0,"cards_obtained":["Pain"]},{"damage_healed":0,"gold_gain":0,"player_choice":"Opened","damage_taken":0,"relics_obtained":["Regal Pillow"],"max_hp_gain":0,"max_hp_loss":0,"event_name":"The Mausoleum","floor":20,"gold_loss":0,"cards_obtained":["Writhe"]}],"is_beta":false,"boss_relics":[{"not_picked":["Busted Crown","SlaversCollar"],"picked":"Coffee Dripper"},{"not_picked":["Cursed Key","Velvet Choker"],"picked":"Black Star"}],"items_purged_floors":[4,4,4,4,4,4,4,4,4,4,4,13,19,19,19,21,31,31],"is_endless":false,"potions_floor_spawned":[1,2,8,14,16,18,23,24,27,28,28,29,30,33,37,39,40,41,42,42,44,45,46,46,46,47,47,47,48,48],"ascension_level":5}}