{"host":"spsrt7uenoh0uedx","time":1610338305,"event":{"mods":["Act Like it!","Arknights The Spire","BaseMod","Downfall","Friendly Minions","Gensokyo","Hallownest","Kiyohime（清姬）","Marisa（F雨　魔理沙）","Minty Spire (QoL Compilation)","SOS（斯巴达之子）","StSLib","The Bug Knight","The Cursed","The Gatherer","The Hierophant","The Runesmith","The Servant 0.9.4","WarShipGirlsR/战舰少女R mod","Youmu（魂魄妖梦）","Yuri Mod"],"gold_per_floor":[18,29,29,42,55,55,36,36,84,84,84,84,84,84,84,84,84],"floor_reached":16,"playtime":474,"items_purged":[],"score":88,"play_id":"4f6913b9-3d61-4c42-af2a-fe11e720753e","local_time":"20210111121145","is_ascension_mode":false,"campfire_choices":[{"data":"rmod:abidefaith","floor":6,"key":"SMITH"},{"data":"rmod:fletcherpendant","floor":8,"key":"SMITH"},{"data":"rmod:maingunfire","floor":11,"key":"SMITH"},{"data":"rmod:aggressivemary","floor":13,"key":"SMITH"},{"data":"rmod:diamondstrike","floor":15,"key":"SMITH"}],"circlet_count":0,"master_deck":["rmod:strick","rmod:strick","rmod:strick","rmod:strick","rmod:defend","rmod:defend","rmod:defend","rmod:defend","rmod:basicallowance","rmod:maingunfire+1","rmod:abidefaith+1","rmod:fletcherpendant+1","rmod:diamondstrike+1","Clumsy","rmod:bulid","Gensokyo:RustyChest","Injury","rmod:firesupport","rmod:aggressivemary+1"],"relics":["rmod:firstchargereward","Gensokyo:NagashiBinaDoll","MealTicket","Bag of Marbles","Gensokyo:Mercy"],"acts_visited":["Gensokyo:Gensokyo"],"potions_floor_usage":[],"damage_taken":[{"damage":8,"enemies":"Gensokyo:3_Fairies","floor":1,"turns":6},{"damage":3,"enemies":"Gensokyo:Python","floor":2,"turns":4},{"damage":4,"enemies":"Gensokyo:2_Kodama","floor":4,"turns":3},{"damage":0,"enemies":"Gensokyo:LivingMonolith","floor":5,"turns":3},{"damage":61,"enemies":"Gensokyo:Reimu","floor":16,"turns":3}],"seed_played":"-1223307337625770795","potions_obtained":[{"floor":5,"key":"GamblersBrew"}],"is_trial":false,"path_per_floor":["M","M","?","M","M","R","COS","R","T","?","R","?","R","?","R","B"],"character_chosen":"PRAEFECT","items_purchased":[],"campfire_rested":0,"item_purchase_floors":[],"current_hp_per_floor":[67,64,64,60,60,60,60,60,60,60,60,60,60,60,60,0,0],"gold":84,"neow_bonus":"THREE_RARE_CARDS","is_daily":false,"chose_seed":false,"campfire_upgraded":5,"win_rate":0.0,"timestamp":1610338305,"path_taken":["M","?","?","M","?","R","COS","R","T","?","R","?","R","?","R","BOSS"],"items_purchased_type":[],"build_version":"2020-12-22","purchased_purges":0,"victory":false,"max_hp_per_floor":[75,75,75,75,75,75,75,75,75,75,75,75,75,75,75,75,75],"card_choices":[{"not_picked":["rmod:desperatesituation","rmod:highspeedmaneuver"],"picked":"rmod:abidefaith","floor":0},{"not_picked":["rmod:ammunitionsupply","rmod:firesupport"],"picked":"rmod:fletcherpendant","floor":1},{"not_picked":["rmod:wife","rmod:wolves"],"picked":"rmod:diamondstrike","floor":2},{"not_picked":["rmod:lonelyqueen","rmod:steelsupply"],"picked":"rmod:bulid","floor":4},{"not_picked":["rmod:heivgo","rmod:mineteam"],"picked":"rmod:rockthrower","floor":5},{"not_picked":["rmod:diamondstrike","rmod:capitalist"],"picked":"rmod:firesupport","floor":12},{"not_picked":["rmod:smokecover","rmod:firesupport"],"picked":"rmod:aggressivemary","floor":12}],"player_experience":250133,"relics_obtained":[{"floor":9,"key":"MealTicket"}],"event_choices":[],"is_beta":false,"boss_relics":[],"items_purged_floors":[],"is_endless":false,"potions_floor_spawned":[5],"killed_by":"Gensokyo:Reimu","ascension_level":0}}