{"host":"ix3f5uox0dgbccjc","time":1610354108,"event":{"mods":["BaseMod","Minty Spire (QoL Compilation)"],"gold_per_floor":[110,127,51,62,62,62,96,96,96,17,36,52,52,52,52,150,150,169,156,173,173,173],"floor_reached":21,"playtime":631,"items_purged":[],"score":181,"play_id":"acf403dc-23ac-45d7-813f-2d75aca1bb1f","local_time":"20210111033508","is_ascension_mode":false,"campfire_choices":[{"data":"Inflame","floor":6,"key":"SMITH"},{"data":"Thunderclap","floor":8,"key":"SMITH"},{"data":"Disarm","floor":15,"key":"SMITH"}],"circlet_count":0,"master_deck":["Strike_R","Strike_R","Strike_R","Strike_R","Strike_R","Defend_R","Defend_R","Defend_R","Inflame+1","Disarm+1","Thunderclap+1","Disarm+1","Rampage","Regret","Limit Break","Metallicize","Twin Strike+1"],"relics":["Black Blood","Eternal Feather","Bag of Marbles","Molten Egg 2"],"acts_visited":["Exordium","TheCity"],"potions_floor_usage":[7,18,18,21],"damage_taken":[{"damage":0,"enemies":"Small Slimes","floor":1,"turns":3},{"damage":5,"enemies":"Cultist","floor":2,"turns":4},{"damage":10,"enemies":"2 Louse","floor":4,"turns":3},{"damage":28,"enemies":"3 Sentries","floor":7,"turns":7},{"damage":9,"enemies":"Blue Slaver","floor":11,"turns":4},{"damage":9,"enemies":"Red Slaver","floor":12,"turns":4},{"damage":31,"enemies":"The Guardian","floor":16,"turns":13},{"damage":42,"enemies":"3 Byrds","floor":18,"turns":6},{"damage":28,"enemies":"2 Thieves","floor":19,"turns":4},{"damage":4,"enemies":"Snake Plant","floor":20,"turns":6},{"damage":49,"enemies":"Masked Bandits","floor":21,"turns":3}],"seed_played":"-5669530534942157233","potions_obtained":[{"floor":1,"key":"BloodPotion"},{"floor":7,"key":"CultistPotion"},{"floor":16,"key":"Regen Potion"},{"floor":20,"key":"Explosive Potion"}],"is_trial":false,"path_per_floor":["M","M","$","M","?","R","E","R","T","$","M","M","?","?","R","B",null,"M","M","M","?"],"character_chosen":"IRONCLAD","items_purchased":["Disarm","Disarm"],"campfire_rested":0,"item_purchase_floors":[3,10],"current_hp_per_floor":[72,72,72,68,68,68,60,66,66,66,63,60,60,60,66,41,72,56,40,48,0,0],"gold":173,"neow_bonus":"REMOVE_TWO","is_daily":false,"chose_seed":false,"campfire_upgraded":3,"win_rate":0.0,"timestamp":1610354108,"path_taken":["M","M","$","M","?","R","E","R","T","?","?","M","?","?","R","BOSS","M","M","M","?"],"items_purchased_type":["Card","Card"],"build_version":"2020-12-22","purchased_purges":0,"victory":false,"max_hp_per_floor":[72,72,72,72,72,72,72,72,72,72,72,72,72,72,72,72,72,72,72,72,72,72],"card_choices":[{"not_picked":["Cleave","Sword Boomerang"],"picked":"Inflame","floor":1},{"not_picked":["Sentinel","Pommel Strike","Battle Trance"],"picked":"SKIP","floor":2},{"not_picked":["Havoc","Second Wind"],"picked":"Thunderclap","floor":4},{"not_picked":["Flex","Perfected Strike","Reckless Charge"],"picked":"SKIP","floor":7},{"not_picked":["Intimidate","Headbutt"],"picked":"Rampage","floor":11},{"not_picked":["Sword Boomerang","Clash","Reckless Charge"],"picked":"SKIP","floor":12},{"not_picked":["Demon Form","Brutality"],"picked":"Limit Break","floor":16},{"not_picked":["Warcry","Uppercut+1","Dual Wield"],"picked":"SKIP","floor":18},{"not_picked":["Clothesline+1","Reckless Charge+1"],"picked":"Metallicize","floor":19},{"not_picked":["Rage","Ghostly Armor"],"picked":"Twin Strike+1","floor":20}],"player_experience":204677,"relics_obtained":[{"floor":7,"key":"Eternal Feather"},{"floor":9,"key":"Bag of Marbles"}],"event_choices":[{"damage_healed":0,"gold_gain":0,"player_choice":"Upgraded","damage_taken":0,"max_hp_gain":0,"max_hp_loss":0,"event_name":"Upgrade Shrine","floor":5,"gold_loss":0,"cards_upgraded":["Disarm"]},{"damage_healed":0,"gold_gain":0,"player_choice":"Box","damage_taken":0,"relics_obtained":["Molten Egg 2"],"max_hp_gain":0,"max_hp_loss":0,"event_name":"Big Fish","floor":13,"gold_loss":0,"cards_obtained":["Regret"]},{"damage_healed":0,"gold_gain":0,"player_choice":"Ignored","damage_taken":0,"max_hp_gain":0,"max_hp_loss":0,"event_name":"NoteForYourself","floor":14,"gold_loss":0},{"damage_healed":0,"gold_gain":0,"player_choice":"Fought Bandits","damage_taken":0,"max_hp_gain":0,"max_hp_loss":0,"event_name":"Masked Bandits","floor":21,"gold_loss":0}],"is_beta":false,"boss_relics":[{"not_picked":["Runic Pyramid","Coffee Dripper"],"picked":"Black Blood"}],"items_purged_floors":[],"is_endless":false,"potions_floor_spawned":[1,7,16,20],"killed_by":"Masked Bandits","ascension_level":0}}