{"host":"fxh4234sf5pb3xr6","time":1610329746,"event":{"mods":["AchievementEnabler","BaseMod","Colored Map","Colored Powertips","Minty Spire (QoL Compilation)","Rare Cards Sparkle","StSLib"],"gold_per_floor":[118,193,118,68,79,110,130,161,161,61,61,92,103,123,123,224,224,239,239,239,255,255,255,271,271,271,282,31,57,57,82,82,82,82],"floor_reached":33,"playtime":1610,"items_purged":["Strike_R","Strike_R"],"score":354,"play_id":"013616a1-5d5f-4ee9-8389-a0c0cefc4514","local_time":"20210110204906","is_ascension_mode":true,"campfire_choices":[{"floor":11,"key":"REST"},{"floor":15,"key":"REST"},{"data":"Barricade","floor":23,"key":"SMITH"},{"data":"Sword Boomerang","floor":25,"key":"SMITH"},{"floor":32,"key":"REST"}],"circlet_count":0,"master_deck":["Strike_R+1","Strike_R+1","Strike_R+1","Defend_R+1","Defend_R+1","Bash","Inflame","Sword Boomerang+1","Shrug It Off","Whirlwind","Inflame","Barricade+1","Juggernaut","Disarm+1","Spot Weakness+1","Decay"],"relics":["Black Blood","Du-Vu Doll","Thread and Needle","FossilizedHelix","Blue Candle","Gremlin Horn","Singing Bowl","Orichalcum","Bottled Lightning"],"acts_visited":["Exordium","TheCity"],"potions_floor_usage":[6,31],"damage_taken":[{"damage":4,"enemies":"2 Louse","floor":1,"turns":4},{"damage":12,"enemies":"Jaw Worm","floor":5,"turns":3},{"damage":42,"enemies":"3 Sentries","floor":6,"turns":8},{"damage":0,"enemies":"Cultist","floor":7,"turns":3},{"damage":27,"enemies":"Gremlin Nob","floor":8,"turns":4},{"damage":6,"enemies":"Lagavulin","floor":12,"turns":6},{"damage":0,"enemies":"3 Louse","floor":13,"turns":2},{"damage":0,"enemies":"2 Fungi Beasts","floor":14,"turns":2},{"damage":17,"enemies":"The Guardian","floor":16,"turns":16},{"damage":19,"enemies":"3 Byrds","floor":18,"turns":5},{"damage":26,"enemies":"Spheric Guardian","floor":21,"turns":7},{"damage":5,"enemies":"Snecko","floor":24,"turns":6},{"damage":44,"enemies":"Sentry and Sphere","floor":27,"turns":6},{"damage":21,"enemies":"Book of Stabbing","floor":31,"turns":5},{"damage":63,"enemies":"Champ","floor":33,"turns":11}],"seed_played":"6983300671250098647","potions_obtained":[{"floor":1,"key":"EssenceOfSteel"},{"floor":7,"key":"BlessingOfTheForge"},{"floor":8,"key":"CultistPotion"},{"floor":16,"key":"ColorlessPotion"}],"is_trial":false,"path_per_floor":["M","?","$","?","M","E","M","E","T","$","R","E","M","M","R","B",null,"M","?","?","M","?","R","M","R","T","M","$","T","?","E","R","B"],"character_chosen":"IRONCLAD","items_purchased":["Singing Bowl"],"campfire_rested":3,"item_purchase_floors":[28],"current_hp_per_floor":[80,69,69,69,63,27,33,12,12,12,36,36,42,48,72,61,75,68,68,68,54,54,54,61,61,61,29,29,29,29,20,44,0,0],"gold":82,"neow_bonus":"REMOVE_CARD","is_daily":false,"chose_seed":false,"campfire_upgraded":2,"win_rate":0.0,"timestamp":1610329746,"path_taken":["M","?","$","?","M","E","M","E","T","?","R","E","?","?","R","BOSS","M","?","?","M","?","R","?","R","T","M","$","?","?","E","R","BOSS"],"items_purchased_type":["Relic"],"build_version":"2020-12-22","purchased_purges":2,"victory":false,"max_hp_per_floor":[80,80,80,80,80,80,80,80,80,80,80,80,80,80,80,80,80,80,80,80,80,80,80,80,80,80,80,80,80,80,80,80,80,80],"card_choices":[{"not_picked":["Battle Trance","Shrug It Off"],"picked":"Inflame","floor":1},{"not_picked":["Combust","Perfected Strike"],"picked":"Sword Boomerang","floor":5},{"not_picked":["Sword Boomerang","Cleave"],"picked":"Shrug It Off","floor":6},{"not_picked":["Headbutt","Perfected Strike"],"picked":"Whirlwind","floor":7},{"not_picked":["Whirlwind","Carnage"],"picked":"Inflame","floor":8},{"not_picked":["Blood for Blood","Thunderclap"],"picked":"Barricade","floor":12},{"not_picked":["Fire Breathing","Armaments","Intimidate"],"picked":"SKIP","floor":13},{"not_picked":["Iron Wave","Infernal Blade","Seeing Red"],"picked":"SKIP","floor":14},{"not_picked":["Corruption","Reaper"],"picked":"Juggernaut","floor":16},{"not_picked":["Second Wind","Shrug It Off"],"picked":"Disarm+1","floor":18},{"not_picked":["True Grit","Clothesline"],"picked":"Spot Weakness+1","floor":21},{"not_picked":["Clothesline+1","Searing Blow","Bloodletting"],"picked":"SKIP","floor":24},{"not_picked":["Havoc","Berserk","Sentinel+1"],"picked":"SKIP","floor":27},{"not_picked":["Heavy Blade","Headbutt","Flex"],"picked":"SKIP","floor":31}],"player_experience":344260,"relics_obtained":[{"floor":6,"key":"Du-Vu Doll"},{"floor":8,"key":"Thread and Needle"},{"floor":9,"key":"FossilizedHelix"},{"floor":12,"key":"Blue Candle"},{"floor":26,"key":"Gremlin Horn"},{"floor":29,"key":"Orichalcum"},{"floor":31,"key":"Bottled Lightning"}],"event_choices":[{"damage_healed":0,"gold_gain":75,"player_choice":"Gather Gold","damage_taken":11,"max_hp_gain":0,"max_hp_loss":0,"event_name":"World of Goop","floor":2,"gold_loss":0},{"cards_removed":["Defend_R"],"damage_healed":0,"gold_gain":0,"player_choice":"Card Removal","damage_taken":0,"max_hp_gain":0,"max_hp_loss":0,"event_name":"The Cleric","floor":4,"gold_loss":50},{"damage_healed":0,"gold_gain":0,"player_choice":"Ignored","damage_taken":0,"max_hp_gain":0,"max_hp_loss":0,"event_name":"Ghosts","floor":19,"gold_loss":0},{"damage_healed":0,"gold_gain":0,"player_choice":"Simplicity","damage_taken":0,"max_hp_gain":0,"max_hp_loss":0,"event_name":"Back to Basics","floor":20,"gold_loss":0,"cards_upgraded":["Strike_R","Strike_R","Strike_R","Defend_R","Defend_R"]},{"damage_healed":0,"gold_gain":0,"player_choice":"Ignored","damage_taken":0,"max_hp_gain":0,"max_hp_loss":0,"event_name":"N\u0027loth","floor":22,"gold_loss":0},{"damage_healed":0,"gold_gain":0,"player_choice":"Smashed Altar","damage_taken":0,"max_hp_gain":0,"max_hp_loss":0,"event_name":"Forgotten Altar","floor":30,"gold_loss":0,"cards_obtained":["Decay"]}],"is_beta":false,"boss_relics":[{"not_picked":["Cursed Key","Tiny House"],"picked":"Black Blood"}],"items_purged_floors":[3,10],"is_endless":false,"potions_floor_spawned":[1,7,8,16,18,24,27],"killed_by":"Champ","ascension_level":5}}