{"host":"bplbr8uekuotory4","time":1610339671,"event":{"mods":["Act Like it!","BaseMod","Custom Start","Gensokyo","GungeonMod","Hermit","KinomotoSakuraMod(ƒæ÷Æ±æ”£)","Koishi","Marisa£®ÏF”Í°°ƒß¿Ì…≥£©","Minty Spire (QoL Compilation)","Prisma Mod","Quick Restart","Reimu£®≤©¿ˆ¡È√Œ£©","SOS£®Àπ∞Õ¥Ô÷Æ◊”£©","Spicy Shops","StSLib","TestMod","The Alterego","The Blackbeard","The Cursed","The Marked","The Mystic","The Runesmith","The Saiyan","The Servant 0.9.4","Yuri Mod","[IsaacMod]“‘»ˆº‚À˛","vexMod"],"gold_per_floor":[109,127,177,29,45,45,87,87,87,97,97,34,54,71,71,169,169,184,184,30,50,50,50,87,87,87,87,110,144,44,69,69,179,179,198,229,260,313,334,334,381,417,490,513,513,388,429,99,99,128,128,128,54,96,140],"floor_reached":56,"playtime":1828,"items_purged":["TheCursedMod:Defend_TheCursed","Regret","TheCursedMod:Defend_TheCursed","TheCursedMod:Strike_TheCursed","TheCursedMod:Strike_TheCursed","TheCursedMod:BlessingInDisguise"],"score":1797,"play_id":"3c08155b-9b67-448c-a482-10e1f035165d","local_time":"20210111123431","is_ascension_mode":false,"campfire_choices":[{"data":"TheCursedMod:CursedRelics","floor":6.0,"key":"SMITH"},{"data":"TheCursedMod:CleanUpWorkshop","floor":8.0,"key":"SMITH"},{"data":"TheCursedMod:NeowsMight","floor":15.0,"key":"SMITH"},{"data":"TheCursedMod:StunningStrike","floor":23.0,"key":"SMITH"},{"data":"TheCursedMod:CursedShiv","floor":25.0,"key":"SMITH"},{"data":"TheCursedMod:RavingStaff","floor":32.0,"key":"SMITH"},{"data":"TheCursedMod:DemonSword","floor":40.0,"key":"SMITH"},{"floor":49,"key":"RECALL"},{"data":"testmod-EternalityOfKhronos","floor":52,"key":"SMITH"}],"circlet_count":0,"master_deck":["TheCursedMod:Strike_TheCursed","TheCursedMod:Strike_TheCursed","TheCursedMod:Defend_TheCursed","TheCursedMod:Defend_TheCursed","TheCursedMod:CursedWand","TheCursedMod:CleanUpWorkshop+1","TheCursedMod:Dregs","TheCursedMod:CursedShiv+1","TheCursedMod:CursedRelics+1","TheCursedMod:RapidMovement","TheCursedMod:NeowsMight+1","TheCursedMod:StunningStrike+1","TheCursedMod:DemonSword+1","TheCursedMod:SpitefulStrike","TheCursedMod:RavingStaff+1","TheCursedMod:ForbiddenAlchemy","TheCursedMod:TroublousMinions+1","Panache","testmod-EternalityOfKhronos+1","TheCursedMod:LuckyCharm"],"relics":["TheCursedMod:BlackMagic101","testmod-TestBox","HushsDoor","TheBible","testmod-RealStoneCalender","NeowsBlessing","vexMod:ConsolationPrize","testmod-IndustrialRevolution","Toolbox","Pen Nib","DoctorsRemote","MawBank","DemoMod:GlassGuonStoneRelic","testmod-DeterminationOfClimber","GuppysCollar","vexMod:Spyglass","HornCleat","MoneyPower","Mastiff:ReiMu","Black Star","PunchingBag","Happy Flower","HornCleat","Bottled Lightning","Nunchaku","Pantograph","RuthlessExorcism:ReiMu","Mercury Hourglass"],"acts_visited":["Exordium","TheCity","TheBeyond","TheEnding"],"potions_floor_usage":[55,55,55,55,55,55,55],"damage_taken":[{"damage":0.0,"enemies":"Jaw Worm","floor":1.0,"turns":1.0},{"damage":0.0,"enemies":"Cultist","floor":2.0,"turns":1.0},{"damage":0.0,"enemies":"Hiden Room Battle","floor":3.0,"turns":1.0},{"damage":0.0,"enemies":"2 Louse","floor":5.0,"turns":1.0},{"damage":9.0,"enemies":"3 Sentries","floor":7.0,"turns":4.0},{"damage":0.0,"enemies":"Looter","floor":10.0,"turns":2.0},{"damage":0.0,"enemies":"Blue Slaver","floor":13.0,"turns":3.0},{"damage":0.0,"enemies":"Gremlin Gang","floor":14.0,"turns":2.0},{"damage":0.0,"enemies":"The Guardian","floor":16.0,"turns":7.0},{"damage":0.0,"enemies":"Chosen","floor":18.0,"turns":2.0},{"damage":0.0,"enemies":"Spheric Guardian","floor":21.0,"turns":2.0},{"damage":0.0,"enemies":"Slavers","floor":24.0,"turns":1.0},{"damage":0.0,"enemies":"Snecko","floor":28.0,"turns":2.0},{"damage":0.0,"enemies":"Gremlin Leader","floor":29.0,"turns":1.0},{"damage":0.0,"enemies":"Snake Plant","floor":31.0,"turns":2.0},{"damage":0.0,"enemies":"Collector","floor":33.0,"turns":1.0},{"damage":0.0,"enemies":"3 Shapes","floor":35.0,"turns":1.0},{"damage":0.0,"enemies":"3 Darklings","floor":36.0,"turns":1.0},{"damage":0.0,"enemies":"Spire Growth","floor":37.0,"turns":1.0},{"damage":0.0,"enemies":"2 Orb Walkers","floor":38.0,"turns":1.0},{"damage":0.0,"enemies":"Sphere and 2 Shapes","floor":39.0,"turns":1.0},{"damage":0.0,"enemies":"Transient","floor":41.0,"turns":4.0},{"damage":0.0,"enemies":"Nemesis","floor":42.0,"turns":1.0},{"damage":0.0,"enemies":"Jaw Worm Horde","floor":44.0,"turns":2.0},{"damage":0,"enemies":"Reptomancer","floor":47,"turns":1},{"damage":0,"enemies":"Awakened One","floor":50,"turns":3},{"damage":0,"enemies":"Shield and Spear","floor":54,"turns":1},{"damage":0,"enemies":"The Heart","floor":55,"turns":3}],"seed_played":"-6387537285702922082","potions_obtained":[{"floor":1.0,"key":"DemoMod:LeadSkinPotion"},{"floor":7.0,"key":"Explosive Potion"},{"floor":10.0,"key":"Energy Potion"},{"floor":14.0,"key":"SneckoOil"},{"floor":18.0,"key":"PowerPotion"},{"floor":19.0,"key":"testmod-TimePotion"}],"is_trial":false,"path_per_floor":["M","M","?","$","M","R","E","R","T","M","?","$","M","M","R","B",null,"M","?","$","M","?","R","E","R","T","$","M","E","$","M","R","B",null,"M","M","M","?","M","R","M","E","T","M","?","$","E","$","R","B",null,"R","$","E","B",null],"character_chosen":"THE_CURSED","items_purchased":["Toolbox","GuppysCollar","TheCursedMod:DemonSword","vexMod:Spyglass","testmod-EternalityOfKhronos","TheCursedMod:LuckyCharm"],"campfire_rested":0,"item_purchase_floors":[4,17,17,20,48,53],"current_hp_per_floor":[75,75,60,60,60,60,51,51,51,51,51,51,51,51,51,51,53,53,53,53,53,48,48,53,53,53,53,53,53,53,53,53,53,46,46,46,46,46,46,46,46,46,46,46,46,46,46,46,46,46,46,46,46,46,46],"gold":140,"neow_bonus":"THREE_ENEMY_KILL","is_daily":false,"chose_seed":false,"campfire_upgraded":8,"win_rate":0.0,"timestamp":1610339671,"path_taken":["M","M","?","?","M","R","E","R","T","M","?","?","?","M","R","BOSS","M","?","$","?","?","R","E","R","T","?","M","E","?","M","R","BOSS","M","?","?","?","M","R","M","E","T","?","?","?","E","$","R","BOSS","R","$","E","BOSS"],"items_purchased_type":["Relic","Relic","Card","Relic","Card","Card"],"build_version":"2020-12-22","purchased_purges":6,"victory":true,"max_hp_per_floor":[75,75,75,75,75,75,75,75,75,75,75,75,75,75,75,75,53,53,53,53,53,53,53,53,53,53,53,53,53,53,53,53,53,46,46,46,46,46,46,46,46,46,46,46,46,46,46,46,46,46,46,46,46,46,46],"card_choices":[{"not_picked":[],"picked":"ChaosCard","floor":0.0},{"not_picked":["TheCursedMod:CircleOfWindfury","TheCursedMod:SoulReap","TheCursedMod:Obscuration"],"picked":"SKIP","floor":1.0},{"not_picked":["TheCursedMod:AshesToAshes","TheCursedMod:SpitefulStrike"],"picked":"TheCursedMod:CursedShiv","floor":2.0},{"not_picked":["TheCursedMod:CircleOfWindfury","TheCursedMod:SpitefulPlan"],"picked":"TheCursedMod:CursedRelics","floor":3.0},{"not_picked":["TheCursedMod:Obscuration","TheCursedMod:SaltUponWound"],"picked":"TheCursedMod:BlessingInDisguise","floor":5.0},{"not_picked":["TheCursedMod:CursedAmulet","TheCursedMod:TroublousMinions","TheCursedMod:CircleOfCorruption"],"picked":"SKIP","floor":7.0},{"not_picked":["TheCursedMod:Obscuration","TheCursedMod:AshesToAshes"],"picked":"TheCursedMod:RapidMovement","floor":10.0},{"not_picked":["TheCursedMod:Wield","TheCursedMod:Stretching","TheCursedMod:VitalStrike"],"picked":"SKIP","floor":13.0},{"not_picked":["TheCursedMod:CircleOfFlame","TheCursedMod:SmokeScreen"],"picked":"TheCursedMod:NeowsMight","floor":14.0},{"not_picked":["TheCursedMod:ShockAndAwe","TheCursedMod:ForbiddenAlchemy"],"picked":"TheCursedMod:StunningStrike","floor":16.0},{"not_picked":["TheCursedMod:StingEye","TheCursedMod:CircleOfCorruption+1","TheCursedMod:Wield"],"picked":"SKIP","floor":18.0},{"not_picked":["TheCursedMod:Wield","TheCursedMod:CursedAmulet","TheCursedMod:Mangle"],"picked":"SKIP","floor":21.0},{"not_picked":["TheCursedMod:CircleOfBlood","TheCursedMod:Grudge"],"picked":"TheCursedMod:SpitefulStrike","floor":24.0},{"not_picked":["TheCursedMod:CursedMace+1","TheCursedMod:EmpowerCircles"],"picked":"TheCursedMod:RavingStaff","floor":28.0},{"not_picked":["TheCursedMod:SmokeScreen","TheCursedMod:SpitefulStrike","TheCursedMod:CursedMace"],"picked":"SKIP","floor":29.0},{"not_picked":["TheCursedMod:CircleOfCorruption","TheCursedMod:Stigma+1","TheCursedMod:Obscuration"],"picked":"SKIP","floor":31.0},{"not_picked":["TheCursedMod:StunningStrike","TheCursedMod:DemonSword"],"picked":"TheCursedMod:ForbiddenAlchemy","floor":33.0},{"not_picked":["TheCursedMod:TacticalStrike+1","TheCursedMod:CursedAmulet"],"picked":"TheCursedMod:TroublousMinions+1","floor":35.0},{"not_picked":["TheCursedMod:SpreadPlague","TheCursedMod:RavingStaff","TheCursedMod:CursedArmor+1"],"picked":"SKIP","floor":36.0},{"not_picked":["TheCursedMod:SmokeScreen","TheCursedMod:Stigma","TheCursedMod:CursedMace"],"picked":"SKIP","floor":37.0},{"not_picked":["TheCursedMod:TacticalStrike","TheCursedMod:CursedSpellbook","TheCursedMod:ManaBullet"],"picked":"SKIP","floor":39.0},{"not_picked":["TheCursedMod:SoulReap","TheCursedMod:CursedShiv+1","TheCursedMod:ManaBullet"],"picked":"SKIP","floor":41.0},{"not_picked":["TheCursedMod:TroublousMinions","TheCursedMod:NeowsMight","TheCursedMod:BlessingInDisguise+1"],"picked":"SKIP","floor":42.0},{"not_picked":["TheCursedMod:HellfireBreathing+1","TheCursedMod:CursedBoomerang","TheCursedMod:SoulCrush+1"],"picked":"SKIP","floor":44.0},{"not_picked":["testmod-VirtualReality","testmod-ShutDown"],"picked":"Panache","floor":45.0},{"not_picked":["TheCursedMod:CircleOfFlame","TheCursedMod:CursedMace+1","TheCursedMod:DoubleShield"],"picked":"SKIP","floor":47},{"not_picked":["TheCursedMod:ForbiddenAlchemy","TheCursedMod:ReleasedKnowledge+1","TheCursedMod:HellsGateOpen"],"picked":"SKIP","floor":54}],"player_experience":1184944,"relics_obtained":[{"floor":3.0,"key":"vexMod:ConsolationPrize"},{"floor":3.0,"key":"testmod-IndustrialRevolution"},{"floor":7.0,"key":"Pen Nib"},{"floor":9.0,"key":"DoctorsRemote"},{"floor":24.0,"key":"MoneyPower"},{"floor":29.0,"key":"Mastiff:ReiMu"},{"floor":38.0,"key":"PunchingBag"},{"floor":42.0,"key":"Happy Flower"},{"floor":42.0,"key":"HornCleat"},{"floor":43.0,"key":"Bottled Lightning"},{"floor":47,"key":"Nunchaku"},{"floor":47,"key":"Pantograph"},{"floor":54,"key":"RuthlessExorcism:ReiMu"},{"floor":54,"key":"Mercury Hourglass"}],"event_choices":[{"damage_healed":0.0,"max_hp_gain":0.0,"max_hp_loss":0.0,"gold_gain":0.0,"event_name":"HidenRoomEvent","player_choice":"Fight","floor":3.0,"gold_loss":0.0,"damage_taken":0.0},{"damage_healed":0.0,"max_hp_gain":0.0,"max_hp_loss":0.0,"gold_gain":0.0,"event_name":"Big Fish","player_choice":"Box","floor":11.0,"gold_loss":0.0,"damage_taken":0.0,"relics_obtained":["MawBank"],"cards_obtained":["Regret"]},{"damage_healed":0.0,"max_hp_gain":0.0,"max_hp_loss":0.0,"gold_gain":0.0,"event_name":"Lab","player_choice":"Got Potions","floor":19.0,"gold_loss":0.0,"damage_taken":0.0},{"damage_healed":0.0,"max_hp_gain":0.0,"max_hp_loss":0.0,"gold_gain":0.0,"event_name":"blackbeard:ShipwreckEvent","player_choice":"HornCleat","floor":22.0,"gold_loss":0.0,"damage_taken":0.0,"relics_obtained":["HornCleat"]},{"damage_healed":0.0,"max_hp_gain":0.0,"max_hp_loss":0.0,"gold_gain":0.0,"event_name":"Mysterious Sphere","player_choice":"Fight","floor":38.0,"gold_loss":0.0,"damage_taken":0.0},{"damage_healed":0.0,"max_hp_gain":0.0,"max_hp_loss":0.0,"gold_gain":0.0,"event_name":"SensoryStone","player_choice":"Memory 1","floor":45.0,"gold_loss":0.0,"damage_taken":0.0}],"is_beta":false,"boss_relics":[{"not_picked":["Astrolabe","vexMod:CursedCompass"],"picked":"testmod-DeterminationOfClimber"},{"not_picked":[]},{"not_picked":["testmod-Fanaticism","Empty Cage"],"picked":"Black Star"},{"not_picked":[]}],"items_purged_floors":[12,17,30,34,46,48],"is_endless":false,"potions_floor_spawned":[1,7,10,14,18,28,31,36,37,38,42,47,54],"ascension_level":0}}