{"host":"asr1p6fhnuo0l7xu","time":1610336898,"event":{"mods":["BaseMod","Downfall","Minty Spire (QoL Compilation)","StSLib","The Cursed"],"gold_per_floor":[110,123,136,136,9,9,9,9,9,9,27,127,146,170,170,295,295,319,41,60,11,25,25,61,61,86,1,1,1],"floor_reached":28,"playtime":2250,"items_purged":[],"score":228,"play_id":"b22580b0-168f-4e24-b7f4-dfc5525bc2dd","local_time":"20210110224818","is_ascension_mode":false,"campfire_choices":[{"data":"Caltrops","floor":6,"key":"SMITH"},{"data":"Infinite Blades","floor":10,"key":"SMITH"},{"floor":15,"key":"REST"},{"floor":23,"key":"REST"},{"floor":25,"key":"REST"}],"circlet_count":0,"master_deck":["Strike_G","Strike_G","Strike_G","Strike_G","Strike_G","Defend_G","Defend_G","Defend_G","Defend_G","Defend_G","Survivor","Neutralize","Deadly Poison+1","Heel Hook","Caltrops+1","expansioncontent:Torchfire","Infinite Blades+1","Injury","Bane","Bane","Eviscerate","A Thousand Cuts","Footwork+1","Escape Plan","Backflip","Slice","Flying Knee","Deflect"],"relics":["Ring of the Snake","Golden Idol","Bag of Preparation","Velvet Choker","Kunai","Question Card","Oddly Smooth Stone","Letter Opener"],"acts_visited":["Exordium","TheCity"],"potions_floor_usage":[16,16,20,24],"damage_taken":[{"damage":2,"enemies":"2 Louse","floor":1,"turns":4},{"damage":2,"enemies":"Cultist","floor":2,"turns":4},{"damage":0,"enemies":"Small Slimes","floor":3,"turns":4},{"damage":10,"enemies":"3 Louse","floor":11,"turns":3},{"damage":14,"enemies":"Lots of Slimes","floor":13,"turns":4},{"damage":13,"enemies":"Large Slime","floor":14,"turns":6},{"damage":55,"enemies":"Slime Boss","floor":16,"turns":13},{"damage":21,"enemies":"Spheric Guardian","floor":18,"turns":4},{"damage":10,"enemies":"3 Byrds","floor":20,"turns":4},{"damage":15,"enemies":"Centurion and Healer","floor":22,"turns":7},{"damage":51,"enemies":"Slavers","floor":24,"turns":6},{"damage":28,"enemies":"Cultist and Chosen","floor":28,"turns":4}],"seed_played":"-4755099015826249295","potions_obtained":[{"floor":1,"key":"BlessingOfTheForge"},{"floor":11,"key":"Strength Potion"},{"floor":13,"key":"Guardian:BlockOnCardUsePotion"},{"floor":18,"key":"champ:CounterPotion"},{"floor":22,"key":"SneckoOil"}],"is_trial":false,"path_per_floor":["M","M","M","?","$","R","$","?","T","R","M","?","M","M","R","B",null,"M","$","M","$","M","R","E","R","T","?","M"],"character_chosen":"THE_SILENT","items_purchased":["expansioncontent:Torchfire","Infinite Blades","Kunai","Escape Plan","Slice"],"campfire_rested":3,"item_purchase_floors":[5,5,19,19,21],"current_hp_per_floor":[75,73,73,73,73,73,73,73,73,73,63,63,49,36,59,4,77,56,56,46,46,31,54,3,26,26,26,0,0],"gold":1,"neow_bonus":"TEN_PERCENT_HP_BONUS","is_daily":false,"chose_seed":false,"campfire_upgraded":2,"win_rate":0.0,"timestamp":1610336898,"path_taken":["M","M","M","?","$","R","?","?","T","R","M","?","M","M","R","BOSS","M","?","M","$","M","R","E","R","T","?","M"],"items_purchased_type":["Card","Card","Relic","Card","Card"],"build_version":"2020-12-22","purchased_purges":0,"victory":false,"max_hp_per_floor":[77,77,77,77,77,77,77,77,77,77,77,77,77,77,77,77,77,77,77,77,77,77,77,77,77,77,77,77,77],"card_choices":[{"not_picked":["Crippling Poison","Bane"],"picked":"Deadly Poison","floor":1},{"not_picked":["Catalyst","Dodge and Roll"],"picked":"Heel Hook","floor":2},{"not_picked":["Dagger Throw","Calculated Gamble"],"picked":"Caltrops","floor":3},{"not_picked":["Blade Dance","Leg Sweep"],"picked":"Bane","floor":11},{"not_picked":["Well Laid Plans","PiercingWail"],"picked":"Bane","floor":13},{"not_picked":["Caltrops","Dagger Spray"],"picked":"Eviscerate","floor":14},{"not_picked":["Bullet Time","After Image"],"picked":"A Thousand Cuts","floor":16},{"not_picked":["Deflect+1","Dodge and Roll"],"picked":"Footwork+1","floor":18},{"not_picked":["PiercingWail","Quick Slash+1"],"picked":"Backflip","floor":20},{"not_picked":["Prepared","Backflip"],"picked":"Flying Knee","floor":22},{"not_picked":["Adrenaline","Reflex+1"],"picked":"Deflect","floor":24}],"player_experience":47172,"relics_obtained":[{"floor":9,"key":"Bag of Preparation"},{"floor":24,"key":"Question Card"},{"floor":26,"key":"Oddly Smooth Stone"}],"event_choices":[{"damage_healed":0,"gold_gain":0,"player_choice":"Forge","damage_taken":0,"max_hp_gain":0,"max_hp_loss":0,"event_name":"Accursed Blacksmith","floor":4,"gold_loss":0,"cards_upgraded":["Deadly Poison"]},{"damage_healed":0,"gold_gain":0,"player_choice":"Take Wound","damage_taken":0,"relics_obtained":["Golden Idol"],"max_hp_gain":0,"max_hp_loss":0,"event_name":"Golden Idol","floor":8,"gold_loss":0,"cards_obtained":["Injury"]},{"damage_healed":0,"gold_gain":100,"player_choice":"Pray","damage_taken":0,"max_hp_gain":0,"max_hp_loss":0,"event_name":"Golden Shrine","floor":12,"gold_loss":0},{"damage_healed":0,"gold_gain":0,"player_choice":"Obtained Relic","damage_taken":0,"relics_obtained":["Letter Opener"],"max_hp_gain":0,"max_hp_loss":0,"event_name":"Addict","floor":27,"gold_loss":85}],"is_beta":false,"boss_relics":[{"not_picked":["Empty Cage","Black Star"],"picked":"Velvet Choker"}],"items_purged_floors":[],"is_endless":false,"potions_floor_spawned":[1,11,13,18,22],"killed_by":"Cultist and Chosen","ascension_level":0}}