{"host":"aj7el8l5kufbk20z","time":1610331569,"event":{"mods":["AchievementEnabler","BaseMod","Colored Map","Colored Powertips","Curses Come First","Downfall","Highlight Path","Minty Spire (QoL Compilation)","Permanent Neow","Poor People Problems","Quick Restart","Rare Cards Sparkle","Relic Stats","StSLib","SuperFastMode","Waifu the Spire"],"gold_per_floor":[110,385,310,335,33,65,78,78,78,78,93,93,93],"floor_reached":12,"playtime":454,"items_purged":["Regret","Strike_R"],"score":133,"play_id":"ba629610-5bae-485e-9134-d20a1e6d0c09","local_time":"20210111101929","is_ascension_mode":true,"campfire_choices":[{"data":"Metallicize","floor":8,"key":"SMITH"},{"data":"Fire Breathing","floor":10,"key":"SMITH"}],"circlet_count":0,"master_deck":["AscendersBane","Strike_R","Strike_R","Strike_R","Defend_R","Defend_R","Defend_R","Defend_R","Bash","Metallicize+1","expansioncontent:DecasProtection","Spot Weakness","Fire Breathing+1"],"relics":["Burning Blood","Smiling Mask","Medical Kit","Boot","Ice Cream"],"acts_visited":["Exordium"],"potions_floor_usage":[12],"damage_taken":[{"damage":3,"enemies":"2 Louse","floor":1,"turns":4},{"damage":27,"enemies":"3 Sentries","floor":6,"turns":7},{"damage":12,"enemies":"Cultist","floor":7,"turns":4},{"damage":2,"enemies":"Jaw Worm","floor":11,"turns":5},{"damage":34,"enemies":"Gremlin Nob","floor":12,"turns":5}],"seed_played":"2088312104622899331","potions_obtained":[{"floor":7,"key":"SpeedPotion"},{"floor":11,"key":"Dexterity Potion"}],"is_trial":false,"path_per_floor":["M","?","$","T","$","E","M","R","T","R","M","E"],"character_chosen":"IRONCLAD","items_purchased":["Medical Kit","expansioncontent:DecasProtection"],"campfire_rested":0,"item_purchase_floors":[5,5],"current_hp_per_floor":[71,71,71,71,71,50,44,44,44,44,48,14,14],"gold":93,"neow_bonus":"REMOVE_CARD","is_daily":false,"chose_seed":false,"campfire_upgraded":2,"win_rate":0.0,"timestamp":1610331569,"path_taken":["M","?","$","?","$","E","M","R","T","R","M","E"],"items_purchased_type":["Relic","Card"],"build_version":"2020-12-22","purchased_purges":2,"victory":false,"max_hp_per_floor":[75,75,75,75,75,75,75,75,75,75,75,75,75],"relic_stats":{"counters":[5,25],"Smiling Mask":50,"Medical Kit":[1],"Boot":[2],"obtain_stats":[{"Ice Cream":9,"Smiling Mask":4,"Medical Kit":5,"Boot":6,"Burning Blood":0},{"Ice Cream":3,"Smiling Mask":1,"Medical Kit":1,"Boot":2,"Burning Blood":0},{"Ice Cream":15,"Smiling Mask":4,"Medical Kit":4,"Boot":11,"Burning Blood":0}],"Burning Blood":24},"card_choices":[{"not_picked":["Clothesline","Armaments"],"picked":"Metallicize","floor":1},{"not_picked":["Impervious","True Grit"],"picked":"Spot Weakness","floor":6},{"not_picked":["Whirlwind","Infernal Blade"],"picked":"Fire Breathing","floor":7},{"not_picked":["Thunderclap","Perfected Strike","Clash"],"picked":"SKIP","floor":11}],"player_experience":352203,"relics_obtained":[{"floor":4,"key":"Smiling Mask"},{"floor":6,"key":"Boot"},{"floor":9,"key":"Ice Cream"}],"event_choices":[{"damage_healed":0,"gold_gain":275,"player_choice":"Desecrate","damage_taken":0,"max_hp_gain":0,"max_hp_loss":0,"event_name":"Golden Shrine","floor":2,"gold_loss":0,"cards_obtained":["Regret"]}],"is_beta":false,"boss_relics":[],"items_purged_floors":[3,5],"is_endless":false,"potions_floor_spawned":[7,11],"killed_by":"Gremlin Nob","ascension_level":15}}