{"host":"bpkhhmvsfrvlto2l","time":1610337216,"event":{"mods":["2.2 Compatiblity","AchievementEnabler","Act Like it!","AlwaysNeverKeys","Aspiration","BaseMod","Better Silent Start","Challenge The Spire","Colored Map","Colored Powertips","Custom Start","Downfall","Energized Spire","Friendly Minions","GifTheSpireLib","Halation","Hubris","Infinite Spire","Ironclad Rager","Mimic Mod","Minty Spire (QoL Compilation)","Permanent Neow","Quick Restart","Random Character Button","Relic Sorter","Replay The Spire","Spikes Relics","StSLib","Stuff the Spire","Swap Starting Deck Mod","Trackpad"],"gold_per_floor":[119,119,79,90,107,142,157,157,157,157,171,171,188,200,200,200,200],"floor_reached":16,"playtime":376,"items_purged":[],"score":114,"play_id":"4b1b1146-6123-4e4d-a425-68bf08acdc94","local_time":"20210110225336","is_ascension_mode":true,"campfire_choices":[{"data":"Replay:Fractal Strike","floor":12,"key":"SMITH"},{"data":"Poisoned Stab","floor":15,"key":"SMITH"}],"circlet_count":0,"master_deck":["Strike_G","Strike_G","Strike_G","Strike_G","Defend_G","Defend_G","Defend_G","Defend_G","Survivor","Neutralize","Poisoned Stab","Poisoned Stab+1","StuffTheSpire:GnomedCurse","Replay:Fractal Strike+1"],"relics":["Ring of the Snake","Omamori","Replay:Ringing Soul","Orichalcum","Blue Candle"],"acts_visited":["Exordium"],"potions_floor_usage":[7,16,16,16],"damage_taken":[{"damage":0,"enemies":"Jaw Worm","floor":1,"turns":5},{"damage":0,"enemies":"Small Slimes","floor":4,"turns":3},{"damage":6,"enemies":"Cultist","floor":5,"turns":4},{"damage":16,"enemies":"Gremlin Nob","floor":6,"turns":5},{"damage":9,"enemies":"3 Louse","floor":7,"turns":3},{"damage":0,"enemies":"Looter","floor":11,"turns":4},{"damage":0,"enemies":"Exordium Wildlife","floor":13,"turns":4},{"damage":1,"enemies":"2 Fungi Beasts","floor":14,"turns":4},{"damage":40,"enemies":"Slime Boss","floor":16,"turns":7}],"seed_played":"-4606964793033180731","potions_obtained":[{"floor":3,"key":"SneckoOil"},{"floor":3,"key":"infinitespire:BlackPotion"},{"floor":3,"key":"GamblersBrew"},{"floor":4,"key":"LiquidBronze"},{"floor":11,"key":"Adrenaline Potion"}],"is_trial":false,"path_per_floor":["M","?","?","M","M","E","M","?","T","?","M","R","M","M","R","B"],"character_chosen":"THE_SILENT","items_purchased":[],"campfire_rested":0,"item_purchase_floors":[],"current_hp_per_floor":[70,70,70,70,67,54,45,48,48,48,48,48,48,47,47,7,7],"gold":200,"neow_bonus":"RANDOM_COMMON_RELIC","is_daily":false,"chose_seed":false,"campfire_upgraded":2,"win_rate":0.0,"timestamp":1610337216,"path_taken":["M","?","?","M","M","E","?","?","T","?","M","R","M","M","R","BOSS"],"items_purchased_type":[],"build_version":"2020-12-22","purchased_purges":0,"victory":false,"max_hp_per_floor":[70,70,70,70,73,76,76,79,79,79,79,79,79,79,79,79,79],"card_choices":[{"not_picked":["ReplayTheSpireMod:The Works","StuffTheSpire:Repulse"],"picked":"Poisoned Stab","floor":5},{"not_picked":["StuffTheSpire:BrimstoneBlast","hubris:TrickCloak"],"picked":"Poisoned Stab","floor":6},{"not_picked":["Acrobatics","Outmaneuver","Backflip"],"picked":"SKIP","floor":7},{"not_picked":["ReplayTheSpireMod:Echoes of Time","infinitespire:Fortify"],"picked":"Replay:Fractal Strike","floor":8}],"player_experience":61496,"relics_obtained":[{"floor":6,"key":"Orichalcum"},{"floor":9,"key":"Blue Candle"}],"event_choices":[{"damage_healed":0,"gold_gain":0,"player_choice":"Bought 3 Potions","damage_taken":0,"max_hp_gain":0,"max_hp_loss":0,"event_name":"The Woman in Blue","floor":3,"gold_loss":0},{"damage_healed":0,"gold_gain":0,"player_choice":"Fled","damage_taken":0,"max_hp_gain":0,"max_hp_loss":0,"event_name":"Scrap Ooze","floor":10,"gold_loss":0}],"is_beta":false,"boss_relics":[],"items_purged_floors":[],"is_endless":false,"potions_floor_spawned":[4,6,11],"killed_by":"Slime Boss","ascension_level":2}}