{"host":"zk71suw73lg2r165","time":1610326480,"event":{"mods":["BaseMod","Colored Map","Minty Spire (QoL Compilation)","Permanent Neow","Relic Stats","StSLib"],"gold_per_floor":[117,129,149,114,39,73,73,148,173,173,173,173,187,20,20,20,20],"floor_reached":16,"playtime":252,"items_purged":[],"score":196,"play_id":"49b820ee-6fb1-4f75-8d2b-2c029a25429f","local_time":"20210110195440","is_ascension_mode":true,"campfire_choices":[{"data":"Go for the Eyes","floor":7,"key":"SMITH"},{"data":"Static Discharge","floor":10,"key":"SMITH"},{"floor":15,"key":"REST"}],"circlet_count":0,"master_deck":["AscendersBane","Strike_B","Strike_B","Strike_B","Strike_B","Defend_B","Defend_B","Defend_B","Defend_B+1","Zap","Dualcast","Electrodynamics","Go for the Eyes+1","Turbo","Undo","Static Discharge+1","FTL+1","Consume"],"relics":["Cracked Core","Ancient Tea Set","Happy Flower","Runic Capacitor"],"acts_visited":["Exordium"],"potions_floor_usage":[13],"damage_taken":[{"damage":7,"enemies":"Small Slimes","floor":1,"turns":3},{"damage":0,"enemies":"2 Louse","floor":2,"turns":1},{"damage":0,"enemies":"Cultist","floor":3,"turns":3},{"damage":16,"enemies":"Gremlin Nob","floor":6,"turns":4},{"damage":8,"enemies":"3 Louse","floor":13,"turns":2},{"damage":26,"enemies":"The Guardian","floor":16,"turns":2}],"seed_played":"-101610474266476045","potions_obtained":[{"floor":3,"key":"Energy Potion"},{"floor":6,"key":"Strength Potion"},{"floor":12,"key":"Regen Potion"}],"is_trial":false,"path_per_floor":["M","M","M","?","$","E","R","?","T","R","?","?","M","$","R","B"],"character_chosen":"DEFECT","items_purchased":["Static Discharge","Runic Capacitor"],"campfire_rested":1,"item_purchase_floors":[5,14],"current_hp_per_floor":[39,39,39,56,56,40,40,29,29,29,8,8,5,5,26,0,0],"gold":20,"neow_bonus":"THREE_RARE_CARDS","is_daily":false,"chose_seed":false,"campfire_upgraded":2,"win_rate":0.0,"timestamp":1610326480,"path_taken":["M","M","M","?","$","E","R","?","T","R","?","?","?","$","R","BOSS"],"items_purchased_type":["Card","Relic"],"build_version":"2020-12-22","purchased_purges":0,"victory":false,"max_hp_per_floor":[71,71,71,71,71,71,71,71,71,71,71,71,71,71,71,71,71],"relic_stats":{"Happy Flower":[1],"counters":[6,15],"obtain_stats":[{"Happy Flower":9,"Runic Capacitor":14,"Cracked Core":0,"Ancient Tea Set":6},{"Happy Flower":4,"Runic Capacitor":5,"Cracked Core":0,"Ancient Tea Set":4},{"Happy Flower":11,"Runic Capacitor":13,"Cracked Core":0,"Ancient Tea Set":11}]},"card_choices":[{"not_picked":["Creative AI","Machine Learning"],"picked":"Electrodynamics","floor":0},{"not_picked":["Lockon","Capacitor"],"picked":"Go for the Eyes","floor":1},{"not_picked":["Gash","Hologram"],"picked":"Turbo","floor":2},{"not_picked":["Rebound","Reprogram"],"picked":"Undo","floor":3},{"not_picked":["Gash","Rebound"],"picked":"FTL","floor":6},{"not_picked":["Gash","Redo"],"picked":"Consume","floor":13}],"player_experience":1331323,"relics_obtained":[{"floor":6,"key":"Ancient Tea Set"},{"floor":9,"key":"Happy Flower"}],"event_choices":[{"damage_healed":17,"gold_gain":0,"player_choice":"Healed","damage_taken":0,"max_hp_gain":0,"max_hp_loss":0,"event_name":"The Cleric","floor":4,"gold_loss":35},{"damage_healed":0,"gold_gain":75,"player_choice":"Gather Gold","damage_taken":11,"max_hp_gain":0,"max_hp_loss":0,"event_name":"World of Goop","floor":8,"gold_loss":0},{"damage_healed":0,"gold_gain":0,"player_choice":"Entered Light","damage_taken":21,"max_hp_gain":0,"max_hp_loss":0,"event_name":"Shining Light","floor":11,"gold_loss":0,"cards_upgraded":["FTL","Defend_B"]},{"damage_healed":0,"gold_gain":0,"player_choice":"Got Potions","damage_taken":0,"max_hp_gain":0,"max_hp_loss":0,"event_name":"Lab","floor":12,"gold_loss":0}],"is_beta":false,"boss_relics":[],"items_purged_floors":[],"is_endless":false,"potions_floor_spawned":[3,6],"killed_by":"The Guardian","ascension_level":20}}