{"host":"vlqejv0notyktumz","time":1610330962,"event":{"mods":["AchievementEnabler","BaseMod","Googly Eyes","Minty Spire (QoL Compilation)"],"gold_per_floor":[113,124,124,124,2,2,30,30,57,57,77,87,87,98,98,200,200,211,229,52,52,64,64,78,78,78,88,12,25,25,25],"floor_reached":30,"playtime":842,"items_purged":["Defend_B","Strike_B"],"score":302,"play_id":"28bf1681-6bdc-4dca-b5c4-721dfe6d9d5e","local_time":"20210110200922","is_ascension_mode":true,"campfire_choices":[{"data":"Rebound","floor":6,"key":"SMITH"},{"floor":8,"key":"REST"},{"data":"Undo","floor":10,"key":"SMITH"},{"floor":15,"key":"REST"},{"data":"Coolheaded","floor":23,"key":"SMITH"}],"circlet_count":0,"master_deck":["Strike_B","Strike_B+1","Defend_B","Defend_B","Zap+1","Dualcast","Rebound+1","Leap","Conserve Battery","Undo+1","Sweeping Beam","Coolheaded+1","Hologram","All For One","Darkness","Lockon","Steam+1","Loop","Ball Lightning","Redo+1","Hologram+1"],"relics":["Cracked Core","Ancient Tea Set","Anchor","Tiny Chest","Nuclear Battery","Toxic Egg 2","Meat on the Bone"],"acts_visited":["Exordium","TheCity"],"potions_floor_usage":[16,16,24,30,30],"damage_taken":[{"damage":15,"enemies":"Small Slimes","floor":1,"turns":4},{"damage":2,"enemies":"2 Louse","floor":2,"turns":2},{"damage":26,"enemies":"Gremlin Nob","floor":7,"turns":4},{"damage":0,"enemies":"Cultist","floor":11,"turns":3},{"damage":0,"enemies":"Blue Slaver","floor":12,"turns":3},{"damage":0,"enemies":"3 Louse","floor":14,"turns":2},{"damage":40,"enemies":"Hexaghost","floor":16,"turns":15},{"damage":4,"enemies":"Spheric Guardian","floor":18,"turns":4},{"damage":0,"enemies":"Shell Parasite","floor":19,"turns":6},{"damage":11,"enemies":"Snake Plant","floor":22,"turns":4},{"damage":15,"enemies":"3 Cultists","floor":24,"turns":6},{"damage":15,"enemies":"Shelled Parasite and Fungi","floor":27,"turns":4},{"damage":0,"enemies":"Chosen and Byrds","floor":29,"turns":4},{"damage":55,"enemies":"Gremlin Leader","floor":30,"turns":10}],"seed_played":"-2146502668436811236","potions_obtained":[{"floor":11,"key":"Block Potion"},{"floor":12,"key":"Weak Potion"},{"floor":14,"key":"SneckoOil"},{"floor":22,"key":"ColorlessPotion"},{"floor":24,"key":"LiquidMemories"},{"floor":27,"key":"Fire Potion"}],"is_trial":false,"path_per_floor":["M","M","?","?","$","R","E","R","T","R","M","M","?","M","R","B",null,"M","M","$","?","M","R","M","T","T","M","$","M","E"],"character_chosen":"DEFECT","items_purchased":["Conserve Battery","Lockon","Ball Lightning","Redo+1"],"campfire_rested":2,"item_purchase_floors":[5,20,28,28],"current_hp_per_floor":[53,51,36,36,36,36,10,32,32,32,32,32,25,25,47,7,58,54,54,54,54,43,43,28,28,28,25,25,37,0,0],"gold":25,"neow_bonus":"RANDOM_COMMON_RELIC","is_daily":false,"chose_seed":false,"campfire_upgraded":3,"win_rate":0.0,"timestamp":1610330962,"path_taken":["M","M","?","?","$","R","E","R","T","R","M","?","?","M","R","BOSS","M","M","$","?","M","R","M","?","T","M","?","M","E"],"items_purchased_type":["Card","Card","Card","Card"],"build_version":"2020-12-22","purchased_purges":2,"victory":false,"max_hp_per_floor":[75,75,75,75,75,75,75,75,75,75,75,75,75,75,75,75,75,75,75,75,75,75,75,75,75,75,75,75,75,75,75],"card_choices":[{"not_picked":["Coolheaded","Steam Power"],"picked":"Rebound","floor":1},{"not_picked":["Heatsinks","Turbo"],"picked":"Leap","floor":2},{"not_picked":["Streamline","Multi-Cast"],"picked":"Undo","floor":7},{"not_picked":["Redo","Turbo"],"picked":"Sweeping Beam","floor":11},{"not_picked":["Compile Driver","Beam Cell"],"picked":"Coolheaded","floor":12},{"not_picked":["Static Discharge","Melter"],"picked":"Hologram","floor":14},{"not_picked":["Echo Form","Rainbow"],"picked":"All For One","floor":16},{"not_picked":["Streamline","Stack"],"picked":"Darkness","floor":18},{"not_picked":["Rebound","Aggregate","Hologram"],"picked":"SKIP","floor":19},{"not_picked":["Cold Snap","Leap"],"picked":"Steam+1","floor":22},{"not_picked":["Reboot","Gash","Rebound+1"],"picked":"SKIP","floor":24},{"not_picked":["Streamline","Leap+1"],"picked":"Loop","floor":27},{"not_picked":["Stack+1","Gash"],"picked":"Hologram+1","floor":29}],"player_experience":324185,"relics_obtained":[{"floor":7,"key":"Anchor"},{"floor":9,"key":"Tiny Chest"},{"floor":25,"key":"Toxic Egg 2"},{"floor":26,"key":"Meat on the Bone"}],"event_choices":[{"damage_healed":0,"gold_gain":0,"player_choice":"Entered Light","damage_taken":15,"max_hp_gain":0,"max_hp_loss":0,"event_name":"Shining Light","floor":3,"gold_loss":0,"cards_upgraded":["Zap","Strike_B"]},{"cards_removed":["Strike_B"],"damage_healed":0,"gold_gain":0,"player_choice":"Purged","damage_taken":0,"max_hp_gain":0,"max_hp_loss":0,"event_name":"Purifier","floor":4,"gold_loss":0},{"cards_removed":["Defend_B"],"damage_healed":0,"gold_gain":0,"player_choice":"Card Removal","damage_taken":7,"max_hp_gain":0,"max_hp_loss":0,"event_name":"Golden Wing","floor":13,"gold_loss":0},{"damage_healed":0,"gold_gain":0,"player_choice":"Ignored","damage_taken":0,"max_hp_gain":0,"max_hp_loss":0,"event_name":"Vampires","floor":21,"gold_loss":0}],"is_beta":false,"boss_relics":[{"not_picked":["Velvet Choker","Empty Cage"],"picked":"Nuclear Battery"}],"items_purged_floors":[5,20],"is_endless":false,"potions_floor_spawned":[11,12,14,22,24,27],"killed_by":"Gremlin Leader","ascension_level":6}}