{"host":"fuszjwm6fqgjjp4d","time":1610380079,"event":{"mods":["BaseMod","Bestiary","Colored Map","DeckTracker","Minty Spire (QoL Compilation)","Permanent Neow","Relic Sorter","Relic Stats","StSLib"],"gold_per_floor":[114,114,114,131,157,190,190,207,233,245,14,49,124,140,140,219,219,230,230,242,242,167,167,185,212,261,278,298,318,13,38,38,116,116,127,0,11,36,89,89,89,134,184,19,31,46,46,59,59,59],"floor_reached":51,"playtime":20351,"items_purged":["Berserk"],"score":1505,"play_id":"7991698e-0078-4ec3-ac64-a59ad36d3b33","local_time":"20210111094759","is_ascension_mode":true,"campfire_choices":[{"data":"Fiend Fire","floor":7.0,"key":"SMITH"},{"floor":15.0,"key":"REST"},{"data":"Warcry","floor":23.0,"key":"SMITH"},{"data":"Seeing Red","floor":32,"key":"SMITH"},{"data":"Fiend Fire","floor":40,"key":"SMITH"},{"data":"Feel No Pain","floor":47,"key":"SMITH"},{"data":"Inflame","floor":49,"key":"SMITH"}],"circlet_count":0,"master_deck":["AscendersBane","Bash","Second Wind","Disarm","Bloodletting","Rage","Pummel","Fiend Fire+1","Pommel Strike","Inflame+1","Iron Wave","Flex","Warcry+1","Thinking Ahead","Shrug It Off","Intimidate","Intimidate","Fiend Fire+1","Feel No Pain+1","RitualDagger","Shrug It Off","Pummel","Seeing Red+1","Feed","Burning Pact+1","Reckless Charge+1","Burning Pact","Shockwave+1"],"relics":["Pandora\u0027s Box","Orichalcum","Dead Branch","Omamori","Toy Ornithopter","Coffee Dripper","Red Skull","PreservedInsect","Nunchaku","Juzu Bracelet","Snecko Eye","Red Mask","WingedGreaves","Ancient Tea Set","Gambling Chip","Oddly Smooth Stone","Akabeko"],"acts_visited":["Exordium","TheCity","TheBeyond"],"potions_floor_usage":[29,29,31,31,33,38,50],"damage_taken":[{"damage":6.0,"enemies":"2 Louse","floor":1.0,"turns":3.0},{"damage":0.0,"enemies":"Small Slimes","floor":4.0,"turns":2.0},{"damage":18.0,"enemies":"3 Sentries","floor":6.0,"turns":6.0},{"damage":0.0,"enemies":"Cultist","floor":8.0,"turns":2.0},{"damage":14.0,"enemies":"Exordium Thugs","floor":10.0,"turns":3.0},{"damage":3.0,"enemies":"Lagavulin","floor":12.0,"turns":3.0},{"damage":13.0,"enemies":"Large Slime","floor":14.0,"turns":4.0},{"damage":21.0,"enemies":"Slime Boss","floor":16.0,"turns":5.0},{"damage":3.0,"enemies":"Spheric Guardian","floor":18.0,"turns":4.0},{"damage":0.0,"enemies":"Chosen","floor":20.0,"turns":4.0},{"damage":3.0,"enemies":"Snake Plant","floor":24.0,"turns":3.0},{"damage":6.0,"enemies":"Book of Stabbing","floor":25.0,"turns":4.0},{"damage":3,"enemies":"Centurion and Healer","floor":27,"turns":3},{"damage":4,"enemies":"Cultist and Chosen","floor":28,"turns":4},{"damage":3,"enemies":"Snake Plant","floor":29,"turns":3},{"damage":22,"enemies":"Slavers","floor":31,"turns":6},{"damage":8,"enemies":"Champ","floor":33,"turns":8},{"damage":6,"enemies":"3 Darklings","floor":35,"turns":4},{"damage":6,"enemies":"3 Shapes","floor":37,"turns":2},{"damage":5,"enemies":"Mind Bloom Boss Battle","floor":38,"turns":5},{"damage":0,"enemies":"2 Orb Walkers","floor":42,"turns":3},{"damage":0,"enemies":"Maw","floor":45,"turns":5},{"damage":13,"enemies":"3 Darklings","floor":46,"turns":4},{"damage":0,"enemies":"4 Shapes","floor":48,"turns":2},{"damage":8,"enemies":"Donu and Deca","floor":50,"turns":6}],"seed_played":"8228320269685111811","potions_obtained":[{"floor":1.0,"key":"AttackPotion"},{"floor":3.0,"key":"DuplicationPotion"},{"floor":6.0,"key":"FearPotion"},{"floor":14.0,"key":"GamblersBrew"},{"floor":24.0,"key":"EssenceOfSteel"},{"floor":25.0,"key":"ElixirPotion"},{"floor":31,"key":"DistilledChaos"},{"floor":35,"key":"DistilledChaos"},{"floor":45,"key":"FairyPotion"},{"floor":46,"key":"DistilledChaos"}],"is_trial":false,"path_per_floor":["M","?","?","M","T","E","R","M","T","M","$","E","?","M","R","B",null,"M","?","M","?","$","R","M","E","T","M","M","M","$","E","R","B",null,"M","?","M","?","T","R","?","?","T","$","M","M","R","M","R","B",null],"character_chosen":"IRONCLAD","items_purchased":["Thinking Ahead","Shrug It Off","Nunchaku","ElixirPotion","Swift Potion","Akabeko"],"campfire_rested":1,"item_purchase_floors":[11,11,30,30,30,44],"current_hp_per_floor":[62,67,67,67,67,49,49,49,49,35,35,32,21,8,32,11,63,60,60,60,54,54,54,51,45,45,42,38,45,45,33,33,30,68,62,62,56,56,56,56,72,72,72,72,72,59,59,59,59,56],"gold":59,"neow_bonus":"BOSS_RELIC","is_daily":false,"chose_seed":false,"campfire_upgraded":6,"win_rate":0.0,"timestamp":1610380079,"path_taken":["M","?","?","?","?","E","R","M","T","M","$","E","?","M","R","BOSS","M","?","M","?","$","R","M","E","T","M","?","M","$","E","R","BOSS","M","?","M","?","?","R","?","?","T","?","M","M","R","M","R","BOSS"],"items_purchased_type":["Card","Card","Relic","Potion","Potion","Relic"],"build_version":"2020-12-22","purchased_purges":1,"victory":true,"max_hp_per_floor":[75,80,80,80,80,80,80,80,80,80,80,80,80,80,80,80,80,80,80,80,80,80,80,80,80,80,80,80,80,80,80,80,80,80,80,80,80,80,80,80,80,80,80,80,80,80,80,80,80,80],"relic_stats":{"Nunchaku":[11],"counters":[25,98],"Dead Branch":[459],"Gambling Chip":[16],"Snecko Eye":[77,77,76,50],"Pandora\u0027s Box":["Second Wind","Disarm","Berserk","Bloodletting","Rage","Pummel","Fiend Fire","Pommel Strike","Inflame"],"PreservedInsect":41,"Juzu Bracelet":0,"Orichalcum":[84],"obtain_stats":[{"Dead Branch":6,"Oddly Smooth Stone":43,"PreservedInsect":26,"Omamori":9,"Juzu Bracelet":31,"Orichalcum":5,"Ancient Tea Set":39,"Burning Blood":0,"Akabeko":44,"Nunchaku":30,"Gambling Chip":42,"Snecko Eye":34,"Pandora\u0027s Box":0,"WingedGreaves":38,"Coffee Dripper":17,"Red Mask":36,"Toy Ornithopter":12,"Red Skull":25},{"Dead Branch":3,"Oddly Smooth Stone":21,"PreservedInsect":12,"Omamori":4,"Juzu Bracelet":16,"Orichalcum":2,"Ancient Tea Set":20,"Burning Blood":0,"Akabeko":21,"Nunchaku":15,"Gambling Chip":21,"Snecko Eye":17,"Pandora\u0027s Box":0,"WingedGreaves":20,"Coffee Dripper":8,"Red Mask":18,"Toy Ornithopter":6,"Red Skull":12},{"Dead Branch":11,"Oddly Smooth Stone":81,"PreservedInsect":43,"Omamori":13,"Juzu Bracelet":59,"Orichalcum":5,"Ancient Tea Set":78,"Burning Blood":0,"Akabeko":81,"Nunchaku":53,"Gambling Chip":81,"Snecko Eye":67,"Pandora\u0027s Box":0,"WingedGreaves":78,"Coffee Dripper":28,"Red Mask":71,"Toy Ornithopter":19,"Red Skull":43}],"Toy Ornithopter":35},"card_choices":[{"not_picked":["Flame Barrier","Ghostly Armor"],"picked":"Iron Wave","floor":1.0},{"not_picked":["Twin Strike","Intimidate"],"picked":"Flex","floor":4.0},{"not_picked":["Armaments","Wild Strike","Perfected Strike"],"picked":"SKIP","floor":6.0},{"not_picked":["Twin Strike","Uppercut","Searing Blow"],"picked":"SKIP","floor":8.0},{"not_picked":["Armaments","Dark Embrace"],"picked":"Warcry","floor":10.0},{"not_picked":["Fire Breathing","Combust"],"picked":"Intimidate","floor":12.0},{"not_picked":["Headbutt","Dropkick"],"picked":"Intimidate","floor":14.0},{"not_picked":["Reaper","Brutality"],"picked":"Fiend Fire","floor":16.0},{"not_picked":["Headbutt","Burning Pact+1"],"picked":"Feel No Pain","floor":18.0},{"not_picked":["Wild Strike+1","Blood for Blood","Warcry"],"picked":"SKIP","floor":20.0},{"not_picked":["Pommel Strike","Wild Strike"],"picked":"Shrug It Off","floor":24.0},{"not_picked":["Flex","Iron Wave","Clash"],"picked":"SKIP","floor":25.0},{"not_picked":["Rupture","Rage"],"picked":"Pummel","floor":27},{"not_picked":["Pommel Strike","Hemokinesis+1","Anger"],"picked":"SKIP","floor":28},{"not_picked":["Second Wind+1","Headbutt+1","Heavy Blade"],"picked":"SKIP","floor":29},{"not_picked":["Iron Wave","Immolate"],"picked":"Seeing Red","floor":31},{"not_picked":["Bludgeon","Juggernaut"],"picked":"Feed","floor":33},{"not_picked":["Infernal Blade","Heavy Blade"],"picked":"Burning Pact+1","floor":35},{"not_picked":["Perfected Strike+1","Anger"],"picked":"Reckless Charge+1","floor":37},{"not_picked":["Spot Weakness","Rage"],"picked":"Burning Pact","floor":38},{"not_picked":["Evolve+1","Inflame"],"picked":"Shockwave+1","floor":45},{"not_picked":["Power Through","Sword Boomerang","Armaments"],"picked":"SKIP","floor":46},{"not_picked":["Sever Soul+1","Thunderclap","Armaments+1"],"picked":"SKIP","floor":48}],"player_experience":1248763,"relics_obtained":[{"floor":5.0,"key":"Orichalcum"},{"floor":6.0,"key":"Dead Branch"},{"floor":9.0,"key":"Omamori"},{"floor":12.0,"key":"Toy Ornithopter"},{"floor":25.0,"key":"Red Skull"},{"floor":26.0,"key":"PreservedInsect"},{"floor":31,"key":"Juzu Bracelet"},{"floor":38,"key":"WingedGreaves"},{"floor":39,"key":"Ancient Tea Set"},{"floor":42,"key":"Gambling Chip"},{"floor":43,"key":"Oddly Smooth Stone"}],"event_choices":[{"damage_healed":0.0,"max_hp_gain":5.0,"max_hp_loss":0.0,"gold_gain":0.0,"event_name":"Big Fish","player_choice":"Donut","floor":2.0,"gold_loss":0.0,"damage_taken":0.0},{"damage_healed":0.0,"max_hp_gain":0.0,"max_hp_loss":0.0,"gold_gain":0.0,"event_name":"Lab","player_choice":"Got Potions","floor":3.0,"gold_loss":0.0,"damage_taken":0.0},{"damage_healed":0.0,"max_hp_gain":0.0,"max_hp_loss":0.0,"gold_gain":75.0,"event_name":"World of Goop","player_choice":"Gather Gold","floor":13.0,"gold_loss":0.0,"damage_taken":11.0},{"damage_healed":0.0,"max_hp_gain":0.0,"max_hp_loss":0.0,"gold_gain":0.0,"event_name":"Vampires","player_choice":"Ignored","floor":19.0,"gold_loss":0.0,"damage_taken":0.0},{"damage_healed":0.0,"max_hp_gain":0.0,"max_hp_loss":0.0,"gold_gain":0.0,"event_name":"Nest","player_choice":"Joined the Cult","floor":21.0,"gold_loss":0.0,"damage_taken":6.0,"cards_obtained":["RitualDagger"]},{"damage_healed":0,"gold_gain":0,"player_choice":"Paid","damage_taken":0,"relics_obtained":["Red Mask"],"max_hp_gain":0,"max_hp_loss":0,"event_name":"Tomb of Lord Red Mask","floor":36,"gold_loss":127},{"damage_healed":0,"gold_gain":0,"player_choice":"Fight","damage_taken":0,"max_hp_gain":0,"max_hp_loss":0,"event_name":"MindBloom","floor":38,"gold_loss":0},{"damage_healed":16,"gold_gain":0,"player_choice":"Writhe","damage_taken":0,"max_hp_gain":0,"max_hp_loss":0,"event_name":"Winding Halls","floor":41,"gold_loss":0,"cards_obtained":["Writhe"]},{"damage_healed":0,"gold_gain":0,"player_choice":"Fight","damage_taken":0,"max_hp_gain":0,"max_hp_loss":0,"event_name":"Mysterious Sphere","floor":42,"gold_loss":0}],"is_beta":false,"boss_relics":[{"not_picked":["Ectoplasm","Velvet Choker"],"picked":"Coffee Dripper"},{"not_picked":["Busted Crown","Philosopher\u0027s Stone"],"picked":"Snecko Eye"}],"items_purged_floors":[22],"is_endless":false,"potions_floor_spawned":[1,6,14,24,25,28,31,35,45,46,48],"ascension_level":19}}