{"host":"qzblds3hycbe0oxf","time":1610350314,"event":{"mods":["2.2 Compatiblity","AchievementEnabler","BaseMod","Colored Map","DeckTracker","Highlight Path","Minty Spire (QoL Compilation)","Random Character Button","Rare Cards Sparkle"],"gold_per_floor":[114,114,132,144,144,144,124,156,156,156,181,181,195,209,209,307,307,325,342,342,353,194,214,214,230,254,266,277,609,629,676,688,700,700],"floor_reached":33,"playtime":2091,"items_purged":[],"score":311,"play_id":"d301dcdd-4c84-4866-b74c-95ddcbf0e887","local_time":"20210111083154","is_ascension_mode":true,"campfire_choices":[{"data":"Noxious Fumes","floor":6.0,"key":"SMITH"},{"data":"Neutralize","floor":10.0,"key":"SMITH"},{"floor":15.0,"key":"REST"},{"floor":24.0,"key":"REST"},{"floor":32,"key":"REST"}],"circlet_count":0,"master_deck":["Strike_G","Strike_G","Strike_G","Strike_G","Strike_G","Defend_G","Defend_G","Defend_G","Defend_G","Defend_G","Survivor","Neutralize+1","Noxious Fumes+1","Quick Slash","Backstab","PiercingWail","Acrobatics","Die Die Die","Adrenaline","Sucker Punch+1","Crippling Poison","Expertise+1","Bandage Up","Dash","Dodge and Roll","Eviscerate+1","Poisoned Stab+1","Sucker Punch","Dagger Spray"],"relics":["Ring of the Snake","NeowsBlessing","Singing Bowl","Potion Belt","Sundial","HornCleat","Philosopher\u0027s Stone","Anchor","Old Coin","MawBank"],"acts_visited":["Exordium","TheCity"],"potions_floor_usage":[29,29,29,33],"damage_taken":[{"damage":0.0,"enemies":"2 Louse","floor":1.0,"turns":1.0},{"damage":0.0,"enemies":"Jaw Worm","floor":3.0,"turns":1.0},{"damage":0.0,"enemies":"Cultist","floor":4.0,"turns":1.0},{"damage":16.0,"enemies":"3 Sentries","floor":8.0,"turns":8.0},{"damage":26.0,"enemies":"Lagavulin","floor":11.0,"turns":7.0},{"damage":0.0,"enemies":"Gremlin Gang","floor":12.0,"turns":1.0},{"damage":15.0,"enemies":"Lots of Slimes","floor":13.0,"turns":5.0},{"damage":0.0,"enemies":"Exordium Thugs","floor":14.0,"turns":4.0},{"damage":23.0,"enemies":"Slime Boss","floor":16.0,"turns":7.0},{"damage":12.0,"enemies":"Shell Parasite","floor":18.0,"turns":6.0},{"damage":16.0,"enemies":"Spheric Guardian","floor":19.0,"turns":4.0},{"damage":5.0,"enemies":"Centurion and Healer","floor":21.0,"turns":6.0},{"damage":9.0,"enemies":"Chosen and Byrds","floor":23.0,"turns":7.0},{"damage":9,"enemies":"3 Cultists","floor":25,"turns":4},{"damage":9,"enemies":"Snake Plant","floor":27,"turns":5},{"damage":24,"enemies":"Cultist and Chosen","floor":28,"turns":5},{"damage":11,"enemies":"Slavers","floor":29,"turns":4},{"damage":1,"enemies":"3 Cultists","floor":30,"turns":4},{"damage":58,"enemies":"Collector","floor":33,"turns":7}],"seed_played":"6205364087360661256","potions_obtained":[{"floor":1.0,"key":"SmokeBomb"},{"floor":3.0,"key":"Fire Potion"},{"floor":7.0,"key":"GhostInAJar"},{"floor":8.0,"key":"BlessingOfTheForge"},{"floor":19.0,"key":"Strength Potion"},{"floor":25,"key":"LiquidMemories"},{"floor":27,"key":"FearPotion"},{"floor":28,"key":"BlessingOfTheForge"}],"is_trial":false,"path_per_floor":["M","?","M","M","?","R","?","E","T","R","E","M","M","M","R","B",null,"M","M","?","M","$","M","R","M","T","M","M","E","M","T","R","B"],"character_chosen":"THE_SILENT","items_purchased":["DistilledChaos","Bandage Up"],"campfire_rested":3,"item_purchase_floors":[22,22],"current_hp_per_floor":[70,70,70,70,70,70,70,56,56,56,30,30,15,15,36,13,72,60,44,44,39,39,34,55,50,50,45,25,18,21,21,42,0,0],"gold":700,"neow_bonus":"THREE_ENEMY_KILL","is_daily":false,"chose_seed":false,"campfire_upgraded":2,"win_rate":0.0,"timestamp":1610350314,"path_taken":["M","?","M","M","?","R","?","E","T","R","E","M","M","M","R","BOSS","M","M","?","?","$","M","R","?","T","M","M","E","M","?","R","BOSS"],"items_purchased_type":["Potion","Card"],"build_version":"2020-12-22","purchased_purges":0,"victory":false,"max_hp_per_floor":[70,70,70,70,70,70,70,72,72,72,72,72,72,72,72,72,72,72,72,72,72,72,72,72,72,72,72,72,72,72,72,72,72,72],"card_choices":[{"not_picked":["Distraction","Tactician"],"picked":"Noxious Fumes","floor":1.0},{"not_picked":["Dagger Spray","Acrobatics"],"picked":"Quick Slash","floor":3.0},{"not_picked":["Predator","Flying Knee"],"picked":"Backstab","floor":4.0},{"not_picked":["Escape Plan","Prepared","Slice"],"picked":"Singing Bowl","floor":8.0},{"not_picked":["Setup","Deflect"],"picked":"PiercingWail","floor":11.0},{"not_picked":["Slice","Backflip"],"picked":"Acrobatics","floor":13.0},{"not_picked":["Backstab","Deadly Poison"],"picked":"Die Die Die","floor":14.0},{"not_picked":["Unload","Phantasmal Killer"],"picked":"Adrenaline","floor":16.0},{"not_picked":["Skewer+1","Prepared"],"picked":"Sucker Punch+1","floor":18.0},{"not_picked":["Prepared","Quick Slash"],"picked":"Crippling Poison","floor":19.0},{"not_picked":["PiercingWail","Backflip"],"picked":"Expertise+1","floor":21.0},{"not_picked":["Concentrate","Accuracy"],"picked":"Dash","floor":23.0},{"not_picked":["Accuracy+1","PiercingWail"],"picked":"Dodge and Roll","floor":25},{"not_picked":["Escape Plan","Tactician"],"picked":"Eviscerate+1","floor":27},{"not_picked":["Quick Slash","Burst"],"picked":"Poisoned Stab+1","floor":28},{"not_picked":["Eviscerate","Setup"],"picked":"Sucker Punch","floor":29},{"not_picked":["Riddle With Holes","Quick Slash"],"picked":"Dagger Spray","floor":30}],"player_experience":176434,"relics_obtained":[{"floor":8.0,"key":"Potion Belt"},{"floor":9.0,"key":"Sundial"},{"floor":11.0,"key":"HornCleat"},{"floor":26,"key":"Anchor"},{"floor":29,"key":"Old Coin"},{"floor":31,"key":"MawBank"}],"event_choices":[{"damage_healed":0.0,"max_hp_gain":0.0,"max_hp_loss":0.0,"gold_gain":0.0,"event_name":"Big Fish","player_choice":"Box","floor":2.0,"gold_loss":0.0,"damage_taken":0.0,"relics_obtained":["Singing Bowl"],"cards_obtained":["Regret"]},{"damage_healed":0.0,"max_hp_gain":0.0,"max_hp_loss":0.0,"gold_gain":0.0,"event_name":"Liars Game","player_choice":"Ignored","floor":5.0,"gold_loss":0.0,"damage_taken":0.0},{"damage_healed":0.0,"max_hp_gain":0.0,"max_hp_loss":0.0,"gold_gain":0.0,"event_name":"The Woman in Blue","player_choice":"Bought 1 Potion","floor":7.0,"gold_loss":0.0,"damage_taken":0.0},{"cards_removed":["Regret"],"damage_healed":0.0,"max_hp_gain":0.0,"max_hp_loss":0.0,"gold_gain":0.0,"event_name":"Fountain of Cleansing","player_choice":"Removed Curses","floor":20.0,"gold_loss":0.0,"damage_taken":0.0}],"is_beta":false,"boss_relics":[{"not_picked":["Ectoplasm","Black Star"],"picked":"Philosopher\u0027s Stone"}],"items_purged_floors":[],"is_endless":false,"potions_floor_spawned":[1,3,8,19,25,27,28],"killed_by":"Collector","ascension_level":2}}