{"host":"pa65g39v0cwbmgvo","time":1610372749,"event":{"mods":["2.2 Compatiblity","ATMod(°¢èªMod)","BaseMod","Better Skull","Better Third Choice","BetterRewards","Dota2Spire","Minty Spire (QoL Compilation)","Quick Restart","Replay The Spire","Spicy Shops","StSLib","SuperFastMode","¡¾ÒÅÎï¿¨ÅÆ¡¿REMEMod"],"gold_per_floor":[113,113,124,15,33,60,101,135,162,190,233,233,322,358,358,500,500,566,661,661,775,76,205,205,337,384,463,527,608,608,678,678,853,853,994,1057,485,615,778,1,96,96,121,218,338,338,428,569,569,714,714,714,275,393,461],"floor_reached":56,"playtime":1862,"items_purged":["Strike_P","Strike_P+1","Strike_P+1","Strike_P+1","Defend_P","Defend_P"],"score":2363,"play_id":"7a93cd71-0670-4424-b51b-f02b151561cf","local_time":"20210111214549","is_ascension_mode":true,"campfire_choices":[{"floor":12.0,"key":"REST"},{"floor":15.0,"key":"REST"},{"data":"AT_ChampionStep","floor":24.0,"key":"SMITH"},{"floor":32.0,"key":"RECALL"},{"data":"AT_ChampionStep","floor":42.0,"key":"SMITH"},{"data":"AT_RealFormLess","floor":49,"key":"SMITH"},{"data":"AT_ChampionStep","floor":52,"key":"SMITH"}],"circlet_count":0,"master_deck":["Defend_P","Defend_P","Eruption+1","Flash of Steel+1","EmptyBody+1","Consecrate+1","MentalFortress+1","Devotion+1","AT_ChampionStep+1","AT_RealColorLess+1","AT_RealColorLess+1","AT_RealFormLess+1","REME_Shoggoth+1","AT_ChampionStep+1","EmptyMind","REME_MusicOfDeath+1","Panache+1","AT_RealFormLess+1","AT_ChampionStep+1"],"relics":["PureWater","REME_ComplimentaryCards","AT_ATBox","AT_BellDemon","Golden Egg","REME_CardOfGreed","Gremlin Horn","Dota2Spire:UrnOfShadows","Lantern","Tiny Chest","Replay:Mystery Machine","Dota2Spire:PowerTreads","Replay:Bottled Eggs","Dota2Spire:PhaseBoots","AT_MibuBalloonWealth","MealTicket","Replay:Bronze Core","Meat on the Bone","Dota2Spire:MaskOfMadness","Bird Faced Urn","Dota2Spire:ArcaneBoots","Gambling Chip","Sundial","Bag of Preparation","ReplayFunnel","Matryoshka","Potion Belt","Ornamental Fan","Bottled Lightning","White Beast Statue","REME_HourglassOfDeath","Replay:Rubber Ducky","Damaru","Blood Vial","Dota2Spire:Bloodstone","Replay:Towering Pillar of Hats","Durian","Lee\u0027s Waffle","Replay:Bandana","Regal Pillow","Centennial Puzzle","Oddly Smooth Stone","Replay:Baseball","Guide Book","Ancient Tea Set","Mango","Letter Opener","Art of War","Dota2Spire:DrumOfEndurance","Whetstone","REME_IWantAll","Dream Catcher","Toxic Egg 2","Incense Burner","Dota2Spire:EchoSabre","AT_RabadonDeathcap","REME_LimitBreaker"],"acts_visited":["Exordium","TheCity","TheBeyond","TheEnding"],"potions_floor_usage":[],"damage_taken":[{"damage":0.0,"enemies":"Cultist","floor":1.0,"turns":2.0},{"damage":9.0,"enemies":"Jaw Worm","floor":3.0,"turns":4.0},{"damage":0.0,"enemies":"Small Slimes","floor":5.0,"turns":3.0},{"damage":0.0,"enemies":"Lagavulin","floor":6.0,"turns":2.0},{"damage":12.0,"enemies":"Exordium Thugs","floor":7.0,"turns":2.0},{"damage":44.0,"enemies":"3 Sentries","floor":8.0,"turns":4.0},{"damage":0.0,"enemies":"Replay:BlueRogue","floor":10.0,"turns":3.0},{"damage":2.0,"enemies":"Large Slime","floor":11.0,"turns":2.0},{"damage":0.0,"enemies":"Blue Slaver","floor":14.0,"turns":1.0},{"damage":0.0,"enemies":"The Guardian","floor":16.0,"turns":2.0},{"damage":0.0,"enemies":"Spheric Guardian","floor":18.0,"turns":2.0},{"damage":0.0,"enemies":"2 Thieves","floor":19.0,"turns":1.0},{"damage":0.0,"enemies":"Shelled Parasite and Fungi","floor":21.0,"turns":1.0},{"damage":0.0,"enemies":"Gremlin Leader","floor":23.0,"turns":1.0},{"damage":0.0,"enemies":"Slavers","floor":25.0,"turns":1.0},{"damage":1.0,"enemies":"REME_1_Revenger","floor":27.0,"turns":1.0},{"damage":0.0,"enemies":"Snake Plant","floor":28.0,"turns":1.0},{"damage":0.0,"enemies":"Book of Stabbing","floor":29.0,"turns":1.0},{"damage":0.0,"enemies":"Snecko","floor":31.0,"turns":1.0},{"damage":7.0,"enemies":"Automaton","floor":33.0,"turns":1.0},{"damage":0.0,"enemies":"3 Darklings","floor":35.0,"turns":1.0},{"damage":0.0,"enemies":"Orb Walker","floor":36.0,"turns":1.0},{"damage":0.0,"enemies":"Sphere and 2 Shapes","floor":38.0,"turns":1.0},{"damage":0.0,"enemies":"3 Darklings","floor":39.0,"turns":1.0},{"damage":0.0,"enemies":"Nemesis","floor":41.0,"turns":1.0},{"damage":0,"enemies":"R_Hoarder","floor":44,"turns":1},{"damage":0,"enemies":"Jaw Worm Horde","floor":45,"turns":1},{"damage":0,"enemies":"Nemesis","floor":47,"turns":1},{"damage":0,"enemies":"2 Orb Walkers","floor":48,"turns":1},{"damage":0,"enemies":"Awakened One","floor":50,"turns":2},{"damage":0,"enemies":"Shield and Spear","floor":54,"turns":1},{"damage":3,"enemies":"The Heart","floor":55,"turns":3}],"seed_played":"4469408600354167847","potions_obtained":[{"floor":5.0,"key":"REME_GoldPotion"},{"floor":7.0,"key":"SpeedPotion"},{"floor":8.0,"key":"SpeedPotion"},{"floor":11.0,"key":"Milkshake"},{"floor":16.0,"key":"BlessingOfTheForge"},{"floor":23.0,"key":"SpeedPotion"},{"floor":28.0,"key":"BlessingOfTheForge"},{"floor":31.0,"key":"ColorlessPotion"},{"floor":54,"key":"FairyPotion"}],"is_trial":false,"path_per_floor":["M","?","M","$","M","E","M","E","T","E","M","R","?","M","R","B",null,"M","M","?","M","$","E","R","E","T","E","M","E","T","M","R","B",null,"M","M","$","M","M","$","E","R","T","E","M","?","E","?","R","B",null,"R","$","E","B",null],"character_chosen":"WATCHER","items_purchased":["AT_BellDemon","Golden Egg","REME_CardOfGreed","Flash of Steel","EmptyBody","Consecrate","Adrenaline Potion","AT_RealColorLess","Dota2Spire:ArcaneBoots","REME_MusicOfDeath","Gambling Chip","Panache","Lee\u0027s Waffle","Replay:Bandana","Oddly Smooth Stone","Replay:Baseball","Guide Book","Ancient Tea Set","Dota2Spire:EchoSabre","AT_RabadonDeathcap"],"campfire_rested":2,"item_purchase_floors":[0,0,0,0,0,0,0,4,22,22,22,22,37,37,40,40,40,40,53,53],"current_hp_per_floor":[72,72,63,63,63,63,51,10,10,10,11,32,14,14,35,38,72,72,72,72,72,72,72,72,72,72,71,72,72,72,72,72,67,72,72,77,84,84,84,84,98,98,98,98,98,98,98,98,98,98,98,98,98,98,98],"gold":461,"neow_bonus":"","is_daily":false,"chose_seed":false,"campfire_upgraded":4,"win_rate":0.0,"timestamp":1610372749,"path_taken":["M","?","M","$","M","E","M","E","T","E","M","R","?","?","R","BOSS","M","M","?","M","$","E","R","E","T","E","M","E","?","M","R","BOSS","M","M","$","M","M","$","E","R","T","E","M","?","E","?","R","BOSS","R","$","E","BOSS"],"items_purchased_type":["Relic","Relic","Relic","Card","Card","Card","Potion","Card","Relic","Card","Relic","Card","Relic","Relic","Relic","Relic","Relic","Relic","Relic","Relic"],"build_version":"2020-12-22","purchased_purges":6,"victory":true,"max_hp_per_floor":[72,72,72,72,72,72,72,72,72,72,72,72,72,72,72,72,72,72,72,72,72,72,72,72,72,72,72,72,72,72,72,72,72,72,72,77,84,84,84,84,98,98,98,98,98,98,98,98,98,98,98,98,98,98,98],"card_choices":[{"not_picked":["REME_Repentance","Protect"],"picked":"MentalFortress","floor":1.0},{"not_picked":["FlyingSleeves","Prostrate"],"picked":"AT_ChampionStep","floor":3.0},{"not_picked":["REME_Repentance","WheelKick","Meditate"],"picked":"SKIP","floor":5.0},{"not_picked":["ClearTheMind","Prostrate","Replay:Hum"],"picked":"SKIP","floor":6.0},{"not_picked":["FearNoEvil","Halt","EmptyFist"],"picked":"SKIP","floor":7.0},{"not_picked":["EmptyFist","CrushJoints","Replay:ManipulateFuture"],"picked":"SKIP","floor":8.0},{"not_picked":["ThirdEye","Worship","Replay:Battleflow"],"picked":"SKIP","floor":10.0},{"not_picked":["Protect","JustLucky","Replay:Cycle"],"picked":"SKIP","floor":11.0},{"not_picked":["FlurryOfBlows","Halt"],"picked":"AT_RealFormLess","floor":13.0},{"not_picked":["REME_Repentance","DeceiveReality","FlurryOfBlows"],"picked":"SKIP","floor":14.0},{"not_picked":["Consecrate","Evaluate","CutThroughFate"],"picked":"SKIP","floor":18.0},{"not_picked":["Halt","ReachHeaven"],"picked":"AT_ChampionStep","floor":19.0},{"not_picked":["FlurryOfBlows","Wireheading"],"picked":"FollowUp+1","floor":21.0},{"not_picked":["Replay:BluntJabs","REME_EmptyShield","PathToVictory"],"picked":"SKIP","floor":23.0},{"not_picked":["Evaluate+1","DeceiveReality","TalkToTheHand"],"picked":"SKIP","floor":25.0},{"not_picked":["CutThroughFate","SashWhip"],"picked":"AT_RealFormLess","floor":27.0},{"not_picked":["REME_Repentance+1","Indignation","CrushJoints"],"picked":"SKIP","floor":28.0},{"not_picked":["Replay:Vibes","AT_IrregularMenstruation","Replay:DivineShield"],"picked":"SKIP","floor":29.0},{"not_picked":["BattleHymn","SandsOfTime","DeceiveReality"],"picked":"SKIP","floor":31.0},{"not_picked":["REME_Repentance","PathToVictory"],"picked":"AT_ChampionStep","floor":35.0},{"not_picked":["Halt+1","REME_Repentance+1","Consecrate"],"picked":"SKIP","floor":36.0},{"not_picked":["LikeWater+1","ThirdEye","BowlingBash+1"],"picked":"SKIP","floor":38.0},{"not_picked":["ThirdEye+1","DeceiveReality","Replay:BluntJabs+1"],"picked":"SKIP","floor":39.0},{"not_picked":["Replay:ManipulateFuture+1","Replay:LoomingThreat","REME_MusicOfDeath"],"picked":"SKIP","floor":41.0},{"not_picked":["WaveOfTheHand","AT_MachinaRedman","Replay:DivineShield"],"picked":"SKIP","floor":44},{"not_picked":["WheelKick","Replay:ManipulateFuture","EmptyBody"],"picked":"SKIP","floor":45},{"not_picked":["AT_SoftenMuscles+1","Protect+1","Prostrate+1"],"picked":"SKIP","floor":47},{"not_picked":["Evaluate+1","EmptyMind+1","Collect+1"],"picked":"SKIP","floor":54}],"player_experience":61916,"relics_obtained":[{"floor":3.0,"key":"Gremlin Horn"},{"floor":5.0,"key":"Dota2Spire:UrnOfShadows"},{"floor":6.0,"key":"Lantern"},{"floor":6.0,"key":"Tiny Chest"},{"floor":7.0,"key":"Replay:Mystery Machine"},{"floor":8.0,"key":"Dota2Spire:PowerTreads"},{"floor":8.0,"key":"Replay:Bottled Eggs"},{"floor":9.0,"key":"Dota2Spire:PhaseBoots"},{"floor":10.0,"key":"AT_MibuBalloonWealth"},{"floor":10.0,"key":"MealTicket"},{"floor":18.0,"key":"Meat on the Bone"},{"floor":19.0,"key":"Dota2Spire:MaskOfMadness"},{"floor":21.0,"key":"Bird Faced Urn"},{"floor":23.0,"key":"Sundial"},{"floor":23.0,"key":"Bag of Preparation"},{"floor":25.0,"key":"ReplayFunnel"},{"floor":25.0,"key":"Matryoshka"},{"floor":26.0,"key":"Potion Belt"},{"floor":27.0,"key":"Ornamental Fan"},{"floor":28.0,"key":"Bottled Lightning"},{"floor":29.0,"key":"White Beast Statue"},{"floor":29.0,"key":"REME_HourglassOfDeath"},{"floor":30.0,"key":"Replay:Rubber Ducky"},{"floor":30.0,"key":"Damaru"},{"floor":31.0,"key":"Blood Vial"},{"floor":35.0,"key":"Replay:Towering Pillar of Hats"},{"floor":36.0,"key":"Durian"},{"floor":38.0,"key":"Regal Pillow"},{"floor":39.0,"key":"Centennial Puzzle"},{"floor":41.0,"key":"Mango"},{"floor":41.0,"key":"Letter Opener"},{"floor":43.0,"key":"Art of War"},{"floor":44,"key":"Dota2Spire:DrumOfEndurance"},{"floor":44,"key":"Whetstone"},{"floor":45,"key":"REME_IWantAll"},{"floor":47,"key":"Dream Catcher"},{"floor":47,"key":"Toxic Egg 2"},{"floor":48,"key":"Incense Burner"},{"floor":54,"key":"REME_LimitBreaker"}],"event_choices":[{"damage_healed":0.0,"max_hp_gain":0.0,"max_hp_loss":0.0,"gold_gain":0.0,"event_name":"The Library","player_choice":"Read","floor":20.0,"gold_loss":0.0,"damage_taken":0.0,"cards_obtained":["EmptyMind"]},{"cards_removed":["FollowUp"],"damage_healed":0,"gold_gain":0,"player_choice":"Removed Attack","damage_taken":0,"max_hp_gain":0,"max_hp_loss":0,"event_name":"Falling","floor":46,"gold_loss":0},{"damage_healed":0,"gold_gain":0,"player_choice":"Fight","damage_taken":0,"max_hp_gain":0,"max_hp_loss":0,"event_name":"Mysterious Sphere","floor":48,"gold_loss":0}],"is_beta":false,"boss_relics":[{"not_picked":["REME_ChargedStone","SlaversCollar"],"picked":"Replay:Bronze Core"},{"not_picked":["Philosopher\u0027s Stone","Replay:Grab Bag"],"picked":"Dota2Spire:Bloodstone"}],"items_purged_floors":[0,22,37,37,40,53],"is_endless":false,"potions_floor_spawned":[5,7,8,11,16,23,25,28,31,33,35,36,38,39,41,44,45,47,48,54],"ascension_level":2}}