{"host":"7sy3dyg71hje4mzx","time":1610364509,"event":{"mods":["BaseMod","Downfall","Minty Spire (QoL Compilation)","StSLib"],"gold_per_floor":[99,119,134,134,151,171,171,182,47,63,76,24,24,24,38,139,139,139,149,149,159,159,159,159],"floor_reached":22,"playtime":2398,"items_purged":[],"score":180,"play_id":"2c792501-5c68-4240-b218-e293ace6e7a9","local_time":"20210111222829","is_ascension_mode":false,"campfire_choices":[{"floor":1,"key":"RECALL"},{"data":"Guardian:EvasiveProtocol","floor":13,"key":"SMITH"},{"data":"Guardian:PrismaticBarrier","floor":18,"key":"SMITH"}],"circlet_count":0,"master_deck":["Guardian:Strike_Guardian","Guardian:Strike_Guardian","Guardian:Defend_Guardian","Guardian:Defend_Guardian","Guardian:Defend_Guardian","Guardian:Defend_Guardian","Guardian:CurlUp","Guardian:TwinSlam","Guardian:PiercingHide","Guardian:EvasiveProtocol+1","Guardian:TimeCapacitor+1","Guardian:PiercingHide","Guardian:TimeCapacitor+1","Guardian:Suspension","Guardian:Incinerate","Guardian:PrismaticBarrier+1","Guardian:ConstructionForm+1","Guardian:Gem_Yellow","Writhe","Guardian:Gem_Cyan"],"relics":["Guardian:ModeShifterPlus","Pear","Frozen Egg 2","Mummified Hand"],"acts_visited":["Exordium","TheCity"],"potions_floor_usage":[16,16,19,22],"damage_taken":[{"damage":1,"enemies":"2 Louse","floor":2,"turns":3},{"damage":0,"enemies":"Jaw Worm","floor":3,"turns":6},{"damage":0,"enemies":"Small Slimes","floor":5,"turns":7},{"damage":0,"enemies":"Blue Slaver","floor":6,"turns":7},{"damage":2,"enemies":"2 Fungi Beasts","floor":8,"turns":5},{"damage":3,"enemies":"downfall:FleeingMerchant","floor":9,"turns":4},{"damage":2,"enemies":"Lots of Slimes","floor":10,"turns":5},{"damage":2,"enemies":"Blue Slaver","floor":11,"turns":7},{"damage":0,"enemies":"downfall:FleeingMerchant","floor":12,"turns":4},{"damage":2,"enemies":"Exordium Thugs","floor":15,"turns":6},{"damage":73,"enemies":"downfall:Defect","floor":16,"turns":37},{"damage":21,"enemies":"Chosen","floor":19,"turns":16},{"damage":2,"enemies":"Spheric Guardian","floor":21,"turns":17},{"damage":76,"enemies":"Centurion and Healer","floor":22,"turns":23}],"seed_played":"172618355118629127","potions_obtained":[{"floor":2,"key":"Weak Potion"},{"floor":8,"key":"Weak Potion"},{"floor":10,"key":"Dexterity Potion"},{"floor":19,"key":"Guardian:DefensiveModePotion"}],"is_trial":false,"path_per_floor":["R","M","M","?","M","M","T","M","$","M","M","$","R","?","M","B",null,"R","M","?","M","M"],"character_chosen":"GUARDIAN","items_purchased":["Guardian:TimeCapacitor+1","Guardian:Suspension","Guardian:PrismaticBarrier"],"campfire_rested":0,"item_purchase_floors":[9,9,12],"current_hp_per_floor":[80,79,79,86,86,86,86,84,81,79,77,77,77,77,75,2,90,90,69,69,67,0,0,0],"gold":159,"neow_bonus":"REMOVE_CARD","is_daily":false,"chose_seed":false,"campfire_upgraded":2,"win_rate":0.0,"timestamp":1610364509,"path_taken":["R","M","M","?","M","M","T","M","$","M","M","?","R","?","M","BOSS","R","M","?","M","M"],"items_purchased_type":["Card","Card","Card"],"build_version":"2020-12-22","purchased_purges":0,"victory":false,"max_hp_per_floor":[80,80,80,90,90,90,90,90,90,90,90,90,90,90,90,90,90,90,90,90,90,90,90,90],"card_choices":[{"not_picked":["Guardian:SentryBeam","Guardian:VentSteam"],"picked":"Guardian:Gem_Cyan","floor":2},{"not_picked":["Guardian:TemporalStrike","Guardian:CrystalBeam"],"picked":"Guardian:PiercingHide","floor":3},{"not_picked":["Guardian:Reroute","Guardian:ConstructionForm"],"picked":"Guardian:EvasiveProtocol","floor":5},{"not_picked":["Guardian:Gem_Lightblue","Guardian:Reroute"],"picked":"Guardian:Gem_Cyan","floor":6},{"not_picked":["Guardian:RollAttack","Guardian:EvasiveProtocol+1"],"picked":"Guardian:TimeCapacitor+1","floor":8},{"not_picked":["Guardian:ChargeCore","Guardian:TemporalStrike"],"picked":"Guardian:PiercingHide","floor":9},{"not_picked":["Guardian:Reroute","Guardian:FloatingOrbs+1"],"picked":"Guardian:Gem_Green","floor":10},{"not_picked":["Guardian:Gem_Lightblue","Guardian:RefractedBeam"],"picked":"Guardian:Incinerate","floor":11},{"not_picked":["Guardian:TimeCapacitor+1","Guardian:Gem_Red"],"picked":"Guardian:Gem_Blue","floor":12},{"not_picked":["Guardian:CrystalBeam","Guardian:PiercingHide"],"picked":"Guardian:ConstructionForm+1","floor":15},{"not_picked":["Guardian:AncientConstruct+1","Guardian:HyperBeam_Guardian"],"picked":"Guardian:Gem_Orange","floor":16},{"not_picked":["Guardian:PrismaticBeam","Guardian:TemporalStrike"],"picked":"Guardian:Gem_Yellow","floor":19},{"not_picked":["Guardian:ChargeCore","Guardian:TemporalShield"],"picked":"Guardian:Gem_Cyan","floor":21}],"player_experience":198126,"relics_obtained":[{"floor":7,"key":"Frozen Egg 2"}],"event_choices":[{"damage_healed":0,"gold_gain":0,"player_choice":"Success","damage_taken":3,"relics_obtained":["Pear"],"max_hp_gain":0,"max_hp_loss":0,"event_name":"Scrap Ooze","floor":4,"gold_loss":0}],"is_beta":false,"boss_relics":[{"not_picked":["Calling Bell","Velvet Choker"],"picked":"Guardian:ModeShifterPlus"}],"items_purged_floors":[],"is_endless":false,"potions_floor_spawned":[2,8,10,15,19],"killed_by":"Centurion and Healer","ascension_level":0}}