{"host":"65aqouwnlnzlnyrz","time":1610373143,"event":{"mods":["BaseMod","Downfall","FoggyMod","Good Game Mod","Marked Mod","Minty Spire (QoL Compilation)","Spicy Shops","StSLib","The Construct","The Runesmith","[IsaacMod]以撒尖塔","【功能Mod】Neow奖励","【遗物Mod】死灵法师NEW","【遗物Mod】简单游戏"],"gold_per_floor":[99,199,199,217,217,30,30,30,30,59,59,91,16,1,12,129,129,54,54,54,54,241,254,254,254,179,179,104,28,28,52,92,224,224,224,224,262,262,262,262,286,313,313,372,420,420,420,420,438,452,452,493,493,493,535],"floor_reached":56,"playtime":4127,"items_purged":["Epidemicm+1","expansioncontent:GuardianWhirl","Slimebound:CheckThePlaybook","Shackles_Of_Pain+1","PosionBreak"],"score":1591,"play_id":"a218ae3c-1a0d-4f50-960f-cba12c0ab46a","local_time":"20210111215222","is_ascension_mode":true,"campfire_choices":[{"floor":1.0,"key":"RECALL"},{"data":"Shackles_Of_Pain","floor":8.0,"key":"SMITH"},{"data":"Shackles_Of_Pain","floor":13.0,"key":"SMITH"},{"data":"Epidemicm","floor":18,"key":"SMITH"},{"data":"Summon_Lich","floor":28,"key":"SMITH"},{"data":"expansioncontent:Chronoboost","floor":30,"key":"SMITH"},{"floor":35,"key":"REST"},{"floor":43,"key":"REST"},{"floor":46,"key":"REST"},{"floor":54,"key":"REST"}],"circlet_count":0,"master_deck":["PosionRing","Acid_Javelin","PosionWeak","Toxic_Smoke_Screen","Toxic_Smoke_Screen","construct:Isolate","Shackles_Of_Pain+1","PosionWeak","Summon_Undead","Corrupt","Shackles_Of_Pain+1","Summon_Lich+1","expansioncontent:Chronoboost+1","Summon_Death_Knight","Bone_Armor+1","Summon_Undead_Army+1","expansioncontent:Collect","Negative_Energy_Mist+1","Life_Drain+1","Negative_Energy_Sphere+1","Summon_Undead_Army+1"],"relics":["EasyRelic","HushsDoor","REME:ComplimentaryCards","DeadEye","Sozu","downfall:BrokenWingStatue","SteamSale","Orichalcum","downfall:HeartBlessingGreen","Philosopher\u0027s Stone","downfall:HeartBlessingRed","Bronze Scales","TheBean","TheBattery","downfall:HeartBlessingBlue","Membership Card","Medical Kit","Runesmith:AutoHammer","Bottled Tornado","Potion Belt","Boot","SalivaCoin","Fusion Hammer","Anchor","Chemical X","Mercury Hourglass","construct:BoolHorns","Prayer Wheel","Orrery","Lee\u0027s Waffle","Strange Spoon","AnarchistCookbook","SumBook2","BookOfRevelations","GuppysHead","PreservedInsect","MealTicket","Toolbox","Molten Egg 2","Kunai","Runesmith:Nanobots","SatanicBible","Pear","BelialBook","Bag of Marbles"],"acts_visited":["Exordium","TheCity","TheBeyond","TheEnding"],"potions_floor_usage":[],"damage_taken":[{"damage":0.0,"enemies":"Small Slimes","floor":4.0,"turns":2.0},{"damage":3.0,"enemies":"downfall:FleeingMerchant","floor":6.0,"turns":4.0},{"damage":30.0,"enemies":"Lagavulin","floor":10.0,"turns":5.0},{"damage":3.0,"enemies":"Jaw Worm","floor":12.0,"turns":3.0},{"damage":12.0,"enemies":"downfall:FleeingMerchant","floor":14.0,"turns":4.0},{"damage":2.0,"enemies":"2 Louse","floor":15.0,"turns":3.0},{"damage":30,"enemies":"downfall:Defect","floor":16,"turns":4},{"damage":0,"enemies":"downfall:FleeingMerchant","floor":22,"turns":4},{"damage":9,"enemies":"3 Byrds","floor":23,"turns":3},{"damage":9,"enemies":"Spheric Guardian","floor":32,"turns":1},{"damage":30,"enemies":"downfall:Ironclad","floor":33,"turns":5},{"damage":13,"enemies":"3 Shapes","floor":37,"turns":4},{"damage":8,"enemies":"Orb Walker","floor":42,"turns":2},{"damage":5,"enemies":"2 Orb Walkers","floor":44,"turns":3},{"damage":69,"enemies":"Writhing Mass","floor":45,"turns":3},{"damage":0,"enemies":"Sphere and 2 Shapes","floor":49,"turns":3},{"damage":15,"enemies":"downfall:Watcher","floor":50,"turns":8},{"damage":18,"enemies":"downfall:CharBossMerchant","floor":52,"turns":7},{"damage":55,"enemies":"downfall:NeowBoss","floor":55,"turns":30}],"seed_played":"-5192493933057750646","potions_obtained":[],"is_trial":false,"path_per_floor":["R","?","?","M","?","$","T","R","?","E","?","M","R","$","M","B",null,"R","?","?","?","$","M","T","?","$","?","R","$","R","T","M","B",null,"R","?","M","$","?","$","T","M","R","?","M","R","$","?","M","B",null,"E","$","R","B",null],"character_chosen":"NECROMANCER","items_purchased":["SteamSale","PosionWeak","Bronze Scales","TheBattery","Membership Card","Medical Kit","Runesmith:AutoHammer","Bottled Tornado","Potion Belt","Boot","expansioncontent:Chronoboost","Anchor","Chemical X","Mercury Hourglass","construct:BoolHorns","Prayer Wheel","Orrery","expansioncontent:Collect","Lee\u0027s Waffle","Strange Spoon","AnarchistCookbook","SumBook2","PreservedInsect","MealTicket","Toolbox","Molten Egg 2","Kunai","SatanicBible","Pear","BelialBook","Bag of Marbles"],"campfire_rested":4,"item_purchase_floors":[6,6,22,26,29,29,29,29,29,29,29,38,38,38,38,38,38,38,40,40,40,40,47,47,47,47,47,53,53,53,53],"current_hp_per_floor":[75,75,75,75,80,77,77,77,77,47,47,47,47,35,33,3,80,80,80,80,80,80,71,71,71,71,43,53,53,53,53,44,14,90,90,90,85,85,85,97,97,89,97,92,23,52,52,52,54,57,97,79,104,107,52],"gold":535,"neow_bonus":"BOSS_RELIC","is_daily":false,"chose_seed":false,"campfire_upgraded":5,"win_rate":0.0,"timestamp":1610373142,"path_taken":["R","?","?","?","?","$","T","R","?","E","?","?","R","?","M","BOSS","R","?","?","?","?","?","T","?","$","?","R","$","R","?","M","BOSS","R","?","?","?","?","$","T","?","R","?","?","R","$","?","M","BOSS","E","$","R","BOSS"],"items_purchased_type":["Relic","Card","Relic","Relic","Relic","Relic","Relic","Relic","Relic","Relic","Card","Relic","Relic","Relic","Relic","Relic","Relic","Card","Relic","Relic","Relic","Relic","Relic","Relic","Relic","Relic","Relic","Relic","Relic","Relic","Relic"],"build_version":"2020-12-22","purchased_purges":5,"victory":true,"max_hp_per_floor":[75,75,75,75,80,80,80,80,80,80,80,80,80,80,80,80,80,80,80,80,80,80,80,80,80,80,80,90,90,90,90,90,90,90,90,90,90,90,90,97,97,97,97,97,97,97,97,97,97,97,97,97,107,107,107],"card_choices":[{"not_picked":[],"picked":"BettingIsNotGood","floor":0.0},{"not_picked":["Thousand_Bone_Knives","Scare","Vampiric_Strike"],"picked":"SKIP","floor":4.0},{"not_picked":["Scare","Epidemic"],"picked":"Shackles_Of_Pain","floor":6.0},{"not_picked":["Bone_Armory","Bomb"],"picked":"Summon_Undead","floor":10.0},{"not_picked":["Blood_Curse","Toxic_Smoke_Screen"],"picked":"Shackles_Of_Pain","floor":12.0},{"not_picked":["PosionWeak","Acid_Javelin"],"picked":"Corrupt","floor":14.0},{"not_picked":["Negative_Energy_Mist","Blood_Whip"],"picked":"Bomb","floor":15.0},{"not_picked":["Blood_Wake","Negative_Energy_Bomb"],"picked":"Epidemicm","floor":16},{"not_picked":["Negative_Energy_Javelin","Toxic_Smoke_Screen","Detonate_Bones"],"picked":"SKIP","floor":22},{"not_picked":["Shade_Step","Blood_Shield"],"picked":"Summon_Lich","floor":23},{"not_picked":["Negative_Energy_Javelin","Bone_Spikes","Life_Drain"],"picked":"SKIP","floor":32},{"not_picked":["Blood_Hammer","Skeleton_Dragon"],"picked":"Summon_Death_Knight","floor":33},{"not_picked":["finger_Of_Death","Acid_Javelin+1","Shade_Step+1"],"picked":"SKIP","floor":37},{"not_picked":["Negative_Energy_Javelin+1","finger_Of_Death+1"],"picked":"Bone_Armor+1","floor":38},{"not_picked":["PosionWeak2","Bone_Shift+1"],"picked":"PosionBreak","floor":38},{"not_picked":["Bone_Armor+1","Shade_Step+1"],"picked":"Summon_Undead_Army+1","floor":38},{"not_picked":["Negative_Energy_Burst","OverdoomLine","Blood_Whip+1"],"picked":"SKIP","floor":42},{"not_picked":["Bone_Spikes+1","Bone_Armory+1","Scare"],"picked":"SKIP","floor":42},{"not_picked":["Slay_Living","Vampiric_Strike"],"picked":"Negative_Energy_Mist+1","floor":45},{"not_picked":["WallConcept","PosionArmor","Blood_Whip"],"picked":"SKIP","floor":45},{"not_picked":["Shackles_Of_Pain","Spectral_Walk"],"picked":"Life_Drain+1","floor":49},{"not_picked":["Bone_Armor","PosionRing+1"],"picked":"Negative_Energy_Sphere+1","floor":49},{"not_picked":["Slay_Living+1","Hellfire+1"],"picked":"Summon_Undead_Army+1","floor":52}],"player_experience":99969,"relics_obtained":[{"floor":10.0,"key":"Orichalcum"},{"floor":24,"key":"TheBean"},{"floor":31,"key":"SalivaCoin"},{"floor":41,"key":"BookOfRevelations"},{"floor":44,"key":"GuppysHead"},{"floor":52,"key":"Runesmith:Nanobots"}],"event_choices":[{"damage_healed":0.0,"max_hp_gain":5.0,"max_hp_loss":0.0,"gold_gain":0.0,"event_name":"Big Fish","player_choice":"Donut","floor":5.0,"gold_loss":0.0,"damage_taken":0.0},{"damage_healed":0,"gold_gain":0,"player_choice":"Copied","damage_taken":0,"max_hp_gain":0,"max_hp_loss":0,"event_name":"Duplicator","floor":19,"gold_loss":0,"cards_obtained":["Shackles_Of_Pain"]},{"cards_removed":["PosionArmor"],"damage_healed":0,"gold_gain":0,"player_choice":"Purged","damage_taken":0,"max_hp_gain":0,"max_hp_loss":0,"event_name":"Purifier","floor":20,"gold_loss":0},{"damage_healed":0,"gold_gain":0,"cards_transformed":["BettingIsNotGood"],"player_choice":"Transformed","damage_taken":0,"max_hp_gain":0,"max_hp_loss":0,"event_name":"Transmorgrifier","floor":21,"gold_loss":0,"cards_obtained":["expansioncontent:GuardianWhirl"]},{"cards_removed":["PosionRing"],"damage_healed":0,"gold_gain":0,"player_choice":"Elegance","damage_taken":0,"max_hp_gain":0,"max_hp_loss":0,"event_name":"Back to Basics","floor":25,"gold_loss":0},{"damage_healed":0,"gold_gain":0,"player_choice":"Got Potions","damage_taken":0,"max_hp_gain":0,"max_hp_loss":0,"event_name":"Lab","floor":36,"gold_loss":0},{"damage_healed":0,"gold_gain":0,"player_choice":"Fight","damage_taken":0,"max_hp_gain":0,"max_hp_loss":0,"event_name":"Mysterious Sphere","floor":44,"gold_loss":0}],"is_beta":false,"boss_relics":[{"not_picked":["Coffee Dripper","Calling Bell"],"picked":"Philosopher\u0027s Stone"},{"not_picked":[]},{"not_picked":["Velvet Choker","Runic Dome"],"picked":"Fusion Hammer"},{"not_picked":[]}],"items_purged_floors":[29,29,38,47,53],"is_endless":false,"potions_floor_spawned":[4,12,15,16,23,32,42,45],"ascension_level":2}}