{"host":"sav7uxregyirlf69","time":1610350973,"event":{"mods":["AchievementEnabler","BaseMod","Colored Map","DeckTracker","Keyboard Shortcuts","Minty Spire (QoL Compilation)","READ ME - Guardian Mod","StSLib","SuperFastMode"],"gold_per_floor":[113,263,279,259,39,39,50,50,98,133,147,175,77,152,152,152,152],"floor_reached":16,"playtime":203,"items_purged":["Doubt","Strike_G"],"score":189,"play_id":"0c7554c8-910d-4efd-9944-ecd62062e56b","local_time":"20210111164253","is_ascension_mode":true,"campfire_choices":[{"data":"Skewer","floor":6,"key":"SMITH"},{"data":"Neutralize","floor":8,"key":"SMITH"},{"data":"Tactician","floor":15,"key":"SMITH"}],"circlet_count":0,"master_deck":["AscendersBane","Strike_G","Strike_G","Strike_G","Strike_G","Defend_G","Defend_G","Defend_G","Defend_G","Defend_G","Survivor","Neutralize+1","Backflip","Skewer+1","PiercingWail","Tactician+1","Blade Dance","Crippling Poison","Dagger Throw"],"relics":["Ring of the Snake","NeowsBlessing","ClockworkSouvenir","Smiling Mask","Toy Ornithopter","Nunchaku"],"acts_visited":["Exordium"],"potions_floor_usage":[10,12],"damage_taken":[{"damage":0,"enemies":"2 Louse","floor":1,"turns":1},{"damage":0,"enemies":"Cultist","floor":3,"turns":1},{"damage":0,"enemies":"Small Slimes","floor":7,"turns":1},{"damage":20,"enemies":"Lagavulin","floor":10,"turns":7},{"damage":9,"enemies":"Exordium Thugs","floor":11,"turns":8},{"damage":10,"enemies":"3 Sentries","floor":12,"turns":10},{"damage":23,"enemies":"Slime Boss","floor":16,"turns":3}],"seed_played":"4618131777948455524","potions_obtained":[{"floor":1,"key":"BlessingOfTheForge"},{"floor":3,"key":"Dexterity Potion"},{"floor":4,"key":"FearPotion"}],"is_trial":false,"path_per_floor":["M","?","M","?","$","R","M","R","T","E","M","E","$","?","R","B"],"character_chosen":"THE_SILENT","items_purchased":["ClockworkSouvenir","Dagger Throw"],"campfire_rested":0,"item_purchase_floors":[5,13],"current_hp_per_floor":[59,59,59,59,59,59,59,59,59,39,30,25,25,14,14,0,0],"gold":152,"neow_bonus":"THREE_ENEMY_KILL","is_daily":false,"chose_seed":false,"campfire_upgraded":3,"win_rate":0.0,"timestamp":1610350973,"path_taken":["M","?","M","?","$","R","?","R","T","E","M","E","$","?","R","BOSS"],"items_purchased_type":["Relic","Card"],"build_version":"2020-12-22","purchased_purges":2,"victory":false,"max_hp_per_floor":[66,66,66,66,66,66,66,66,66,66,66,66,66,66,66,66,66],"card_choices":[{"not_picked":["Caltrops","Endless Agony"],"picked":"Backflip","floor":1},{"not_picked":["Deadly Poison","Choke"],"picked":"Skewer","floor":3},{"not_picked":["Slice","Dodge and Roll"],"picked":"PiercingWail","floor":7},{"not_picked":["Unload","Quick Slash"],"picked":"Tactician","floor":10},{"not_picked":["Dodge and Roll","Expertise"],"picked":"Blade Dance","floor":11},{"not_picked":["Dash","Bane"],"picked":"Crippling Poison","floor":12}],"player_experience":1241620,"relics_obtained":[{"floor":9,"key":"Smiling Mask"},{"floor":10,"key":"Toy Ornithopter"},{"floor":12,"key":"Nunchaku"}],"event_choices":[{"damage_healed":0,"gold_gain":150,"player_choice":"AGREE","damage_taken":0,"max_hp_gain":0,"max_hp_loss":0,"event_name":"Liars Game","floor":2,"gold_loss":0,"cards_obtained":["Doubt"]},{"damage_healed":0,"gold_gain":0,"player_choice":"Bought 1 Potion","damage_taken":0,"max_hp_gain":0,"max_hp_loss":0,"event_name":"The Woman in Blue","floor":4,"gold_loss":0},{"damage_healed":0,"gold_gain":75,"player_choice":"Gather Gold","damage_taken":11,"max_hp_gain":0,"max_hp_loss":0,"event_name":"World of Goop","floor":14,"gold_loss":0}],"is_beta":false,"boss_relics":[],"items_purged_floors":[5,13],"is_endless":false,"potions_floor_spawned":[1,3,7],"killed_by":"Slime Boss","ascension_level":15}}