{"host":"7tvb1em0d2fx72q7","time":1610324856,"event":{"mods":["BaseMod","Challenge The Spire","Minty Spire (QoL Compilation)","StSLib","everything is the same but u backflip on backflip"],"gold_per_floor":[118,130,147,164,181,213,15,46,115,115,130,155,174,190,190,267,267,285,200,66,76,76,86,97,97,97,97,109,125,177,207,207,278,278,294,294,294,199,199,229,254,254,279,296,324,339,58,58,58],"floor_reached":48,"playtime":2877,"items_purged":["Strike_P+1"],"score":1109,"play_id":"98f070f8-eacb-455b-9bbb-43d6f093ff8e","local_time":"20210110192736","is_ascension_mode":true,"campfire_choices":[{"data":"Wallop","floor":10.0,"key":"SMITH"},{"data":"1","floor":15.0,"key":"LIFT"},{"data":"2","floor":25,"key":"LIFT"},{"floor":27,"key":"REST"},{"data":"3","floor":32,"key":"LIFT"},{"floor":42,"key":"DIG"}],"circlet_count":0,"master_deck":["AscendersBane","Defend_P+1","Defend_P","Defend_P","Defend_P","Eruption","Vigilance","Wallop+1","ThirdEye","Tantrum+1","FlurryOfBlows","EmptyFist","Crescendo","Weave","BowlingBash","Weave+1","FlurryOfBlows","LessonLearned+1","Conclude","FlurryOfBlows","FearNoEvil","Wallop+1","ClearTheMind","Conclude","Vault","FearNoEvil+1","LessonLearned+1","CarveReality+1","Wireheading","CutThroughFate","Wallop","WheelKick+1","Adaptation","TalkToTheHand+1","Meditate"],"relics":["Runic Dome","Dead Branch","Pen Nib","Question Card","Pantograph","Girya","Busted Crown","Anchor","Vajra","Shovel","Astrolabe","Akabeko","Regal Pillow","GoldenEye","Lantern","Molten Egg 2"],"acts_visited":["Exordium","TheCity","TheBeyond"],"potions_floor_usage":[21,24,36,45,48],"damage_taken":[{"damage":0.0,"enemies":"Cultist","floor":1.0,"turns":2.0},{"damage":0.0,"enemies":"Small Slimes","floor":2.0,"turns":3.0},{"damage":0.0,"enemies":"Jaw Worm","floor":3.0,"turns":3.0},{"damage":0.0,"enemies":"Blue Slaver","floor":4.0,"turns":3.0},{"damage":2.0,"enemies":"Exordium Wildlife","floor":5.0,"turns":3.0},{"damage":11.0,"enemies":"Gremlin Nob","floor":6.0,"turns":3.0},{"damage":3.0,"enemies":"3 Sentries","floor":8.0,"turns":7.0},{"damage":4.0,"enemies":"Lots of Slimes","floor":11.0,"turns":4.0},{"damage":13.0,"enemies":"Lagavulin","floor":12.0,"turns":5.0},{"damage":16.0,"enemies":"Exordium Thugs","floor":13.0,"turns":3.0},{"damage":0.0,"enemies":"3 Louse","floor":14.0,"turns":2.0},{"damage":3.0,"enemies":"Slime Boss","floor":16.0,"turns":4.0},{"damage":19,"enemies":"Shell Parasite","floor":18,"turns":4},{"damage":3,"enemies":"3 Byrds","floor":21,"turns":3},{"damage":21,"enemies":"Snake Plant","floor":23,"turns":5},{"damage":5,"enemies":"3 Cultists","floor":24,"turns":3},{"damage":5,"enemies":"Cultist and Chosen","floor":28,"turns":3},{"damage":0,"enemies":"Snecko","floor":29,"turns":2},{"damage":0,"enemies":"Gremlin Leader","floor":31,"turns":2},{"damage":1,"enemies":"Champ","floor":33,"turns":7},{"damage":0,"enemies":"Orb Walker","floor":35,"turns":2},{"damage":0,"enemies":"3 Darklings","floor":36,"turns":1},{"damage":22,"enemies":"Reptomancer","floor":40,"turns":3},{"damage":28,"enemies":"Writhing Mass","floor":44,"turns":3},{"damage":0,"enemies":"Giant Head","floor":45,"turns":4},{"damage":0,"enemies":"Jaw Worm Horde","floor":46,"turns":2},{"damage":68,"enemies":"Nemesis","floor":48,"turns":3}],"seed_played":"-4475016154310393552","potions_obtained":[{"floor":5.0,"key":"Fruit Juice"},{"floor":8.0,"key":"GamblersBrew"},{"floor":11.0,"key":"SkillPotion"},{"floor":13.0,"key":"Block Potion"},{"floor":14.0,"key":"SteroidPotion"},{"floor":23,"key":"Swift Potion"},{"floor":31,"key":"SmokeBomb"},{"floor":40,"key":"PowerPotion"}],"is_trial":false,"path_per_floor":["M","M","M","M","M","E","$","E","T","R","M","E","M","M","R","B",null,"M","?","$","M","?","M","M","R","T","R","M","M","T","E","R","B",null,"M","M","?","$","?","E","T","R","T","M","E","M","$","E"],"character_chosen":"WATCHER","items_purchased":["Pen Nib","ThirdEye","FlurryOfBlows","FearNoEvil","Wireheading","Block Potion","TalkToTheHand+1","EssenceOfSteel","Meditate"],"campfire_rested":1,"item_purchase_floors":[7,7,20,20,38,38,47,47,47],"current_hp_per_floor":[61,61,61,61,59,48,48,45,45,45,41,28,12,17,17,39,65,46,46,46,43,43,22,17,17,17,38,33,33,33,33,33,57,69,69,69,69,69,69,47,47,47,47,19,19,19,19,0,0],"gold":58,"neow_bonus":"BOSS_RELIC","is_daily":false,"chose_seed":false,"campfire_upgraded":1,"win_rate":0.0,"timestamp":1610324856,"path_taken":["M","M","?","M","M","E","$","E","T","R","M","E","M","M","R","BOSS","M","?","$","M","?","M","M","R","T","R","?","M","?","E","R","BOSS","M","M","?","$","?","E","?","R","T","M","E","?","$","E"],"items_purchased_type":["Relic","Card","Card","Card","Card","Potion","Card","Potion","Card"],"build_version":"2020-12-22","purchased_purges":1,"victory":false,"max_hp_per_floor":[68,68,68,68,68,68,68,68,68,68,68,68,68,73,73,73,73,73,73,73,73,73,73,73,73,73,73,73,73,73,73,73,73,73,73,73,73,73,69,69,69,69,69,69,69,69,69,69,69],"card_choices":[{"not_picked":["BowlingBash","CrushJoints"],"picked":"Wallop","floor":1.0},{"not_picked":["BowlingBash","JustLucky"],"picked":"ThirdEye","floor":2.0},{"not_picked":["ForeignInfluence","Pray","EmptyBody"],"picked":"SKIP","floor":3.0},{"not_picked":["EmptyBody","SignatureMove"],"picked":"Tantrum","floor":4.0},{"not_picked":["Crescendo","CrushJoints"],"picked":"FlurryOfBlows","floor":5.0},{"not_picked":["PathToVictory","CrushJoints"],"picked":"EmptyFist","floor":6.0},{"not_picked":["EmptyBody","MasterReality"],"picked":"Crescendo","floor":8.0},{"not_picked":["JustLucky","CrushJoints","SignatureMove"],"picked":"Weave","floor":11.0},{"not_picked":["ThirdEye","EmptyBody","CarveReality"],"picked":"BowlingBash","floor":12.0},{"not_picked":["Halt","Pray","Swivel"],"picked":"Weave","floor":13.0},{"not_picked":["Consecrate","EmptyFist","Evaluate"],"picked":"FlurryOfBlows","floor":14.0},{"not_picked":["Wish","Establishment","DeusExMachina"],"picked":"LessonLearned","floor":16.0},{"not_picked":["Evaluate"],"picked":"Conclude","floor":18},{"not_picked":["Indignation"],"picked":"Wallop+1","floor":21},{"not_picked":["JustLucky","Evaluate"],"picked":"SKIP","floor":23},{"not_picked":["BowlingBash","SignatureMove"],"picked":"SKIP","floor":24},{"not_picked":["Consecrate","PathToVictory"],"picked":"SKIP","floor":28},{"not_picked":["ClearTheMind","CarveReality"],"picked":"SKIP","floor":29},{"not_picked":["CarveReality"],"picked":"ClearTheMind","floor":29},{"not_picked":["EmptyFist+1"],"picked":"Conclude","floor":31},{"not_picked":["Devotion"],"picked":"Vault","floor":33},{"not_picked":["Collect+1","Conclude"],"picked":"SKIP","floor":35},{"not_picked":["FollowUp"],"picked":"CutThroughFate","floor":40},{"not_picked":["EmptyMind+1"],"picked":"Wallop","floor":44},{"not_picked":["ThirdEye"],"picked":"WheelKick+1","floor":45},{"not_picked":["Collect"],"picked":"Adaptation","floor":46}],"player_experience":1905037,"relics_obtained":[{"floor":6.0,"key":"Dead Branch"},{"floor":8.0,"key":"Question Card"},{"floor":9.0,"key":"Pantograph"},{"floor":12.0,"key":"Girya"},{"floor":26,"key":"Vajra"},{"floor":31,"key":"Shovel"},{"floor":40,"key":"Akabeko"},{"floor":41,"key":"Regal Pillow"},{"floor":42,"key":"GoldenEye"},{"floor":43,"key":"Lantern"},{"floor":45,"key":"Molten Egg 2"}],"event_choices":[{"damage_healed":0,"gold_gain":0,"player_choice":"Obtained Relic","damage_taken":0,"relics_obtained":["Anchor"],"max_hp_gain":0,"max_hp_loss":0,"event_name":"Addict","floor":19,"gold_loss":85},{"damage_healed":0,"gold_gain":0,"player_choice":"Upgraded","damage_taken":0,"max_hp_gain":0,"max_hp_loss":0,"event_name":"Upgrade Shrine","floor":22,"gold_loss":0,"cards_upgraded":["LessonLearned"]},{"cards_removed":["ThirdEye"],"damage_healed":0,"gold_gain":0,"player_choice":"Removed Skill","damage_taken":0,"max_hp_gain":0,"max_hp_loss":0,"event_name":"Falling","floor":37,"gold_loss":0},{"damage_healed":0,"gold_gain":0,"player_choice":"Max HP","damage_taken":0,"max_hp_gain":0,"max_hp_loss":4,"event_name":"Winding Halls","floor":39,"gold_loss":0}],"is_beta":false,"boss_relics":[{"not_picked":["SacredBark","Calling Bell"],"picked":"Busted Crown"},{"not_picked":["Philosopher\u0027s Stone","VioletLotus"],"picked":"Astrolabe"}],"items_purged_floors":[47],"is_endless":false,"potions_floor_spawned":[5,8,11,13,14,16,18,23,31,40],"killed_by":"Nemesis","ascension_level":17}}