{"host":"crjmoxe2wwb87pm5","time":1610329928,"event":{"mods":["BaseMod","Colored Map","GifTheSpireLib","Infinite Spire","Minty Spire (QoL Compilation)","Replay The Spire","Robot Space Explorer","StSLib","The Servant 0.9.4"],"gold_per_floor":[118,133,147,322,49,62,89,89,89,116,129,141,154,211,211,211,211],"floor_reached":16,"playtime":1486,"items_purged":["Doubt"],"score":114,"play_id":"dde130e0-b44c-4e97-b34f-8f74c8485f34","local_time":"20210110205208","is_ascension_mode":false,"campfire_choices":[{"floor":8,"key":"REST"},{"floor":15,"key":"REST"}],"circlet_count":0,"master_deck":["RobotSpaceExplorer:Strike","RobotSpaceExplorer:Strike","RobotSpaceExplorer:Strike","RobotSpaceExplorer:Strike","RobotSpaceExplorer:Defend","RobotSpaceExplorer:Defend","RobotSpaceExplorer:Defend","RobotSpaceExplorer:Defend","RobotSpaceExplorer:Scan","RobotSpaceExplorer:MiniLasers","RobotSpaceExplorer:Counterblock","RobotSpaceExplorer:PowerGlove","RobotSpaceExplorer:Probe","RobotSpaceExplorer:ImprovisedAttack","RobotSpaceExplorer:ShockKick"],"relics":["RobotSpaceExplorer:RoboCore","PrismaticShard","Replay:Wax Seal","Anchor","InkBottle","Pantograph"],"acts_visited":["Exordium"],"potions_floor_usage":[7,10,14,14],"damage_taken":[{"damage":2,"enemies":"Cultist","floor":1,"turns":4},{"damage":2,"enemies":"Small Slimes","floor":2,"turns":6},{"damage":8,"enemies":"2 Louse","floor":3,"turns":3},{"damage":3,"enemies":"Large Slime","floor":6,"turns":6},{"damage":22,"enemies":"Lagavulin","floor":7,"turns":9},{"damage":19,"enemies":"3 Sentries","floor":10,"turns":8},{"damage":7,"enemies":"3 Louse","floor":11,"turns":3},{"damage":0,"enemies":"Blue Slaver","floor":12,"turns":3},{"damage":10,"enemies":"Large Slime","floor":13,"turns":6},{"damage":19,"enemies":"3 Sentries","floor":14,"turns":10},{"damage":67,"enemies":"Hexaghost","floor":16,"turns":12}],"seed_played":"7264303065181804431","potions_obtained":[{"floor":3,"key":"Fruit Juice"},{"floor":6,"key":"EssenceOfSteel"},{"floor":7,"key":"Fire Potion"},{"floor":11,"key":"SpeedPotion"},{"floor":12,"key":"Toxic Potion"}],"is_trial":false,"path_per_floor":["M","M","M","?","$","M","E","R","T","E","M","M","M","?","R","B"],"character_chosen":"RobotSpaceExplorer","items_purchased":["RobotSpaceExplorer:ImprovisedAttack","PrismaticShard"],"campfire_rested":2,"item_purchase_floors":[5,5],"current_hp_per_floor":[80,78,70,70,70,67,50,76,76,57,50,50,40,21,47,5,5],"gold":211,"neow_bonus":"TEN_PERCENT_HP_BONUS","is_daily":false,"chose_seed":false,"campfire_upgraded":0,"win_rate":0.0,"timestamp":1610329928,"path_taken":["M","M","M","?","$","M","E","R","T","E","M","M","M","?","R","BOSS"],"items_purchased_type":["Card","Relic"],"build_version":"2020-12-22","purchased_purges":1,"victory":false,"max_hp_per_floor":[82,82,82,82,82,82,87,87,87,87,87,87,87,87,87,87,87],"card_choices":[{"not_picked":["RobotSpaceExplorer:ScrapToss","RobotSpaceExplorer:Ammunition"],"picked":"RobotSpaceExplorer:Counterblock","floor":1},{"not_picked":["RobotSpaceExplorer:Ammunition","RobotSpaceExplorer:MiniBoosters"],"picked":"RobotSpaceExplorer:PowerGlove","floor":2},{"not_picked":["RobotSpaceExplorer:FrostMissile","RobotSpaceExplorer:GearShield"],"picked":"RobotSpaceExplorer:Probe","floor":3},{"not_picked":["Barrage","Protect","InstantArmor"],"picked":"SKIP","floor":6},{"not_picked":["Bandage Up","Loop","Gash"],"picked":"SKIP","floor":7},{"not_picked":["Uppercut","Replay:BluntJabs","Poisoned Stab"],"picked":"SKIP","floor":10},{"not_picked":["BasicCrystalCard","Pommel Strike","RobotSpaceExplorer:FreezeRay"],"picked":"SKIP","floor":11},{"not_picked":["Wallop","Shuttle"],"picked":"RobotSpaceExplorer:ShockKick","floor":12},{"not_picked":["Darkness","Endless Agony","Fusion"],"picked":"SKIP","floor":13}],"player_experience":140758,"relics_obtained":[{"floor":7,"key":"Replay:Wax Seal"},{"floor":9,"key":"Anchor"},{"floor":10,"key":"InkBottle"},{"floor":14,"key":"Pantograph"}],"event_choices":[{"damage_healed":0,"gold_gain":175,"player_choice":"AGREE","damage_taken":0,"max_hp_gain":0,"max_hp_loss":0,"event_name":"Liars Game","floor":4,"gold_loss":0,"cards_obtained":["Doubt"]},{"damage_healed":0,"gold_gain":30,"player_choice":"Searched \u00272\u0027 times","damage_taken":0,"max_hp_gain":0,"max_hp_loss":0,"event_name":"Dead Adventurer","floor":14,"gold_loss":0}],"is_beta":false,"boss_relics":[],"items_purged_floors":[5],"is_endless":false,"potions_floor_spawned":[3,6,7,11,12],"killed_by":"Hexaghost","ascension_level":0}}