{"host":"e8rlfedn69rz2s07","time":1610403080,"event":{"mods":["Act Like it!","BaseMod","Conspire","Hubris","Infinite Spire","Minty Spire (QoL Compilation)","Permanent Neow","Relic Stats","Replay The Spire","Shop Mod","StSLib","The Jungle"],"gold_per_floor":[109,127,127,127,127,127,159,169,169,200,200,216,259,259,259,259,259],"floor_reached":16,"playtime":563,"items_purged":[],"score":316,"play_id":"6593da65-475c-4cac-af75-11870892dc4a","local_time":"20210112001120","is_ascension_mode":true,"campfire_choices":[{"data":"hubris:InfiniteBlow","floor":6.0,"key":"SMITH"},{"data":"hubris:InfiniteBlow+1","floor":11.0,"key":"SMITH"},{"data":"hubris:InfiniteBlow+2","floor":15.0,"key":"SMITH"}],"circlet_count":0,"master_deck":["AscendersBane","Strike_B","Strike_B","Strike_B","Strike_B","Defend_B","Defend_B","Defend_B","Defend_B","Zap","Dualcast","Ball Lightning","FTL","ReplaySolidLightProjector","hubris:InfiniteBlow+3","Consume","Hologram","Doom and Gloom","Pain","Undo","Genetic Algorithm"],"relics":["Cracked Core","HornCleat","hubris:Zylophone","hubris:Icosahedron","Dream Catcher","conspire:Dentures","infinitespire:SolderingIron","infinitespire:ShieldingShard","Counterbalance"],"acts_visited":[],"potions_floor_usage":[16],"damage_taken":[{"damage":2.0,"enemies":"Jaw Worm","floor":1.0,"turns":3.0},{"damage":3.0,"enemies":"2 Louse","floor":2.0,"turns":2.0},{"damage":0.0,"enemies":"3 Sentries","floor":7.0,"turns":7.0},{"damage":7.0,"enemies":"Small Slimes","floor":8.0,"turns":3.0},{"damage":12.0,"enemies":"Gremlin Nob","floor":10.0,"turns":2.0},{"damage":1.0,"enemies":"Looter","floor":12.0,"turns":3.0},{"damage":25,"enemies":"The Guardian","floor":16,"turns":5}],"seed_played":"7563657160213856626","potions_obtained":[{"floor":2.0,"key":"SkillPotion"},{"floor":12.0,"key":"EssenceOfDarkness"}],"is_trial":false,"path_per_floor":["M","M","AVR","?","?","R","E","M","T","E","R","M","?","T","R","B"],"character_chosen":"DEFECT","items_purchased":[],"campfire_rested":0,"item_purchase_floors":[],"current_hp_per_floor":[62,59,59,41,41,41,41,34,34,22,22,21,21,21,21,0,0],"gold":259,"neow_bonus":"THREE_CARDS","is_daily":false,"chose_seed":false,"campfire_upgraded":3,"win_rate":0.0,"timestamp":1610403080,"path_taken":["M","M","AVR","?","?","R","E","M","T","E","R","M","?","?","R","BOSS"],"items_purchased_type":[],"build_version":"2020-12-22","purchased_purges":0,"victory":false,"max_hp_per_floor":[71,71,71,71,71,71,71,71,71,71,71,71,71,71,71,71,71],"relic_stats":{"Dream Catcher":0,"counters":[7,25],"obtain_stats":[{"hubris:Zylophone":4,"conspire:Dentures":9,"Dream Catcher":7,"HornCleat":3,"hubris:Icosahedron":5,"infinitespire:SolderingIron":10,"infinitespire:ShieldingShard":13,"Counterbalance":14,"Cracked Core":0},{"hubris:Zylophone":2,"conspire:Dentures":4,"Dream Catcher":3,"HornCleat":2,"hubris:Icosahedron":2,"infinitespire:SolderingIron":5,"infinitespire:ShieldingShard":6,"Counterbalance":6,"Cracked Core":0},{"hubris:Zylophone":5,"conspire:Dentures":15,"Dream Catcher":12,"HornCleat":5,"hubris:Icosahedron":5,"infinitespire:SolderingIron":17,"infinitespire:ShieldingShard":20,"Counterbalance":20,"Cracked Core":0}]},"card_choices":[{"not_picked":["Compile Driver","Stack"],"picked":"Ball Lightning","floor":0.0},{"not_picked":["ReplaySolidLightProjector","Go for the Eyes"],"picked":"FTL","floor":1.0},{"not_picked":["Rebound","Go for the Eyes"],"picked":"ReplaySolidLightProjector","floor":2.0},{"not_picked":["Double Energy","Panic Button"],"picked":"Consume","floor":7.0},{"not_picked":["Go for the Eyes","Turbo"],"picked":"Hologram","floor":8.0},{"not_picked":["Streamline","Compile Driver","conspire:Rain"],"picked":"SKIP","floor":10.0},{"not_picked":["ReplayTheSpireMod:Repulse","Stack"],"picked":"Doom and Gloom","floor":12.0},{"not_picked":["conspire:Rain","Gash"],"picked":"Undo","floor":13.0},{"not_picked":["Go for the Eyes","Biased Cognition"],"picked":"Genetic Algorithm","floor":13.0}],"player_experience":957659,"relics_obtained":[{"floor":7.0,"key":"Dream Catcher"},{"floor":9.0,"key":"conspire:Dentures"},{"floor":10.0,"key":"infinitespire:SolderingIron"},{"floor":13.0,"key":"infinitespire:ShieldingShard"},{"floor":14.0,"key":"Counterbalance"}],"event_choices":[{"damage_healed":0.0,"max_hp_gain":0.0,"max_hp_loss":0.0,"gold_gain":0.0,"event_name":"Scrap Ooze","player_choice":"Success","floor":4.0,"gold_loss":0.0,"damage_taken":18.0,"relics_obtained":["hubris:Zylophone"]}],"is_beta":false,"boss_relics":[],"items_purged_floors":[],"is_endless":false,"potions_floor_spawned":[2,12],"killed_by":"The Guardian","ascension_level":20}}