{"host":"4cz9gr89nglr7k8k","time":1610398197,"event":{"mods":["BaseMod","Minty Spire (QoL Compilation)","Relic Stats","Slay-I"],"gold_per_floor":[118,193,213,363,363,396,396,431,431,443,399,426,456,59,59,137,137,155,58,58,58],"floor_reached":20,"playtime":427,"items_purged":[],"score":460,"play_id":"18aaf762-d72b-4816-aa8c-73386bbd3467","local_time":"20210111214957","is_ascension_mode":true,"campfire_choices":[{"data":"Spot Weakness","floor":7,"key":"SMITH"},{"data":"Clothesline","floor":10,"key":"SMITH"},{"floor":15,"key":"REST"}],"circlet_count":0,"master_deck":["AscendersBane","Strike_R","Strike_R","Strike_R","Strike_R+1","Strike_R","Defend_R","Defend_R","Defend_R","Defend_R","Bash+1","Spot Weakness+1","Cleave","Doubt","Flex","Clothesline+1","Twin Strike","Clash","Metallicize","Limit Break","The Bomb","Anger","Limit Break","Flex","PanicButton"],"relics":["Burning Blood","NeowsBlessing","HornCleat","Whetstone","MawBank","Dream Catcher","SlaversCollar"],"acts_visited":["Exordium","TheCity"],"potions_floor_usage":[8,16,16],"damage_taken":[{"damage":0,"enemies":"2 Louse","floor":1,"turns":1},{"damage":0,"enemies":"Small Slimes","floor":3,"turns":1},{"damage":0,"enemies":"Lagavulin","floor":6,"turns":2},{"damage":0,"enemies":"3 Sentries","floor":8,"turns":4},{"damage":0,"enemies":"Cultist","floor":12,"turns":3},{"damage":8,"enemies":"Blue Slaver","floor":13,"turns":2},{"damage":14,"enemies":"Hexaghost","floor":16,"turns":6},{"damage":73,"enemies":"3 Byrds","floor":18,"turns":6},{"damage":11,"enemies":"Shell Parasite","floor":20,"turns":3}],"seed_played":"-5086120072437966970","potions_obtained":[{"floor":1,"key":"ColorlessPotion"},{"floor":3,"key":"AttackPotion"},{"floor":13,"key":"AttackPotion"}],"is_trial":false,"path_per_floor":["M","?","M","?","?","E","R","E","T","R","?","M","M","$","R","B",null,"M","$","M"],"character_chosen":"IRONCLAD","items_purchased":["Metallicize","Limit Break","The Bomb","PanicButton"],"campfire_rested":1,"item_purchase_floors":[14,14,14,19],"current_hp_per_floor":[74,63,69,69,74,80,80,80,80,80,80,80,78,78,80,72,78,11,11,0,0],"gold":58,"neow_bonus":"THREE_ENEMY_KILL","is_daily":false,"chose_seed":false,"campfire_upgraded":2,"win_rate":0.0,"timestamp":1610398197,"path_taken":["M","?","M","?","?","E","R","E","T","R","?","M","?","$","R","BOSS","M","$","M"],"items_purchased_type":["Card","Card","Card","Card"],"build_version":"2020-12-22","purchased_purges":0,"victory":false,"max_hp_per_floor":[75,75,75,75,80,80,80,80,80,80,80,80,80,80,80,80,80,80,80,80,80],"relic_stats":{"Dream Catcher":1,"counters":[9,28],"Whetstone":["Strike_R","Bash"],"MawBank":60,"obtain_stats":[{"SlaversCollar":17,"Dream Catcher":11,"HornCleat":6,"NeowsBlessing":0,"Whetstone":8,"MawBank":9,"Burning Blood":0},{"SlaversCollar":7,"Dream Catcher":4,"HornCleat":3,"NeowsBlessing":0,"Whetstone":4,"MawBank":4,"Burning Blood":0},{"SlaversCollar":19,"Dream Catcher":8,"HornCleat":4,"NeowsBlessing":0,"Whetstone":8,"MawBank":8,"Burning Blood":0}],"Burning Blood":36},"card_choices":[{"not_picked":["Seeing Red","Clothesline"],"picked":"Spot Weakness","floor":1},{"not_picked":["Warcry","Shrug It Off"],"picked":"Cleave","floor":3},{"not_picked":["Combust","Clothesline"],"picked":"Flex","floor":6},{"not_picked":["Wild Strike","Shrug It Off"],"picked":"Clothesline","floor":8},{"not_picked":["Combust","Cleave"],"picked":"Twin Strike","floor":12},{"not_picked":["Power Through","Flame Barrier"],"picked":"Clash","floor":13},{"not_picked":["Carnage","Uppercut"],"picked":"Anger","floor":15},{"not_picked":["Immolate","Barricade"],"picked":"Limit Break","floor":16},{"not_picked":["Dropkick","Reckless Charge"],"picked":"Flex","floor":18}],"player_experience":1489807,"relics_obtained":[{"floor":6,"key":"HornCleat"},{"floor":8,"key":"Whetstone"},{"floor":9,"key":"MawBank"}],"event_choices":[{"damage_healed":0,"gold_gain":75,"player_choice":"Gather Gold","damage_taken":11,"max_hp_gain":0,"max_hp_loss":0,"event_name":"World of Goop","floor":2,"gold_loss":0},{"damage_healed":0,"gold_gain":150,"player_choice":"AGREE","damage_taken":0,"max_hp_gain":0,"max_hp_loss":0,"event_name":"Liars Game","floor":4,"gold_loss":0,"cards_obtained":["Doubt"]},{"damage_healed":0,"gold_gain":0,"player_choice":"Donut","damage_taken":0,"max_hp_gain":5,"max_hp_loss":0,"event_name":"Big Fish","floor":5,"gold_loss":0},{"damage_healed":0,"gold_gain":0,"player_choice":"Paid Gold","damage_taken":0,"relics_obtained":["Dream Catcher"],"max_hp_gain":0,"max_hp_loss":0,"event_name":"WeMeetAgain","floor":11,"gold_loss":56}],"is_beta":false,"boss_relics":[{"not_picked":["Ectoplasm","Black Star"],"picked":"SlaversCollar"}],"items_purged_floors":[],"is_endless":false,"potions_floor_spawned":[1,3,13],"killed_by":"Shell Parasite","ascension_level":20}}