{"host":"sav7uxregyirlf69","time":1610379296,"event":{"mods":["AchievementEnabler","BaseMod","Colored Map","DeckTracker","Keyboard Shortcuts","Minty Spire (QoL Compilation)","READ ME - Guardian Mod","StSLib","SuperFastMode"],"gold_per_floor":[118,43,43,60,60,95,95,106,133,133,160,201,201,221,221,293,293,322,338,353,368,368,402,402,452,452,486,501,526,207,231,231,231,231],"floor_reached":33,"playtime":507,"items_purged":["Strike_R","Strike_R"],"score":684,"play_id":"20e4b54a-47d7-40f9-8456-3d3aa57df5bd","local_time":"20210112003456","is_ascension_mode":true,"campfire_choices":[{"data":"Immolate","floor":7.0,"key":"SMITH"},{"data":"Fire Breathing","floor":15.0,"key":"SMITH"},{"floor":24,"key":"REST"},{"data":"Shockwave","floor":32,"key":"SMITH"}],"circlet_count":0,"master_deck":["AscendersBane","Strike_R","Strike_R","Strike_R","Defend_R","Defend_R+1","Defend_R","Defend_R+1","Bash","Headbutt","Shockwave+1","Immolate+1","Fire Breathing+1","Burning Pact","Seeing Red","Evolve","Feel No Pain","Immolate+1","Offering"],"relics":["Burning Blood","NeowsBlessing","Strawberry","InkBottle","War Paint","CeramicFish","Centennial Puzzle","Snecko Eye","Lizard Tail","Singing Bowl","Thread and Needle","DollysMirror"],"acts_visited":["Exordium","TheCity"],"potions_floor_usage":[27,28,33],"damage_taken":[{"damage":0.0,"enemies":"Cultist","floor":1.0,"turns":1.0},{"damage":0.0,"enemies":"Jaw Worm","floor":4.0,"turns":1.0},{"damage":0.0,"enemies":"Gremlin Nob","floor":6.0,"turns":1.0},{"damage":0.0,"enemies":"2 Louse","floor":8.0,"turns":1.0},{"damage":8.0,"enemies":"Blue Slaver","floor":11.0,"turns":5.0},{"damage":12.0,"enemies":"3 Sentries","floor":12.0,"turns":3.0},{"damage":0.0,"enemies":"2 Fungi Beasts","floor":14.0,"turns":1.0},{"damage":33.0,"enemies":"Hexaghost","floor":16.0,"turns":7.0},{"damage":4.0,"enemies":"3 Byrds","floor":18.0,"turns":2.0},{"damage":8.0,"enemies":"2 Thieves","floor":19.0,"turns":2.0},{"damage":31.0,"enemies":"Snecko","floor":20.0,"turns":5.0},{"damage":9,"enemies":"Centurion and Healer","floor":21,"turns":3},{"damage":43,"enemies":"Gremlin Leader","floor":23,"turns":5},{"damage":12,"enemies":"Slavers","floor":27,"turns":2},{"damage":28,"enemies":"Snake Plant","floor":28,"turns":3},{"damage":32,"enemies":"Book of Stabbing","floor":29,"turns":4},{"damage":3,"enemies":"Snecko","floor":31,"turns":3},{"damage":61,"enemies":"Champ","floor":33,"turns":7}],"seed_played":"-1722660698777806363","potions_obtained":[{"floor":1.0,"key":"Weak Potion"},{"floor":6.0,"key":"SpeedPotion"},{"floor":12.0,"key":"HeartOfIron"},{"floor":23,"key":"SteroidPotion"},{"floor":29,"key":"Dexterity Potion"}],"is_trial":false,"path_per_floor":["M","$","?","M","T","E","R","M","T","?","M","E","?","M","R","B",null,"M","M","M","M","?","E","R","?","T","E","M","E","$","M","R","B"],"character_chosen":"IRONCLAD","items_purchased":["DollysMirror","AttackPotion"],"campfire_rested":1,"item_purchase_floors":[30,30],"current_hp_per_floor":[74,74,76,82,82,82,82,82,82,82,80,74,79,85,85,58,80,82,80,55,52,52,15,41,41,41,35,15,52,52,55,55,0,0],"gold":231,"neow_bonus":"THREE_ENEMY_KILL","is_daily":false,"chose_seed":false,"campfire_upgraded":3,"win_rate":0.0,"timestamp":1610379296,"path_taken":["M","?","?","M","?","E","R","?","T","?","M","E","?","M","R","BOSS","M","M","M","M","?","E","R","?","T","E","M","E","$","M","R","BOSS"],"items_purchased_type":["Relic","Potion"],"build_version":"2020-12-22","purchased_purges":2,"victory":false,"max_hp_per_floor":[75,75,82,82,82,82,82,82,82,82,82,82,87,87,87,87,87,87,87,87,87,87,87,87,87,87,87,89,91,91,91,91,91,91],"card_choices":[{"not_picked":["Perfected Strike","Warcry"],"picked":"Headbutt","floor":1.0},{"not_picked":["Thunderclap","Body Slam"],"picked":"Shockwave","floor":4.0},{"not_picked":["Anger","Warcry"],"picked":"Immolate","floor":6.0},{"not_picked":["Disarm","Heavy Blade"],"picked":"Fire Breathing","floor":8.0},{"not_picked":["Hemokinesis","True Grit"],"picked":"Burning Pact","floor":11.0},{"not_picked":["Double Tap","Anger"],"picked":"Seeing Red","floor":12.0},{"not_picked":["Entrench","Infernal Blade","Combust"],"picked":"SKIP","floor":14.0},{"not_picked":["Wild Strike","Twin Strike"],"picked":"Evolve","floor":18.0},{"not_picked":["Hemokinesis+1","Metallicize","Pummel"],"picked":"SKIP","floor":19.0},{"not_picked":["Sever Soul","Rampage","Pummel"],"picked":"SKIP","floor":20.0},{"not_picked":["Cleave+1","Wild Strike","Body Slam"],"picked":"SKIP","floor":21},{"not_picked":["Reckless Charge","Fire Breathing","Wild Strike"],"picked":"SKIP","floor":23},{"not_picked":["Iron Wave","Bloodletting"],"picked":"Feel No Pain","floor":27},{"not_picked":["Body Slam","Pommel Strike+1","Clothesline"],"picked":"Singing Bowl","floor":28},{"not_picked":["Bloodletting+1","Heavy Blade","Sever Soul"],"picked":"Singing Bowl","floor":29},{"not_picked":["Headbutt","Thunderclap"],"picked":"Offering","floor":31}],"player_experience":1253562,"relics_obtained":[{"floor":5.0,"key":"InkBottle"},{"floor":6.0,"key":"War Paint"},{"floor":9.0,"key":"CeramicFish"},{"floor":12.0,"key":"Centennial Puzzle"},{"floor":23,"key":"Lizard Tail"},{"floor":27,"key":"Singing Bowl"},{"floor":29,"key":"Thread and Needle"}],"event_choices":[{"damage_healed":0.0,"max_hp_gain":0.0,"max_hp_loss":0.0,"gold_gain":0.0,"event_name":"Scrap Ooze","player_choice":"Success","floor":3.0,"gold_loss":0.0,"damage_taken":5.0,"relics_obtained":["Strawberry"]},{"damage_healed":0.0,"max_hp_gain":0.0,"max_hp_loss":0.0,"gold_gain":0.0,"event_name":"Liars Game","player_choice":"Ignored","floor":10.0,"gold_loss":0.0,"damage_taken":0.0},{"damage_healed":0.0,"max_hp_gain":5.0,"max_hp_loss":0.0,"gold_gain":0.0,"event_name":"Big Fish","player_choice":"Donut","floor":13.0,"gold_loss":0.0,"damage_taken":0.0},{"damage_healed":0,"gold_gain":0,"player_choice":"Ignored","damage_taken":0,"max_hp_gain":0,"max_hp_loss":0,"event_name":"Vampires","floor":22,"gold_loss":0},{"damage_healed":0,"gold_gain":50,"player_choice":"Stole From Cult","damage_taken":0,"max_hp_gain":0,"max_hp_loss":0,"event_name":"Nest","floor":25,"gold_loss":0}],"is_beta":false,"boss_relics":[{"not_picked":["Runic Pyramid","Runic Cube"],"picked":"Snecko Eye"}],"items_purged_floors":[2,30],"is_endless":false,"potions_floor_spawned":[1,6,12,23,29,31],"killed_by":"Champ","ascension_level":20}}