{"host":"jut1dta95hmxx5jm","time":1610349894,"event":{"mods":["AchievementEnabler","BaseMod","BetterRewards","Colored Map","Colored Powertips","Minty Spire (QoL Compilation)","Quick Restart","StSLib","The Cursed"],"gold_per_floor":[118,118,16,16,31,31,45,70,95,28,48,48,48,123,123,123,123],"floor_reached":16,"playtime":512,"items_purged":[],"score":98,"play_id":"06c66699-fd6f-4f7e-9059-bdd0b373dcc7","local_time":"20210111012454","is_ascension_mode":false,"campfire_choices":[{"data":"LikeWater","floor":6,"key":"SMITH"},{"floor":13,"key":"REST"},{"floor":15,"key":"REST"}],"circlet_count":0,"master_deck":["Strike_P","Strike_P","Strike_P","Strike_P","Defend_P","Defend_P","Defend_P","Defend_P","Eruption","Vigilance","Tantrum","FlyingSleeves","LikeWater+1","FlurryOfBlows","Consecrate","SignatureMove","WaveOfTheHand","WaveOfTheHand"],"relics":["PureWater","NeowsBlessing","NlothsMask","Blood Vial"],"acts_visited":["Exordium"],"potions_floor_usage":[8],"damage_taken":[{"damage":0,"enemies":"Cultist","floor":1,"turns":1},{"damage":0,"enemies":"2 Louse","floor":5,"turns":1},{"damage":0,"enemies":"Small Slimes","floor":7,"turns":1},{"damage":49,"enemies":"3 Sentries","floor":8,"turns":5},{"damage":3,"enemies":"3 Louse","floor":11,"turns":3},{"damage":68,"enemies":"Hexaghost","floor":16,"turns":7}],"seed_played":"5338171075362261094","potions_obtained":[{"floor":1,"key":"LiquidMemories"}],"is_trial":false,"path_per_floor":["M","?","$","?","M","R","M","E","T","$","M","?","R","?","R","B"],"character_chosen":"WATCHER","items_purchased":["FlyingSleeves","LikeWater","WaveOfTheHand"],"campfire_rested":2,"item_purchase_floors":[3,3,10],"current_hp_per_floor":[72,72,72,72,72,72,72,23,23,23,22,27,50,39,62,0,0],"gold":123,"neow_bonus":"THREE_ENEMY_KILL","is_daily":false,"chose_seed":false,"campfire_upgraded":1,"win_rate":0.0,"timestamp":1610349894,"path_taken":["M","?","$","?","M","R","M","E","T","$","?","?","R","?","R","BOSS"],"items_purchased_type":["Card","Card","Card"],"build_version":"2020-12-22","purchased_purges":0,"victory":false,"max_hp_per_floor":[72,72,72,72,72,72,72,72,72,72,72,77,77,77,77,77,77],"card_choices":[{"not_picked":["Protect","Wallop"],"picked":"Tantrum","floor":1},{"not_picked":["Adaptation","JustLucky"],"picked":"FlurryOfBlows","floor":5},{"not_picked":["Nirvana","WaveOfTheHand"],"picked":"Consecrate","floor":7},{"not_picked":["ThirdEye","Protect"],"picked":"SignatureMove","floor":8},{"not_picked":["SpiritShield","Crescendo"],"picked":"WaveOfTheHand","floor":11}],"player_experience":327747,"relics_obtained":[{"floor":8,"key":"Blood Vial"}],"event_choices":[{"damage_healed":0,"gold_gain":0,"player_choice":"Ignored","damage_taken":0,"max_hp_gain":0,"max_hp_loss":0,"event_name":"Liars Game","floor":2,"gold_loss":0},{"damage_healed":0,"gold_gain":0,"player_choice":"Trade","damage_taken":0,"relics_obtained":["NlothsMask"],"max_hp_gain":0,"max_hp_loss":0,"event_name":"FaceTrader","floor":4,"gold_loss":0},{"damage_healed":0,"gold_gain":0,"player_choice":"Donut","damage_taken":0,"max_hp_gain":5,"max_hp_loss":0,"event_name":"Big Fish","floor":12,"gold_loss":0},{"damage_healed":0,"gold_gain":75,"player_choice":"Gather Gold","damage_taken":11,"max_hp_gain":0,"max_hp_loss":0,"event_name":"World of Goop","floor":14,"gold_loss":0}],"is_beta":false,"boss_relics":[],"items_purged_floors":[],"is_endless":false,"potions_floor_spawned":[1],"killed_by":"Hexaghost","ascension_level":0}}