{"host":"i0nufhl6g9ryeroh","time":1610392020,"event":{"mods":["2.2 Compatiblity","Act Like it!","Aspiration","Bard","BaseMod","ChefMod","Conspire","Dark Map","Dota2Spire","Downfall","Elementarium","Fox Events","Friendly Minions","GifTheSpireLib","Gremlin Mod","Halation","Hallownest","Hermit","Hubris","Infinite Spire","Jedi Mod","Jorbs\u0027s Wanderer Trilogy","Kratos Character Expansion","Lobotomy","LobotomyExtend","Minty Spire (QoL Compilation)","Mirrors Mod","Pale of the Ancients","Poem Panic","Potionbrewer","QueenMod","Relic Stats","Replay The Spire","Robot Space Explorer","SIMod","Shop Mod","StSLib","Strawberry Spire","Stuff the Spire","The Blackbeard","The Blue Laboratory","The Bug Knight","The Construct","The Cursed","The Disciple","The Dragon Tamer","The Gatherer","The Hayseed","The Judge","The Jungle","The Marked","The Runesmith","The Sage","The Servant 0.9.4","The Showman","The Trickster","TheArtist","TheBandit","TheVacant","Thieving Mod","Useless Jewels Mod","Wandering Minibosses"],"gold_per_floor":[110,110,128,128,148,174,193,193,193,193,193,222,242,256,256,256,256],"floor_reached":16,"playtime":765,"items_purged":[],"score":112,"play_id":"314bc38a-7676-4d4f-900a-5ef966522254","local_time":"20210111220700","is_ascension_mode":false,"campfire_choices":[{"data":"theMarked:RogueSparks","floor":8,"key":"SMITH"},{"data":"theMarked:BindingBlade","floor":11,"key":"SMITH"},{"data":"theMarked:Strike","floor":15,"key":"PURGE"}],"circlet_count":0,"master_deck":["theMarked:Strike","theMarked:Strike","theMarked:Defend","theMarked:Defend","theMarked:Defend","theMarked:Defend","theMarked:SoldierOfQuellstein","theMarked:RogueSparks+1","theMarked:EmpowerWeapon","theMarked:Challenge","theMarked:SummonStrength","theMarked:BindingBlade+1","theMarked:Improvise","theMarked:EmpowerWeapon"],"relics":["theMarked:ArtifactOfAir","aspiration:AnachronicSnailShell","Molten Egg 2","potionbrewer:ToyAutogyro"],"acts_visited":["Exordium"],"potions_floor_usage":[7,12,13,16],"damage_taken":[{"damage":0,"enemies":"Jaw Worm","floor":1,"turns":6},{"damage":4,"enemies":"Small Slimes","floor":3,"turns":5},{"damage":0,"enemies":"Cultist","floor":5,"turns":3},{"damage":37,"enemies":"Gremlin Nob","floor":6,"turns":6},{"damage":0,"enemies":"Large Slime","floor":7,"turns":4},{"damage":15,"enemies":"Lagavulin","floor":12,"turns":6},{"damage":11,"enemies":"Red Slaver","floor":13,"turns":3},{"damage":0,"enemies":"3 Louse","floor":14,"turns":3},{"damage":9,"enemies":"Fading Forest","floor":16,"turns":4}],"seed_played":"-2397625420541815344","potions_obtained":[{"floor":1,"key":"Milkshake"},{"floor":3,"key":"hexamod:EctoCoolerPotion"},{"floor":12,"key":"champ:CounterPotion"},{"floor":14,"key":"Ancient Potion"}],"is_trial":false,"path_per_floor":["M","?","M","?","M","E","M","R","T","?","R","E","M","M","R","B"],"character_chosen":"THE_DEFAULT","items_purchased":[],"campfire_rested":0,"item_purchase_floors":[],"current_hp_per_floor":[75,75,71,71,71,34,34,34,34,34,34,19,8,8,8,0,0],"gold":256,"neow_bonus":"RANDOM_EVENT","is_daily":false,"chose_seed":false,"campfire_upgraded":2,"win_rate":0.0,"timestamp":1610392020,"path_taken":["M","?","M","?","M","E","?","R","T","?","R","E","M","M","R","BOSS"],"items_purchased_type":[],"build_version":"2020-12-22","purchased_purges":0,"victory":false,"max_hp_per_floor":[75,75,75,75,75,75,75,75,75,75,75,75,75,75,75,75,75],"relic_stats":{"counters":[9,39],"obtain_stats":[{"theMarked:ArtifactOfAir":0,"aspiration:AnachronicSnailShell":6,"Molten Egg 2":9,"potionbrewer:ToyAutogyro":12},{"theMarked:ArtifactOfAir":0,"aspiration:AnachronicSnailShell":4,"Molten Egg 2":5,"potionbrewer:ToyAutogyro":6},{"theMarked:ArtifactOfAir":0,"aspiration:AnachronicSnailShell":20,"Molten Egg 2":23,"potionbrewer:ToyAutogyro":29}]},"card_choices":[{"not_picked":["theMarked:Opportunist","theMarked:Convert"],"picked":"theMarked:RogueSparks","floor":1},{"not_picked":["theMarked:Polarize","theMarked:BanishingStrike"],"picked":"theMarked:EmpowerWeapon","floor":3},{"not_picked":["theMarked:Parkour","theMarked:Indomitable"],"picked":"theMarked:SummonStrength","floor":5},{"not_picked":["theMarked:Parkour","theMarked:LightningStrikesTwice"],"picked":"theMarked:BindingBlade","floor":6},{"not_picked":["theMarked:Static","theMarked:Frustration","theMarked:ChainLightning"],"picked":"SKIP","floor":7},{"not_picked":["theMarked:SummonStrength","theMarked:RepellingDischarge"],"picked":"theMarked:Improvise","floor":12},{"not_picked":["theMarked:WardOff","theMarked:Overcharge"],"picked":"theMarked:EmpowerWeapon","floor":13},{"not_picked":["theMarked:ChainLightning+1","theMarked:BanishingWave+1","theMarked:Parkour+1"],"picked":"SKIP","floor":14}],"player_experience":467445,"relics_obtained":[{"floor":6,"key":"aspiration:AnachronicSnailShell"},{"floor":9,"key":"Molten Egg 2"},{"floor":12,"key":"potionbrewer:ToyAutogyro"}],"event_choices":[{"damage_healed":0,"gold_gain":0,"player_choice":"Donut","damage_taken":0,"max_hp_gain":5,"max_hp_loss":0,"event_name":"Big Fish","floor":0,"gold_loss":0},{"damage_healed":0,"gold_gain":0,"cards_transformed":["theMarked:Strike"],"player_choice":"Transformed","damage_taken":0,"max_hp_gain":0,"max_hp_loss":0,"event_name":"Transmorgrifier","floor":4,"gold_loss":0,"cards_obtained":["theMarked:Challenge"]},{"cards_removed":["theMarked:Strike"],"damage_healed":0,"gold_gain":0,"player_choice":"Purged","damage_taken":0,"max_hp_gain":0,"max_hp_loss":0,"event_name":"Purifier","floor":10,"gold_loss":0}],"is_beta":false,"boss_relics":[],"items_purged_floors":[],"is_endless":false,"potions_floor_spawned":[1,3,12,14],"killed_by":"Fading Forest","ascension_level":0}}