{"host":"2zwkzbbohfglxxlo","time":1610367807,"event":{"mods":["Act Like it!","BaseMod","BetterRewards","Conspire","GifTheSpireLib","Infinite Spire","Minty Spire (QoL Compilation)","Quick Restart","Relic Stats","Replay The Spire","StSLib","The Disciple","Wandering Minibosses"],"gold_per_floor":[109,122,122,122,134,165,165,176,176,24,24,24,0,17,17,119,119,106,106,106],"floor_reached":19,"playtime":1419,"items_purged":[],"score":167,"play_id":"78969984-0a85-43fa-a068-7e9640c88b41","local_time":"20210111052327","is_ascension_mode":false,"campfire_choices":[{"floor":7.0,"key":"REST"},{"floor":11.0,"key":"REST"},{"floor":15,"key":"REST"}],"circlet_count":0,"master_deck":["Strike_Br","Strike_Br","Strike_Br","Strike_Br","Defend_Br","Defend_Br","Defend_Br","Defend_Br","SecondHand","PatternShift","DaylightSavings","Analog","Pain","LockedBlood","BackFourSeconds","AlternateTimeline","ReapSow","SlimeSpray","LockedCalendar","LockedTornado"],"relics":["Chronometer","NeowsBlessing","WarpedTongs","Ice Cream","FossilizedHelix","HandDrill","Lizard Tail"],"acts_visited":["Exordium","TheCity"],"potions_floor_usage":[16,16],"damage_taken":[{"damage":0.0,"enemies":"Jaw Worm","floor":1.0,"turns":1.0},{"damage":2.0,"enemies":"conspire:RoseBush","floor":2.0,"turns":1.0},{"damage":0.0,"enemies":"Cultist","floor":5.0,"turns":1.0},{"damage":67.0,"enemies":"3 Sentries","floor":6.0,"turns":16.0},{"damage":12.0,"enemies":"Exordium Wildlife","floor":8.0,"turns":5.0},{"damage":12.0,"enemies":"Looter","floor":13.0,"turns":4.0},{"damage":8,"enemies":"Blue Slaver","floor":14,"turns":4},{"damage":41,"enemies":"Fading Forest","floor":16,"turns":11},{"damage":34,"enemies":"2 Thieves","floor":18,"turns":4},{"damage":86,"enemies":"Masked Bandits","floor":19,"turns":4}],"seed_played":"1462847756887745526","potions_obtained":[{"floor":1.0,"key":"LiquidMemories"},{"floor":6.0,"key":"Strength Potion"},{"floor":14,"key":"Venom Potion"},{"floor":16,"key":"Fruit Juice"}],"is_trial":false,"path_per_floor":["M","M","?","?","M","E","R","M","T","$","R","?","M","M","R","B",null,"M","?"],"character_chosen":"CHRONO_CLASS","items_purchased":["HandDrill"],"campfire_rested":3,"item_purchase_floors":[10],"current_hp_per_floor":[65,63,63,63,63,2,21,18,18,18,37,30,22,16,35,12,65,41,0,0],"gold":106,"neow_bonus":"THREE_ENEMY_KILL","is_daily":false,"chose_seed":false,"campfire_upgraded":0,"win_rate":0.0,"timestamp":1610367807,"path_taken":["M","M","?","?","M","E","R","?","T","$","R","?","M","M","R","BOSS","M","?"],"items_purchased_type":["Relic"],"build_version":"2020-12-22","purchased_purges":0,"victory":false,"max_hp_per_floor":[65,65,65,65,65,65,65,65,65,65,65,65,65,65,65,65,65,65,65,65],"relic_stats":{"Lizard Tail":32,"counters":[16,58],"HandDrill":[6],"obtain_stats":[{"Ice Cream":6,"Lizard Tail":12,"NeowsBlessing":0,"Chronometer":0,"Bird Faced Urn":4,"HandDrill":10,"FossilizedHelix":9,"WarpedTongs":4},{"Ice Cream":10,"Lizard Tail":11,"NeowsBlessing":2,"Chronometer":0,"Bird Faced Urn":4,"HandDrill":11,"FossilizedHelix":11,"WarpedTongs":8},{"Ice Cream":26,"Lizard Tail":31,"NeowsBlessing":4,"Chronometer":0,"Bird Faced Urn":6,"HandDrill":31,"FossilizedHelix":31,"WarpedTongs":9}],"WarpedTongs":[44]},"card_choices":[{"not_picked":["LockedScales","PrimeTime"],"picked":"DaylightSavings","floor":1.0},{"not_picked":["Echoward","WindUp"],"picked":"Analog","floor":2.0},{"not_picked":["HandsUpC","Engulf"],"picked":"LockedBlood","floor":5.0},{"not_picked":["LockedMedicine","LockedAnchor"],"picked":"BackFourSeconds","floor":6.0},{"not_picked":["WatchCommand","Echoward"],"picked":"AlternateTimeline","floor":8.0},{"not_picked":["WatchCommand","CrunchTime"],"picked":"ReapSow","floor":13.0},{"not_picked":["Parity","Echoward"],"picked":"SlimeSpray","floor":14},{"not_picked":["BackFourSeconds","Pendulum"],"picked":"LockedCalendar","floor":16},{"not_picked":["HandsUpC+1","Parity"],"picked":"LockedTornado","floor":18}],"player_experience":383174,"relics_obtained":[{"floor":6.0,"key":"Ice Cream"},{"floor":9.0,"key":"FossilizedHelix"}],"event_choices":[{"damage_healed":0.0,"max_hp_gain":0.0,"max_hp_loss":0.0,"gold_gain":0.0,"event_name":"Accursed Blacksmith","player_choice":"Rummage","floor":4.0,"gold_loss":0.0,"damage_taken":0.0,"relics_obtained":["WarpedTongs"],"cards_obtained":["Pain"]},{"damage_healed":0.0,"max_hp_gain":0.0,"max_hp_loss":0.0,"gold_gain":0.0,"event_name":"Scrap Ooze","player_choice":"Success","floor":12.0,"gold_loss":0.0,"damage_taken":7.0,"relics_obtained":["Lizard Tail"]},{"damage_healed":0,"gold_gain":0,"player_choice":"Fought Bandits","damage_taken":0,"max_hp_gain":0,"max_hp_loss":0,"event_name":"Masked Bandits","floor":19,"gold_loss":0}],"is_beta":false,"boss_relics":[{"not_picked":["Fusion Hammer","Cursed Key","Kintsugi"]}],"items_purged_floors":[],"is_endless":false,"potions_floor_spawned":[1,6,14,16],"killed_by":"Masked Bandits","ascension_level":0}}