{"host":"a5lz0e76zb3fcwkm","time":1610368532,"event":{"mods":["AchievementEnabler","BaseMod","Colored Map","Colored Powertips","Minty Spire (QoL Compilation)","StSLib","SuperFastMode"],"gold_per_floor":[115,115,115,128,128,160,160,188,188,214,238,238,258,277,277,352,352,366,386,311,341,341,341,521,521,544,544,190,209,235,248,248,325,325,340,340,72,82,19,53,64,90,128,167,189,201,213,237,249,261,261],"floor_reached":50,"playtime":1275,"items_purged":["Strike_R","Carnage","Bash"],"score":1282,"play_id":"2cd9dd73-7d87-4f93-b666-84f5fadeaf6a","local_time":"20210111213532","is_ascension_mode":true,"campfire_choices":[{"data":"Body Slam","floor":12.0,"key":"SMITH"},{"data":"Evolve","floor":15.0,"key":"SMITH"},{"data":"Exhume","floor":23.0,"key":"SMITH"},{"floor":25.0,"key":"REST"},{"data":"Feel No Pain","floor":27.0,"key":"SMITH"},{"floor":32.0,"key":"REST"},{"floor":46,"key":"RECALL"},{"data":"Fire Breathing","floor":49,"key":"SMITH"}],"circlet_count":0,"master_deck":["AscendersBane","Defend_R","Defend_R","Defend_R","Fire Breathing+1","Evolve+1","Feel No Pain+1","Body Slam+1","Offering","Exhume+1","Demon Form+1","Wild Strike+1","Shockwave+1","Shrug It Off+1","Pummel","Pommel Strike","Power Through","Corruption+1","Flame Barrier","Bludgeon+1","Immolate+1","Shrug It Off","Demon Form+1","Power Through"],"relics":["Burning Blood","NeowsBlessing","WingedGreaves","WarpedTongs","Turnip","White Beast Statue","Sundial","Bronze Scales","Odd Mushroom","Astrolabe","Red Mask","PreservedInsect","Membership Card","Molten Egg 2","Frozen Egg 2","Snecko Eye","Meat on the Bone","Bottled Tornado","Vajra","MawBank","Strawberry"],"acts_visited":["Exordium","TheCity","TheBeyond"],"potions_floor_usage":[44,50,50],"damage_taken":[{"damage":0.0,"enemies":"2 Louse","floor":1.0,"turns":1.0},{"damage":0.0,"enemies":"Cultist","floor":4.0,"turns":1.0},{"damage":0.0,"enemies":"Gremlin Nob","floor":6.0,"turns":1.0},{"damage":15.0,"enemies":"3 Sentries","floor":8.0,"turns":3.0},{"damage":32.0,"enemies":"Gremlin Nob","floor":10.0,"turns":4.0},{"damage":28.0,"enemies":"The Mushroom Lair","floor":11.0,"turns":5.0},{"damage":6.0,"enemies":"Small Slimes","floor":13.0,"turns":2.0},{"damage":13.0,"enemies":"Blue Slaver","floor":14.0,"turns":3.0},{"damage":16.0,"enemies":"Hexaghost","floor":16.0,"turns":8.0},{"damage":31.0,"enemies":"Shell Parasite","floor":18.0,"turns":5.0},{"damage":8.0,"enemies":"3 Byrds","floor":19.0,"turns":2.0},{"damage":24.0,"enemies":"Masked Bandits","floor":21.0,"turns":3.0},{"damage":24.0,"enemies":"Snake Plant","floor":29.0,"turns":3.0},{"damage":17.0,"enemies":"Slavers","floor":30.0,"turns":3.0},{"damage":4.0,"enemies":"Snecko","floor":31.0,"turns":5.0},{"damage":19.0,"enemies":"Champ","floor":33.0,"turns":7.0},{"damage":4.0,"enemies":"3 Shapes","floor":35.0,"turns":6.0},{"damage":0.0,"enemies":"Orb Walker","floor":38.0,"turns":3.0},{"damage":6.0,"enemies":"Giant Head","floor":40.0,"turns":5.0},{"damage":0.0,"enemies":"4 Shapes","floor":41.0,"turns":5.0},{"damage":42.0,"enemies":"Nemesis","floor":42.0,"turns":5.0},{"damage":10,"enemies":"Reptomancer","floor":44,"turns":4},{"damage":21,"enemies":"3 Darklings","floor":45,"turns":3},{"damage":0,"enemies":"Sphere and 2 Shapes","floor":48,"turns":3},{"damage":85,"enemies":"Awakened One","floor":50,"turns":5}],"seed_played":"-2569745868908682999","potions_obtained":[{"floor":1.0,"key":"Fire Potion"},{"floor":10.0,"key":"Block Potion"},{"floor":11.0,"key":"EntropicBrew"},{"floor":13.0,"key":"FearPotion"},{"floor":14.0,"key":"FairyPotion"},{"floor":16.0,"key":"Regen Potion"},{"floor":18.0,"key":"Energy Potion"},{"floor":21.0,"key":"PowerPotion"},{"floor":29.0,"key":"EssenceOfSteel"},{"floor":30.0,"key":"Explosive Potion"},{"floor":31.0,"key":"FearPotion"},{"floor":35.0,"key":"ColorlessPotion"},{"floor":36.0,"key":"LiquidMemories"},{"floor":38.0,"key":"CultistPotion"},{"floor":42.0,"key":"DistilledChaos"},{"floor":44,"key":"Regen Potion"}],"is_trial":false,"path_per_floor":["M","?","?","M","?","E","?","E","T","E","?","R","M","M","R","B",null,"M","M","$","?","?","R","?","R","T","R","$","M","E","M","R","B",null,"M","?","$","M","$","E","M","E","T","E","M","R","?","M","R","B"],"character_chosen":"IRONCLAD","items_purchased":["Membership Card","Molten Egg 2","Meat on the Bone","Bottled Tornado"],"campfire_rested":2,"item_purchase_floors":[28,28,37,37],"current_hp_per_floor":[74,69,69,75,68,74,79,70,70,44,22,22,22,15,15,30,68,57,55,55,37,37,37,18,42,42,42,42,24,13,15,39,26,67,69,69,69,75,75,75,80,56,56,59,56,56,56,62,62,0,0],"gold":261,"neow_bonus":"THREE_ENEMY_KILL","is_daily":false,"chose_seed":false,"campfire_upgraded":5,"win_rate":0.0,"timestamp":1610368532,"path_taken":["M","?","?","?","?","E","?","E","T","E","?","R","M","M","R","BOSS","M","M","$","?","?","R","?","R","T","R","$","?","E","M","R","BOSS","M","?","$","M","$","E","M","E","T","E","?","R","?","M","R","BOSS"],"items_purchased_type":["Relic","Relic","Relic","Relic"],"build_version":"2020-12-22","purchased_purges":3,"victory":false,"max_hp_per_floor":[75,75,75,75,75,75,80,80,80,80,80,80,80,80,80,80,80,80,80,80,80,80,80,80,80,80,80,80,80,80,80,80,80,80,80,80,80,80,80,80,80,80,80,87,87,87,87,87,87,87,87],"card_choices":[{"not_picked":["Power Through","Shrug It Off"],"picked":"Carnage","floor":1.0},{"not_picked":["True Grit","Ghostly Armor"],"picked":"Fire Breathing","floor":4.0},{"not_picked":["Flex","True Grit"],"picked":"Evolve","floor":6.0},{"not_picked":["Twin Strike","Anger"],"picked":"Feel No Pain","floor":8.0},{"not_picked":["Havoc","True Grit"],"picked":"Body Slam","floor":10.0},{"not_picked":["Heavy Blade","Clash"],"picked":"Offering","floor":13.0},{"not_picked":["Inflame","Hemokinesis","Evolve"],"picked":"SKIP","floor":14.0},{"not_picked":["Impervious","Fiend Fire"],"picked":"Exhume","floor":16.0},{"not_picked":["Spot Weakness","Twin Strike","True Grit"],"picked":"SKIP","floor":18.0},{"not_picked":["Flex","Clash","Body Slam"],"picked":"SKIP","floor":19.0},{"not_picked":["Infernal Blade+1","Searing Blow"],"picked":"Shrug It Off+1","floor":21.0},{"not_picked":["Havoc","Pommel Strike+1","Wild Strike+1"],"picked":"SKIP","floor":29.0},{"not_picked":["Rampage+1","True Grit"],"picked":"Power Through","floor":30.0},{"not_picked":["Twin Strike+1","Headbutt+1","Perfected Strike+1"],"picked":"SKIP","floor":31.0},{"not_picked":["Fiend Fire+1","Bludgeon+1"],"picked":"Corruption+1","floor":33.0},{"not_picked":["Fire Breathing+1","Rupture+1","Combust+1"],"picked":"SKIP","floor":35.0},{"not_picked":["Havoc","Armaments","Iron Wave+1"],"picked":"SKIP","floor":38.0},{"not_picked":["Rage+1","Pommel Strike+1"],"picked":"Flame Barrier","floor":40.0},{"not_picked":["Warcry","Whirlwind+1","Inflame+1"],"picked":"SKIP","floor":41.0},{"not_picked":["Clash+1","Uppercut+1"],"picked":"Bludgeon+1","floor":42.0},{"not_picked":["Armaments","Headbutt+1"],"picked":"Immolate+1","floor":44},{"not_picked":["Inflame+1","Ghostly Armor"],"picked":"Shrug It Off","floor":45},{"not_picked":["Uppercut+1","Anger+1"],"picked":"Power Through","floor":48}],"player_experience":1717053,"relics_obtained":[{"floor":6.0,"key":"Turnip"},{"floor":8.0,"key":"White Beast Statue"},{"floor":9.0,"key":"Sundial"},{"floor":10.0,"key":"Bronze Scales"},{"floor":11.0,"key":"Odd Mushroom"},{"floor":21.0,"key":"Red Mask"},{"floor":26.0,"key":"PreservedInsect"},{"floor":30.0,"key":"Frozen Egg 2"},{"floor":40.0,"key":"Vajra"},{"floor":42.0,"key":"MawBank"},{"floor":44,"key":"Strawberry"}],"event_choices":[{"damage_healed":0.0,"max_hp_gain":0.0,"max_hp_loss":0.0,"gold_gain":0.0,"event_name":"Scrap Ooze","player_choice":"Success","floor":2.0,"gold_loss":0.0,"damage_taken":5.0,"relics_obtained":["WingedGreaves"]},{"damage_healed":0.0,"max_hp_gain":0.0,"max_hp_loss":0.0,"gold_gain":0.0,"event_name":"Accursed Blacksmith","player_choice":"Rummage","floor":3.0,"gold_loss":0.0,"damage_taken":0.0,"relics_obtained":["WarpedTongs"],"cards_obtained":["Pain"]},{"cards_removed":["Pain"],"damage_healed":0.0,"max_hp_gain":0.0,"max_hp_loss":0.0,"gold_gain":0.0,"event_name":"Golden Wing","player_choice":"Card Removal","floor":5.0,"gold_loss":0.0,"damage_taken":7.0},{"damage_healed":0.0,"max_hp_gain":5.0,"max_hp_loss":0.0,"gold_gain":0.0,"event_name":"Big Fish","player_choice":"Donut","floor":7.0,"gold_loss":0.0,"damage_taken":0.0},{"damage_healed":0.0,"max_hp_gain":0.0,"max_hp_loss":0.0,"gold_gain":0.0,"event_name":"Mushrooms","player_choice":"Fought Mushrooms","floor":11.0,"gold_loss":0.0,"damage_taken":0.0},{"damage_healed":0.0,"max_hp_gain":0.0,"max_hp_loss":0.0,"gold_gain":0.0,"event_name":"Masked Bandits","player_choice":"Fought Bandits","floor":21.0,"gold_loss":0.0,"damage_taken":0.0},{"damage_healed":0.0,"max_hp_gain":0.0,"max_hp_loss":0.0,"gold_gain":0.0,"cards_transformed":["Strike_R","Defend_R"],"event_name":"Drug Dealer","player_choice":"Became Test Subject","floor":22.0,"gold_loss":0.0,"damage_taken":0.0,"cards_obtained":["Pummel","Pommel Strike"]},{"damage_healed":0.0,"max_hp_gain":0.0,"max_hp_loss":0.0,"gold_gain":180.0,"event_name":"Knowing Skull","player_choice":"GOLD GOLD ","floor":24.0,"potions_obtained":[],"gold_loss":0.0,"damage_taken":19.0,"cards_obtained":[]},{"damage_healed":0.0,"max_hp_gain":0.0,"max_hp_loss":0.0,"gold_gain":0.0,"event_name":"Lab","player_choice":"Got Potions","floor":36.0,"gold_loss":0.0,"damage_taken":0.0},{"damage_healed":0,"gold_gain":0,"player_choice":"Copied","damage_taken":0,"max_hp_gain":0,"max_hp_loss":0,"event_name":"Duplicator","floor":47,"gold_loss":0,"cards_obtained":["Demon Form"]}],"is_beta":false,"boss_relics":[{"not_picked":["Runic Pyramid","Black Blood"],"picked":"Astrolabe"},{"not_picked":["Tiny House","Velvet Choker"],"picked":"Snecko Eye"}],"items_purged_floors":[20,28,39],"is_endless":false,"potions_floor_spawned":[1,10,11,13,14,16,18,19,21,29,30,31,33,35,38,40,41,42,44,45,48],"killed_by":"Awakened One","ascension_level":20}}