{"host":"i9h64q9gphvrup4n","time":1610401543,"event":{"mods":["2.2 Compatiblity","AchievementEnabler","Aspiration","Astrologer","Bard","BaseMod","Beaked The Cultist","BetterRewards","Colored Powertips","Conspire","Downfall","Gremlin Mod","Hermit","Hubris","Infinite Spire","Jorbs\u0027s Wanderer Trilogy","Minty Spire (QoL Compilation)","Replay The Spire","Shop Mod","StSLib","SuperFastMode","The Blackbeard","The Bladedancer","The Bug Knight","The Construct","The Cursed","The Disciple","The Hierophant","The Jungle","The Necromancer","The Runesmith","The Wild Card","slay the spire mod where everything is the same but ironclad has a cowboy hat","vexMod"],"gold_per_floor":[118,132,132,132,159,171,95,107,196,233,264,308,320,367,379,463,1141,1065,1097,1109,1135,1167,1179,1202,1214,1226,1264,1191,1116,1128,1053,1065,1077,1077],"floor_reached":33,"playtime":889,"items_purged":["Strike_W"],"score":543,"play_id":"f7830daa-3da4-40ee-b020-7ef3b4387dd0","local_time":"20210111154543","is_ascension_mode":true,"campfire_choices":[{"floor":6,"key":"REST"},{"floor":15,"key":"DIG"},{"floor":23,"key":"RECALL"},{"data":"Summon_Vampire_Lady","floor":25,"key":"SMITH"},{"floor":32,"key":"REST"}],"circlet_count":0,"master_deck":["AscendersBane","Strike_W","Strike_W","Defend_W","Defend_W","Defend_W","Defend_W","Negative_Energy_Arrows+1","Bone_Wall","Negative_Energy_Shield","Necrotic_Claws+1","Summon_Undead","Finger_Of_Death","Necrotic_Claws","Summon_Vampire_Lady+1","Hellfire","Summon_Lich","infinitespire:Gouge","infinitespire:Execution","Summon_Undead_Army","Hellfire","Finger_Of_Death","Strike_from_Beyond"],"relics":["Vampire_Amulet","hubris:FruitBowl","MawBank","hubris:Macrotransations","Toy Ornithopter","vexMod:FocusSash","infinitespire:Lychee Nut","conspire:DecoderRing","vexMod:RockOfEvil","ReplayTheSpireMod:TigerMarble","construct:ClawGrip","Bird Faced Urn","Smiling Mask","Bag of Marbles"],"acts_visited":["Exordium","TheCity"],"potions_floor_usage":[10,12,16,24,27,33,33],"damage_taken":[{"damage":0,"enemies":"Small Slimes","floor":1,"turns":3},{"damage":1,"enemies":"Jaw Worm","floor":2,"turns":4},{"damage":0,"enemies":"Cultist","floor":5,"turns":3},{"damage":0,"enemies":"3 Louse","floor":7,"turns":1},{"damage":25,"enemies":"Lagavulin","floor":10,"turns":6},{"damage":0,"enemies":"Gremlin Gang","floor":11,"turns":5},{"damage":14,"enemies":"3 Sentries","floor":12,"turns":6},{"damage":22,"enemies":"Lagavulin","floor":14,"turns":5},{"damage":30,"enemies":"The Guardian","floor":16,"turns":9},{"damage":0,"enemies":"2 Thieves","floor":18,"turns":1},{"damage":16,"enemies":"Shell Parasite","floor":19,"turns":4},{"damage":0,"enemies":"Snake Plant","floor":21,"turns":1},{"damage":6,"enemies":"Centurion and Healer","floor":22,"turns":6},{"damage":28,"enemies":"Shelled Parasite and Fungi","floor":24,"turns":3},{"damage":47,"enemies":"Book of Stabbing","floor":27,"turns":4},{"damage":0,"enemies":"Cultist and Chosen","floor":29,"turns":1},{"damage":0,"enemies":"Snecko","floor":31,"turns":1},{"damage":90,"enemies":"Champ","floor":33,"turns":6}],"seed_played":"-5197477625207245612","potions_obtained":[{"floor":5,"key":"Fire Potion"},{"floor":7,"key":"Regen Potion"},{"floor":11,"key":"LiquidMemories"},{"floor":14,"key":"EssenceOfSteel"},{"floor":16,"key":"Strength Potion"},{"floor":24,"key":"BlessingOfTheForge"},{"floor":31,"key":"Swift Potion"}],"is_trial":false,"path_per_floor":["M","M","?","$","M","R","M","$","T","E","M","E","?","E","R","B",null,"M","M","AVR","M","M","R","M","R","T","E","?","M","$","M","R","B"],"character_chosen":"NECROMANCER","items_purchased":["hubris:FruitBowl","MawBank","hubris:Macrotransations"],"campfire_rested":2,"item_purchase_floors":[4,4,4],"current_hp_per_floor":[72,73,73,25,27,49,55,55,64,56,64,61,61,53,53,49,52,53,42,42,44,48,48,41,41,41,14,14,18,18,20,35,0,0],"gold":1077,"neow_bonus":"UPGRADE_CARD","is_daily":false,"chose_seed":false,"campfire_upgraded":1,"win_rate":0.0,"timestamp":1610401543,"path_taken":["M","M","?","?","M","R","M","$","T","E","M","E","?","E","R","BOSS","M","M","AVR","M","M","R","?","R","T","E","?","M","$","M","R","BOSS"],"items_purchased_type":["Relic","Relic","Relic"],"build_version":"2020-12-22","purchased_purges":1,"victory":false,"max_hp_per_floor":[75,75,75,75,75,75,75,75,84,84,84,84,84,53,53,53,53,53,53,53,53,53,53,53,53,53,53,53,53,53,53,53,53,53],"card_choices":[{"not_picked":["Shackles_Of_Pain","Consume_Illness"],"picked":"Negative_Energy_Shield","floor":1},{"not_picked":["Bone_Shift","Acid_Javelin"],"picked":"Necrotic_Claws","floor":2},{"not_picked":["Bone_Bullets","Spectral_Walk"],"picked":"Summon_Undead","floor":5},{"not_picked":["Bone_Bullets","Chill_Blood"],"picked":"Finger_Of_Death","floor":7},{"not_picked":["Life_Tap","Corrupt","Bones_to_Steel"],"picked":"SKIP","floor":10},{"not_picked":["Shade_Step","Finger_Of_Death"],"picked":"Necrotic_Claws","floor":11},{"not_picked":["Detonate_Bones","Bone_Bullets"],"picked":"Summon_Vampire_Lady","floor":12},{"not_picked":["Acid_Javelin","Death_March_Dance"],"picked":"Hellfire","floor":14},{"not_picked":["Scare+1","Vampiric_Strike","Exploit"],"picked":"SKIP","floor":18},{"not_picked":["Negative_Energy_Sphere","Vampiric_Strike"],"picked":"Summon_Lich","floor":19},{"not_picked":["Shackles_Of_Pain","Toxic_Smoke_Screen"],"picked":"Summon_Undead_Army","floor":21},{"not_picked":["Blood_Whip+1","Life_Tap"],"picked":"Hellfire","floor":22},{"not_picked":["Necromantic_Selection","Bone_Spikes","Shackles_Of_Pain"],"picked":"SKIP","floor":24},{"not_picked":["Bone_Shift","Spectral_Walk"],"picked":"Finger_Of_Death","floor":27},{"not_picked":["Bone_Prison","Negative_Energy_Sphere","Blood_Curse"],"picked":"SKIP","floor":29},{"not_picked":["Blood_Whip+1","Blood_for_Blood"],"picked":"Strike_from_Beyond","floor":31}],"player_experience":718918,"relics_obtained":[{"floor":9,"key":"vexMod:BerryBomb"},{"floor":10,"key":"Toy Ornithopter"},{"floor":12,"key":"vexMod:FocusSash"},{"floor":14,"key":"infinitespire:Lychee Nut"},{"floor":15,"key":"conspire:DecoderRing"},{"floor":26,"key":"Bird Faced Urn"},{"floor":27,"key":"Smiling Mask"}],"event_choices":[{"cards_removed":["Strike_W"],"damage_healed":0,"gold_gain":0,"player_choice":"Purged","damage_taken":0,"max_hp_gain":0,"max_hp_loss":0,"event_name":"Purifier","floor":13,"gold_loss":0},{"damage_healed":0,"gold_gain":0,"player_choice":"Obtained Relic","damage_taken":0,"relics_obtained":["Bag of Marbles"],"max_hp_gain":0,"max_hp_loss":0,"event_name":"Addict","floor":28,"gold_loss":85}],"is_beta":false,"boss_relics":[{"not_picked":["Calling Bell","vexMod:NewClearReactor"],"picked":"vexMod:RockOfEvil"}],"items_purged_floors":[20],"is_endless":false,"potions_floor_spawned":[5,7,11,14,16,18,22,24,31],"killed_by":"Champ","ascension_level":13}}