{"host":"2zw05eexjythz74b","time":1610327767,"event":{"mods":["AchievementEnabler","BaseMod","Better Altar","Colored Map","Minty Spire (QoL Compilation)","StSLib","everything is the same but u backflip on backflip"],"gold_per_floor":[115,115,129,204,204,233,233,246,272,290,303,316,342,362,362,459,459,470,15,15,15,34,34,66,66,66,76,92,92,7,18,18,18,18],"floor_reached":33,"playtime":1230,"items_purged":[],"score":334,"play_id":"1d8aa92f-b908-4048-811a-e44c39e19fcc","local_time":"20210110191607","is_ascension_mode":true,"campfire_choices":[{"data":"Flame Barrier","floor":7,"key":"SMITH"},{"data":"Uppercut","floor":15,"key":"SMITH"},{"data":"Juggernaut","floor":23,"key":"SMITH"},{"data":"Flame Barrier","floor":29,"key":"SMITH"},{"data":"Flame Barrier","floor":32,"key":"SMITH"}],"circlet_count":0,"master_deck":["Strike_R","Strike_R","Defend_R","Defend_R","Defend_R","Bash","Iron Wave","Flex+1","Uppercut+1","Flame Barrier+1","Flex","Flame Barrier+1","Spot Weakness","Exhume","Pummel","Juggernaut+1","Bludgeon+1","Burning Pact+1","Warcry+1","Sword Boomerang+1","Flex","Necronomicurse","Sentinel+1","Flame Barrier+1"],"relics":["Burning Blood","NeowsBlessing","Akabeko","Toy Ornithopter","Paper Frog","Astrolabe","Bag of Marbles","Ornamental Fan","Necronomicon","PreservedInsect","Frozen Egg 2","HornCleat"],"acts_visited":["Exordium","TheCity"],"potions_floor_usage":[13,13,16,16,27,33],"damage_taken":[{"damage":0,"enemies":"2 Louse","floor":1,"turns":1},{"damage":0,"enemies":"Jaw Worm","floor":3,"turns":1},{"damage":0,"enemies":"3 Sentries","floor":6,"turns":1},{"damage":0,"enemies":"Cultist","floor":8,"turns":2},{"damage":2,"enemies":"3 Louse","floor":10,"turns":2},{"damage":4,"enemies":"Blue Slaver","floor":11,"turns":3},{"damage":9,"enemies":"Exordium Wildlife","floor":12,"turns":4},{"damage":26,"enemies":"Gremlin Nob","floor":13,"turns":4},{"damage":0,"enemies":"Large Slime","floor":14,"turns":5},{"damage":29,"enemies":"The Guardian","floor":16,"turns":8},{"damage":25,"enemies":"Shell Parasite","floor":18,"turns":4},{"damage":18,"enemies":"2 Thieves","floor":22,"turns":4},{"damage":23,"enemies":"Gremlin Leader","floor":24,"turns":3},{"damage":8,"enemies":"Sentry and Sphere","floor":27,"turns":3},{"damage":6,"enemies":"Chosen and Byrds","floor":28,"turns":3},{"damage":4,"enemies":"Centurion and Healer","floor":31,"turns":2},{"damage":59,"enemies":"Champ","floor":33,"turns":9}],"seed_played":"-7228150360679527591","potions_obtained":[{"floor":3,"key":"BlessingOfTheForge"},{"floor":6,"key":"DuplicationPotion"},{"floor":10,"key":"ColorlessPotion"},{"floor":12,"key":"Swift Potion"},{"floor":14,"key":"SteroidPotion"},{"floor":24,"key":"EntropicBrew"}],"is_trial":false,"path_per_floor":["M","?","M","?","?","E","R","M","T","M","M","M","E","M","R","B",null,"M","$","?","?","M","R","E","?","T","M","M","R","?","M","R","B"],"character_chosen":"IRONCLAD","items_purchased":["Bag of Marbles","Ornamental Fan","Flex"],"campfire_rested":0,"item_purchase_floors":[19,19,19],"current_hp_per_floor":[80,80,80,69,69,75,75,80,80,80,80,77,60,66,66,53,80,61,61,45,71,59,59,42,42,42,45,45,45,45,47,47,0,0],"gold":18,"neow_bonus":"THREE_ENEMY_KILL","is_daily":false,"chose_seed":false,"campfire_upgraded":5,"win_rate":0.0,"timestamp":1610327767,"path_taken":["M","?","M","?","?","E","R","?","T","M","M","M","E","M","R","BOSS","M","$","?","?","M","R","E","?","T","?","M","R","?","M","R","BOSS"],"items_purchased_type":["Relic","Relic","Card"],"build_version":"2020-12-22","purchased_purges":0,"victory":false,"max_hp_per_floor":[80,80,80,80,80,80,80,80,80,80,80,80,80,80,80,80,80,80,80,80,80,80,80,80,80,80,80,80,80,80,80,80,80,80],"card_choices":[{"not_picked":["Armaments","Intimidate"],"picked":"Iron Wave","floor":1},{"not_picked":["Rage","Warcry"],"picked":"Uppercut","floor":3},{"not_picked":["Flex","Anger"],"picked":"Flame Barrier","floor":6},{"not_picked":["Havoc","Rupture"],"picked":"Flex","floor":8},{"not_picked":["Heavy Blade","Hemokinesis"],"picked":"Flame Barrier","floor":10},{"not_picked":["Sentinel","Anger"],"picked":"Spot Weakness","floor":11},{"not_picked":["True Grit","Iron Wave"],"picked":"Exhume","floor":12},{"not_picked":["Power Through","Clash"],"picked":"Pummel","floor":13},{"not_picked":["Twin Strike","Sever Soul","Anger"],"picked":"SKIP","floor":14},{"not_picked":["Impervious","Bludgeon"],"picked":"Juggernaut","floor":16},{"not_picked":["Clash","Heavy Blade+1"],"picked":"Sword Boomerang+1","floor":18},{"not_picked":["Armaments","Searing Blow","Clothesline"],"picked":"SKIP","floor":22},{"not_picked":["Fiend Fire","Hemokinesis"],"picked":"Sentinel+1","floor":24},{"not_picked":["Havoc","Headbutt+1","True Grit"],"picked":"SKIP","floor":27},{"not_picked":["True Grit","Perfected Strike"],"picked":"Flame Barrier","floor":28},{"not_picked":["Clash","Spot Weakness","Cleave"],"picked":"SKIP","floor":31}],"player_experience":209366,"relics_obtained":[{"floor":6,"key":"Akabeko"},{"floor":9,"key":"Toy Ornithopter"},{"floor":13,"key":"Paper Frog"},{"floor":20,"key":"Necronomicon"},{"floor":24,"key":"PreservedInsect"},{"floor":26,"key":"Frozen Egg 2"}],"event_choices":[{"damage_healed":0,"gold_gain":0,"cards_transformed":["Strike_R"],"player_choice":"Change","damage_taken":0,"max_hp_gain":0,"max_hp_loss":0,"event_name":"Living Wall","floor":2,"gold_loss":0,"cards_obtained":["Flex"]},{"damage_healed":0,"gold_gain":75,"player_choice":"Gather Gold","damage_taken":11,"max_hp_gain":0,"max_hp_loss":0,"event_name":"World of Goop","floor":4,"gold_loss":0},{"damage_healed":0,"gold_gain":0,"player_choice":"Upgraded","damage_taken":0,"max_hp_gain":0,"max_hp_loss":0,"event_name":"Upgrade Shrine","floor":5,"gold_loss":0,"cards_upgraded":["Flex"]},{"damage_healed":0,"gold_gain":0,"player_choice":"Obtained Book","damage_taken":16,"max_hp_gain":0,"max_hp_loss":0,"event_name":"Cursed Tome","floor":20,"gold_loss":0},{"damage_healed":26,"gold_gain":0,"player_choice":"Heal","damage_taken":0,"max_hp_gain":0,"max_hp_loss":0,"event_name":"The Library","floor":21,"gold_loss":0},{"damage_healed":0,"gold_gain":0,"player_choice":"Ignored","damage_taken":0,"max_hp_gain":0,"max_hp_loss":0,"event_name":"Ghosts","floor":25,"gold_loss":0},{"damage_healed":0,"gold_gain":0,"player_choice":"Obtained Relic","damage_taken":0,"relics_obtained":["HornCleat"],"max_hp_gain":0,"max_hp_loss":0,"event_name":"Addict","floor":30,"gold_loss":85}],"is_beta":false,"boss_relics":[{"not_picked":["Runic Cube","Mark of Pain"],"picked":"Astrolabe"}],"items_purged_floors":[],"is_endless":false,"potions_floor_spawned":[3,6,10,12,14,24,28],"killed_by":"Champ","ascension_level":2}}