{"host":"cjhtzh7tp54jdfyv","time":1610369629,"event":{"mods":["AchievementEnabler","BaseMod","Colored Map","Colored Powertips","Curses Come First","DeckTracker","Filter the Spire","Minty Spire (QoL Compilation)","RNG Fix","Relic Sorter","Relic Stats","StSLib","UnlockEverythingMod","ojb\u0027s Better Paths Mod","ojb\u0027s Info Mod"],"gold_per_floor":[113,129,139,149,74,102,116,149,149,149,149,49,0,28,28,106,106,124,144,19,32,32,32,65,65,65,98,112,112,112],"floor_reached":29,"playtime":1753,"items_purged":["Defend_P","Defend_P","Strike_P"],"score":716,"play_id":"9d53cfc9-88dd-4a82-80a7-8cb89b9d329c","local_time":"20210111075349","is_ascension_mode":true,"campfire_choices":[{"data":"Eruption","floor":10.0,"key":"SMITH"},{"data":"Tantrum","floor":15.0,"key":"SMITH"},{"data":"RitualDagger","floor":23.0,"key":"SMITH"},{"floor":25.0,"key":"REST"}],"circlet_count":0,"master_deck":["AscendersBane","Strike_P","Strike_P","Strike_P","Eruption+1","Vigilance","EmptyFist","TalkToTheHand","TalkToTheHand","Tantrum+1","Omniscience","DeusExMachina","Indignation","FlurryOfBlows","RitualDagger+1","Scrawl"],"relics":["Empty Cage","Darkstone Periapt","Pantograph","Bottled Flame","Blood Vial","Damaru","Philosopher\u0027s Stone","Oddly Smooth Stone","Pear"],"acts_visited":["Exordium","TheCity"],"potions_floor_usage":[28],"damage_taken":[{"damage":0.0,"enemies":"Cultist","floor":1.0,"turns":3.0},{"damage":4.0,"enemies":"Jaw Worm","floor":2.0,"turns":5.0},{"damage":5.0,"enemies":"2 Louse","floor":3.0,"turns":4.0},{"damage":1.0,"enemies":"2 Fungi Beasts","floor":4.0,"turns":3.0},{"damage":0.0,"enemies":"Gremlin Nob","floor":6.0,"turns":3.0},{"damage":8.0,"enemies":"3 Louse","floor":7.0,"turns":3.0},{"damage":0.0,"enemies":"Lagavulin","floor":8.0,"turns":5.0},{"damage":0.0,"enemies":"Gremlin Nob","floor":14.0,"turns":3.0},{"damage":7.0,"enemies":"Hexaghost","floor":16.0,"turns":7.0},{"damage":0.0,"enemies":"Chosen","floor":18.0,"turns":2.0},{"damage":0.0,"enemies":"Spheric Guardian","floor":19.0,"turns":1.0},{"damage":18.0,"enemies":"Shelled Parasite and Fungi","floor":21.0,"turns":3.0},{"damage":34.0,"enemies":"Slavers","floor":24.0,"turns":3.0},{"damage":19.0,"enemies":"Book of Stabbing","floor":27.0,"turns":3.0},{"damage":8,"enemies":"Centurion and Healer","floor":28,"turns":2},{"damage":22,"enemies":"Slavers","floor":29,"turns":1}],"seed_played":"1349576151956843759","potions_obtained":[{"floor":1.0,"key":"Energy Potion"},{"floor":4.0,"key":"SmokeBomb"},{"floor":14.0,"key":"SpeedPotion"},{"floor":16.0,"key":"Explosive Potion"},{"floor":18.0,"key":"FearPotion"},{"floor":21.0,"key":"LiquidBronze"},{"floor":27.0,"key":"Fire Potion"}],"is_trial":false,"path_per_floor":["M","M","M","M","$","E","M","E","T","R","?","$","?","E","R","B",null,"M","M","$","M","?","R","E","R","T","E","M","E"],"character_chosen":"WATCHER","items_purchased":[],"campfire_rested":1,"item_purchase_floors":[],"current_hp_per_floor":[61,57,52,51,51,51,43,43,43,43,8,8,8,10,10,30,59,61,63,63,47,41,41,9,29,29,22,16,0,0],"gold":112,"neow_bonus":"BOSS_RELIC","is_daily":false,"chose_seed":false,"campfire_upgraded":3,"win_rate":0.0,"timestamp":1610369629,"path_taken":["M","M","M","M","$","E","M","E","T","R","?","$","?","E","R","BOSS","M","?","?","M","?","R","E","R","T","E","M","E"],"items_purchased_type":[],"build_version":"2020-12-22","purchased_purges":3,"victory":false,"max_hp_per_floor":[68,68,68,68,68,68,68,68,68,68,68,68,68,68,68,68,68,68,68,68,68,68,68,68,68,68,78,78,78,78],"relic_stats":{"Darkstone Periapt":0,"Blood Vial":18,"counters":[16,51],"Pantograph":25,"obtain_stats":[{"Darkstone Periapt":6,"Blood Vial":11,"Bottled Flame":9,"Pear":27,"Pantograph":8,"Damaru":14,"Oddly Smooth Stone":24,"Philosopher\u0027s Stone":17,"PureWater":0,"Empty Cage":0},{"Darkstone Periapt":5,"Blood Vial":7,"Bottled Flame":7,"Pear":14,"Pantograph":7,"Damaru":8,"Oddly Smooth Stone":13,"Philosopher\u0027s Stone":9,"PureWater":0,"Empty Cage":0},{"Darkstone Periapt":18,"Blood Vial":26,"Bottled Flame":26,"Pear":48,"Pantograph":26,"Damaru":29,"Oddly Smooth Stone":45,"Philosopher\u0027s Stone":36,"PureWater":0,"Empty Cage":0}]},"card_choices":[{"not_picked":["CrushJoints","BowlingBash"],"picked":"EmptyFist","floor":1.0},{"not_picked":["Consecrate","Nirvana"],"picked":"TalkToTheHand","floor":2.0},{"not_picked":["SandsOfTime","CrushJoints"],"picked":"TalkToTheHand","floor":3.0},{"not_picked":["Protect","Prostrate","Consecrate"],"picked":"SKIP","floor":4.0},{"not_picked":["Prostrate","Indignation"],"picked":"Tantrum","floor":6.0},{"not_picked":["Worship","Evaluate","Judgement"],"picked":"SKIP","floor":7.0},{"not_picked":["MentalFortress","EmptyFist","ReachHeaven"],"picked":"SKIP","floor":8.0},{"not_picked":["FollowUp","EmptyBody"],"picked":"Omniscience","floor":14.0},{"not_picked":["DevaForm","Alpha"],"picked":"DeusExMachina","floor":16.0},{"not_picked":["Perseverance+1","Halt","PathToVictory"],"picked":"SKIP","floor":18.0},{"not_picked":["Worship","JustLucky"],"picked":"Indignation","floor":19.0},{"not_picked":["FollowUp","FlyingSleeves"],"picked":"FlurryOfBlows","floor":21.0},{"not_picked":["PathToVictory+1","FollowUp+1","CarveReality"],"picked":"SKIP","floor":24.0},{"not_picked":["JustLucky","EmptyBody","Pray"],"picked":"SKIP","floor":27.0},{"not_picked":["FlurryOfBlows+1","Meditate"],"picked":"Scrawl","floor":28}],"player_experience":4448504,"relics_obtained":[{"floor":6.0,"key":"Darkstone Periapt"},{"floor":8.0,"key":"Pantograph"},{"floor":9.0,"key":"Bottled Flame"},{"floor":14.0,"key":"Damaru"},{"floor":24.0,"key":"Oddly Smooth Stone"},{"floor":27.0,"key":"Pear"}],"event_choices":[{"damage_healed":0.0,"max_hp_gain":0.0,"max_hp_loss":0.0,"gold_gain":0.0,"event_name":"Scrap Ooze","player_choice":"Success","floor":11.0,"gold_loss":0.0,"damage_taken":35.0,"relics_obtained":["Blood Vial"]},{"damage_healed":0.0,"max_hp_gain":0.0,"max_hp_loss":0.0,"gold_gain":0.0,"event_name":"World of Goop","player_choice":"Left Gold","floor":13.0,"gold_loss":49.0,"damage_taken":0.0},{"damage_healed":0.0,"max_hp_gain":0.0,"max_hp_loss":0.0,"gold_gain":0.0,"event_name":"Nest","player_choice":"Joined the Cult","floor":22.0,"gold_loss":0.0,"damage_taken":6.0,"cards_obtained":["RitualDagger"]}],"is_beta":false,"boss_relics":[{"not_picked":["SlaversCollar","Velvet Choker"],"picked":"Philosopher\u0027s Stone"}],"items_purged_floors":[5,12,20],"is_endless":false,"potions_floor_spawned":[1,4,14,16,18,21,27],"killed_by":"Slavers","ascension_level":20}}