{"host":"9709z2dy8v1s63sm","time":1610378938,"event":{"mods":["AchievementEnabler","BaseMod","Minty Spire (QoL Compilation)","StSLib","SuperFastMode"],"gold_per_floor":[112,62,77,77,95,131,131,166,191,215,253,272,287,330,330,330,330],"floor_reached":16,"playtime":595,"items_purged":[],"score":178,"play_id":"306fc370-1fce-4f6e-8399-c0d26b515cbc","local_time":"20210112002858","is_ascension_mode":true,"campfire_choices":[{"data":"Shockwave","floor":7.0,"key":"SMITH"},{"data":"Rupture","floor":15.0,"key":"SMITH"}],"circlet_count":0,"master_deck":["Strike_R","Strike_R","Strike_R","Strike_R","Defend_R","Defend_R","Defend_R","Defend_R","Bash","Shockwave+1","Hemokinesis","Seeing Red","Rupture+1","Bloodletting","Shrug It Off"],"relics":["Burning Blood","Golden Idol","Pen Nib","Tiny Chest","Art of War","Darkstone Periapt","MealTicket"],"acts_visited":["Exordium"],"potions_floor_usage":[16,16],"damage_taken":[{"damage":6.0,"enemies":"2 Louse","floor":1.0,"turns":3.0},{"damage":5.0,"enemies":"Small Slimes","floor":3.0,"turns":6.0},{"damage":2.0,"enemies":"Jaw Worm","floor":5.0,"turns":4.0},{"damage":21.0,"enemies":"Lagavulin","floor":6.0,"turns":7.0},{"damage":19.0,"enemies":"3 Sentries","floor":8.0,"turns":6.0},{"damage":8.0,"enemies":"Blue Slaver","floor":10.0,"turns":5.0},{"damage":28.0,"enemies":"Gremlin Nob","floor":11.0,"turns":4.0},{"damage":6.0,"enemies":"3 Louse","floor":12.0,"turns":5.0},{"damage":2.0,"enemies":"Large Slime","floor":13.0,"turns":4.0},{"damage":9.0,"enemies":"Lagavulin","floor":14.0,"turns":4.0},{"damage":13,"enemies":"The Guardian","floor":16,"turns":9}],"seed_played":"5822759844048064899","potions_obtained":[{"floor":3.0,"key":"Dexterity Potion"},{"floor":5.0,"key":"Fire Potion"},{"floor":8.0,"key":"Energy Potion"},{"floor":11.0,"key":"ColorlessPotion"},{"floor":13.0,"key":"Energy Potion"},{"floor":14.0,"key":"SteroidPotion"}],"is_trial":false,"path_per_floor":["M","?","M","?","M","E","R","E","T","M","E","M","M","E","R","B"],"character_chosen":"IRONCLAD","items_purchased":[],"campfire_rested":0,"item_purchase_floors":[],"current_hp_per_floor":[80,80,81,59,63,48,48,35,35,33,11,11,15,12,12,0,0],"gold":330,"neow_bonus":"TEN_PERCENT_HP_BONUS","is_daily":false,"chose_seed":false,"campfire_upgraded":2,"win_rate":0.0,"timestamp":1610378938,"path_taken":["M","?","M","?","M","E","R","E","T","M","E","M","M","E","R","BOSS"],"items_purchased_type":[],"build_version":"2020-12-22","purchased_purges":0,"victory":false,"max_hp_per_floor":[88,88,88,88,88,88,88,88,88,88,88,88,88,88,88,88,88],"card_choices":[{"not_picked":["Thunderclap","Clothesline"],"picked":"Shockwave","floor":1.0},{"not_picked":["Pummel","Heavy Blade"],"picked":"Hemokinesis","floor":3.0},{"not_picked":["Warcry","Armaments"],"picked":"Seeing Red","floor":5.0},{"not_picked":["Headbutt","Evolve"],"picked":"Rupture","floor":6.0},{"not_picked":["Wild Strike","Perfected Strike","Ghostly Armor"],"picked":"SKIP","floor":8.0},{"not_picked":["Wild Strike","Perfected Strike","Ghostly Armor"],"picked":"SKIP","floor":8.0},{"not_picked":["Twin Strike","Flame Barrier"],"picked":"Bloodletting","floor":10.0},{"not_picked":["Bludgeon","Heavy Blade","Carnage"],"picked":"SKIP","floor":11.0},{"not_picked":["Heavy Blade","Spot Weakness","True Grit"],"picked":"SKIP","floor":12.0},{"not_picked":["Entrench","Anger","Carnage"],"picked":"SKIP","floor":13.0},{"not_picked":["Perfected Strike","Twin Strike"],"picked":"Shrug It Off","floor":14.0}],"player_experience":62852,"relics_obtained":[{"floor":6.0,"key":"Pen Nib"},{"floor":8.0,"key":"Tiny Chest"},{"floor":9.0,"key":"Art of War"},{"floor":11.0,"key":"Darkstone Periapt"},{"floor":14.0,"key":"MealTicket"}],"event_choices":[{"cards_removed":["Strike_R"],"damage_healed":0.0,"max_hp_gain":0.0,"max_hp_loss":0.0,"gold_gain":0.0,"event_name":"The Cleric","player_choice":"Card Removal","floor":2.0,"gold_loss":50.0,"damage_taken":0.0},{"damage_healed":0.0,"max_hp_gain":0.0,"max_hp_loss":0.0,"gold_gain":0.0,"event_name":"Golden Idol","player_choice":"Take Damage","floor":4.0,"gold_loss":0.0,"damage_taken":22.0,"relics_obtained":["Golden Idol"]}],"is_beta":false,"boss_relics":[],"items_purged_floors":[],"is_endless":false,"potions_floor_spawned":[3,5,8,11,13,14],"killed_by":"The Guardian","ascension_level":7}}