{"host":"4lxzgdqpvzyot39g","time":1610334316,"event":{"mods":["100% Spire Juice","Abigail Mod","Act Like it!","Aspiration","BaseMod","Beaked The Cultist","Better Altar","Better Match","Better Note","Better Sensory Stone","Better Skull","Better Third Choice","CCEM","Colored Map","Colored Powertips","Conspire","Dark Map","Displayed Cursed Tome","Dota2Spire","Energized Spire","Fox Events","Friendly Minions","Gensokyo","GifTheSpireLib","Halation","Hallownest","Hermit","Highlight Path","Hubris","Infinite Spire","Jedi Mod","JesterMod","Mari Mod (Legacy)","Mari\u0027s V1 Patch","MarisaÅiñ∂âJÅ@ñÇóùçπÅj","Minty Spire (QoL Compilation)","Prisma Mod","Quarter Circle Forward PUNCH!","Relic Filter","Replay The Spire","Robot Space Explorer","SCP261 Mod","Small Relic Pack","Spicy Shops","Spikes Relics","StSLib","Stuff the Spire","The Alterego","The Blue Laboratory","The Bug Knight","The Cursed","The Fake Hero","The Servant 0.9.4","The Wild Card","Trackpad","Waifu the Spire","WarShipGirlsR/??è≠èóR mod","vexMod","Åy?ï®?îvÅzREMEMod"],"gold_per_floor":[519,519,344,344,364,394,411,411,411,0,0,25,35,48,48,119,119,132,144,144,144,144,157,168,200,16,29,29,29,75,106,31,64,64,143,143,163,38,52,12,24,53,69,100,150,184,9,40,52,69,69,69,69,69,69,97,97],"floor_reached":58,"playtime":3692,"items_purged":["luka_mod:Surrender","luka_mod:Wait","luka_mod:Edging","luka_mod:FlailWildly","luka_mod:Guard","luka_mod:Salt"],"score":2027,"play_id":"921964f6-5966-4339-9f1f-1fdff8128c5e","local_time":"20210110220516","is_ascension_mode":true,"campfire_choices":[{"data":"luka_mod:NotVerySharp","floor":8,"key":"SMITH"},{"data":"luka_mod:Request","floor":15,"key":"SMITH"},{"data":"infinitespire:Collect","floor":34,"key":"SMITH"},{"floor":51,"key":"RECALL"},{"data":"luka_mod:Granberia","floor":54,"key":"SMITH"}],"circlet_count":0,"master_deck":["AscendersBane","luka_mod:Erubetie+1","luka_mod:StrikeLukaOne","luka_mod:StrikeLukaTwo+1","luka_mod:StrikeLukaThree+1","luka_mod:StrikeLukaFour","luka_mod:StrikeLukaFive","luka_mod:StrikeLukaSix","luka_mod:Meditation","luka_mod:Daystar+1","luka_mod:NotVerySharp+1","luka_mod:Salamander","luka_mod:Salamander","luka_mod:Granberia+1","luka_mod:Request+1","luka_mod:Erubetie","luka_mod:Sylph","luka_mod:Erubetie","luka_mod:StrikeLuka","luka_mod:BegIlias","luka_mod:Struggle+1","luka_mod:Salamander+1","infinitespire:Collect+1","Finesse+1","luka_mod:AlmaElma","luka_mod:CriticalHit+1","luka_mod:StrikeLuka+1","luka_mod:AlmaElma","luka_mod:Undine","luka_mod:StrikeLuka+1","luka_mod:Tamamo","luka_mod:CriticalHit+1"],"relics":["luka_mod:KeepsakeRing","REME_ComplimentaryCards","relicPack:OneForAll","Dota2Spire:HeartOfTarrasque","infinitespire:Golems Mask","jedi:shrinkray","trackpad:BottledTsunami","halation:PinkAlligatorPlush","CCEMRelics:GrindingGear","jedi:angrymask","Molten Egg 2","Centennial Puzzle","SlaversCollar","Hallownest:SoulVesselRelic","Replay:Rubber Ducky","jedi:Pinwheel","Lantern","RollingBoulder","aspiration:HatOfInfinitePower","qcfpunch:Wrestler\u0027s_Cloak"],"acts_visited":["Hallownest:Greenpath","Hallownest:CityofTears","Hallownest:KingdomsEdge","TheEnding"],"potions_floor_usage":[14,18,23,30,35,57,57],"damage_taken":[{"damage":18,"enemies":"Hallownest:2_MossCreeps","floor":1,"turns":8},{"damage":5,"enemies":"Hallownest:2_Baldur","floor":5,"turns":4},{"damage":0,"enemies":"Hallownest:eliteCrystalGuardian","floor":6,"turns":6},{"damage":7,"enemies":"Hallownest:monsterHuskWarrior","floor":7,"turns":3},{"damage":8,"enemies":"Hallownest:eliteMossKnight","floor":12,"turns":5},{"damage":0,"enemies":"Hallownest:monsterFoolEater","floor":13,"turns":2},{"damage":6,"enemies":"Hallownest:1_Baldur_1_Crawlid_1_Warrior","floor":14,"turns":3},{"damage":10,"enemies":"Hallownest:BossFalseKnight","floor":16,"turns":4},{"damage":10,"enemies":"Hallownest:3_Youths","floor":18,"turns":5},{"damage":7,"enemies":"Hallownest:2_Mistakes","floor":19,"turns":3},{"damage":12,"enemies":"Hallownest:Glutton_and_Coward","floor":23,"turns":1},{"damage":0,"enemies":"Hallownest:2_Husk_Sentries","floor":24,"turns":4},{"damage":28,"enemies":"Hallownest:eliteWatcherKnight","floor":25,"turns":8},{"damage":2,"enemies":"Hallownest:Warrior_and_Youth","floor":27,"turns":2},{"damage":26,"enemies":"Hallownest:Glutton_and_Coward","floor":30,"turns":3},{"damage":5,"enemies":"Nightmare","floor":31,"turns":6},{"damage":14,"enemies":"Hallownest:eliteWatcherKnight","floor":33,"turns":7},{"damage":25,"enemies":"Hallownest:BossMantisLord","floor":35,"turns":4},{"damage":11,"enemies":"Hallownest:Shield_Heavy","floor":37,"turns":3},{"damage":0,"enemies":"Hallownest:3_Siblings","floor":39,"turns":4},{"damage":3,"enemies":"Hallownest:monsterPrimalAspid","floor":41,"turns":2},{"damage":12,"enemies":"Hallownest:StalkingDevout","floor":42,"turns":3},{"damage":0,"enemies":"Hallownest:Xero_Hu_Marmu","floor":43,"turns":3},{"damage":2,"enemies":"conspire:MimicChest","floor":44,"turns":4},{"damage":0,"enemies":"Hallownest:eliteHiveKnight","floor":46,"turns":3},{"damage":6,"enemies":"Hallownest:eliteCollector","floor":48,"turns":4},{"damage":0,"enemies":"Hallownest:2_Wing_and_1_Kings","floor":49,"turns":4},{"damage":2,"enemies":"Hallownest:Shield_Sturdy","floor":50,"turns":4},{"damage":0,"enemies":"Hallownest:Radiance","floor":52,"turns":5},{"damage":0,"enemies":"Shield and Spear","floor":56,"turns":4},{"damage":28,"enemies":"The Heart","floor":57,"turns":5}],"seed_played":"-6020153824841705523","potions_obtained":[{"floor":7,"key":"jedi:holywater"},{"floor":16,"key":"Fire Potion"},{"floor":18,"key":"blueLaboratory:FrostheartPotion"},{"floor":23,"key":"Dexterity Potion"},{"floor":27,"key":"Regen Potion"},{"floor":35,"key":"FearPotion"},{"floor":39,"key":"Dexterity Potion"},{"floor":41,"key":"GamblersBrew"},{"floor":44,"key":"Adrenaline Potion"}],"is_trial":false,"path_per_floor":["M","?","$","?","M","E","M","R","T","$","$","E","M","M","R","B",null,"M","M","?","PTL","PTL","M","M","E","$","M","T","AVR","M","NM","?","E","R","B",null,"M","?","M","?","M","E","M","?","T","E","$","E","M","M","R","B",null,"R","$","E","B",null],"character_chosen":"LUKA_CLASS","items_purchased":["luka_mod:Granberia","jedi:shrinkray","luka_mod:Struggle+1"],"campfire_rested":0,"item_purchase_floors":[10,10,26],"current_hp_per_floor":[38,38,38,38,40,48,48,48,48,48,48,40,40,39,39,48,48,46,39,9,9,9,48,48,44,44,42,42,42,25,24,24,46,46,21,41,48,48,48,48,45,48,48,46,46,46,46,40,48,46,46,48,48,48,48,48,48],"gold":97,"neow_bonus":"UPGRADE_CARD","is_daily":false,"chose_seed":false,"campfire_upgraded":4,"win_rate":0.0,"timestamp":1610334316,"path_taken":["M","?","$","?","?","E","M","R","T","?","$","E","M","M","R","BOSS","M","M","?","PTL","PTL","M","M","E","$","?","T","AVR","M","NM","?","E","R","BOSS","M","?","M","?","?","E","M","?","T","E","$","E","?","M","R","BOSS","R","$","E","BOSS"],"items_purchased_type":["Card","Relic","Card"],"build_version":"2020-12-22","purchased_purges":6,"victory":true,"max_hp_per_floor":[40,40,40,40,40,48,48,48,48,48,48,48,48,48,48,48,48,48,48,48,48,48,48,48,48,48,48,48,48,48,48,48,48,48,48,48,48,48,48,48,48,48,48,48,48,48,48,48,48,48,48,48,48,48,48,48,48],"card_choices":[{"not_picked":["luka_mod:DemonDecapitation","luka_mod:GuardedStrike"],"picked":"luka_mod:NotVerySharp","floor":1},{"not_picked":["luka_mod:RestrictedStrike","luka_mod:SereneDemonSword"],"picked":"luka_mod:Salamander","floor":5},{"not_picked":["luka_mod:Feel","luka_mod:Struggle","luka_mod:HeroicStrike"],"picked":"SKIP","floor":6},{"not_picked":["luka_mod:UnusedPoison","luka_mod:Request"],"picked":"luka_mod:Salamander","floor":7},{"not_picked":["luka_mod:StrikeLuka","luka_mod:BladeOfSolidEarth"],"picked":"luka_mod:Request","floor":12},{"not_picked":["luka_mod:FireSlash","luka_mod:Overexert","luka_mod:EndlessGuard"],"picked":"SKIP","floor":13},{"not_picked":["luka_mod:DemonSkullBeheading","luka_mod:BladeOfSolidEarth","luka_mod:Request"],"picked":"SKIP","floor":14},{"not_picked":["luka_mod:Granberia","luka_mod:Daystar"],"picked":"luka_mod:Erubetie","floor":16},{"not_picked":["luka_mod:DemonDecapitation","luka_mod:Struggle","luka_mod:FlashKill+1"],"picked":"SKIP","floor":18},{"not_picked":["luka_mod:RestrictedStrike","luka_mod:FlashKill"],"picked":"luka_mod:Sylph","floor":19},{"not_picked":["luka_mod:FireSlash","luka_mod:HeroicStrike"],"picked":"luka_mod:Erubetie","floor":23},{"not_picked":["luka_mod:Intense","luka_mod:Undine"],"picked":"luka_mod:StrikeLuka","floor":24},{"not_picked":["luka_mod:DemonDecapitation","luka_mod:ThunderThrust"],"picked":"luka_mod:BegIlias","floor":25},{"not_picked":["luka_mod:EarthRumblingDecapitation","luka_mod:WindSlash"],"picked":"luka_mod:Salamander+1","floor":27},{"not_picked":["luka_mod:FlashKill","luka_mod:EarthSlash","luka_mod:Calm"],"picked":"SKIP","floor":30},{"not_picked":["luka_mod:Sara+1","luka_mod:EndlessGuard","luka_mod:Intense"],"picked":"SKIP","floor":31},{"not_picked":["PanicButton+1","Survey Options+1"],"picked":"Finesse+1","floor":32},{"not_picked":["luka_mod:GuardedStrike+1","luka_mod:Determination","luka_mod:BladeOfSolidEarth+1"],"picked":"SKIP","floor":33},{"not_picked":["luka_mod:Ilias","luka_mod:SuperAttack+1"],"picked":"luka_mod:AlmaElma","floor":35},{"not_picked":["luka_mod:Struggle","luka_mod:FlashKill+1","luka_mod:EarthRumblingDecapitation+1"],"picked":"SKIP","floor":37},{"not_picked":["luka_mod:CriticalHit+1","luka_mod:Feel","luka_mod:GuardedStrike+1"],"picked":"SKIP","floor":39},{"not_picked":["luka_mod:Feel","luka_mod:GuardedStrike+1"],"picked":"luka_mod:CriticalHit+1","floor":39},{"not_picked":[],"picked":"luka_mod:StrikeLuka","floor":40},{"not_picked":[],"picked":"luka_mod:AlmaElma","floor":40},{"not_picked":["luka_mod:PerfectTiming+1","luka_mod:AlicesGuard+1","luka_mod:PeacePreach"],"picked":"SKIP","floor":41},{"not_picked":["luka_mod:BladeOfHowlingWind+1","luka_mod:GuardTraining"],"picked":"luka_mod:Undine","floor":42},{"not_picked":["luka_mod:FireSlash+1","luka_mod:BegIlias"],"picked":"luka_mod:StrikeLuka+1","floor":43},{"not_picked":["luka_mod:Sara+1","luka_mod:GuardedStrike+1"],"picked":"luka_mod:Tamamo","floor":46},{"not_picked":["luka_mod:SereneDemonSword+1","luka_mod:StrikeLuka+1","luka_mod:Request"],"picked":"SKIP","floor":48},{"not_picked":["luka_mod:IliasesJudgement+1","luka_mod:AlicesGuard"],"picked":"luka_mod:CriticalHit+1","floor":49},{"not_picked":["luka_mod:HeroicStrike+1","luka_mod:NeverSurrender","luka_mod:DemonDecapitation+1"],"picked":"SKIP","floor":50},{"not_picked":["luka_mod:GuardedStrike+1","luka_mod:Salamander","luka_mod:Overexert+1"],"picked":"SKIP","floor":56}],"player_experience":902326,"relics_obtained":[{"floor":6,"key":"Dota2Spire:HeartOfTarrasque"},{"floor":9,"key":"infinitespire:Golems Mask"},{"floor":12,"key":"trackpad:BottledTsunami"},{"floor":25,"key":"jedi:angrymask"},{"floor":31,"key":"Molten Egg 2"},{"floor":33,"key":"Centennial Puzzle"},{"floor":42,"key":"Replay:Rubber Ducky"},{"floor":44,"key":"jedi:Pinwheel"},{"floor":45,"key":"Lantern"},{"floor":46,"key":"RollingBoulder"},{"floor":48,"key":"aspiration:HatOfInfinitePower"},{"floor":56,"key":"qcfpunch:Wrestler\u0027s_Cloak"}],"event_choices":[{"damage_healed":0,"gold_gain":0,"player_choice":"RE UP UP ","damage_taken":36,"relics_obtained":["CCEMRelics:GrindingGear"],"max_hp_gain":0,"max_hp_loss":0,"event_name":"betterSkull:BetterSkull","floor":20,"gold_loss":0,"cards_upgraded":["luka_mod:StrikeLukaTwo","luka_mod:Daystar"]},{"damage_healed":0,"gold_gain":0,"player_choice":"2","damage_taken":0,"max_hp_gain":0,"max_hp_loss":0,"event_name":"betterMatch:BetterMatch","floor":32,"gold_loss":0,"cards_obtained":["betterMatch:ColorlessUncommonCard"]}],"is_beta":false,"boss_relics":[{"not_picked":["aspiration:IroncladSkillbook","trackpad:StolenKidneys"],"picked":"halation:PinkAlligatorPlush"},{"not_picked":["Ring of Chaos","CCEMRelics:TransientCore"],"picked":"SlaversCollar"}],"items_purged_floors":[3,3,10,26,29,47],"is_endless":false,"potions_floor_spawned":[7,12,16,18,23,24,27,35,39,41,44,49],"ascension_level":13}}