{"host":"yecadp3kwkksam5a","time":1610384143,"event":{"mods":["BaseMod","Minty Spire (QoL Compilation)","StSLib","The Cursed","The Jungle","The Poker Player","WarShipGirlsR/??á´Ò³R mod"],"gold_per_floor":[112,125,136,156,168,495,495,508,531,531,531,531],"floor_reached":10,"playtime":760,"items_purged":[],"score":72,"play_id":"868b8deb-a0be-4e6d-b3a4-e673698b3735","local_time":"20210112015543","is_ascension_mode":false,"metric_token":478,"campfire_choices":[],"circlet_count":0,"master_deck":["PokerPlayerMod:Diamond1","PokerPlayerMod:Diamond2","PokerPlayerMod:Diamond3","PokerPlayerMod:Diamond4","PokerPlayerMod:Diamond5","PokerPlayerMod:Spade1","PokerPlayerMod:Spade2","PokerPlayerMod:Spade3","PokerPlayerMod:Spade4","PokerPlayerMod:Club1","PokerPlayerMod:Club2","PokerPlayerMod:Heart2","PokerPlayerMod:TrumpStrike","PokerPlayerMod:BadJoker+1","PokerPlayerMod:Mulligan","PokerPlayerMod:Configure+1","PokerPlayerMod:Diamond2","PokerPlayerMod:FillThePot","PokerPlayerMod:SpadeStrike","PokerPlayerMod:Diamond4","PokerPlayerMod:Club4","PokerPlayerMod:CloakAndDiamond"],"relics":["PokerPlayerMod:DeckCase","Old Coin","Golden Idol","War Paint"],"acts_visited":["Exordium"],"potions_floor_usage":[],"damage_taken":[{"damage":0,"enemies":"Cultist","floor":1,"turns":3},{"damage":8,"enemies":"Jaw Worm","floor":2,"turns":4},{"damage":0,"enemies":"2 Louse","floor":3,"turns":3},{"damage":3,"enemies":"Looter","floor":4,"turns":3},{"damage":0,"enemies":"Exordium Wildlife","floor":5,"turns":1},{"damage":12,"enemies":"Gremlin Nob","floor":6,"turns":3},{"damage":8,"enemies":"Exordium Thugs","floor":8,"turns":3},{"damage":36,"enemies":"Lagavulin","floor":10,"turns":3}],"seed_played":"3207014303614245211","potions_obtained":[{"floor":3,"key":"SpeedPotion"},{"floor":4,"key":"Fire Potion"},{"floor":8,"key":"SkillPotion"}],"is_trial":false,"path_per_floor":["M","M","M","M","M","E","?","M","T","E"],"character_chosen":"THE_POKER_PLAYER","items_purchased":[],"campfire_rested":0,"item_purchase_floors":[],"current_hp_per_floor":[57,53,57,54,57,50,36,30,30,0,0,0],"gold":531,"neow_bonus":"TEN_PERCENT_HP_BONUS","is_daily":false,"chose_seed":false,"campfire_upgraded":0,"win_rate":0.0,"timestamp":1610384143,"path_taken":["M","M","M","?","M","E","?","M","T","E"],"items_purchased_type":[],"build_version":"2020-12-22","purchased_purges":0,"victory":false,"max_hp_per_floor":[57,57,57,57,57,57,57,57,57,57,57,57],"card_choices":[{"not_picked":["PokerPlayerMod:ClubStrike","PokerPlayerMod:Spade4"],"picked":"PokerPlayerMod:Configure","floor":1},{"not_picked":["PokerPlayerMod:Heart1","PokerPlayerMod:Manipulation"],"picked":"PokerPlayerMod:Diamond2","floor":2},{"not_picked":["PokerPlayerMod:DiamondStrike","PokerPlayerMod:CloakAndDiamond"],"picked":"PokerPlayerMod:FillThePot","floor":3},{"not_picked":["PokerPlayerMod:MagicTrick","PokerPlayerMod:ClubDance"],"picked":"PokerPlayerMod:SpadeStrike","floor":4},{"not_picked":["PokerPlayerMod:Diamond1","PokerPlayerMod:DamnStraight"],"picked":"PokerPlayerMod:Diamond4","floor":5},{"not_picked":["PokerPlayerMod:Club5","PokerPlayerMod:Diamond8"],"picked":"PokerPlayerMod:Club4","floor":6},{"not_picked":["PokerPlayerMod:Spade4","PokerPlayerMod:Fold"],"picked":"PokerPlayerMod:CloakAndDiamond","floor":8}],"player_experience":504766,"relics_obtained":[{"floor":6,"key":"Old Coin"},{"floor":9,"key":"War Paint"}],"event_choices":[{"damage_healed":0,"gold_gain":0,"player_choice":"Take Damage","damage_taken":14,"relics_obtained":["Golden Idol"],"max_hp_gain":0,"max_hp_loss":0,"event_name":"Golden Idol","floor":7,"gold_loss":0}],"is_beta":false,"boss_relics":[],"items_purged_floors":[],"is_endless":false,"potions_floor_spawned":[3,4,8],"killed_by":"Lagavulin","ascension_level":0}}