{"host":"vlqejv0notyktumz","time":1610332714,"event":{"mods":["AchievementEnabler","BaseMod","Googly Eyes","Minty Spire (QoL Compilation)"],"gold_per_floor":[118,133,133,133,34,34,54,54,126,155,155,155,166,180,180,280,280,297,314,59,59,59,86,86,86,110,136,136,151,26,26,26,125,125,136,154,4,20,20,20,48,48,118,118,135,149,6,31,31,31],"floor_reached":51,"playtime":1076,"items_purged":["Strike_B","Strike_B","Defend_B","Decay"],"score":941,"play_id":"c40da497-bcff-49ca-a2ba-def59649d26e","local_time":"20210110203834","is_ascension_mode":true,"campfire_choices":[{"data":"Zap","floor":6,"key":"SMITH"},{"data":"Ball Lightning","floor":12,"key":"SMITH"},{"data":"Defragment","floor":15,"key":"SMITH"},{"data":"Defragment","floor":24,"key":"SMITH"},{"floor":28,"key":"REST"},{"data":"Echo Form","floor":32,"key":"SMITH"},{"data":"Undo","floor":40,"key":"SMITH"},{"floor":42,"key":"REST"},{"floor":44,"key":"REST"},{"floor":49,"key":"REST"}],"circlet_count":0,"master_deck":["Defend_B","Defend_B+1","Zap+1","Dualcast","Undo+1","Electrodynamics+1","Coolheaded+1","Ball Lightning+1","Defragment+1","Defragment+1","Echo Form+1","CurseOfTheBell","Leap+1","Go for the Eyes+1","Bite","Bite","Bite","Bite","Bite","BootSequence+1","Writhe","Reinforced Body+1","Machine Learning","FTL+1"],"relics":["Cracked Core","Bottled Lightning","Calling Bell","Tiny Chest","Matryoshka","StoneCalendar","DataDisk","Bronze Scales","HornCleat","Pen Nib","War Paint","Nunchaku","Ice Cream","Inserter","Turnip","White Beast Statue","Oddly Smooth Stone","CeramicFish"],"acts_visited":["Exordium","TheCity","TheBeyond"],"potions_floor_usage":[10,10,16,19,23,41,41,50,50],"damage_taken":[{"damage":1,"enemies":"Cultist","floor":1,"turns":4},{"damage":2,"enemies":"2 Louse","floor":2,"turns":2},{"damage":0,"enemies":"Jaw Worm","floor":7,"turns":4},{"damage":0,"enemies":"Gremlin Nob","floor":10,"turns":3},{"damage":2,"enemies":"2 Fungi Beasts","floor":13,"turns":2},{"damage":1,"enemies":"Exordium Thugs","floor":14,"turns":4},{"damage":10,"enemies":"Hexaghost","floor":16,"turns":8},{"damage":27,"enemies":"Shell Parasite","floor":18,"turns":7},{"damage":14,"enemies":"2 Thieves","floor":19,"turns":3},{"damage":17,"enemies":"Gremlin Leader","floor":23,"turns":7},{"damage":0,"enemies":"Snake Plant","floor":29,"turns":3},{"damage":53,"enemies":"Champ","floor":33,"turns":10},{"damage":24,"enemies":"Orb Walker","floor":35,"turns":4},{"damage":9,"enemies":"3 Shapes","floor":36,"turns":4},{"damage":0,"enemies":"3 Darklings","floor":38,"turns":3},{"damage":36,"enemies":"Reptomancer","floor":41,"turns":6},{"damage":0,"enemies":"Sphere and 2 Shapes","floor":45,"turns":3},{"damage":35,"enemies":"4 Shapes","floor":46,"turns":3},{"damage":42,"enemies":"Time Eater","floor":50,"turns":9}],"seed_played":"-4651081039805311907","potions_obtained":[{"floor":1,"key":"LiquidMemories"},{"floor":4,"key":"Fire Potion"},{"floor":4,"key":"Fire Potion"},{"floor":10,"key":"Strength Potion"},{"floor":13,"key":"FairyPotion"},{"floor":18,"key":"Energy Potion"},{"floor":33,"key":"CultistPotion"},{"floor":36,"key":"Energy Potion"},{"floor":41,"key":"FocusPotion"},{"floor":45,"key":"LiquidBronze"}],"is_trial":false,"path_per_floor":["M","M","?","?","$","R","M","?","T","E","?","R","M","M","R","B",null,"M","M","$","?","?","E","R","?","T","T","R","M","$","?","R","B",null,"M","M","$","M","?","R","E","R","T","R","M","M","$","T","R","B",null],"character_chosen":"DEFECT","items_purchased":["Coolheaded","DataDisk","Oddly Smooth Stone"],"campfire_rested":4,"item_purchase_floors":[5,20,47],"current_hp_per_floor":[67,65,65,65,65,65,65,70,70,70,54,54,54,55,55,47,72,47,35,35,35,35,32,32,26,26,26,50,52,52,52,52,23,66,52,47,47,51,51,51,25,49,49,73,73,42,42,42,66,32],"gold":31,"neow_bonus":"REMOVE_CARD","is_daily":false,"chose_seed":false,"campfire_upgraded":6,"win_rate":0.0,"timestamp":1610332714,"path_taken":["M","M","?","?","$","R","?","?","T","E","?","R","?","M","R","BOSS","M","M","$","?","?","E","R","?","T","?","R","M","$","?","R","BOSS","M","M","$","M","?","R","E","R","T","R","M","M","?","?","R","BOSS"],"items_purchased_type":["Card","Relic","Relic"],"build_version":"2020-12-22","purchased_purges":4,"victory":true,"max_hp_per_floor":[75,75,75,75,75,75,75,80,80,80,80,80,80,80,80,80,80,80,80,80,80,80,80,80,80,80,80,80,80,80,80,80,80,80,80,80,80,80,80,80,80,80,80,80,80,80,80,80,80,80],"card_choices":[{"not_picked":["Leap","Double Energy"],"picked":"Undo","floor":1},{"not_picked":["Cold Snap","Rebound"],"picked":"Electrodynamics","floor":2},{"not_picked":["Undo","Sweeping Beam","Reinforced Body"],"picked":"SKIP","floor":7},{"not_picked":["Coolheaded","Blizzard"],"picked":"Ball Lightning","floor":10},{"not_picked":["Blizzard","Coolheaded"],"picked":"Defragment","floor":13},{"not_picked":["BootSequence","Melter"],"picked":"Defragment","floor":14},{"not_picked":["Seek","Creative AI"],"picked":"Echo Form","floor":16},{"not_picked":["Rebound","Rip and Tear"],"picked":"Leap+1","floor":18},{"not_picked":["Loop","Ball Lightning"],"picked":"Go for the Eyes+1","floor":19},{"not_picked":["Beam Cell","Hologram+1"],"picked":"BootSequence+1","floor":23},{"not_picked":["Gash","Compile Driver","Capacitor"],"picked":"SKIP","floor":29},{"not_picked":["Aggregate+1","Barrage"],"picked":"Reinforced Body+1","floor":35},{"not_picked":["Leap","Cold Snap+1","Redo+1"],"picked":"SKIP","floor":36},{"not_picked":["Static Discharge+1","Redo+1","Compile Driver"],"picked":"SKIP","floor":38},{"not_picked":["Rebound","Ball Lightning","Self Repair+1"],"picked":"SKIP","floor":41},{"not_picked":["Chill","Ball Lightning+1"],"picked":"FTL+1","floor":45},{"not_picked":["Rainbow","Barrage+1","Go for the Eyes"],"picked":"SKIP","floor":46}],"player_experience":325670,"relics_obtained":[{"floor":9,"key":"Bottled Lightning"},{"floor":10,"key":"Blood Vial"},{"floor":17,"key":"Tiny Chest"},{"floor":17,"key":"Matryoshka"},{"floor":17,"key":"StoneCalendar"},{"floor":23,"key":"Bronze Scales"},{"floor":26,"key":"HornCleat"},{"floor":26,"key":"Pen Nib"},{"floor":27,"key":"War Paint"},{"floor":27,"key":"Nunchaku"},{"floor":41,"key":"Turnip"},{"floor":43,"key":"White Beast Statue"},{"floor":48,"key":"CeramicFish"}],"event_choices":[{"damage_healed":0,"gold_gain":0,"player_choice":"Ignored","damage_taken":0,"max_hp_gain":0,"max_hp_loss":0,"event_name":"Liars Game","floor":3,"gold_loss":0},{"damage_healed":0,"gold_gain":0,"player_choice":"Got Potions","damage_taken":0,"max_hp_gain":0,"max_hp_loss":0,"event_name":"Lab","floor":4,"gold_loss":0},{"damage_healed":0,"gold_gain":0,"player_choice":"Donut","damage_taken":0,"max_hp_gain":5,"max_hp_loss":0,"event_name":"Big Fish","floor":8,"gold_loss":0},{"damage_healed":0,"gold_gain":0,"player_choice":"Entered Light","damage_taken":16,"max_hp_gain":0,"max_hp_loss":0,"event_name":"Shining Light","floor":11,"gold_loss":0,"cards_upgraded":["Strike_B","Electrodynamics"]},{"damage_healed":0,"gold_gain":0,"player_choice":"Smashed Altar","damage_taken":0,"max_hp_gain":0,"max_hp_loss":0,"event_name":"Forgotten Altar","floor":21,"gold_loss":0,"cards_obtained":["Decay"]},{"damage_healed":0,"gold_gain":0,"player_choice":"Became a vampire (Vial)","damage_taken":0,"max_hp_gain":0,"max_hp_loss":0,"event_name":"Vampires","floor":22,"relics_lost":["Blood Vial"],"gold_loss":0,"cards_obtained":["Bite","Bite","Bite","Bite","Bite"]},{"damage_healed":0,"gold_gain":0,"player_choice":"","damage_taken":6,"max_hp_gain":0,"max_hp_loss":0,"event_name":"Knowing Skull","floor":25,"potions_obtained":[],"gold_loss":0,"cards_obtained":[]},{"damage_healed":0,"gold_gain":0,"player_choice":"Opened","damage_taken":0,"relics_obtained":["Ice Cream"],"max_hp_gain":0,"max_hp_loss":0,"event_name":"The Mausoleum","floor":31,"gold_loss":0,"cards_obtained":["Writhe"]},{"damage_healed":0,"gold_gain":0,"cards_transformed":["Defend_B"],"player_choice":"Transformed","damage_taken":0,"max_hp_gain":0,"max_hp_loss":0,"event_name":"Transmorgrifier","floor":39,"gold_loss":0,"cards_obtained":["Machine Learning"]}],"is_beta":false,"boss_relics":[{"not_picked":["Coffee Dripper","Runic Dome"],"picked":"Calling Bell"},{"not_picked":["Velvet Choker","Philosopher\u0027s Stone"],"picked":"Inserter"}],"items_purged_floors":[5,20,30,37],"is_endless":false,"potions_floor_spawned":[1,10,13,14,18,33,36,41,45,46],"ascension_level":6}}