{"host":"m6aaltr68g9tvoay","time":1610338897,"event":{"mods":["AchievementEnabler","BaseMod","Colored Map","Downfall","Minty Spire (QoL Compilation)","StSLib"],"gold_per_floor":[99,99,114,132,143,143,194,3,3,3,3,13,13,29,49,153,153,28,128,128,161,176,195,195,145,155,182,132,167,117,130,141,236,236,186,200,200,475,20,34,34,34,34,34,48,66,16,29,43,43],"floor_reached":51,"playtime":5605,"items_purged":["Regret"],"score":994,"play_id":"d6a60fc9-6ade-4481-a137-a7639c29f233","local_time":"20210110202137","is_ascension_mode":true,"campfire_choices":[{"floor":1,"key":"REST"},{"data":"Slimebound:Schlurp","floor":6,"key":"SMITH"},{"floor":9,"key":"RECALL"},{"data":"Slimebound:LivingWall","floor":11,"key":"SMITH"},{"data":"Slimebound:Equalize","floor":13,"key":"SMITH"},{"data":"Slimebound:Split","floor":18,"key":"SMITH"},{"data":"Slimebound:SpikyOuterGoop","floor":25,"key":"SMITH"},{"floor":28,"key":"REST"},{"data":"Slimebound:TongueLash","floor":30,"key":"SMITH"},{"data":"Slimebound:LeechLife","floor":35,"key":"SMITH"},{"floor":42,"key":"REST"},{"data":"Apotheosis","floor":44,"key":"SMITH"},{"floor":47,"key":"REST"}],"circlet_count":0,"master_deck":["AscendersBane","Slimebound:Strike_Slimebound","Slimebound:Strike_Slimebound","Slimebound:Defend_Slimebound","Slimebound:Defend_Slimebound","Slimebound:Defend_Slimebound","Slimebound:Defend_Slimebound+1","Slimebound:Split+1","Slimebound:CorrosiveSpit+1","Slimebound:LeechingTouch","Slimebound:Schlurp+1","Slimebound:LivingWall+1","Slimebound:Recollect","Slimebound:SlimeSpikes","Slimebound:Equalize+1","Slimebound:PressTheAttack","Slimebound:Nibble","Slimebound:MegaLick","Slimebound:Recycling","Slimebound:GoopSpray","Slimebound:FormOfPuddle","Slimebound:SpikyOuterGoop+1","Slimebound:TongueLash+1","Slimebound:GrowthPunch+1","Slimebound:LeechLife+1","CurseOfTheBell","Slimebound:SlimeSpikes+1","Slimebound:RainOfGoop","Apotheosis+1","Slimebound:AcidTongue"],"relics":["Slimebound:AbsorbEndCombatUpgraded","Bronze Scales","Slimebound:GreedOozeRelic","downfall:HeartBlessingRed","Red Mask","Toy Ornithopter","Darkstone Periapt","Lantern","Calling Bell","Ancient Tea Set","Pear","Calipers","Guardian:PocketSentry","War Paint"],"acts_visited":["Exordium","TheCity","TheBeyond"],"potions_floor_usage":[16,29,33,50],"damage_taken":[{"damage":7,"enemies":"2 Louse","floor":3,"turns":3},{"damage":9,"enemies":"Cultist","floor":4,"turns":4},{"damage":11,"enemies":"Jaw Worm","floor":5,"turns":4},{"damage":4,"enemies":"downfall:FleeingMerchant","floor":8,"turns":4},{"damage":9,"enemies":"Large Slime","floor":12,"turns":5},{"damage":3,"enemies":"3 Louse","floor":14,"turns":3},{"damage":17,"enemies":"Exordium Thugs","floor":15,"turns":3},{"damage":61,"enemies":"downfall:Defect","floor":16,"turns":9},{"damage":46,"enemies":"Masked Bandits","floor":21,"turns":5},{"damage":11,"enemies":"Chosen","floor":22,"turns":4},{"damage":19,"enemies":"Centurion and Healer","floor":23,"turns":5},{"damage":9,"enemies":"Snecko","floor":26,"turns":4},{"damage":39,"enemies":"Slavers","floor":27,"turns":4},{"damage":22,"enemies":"Gremlin Leader","floor":29,"turns":7},{"damage":29,"enemies":"Snake Plant","floor":31,"turns":3},{"damage":18,"enemies":"3 Cultists","floor":32,"turns":5},{"damage":85,"enemies":"downfall:Watcher","floor":33,"turns":10},{"damage":13,"enemies":"Orb Walker","floor":36,"turns":4},{"damage":2,"enemies":"downfall:FleeingMerchant","floor":39,"turns":4},{"damage":43,"enemies":"3 Darklings","floor":40,"turns":5},{"damage":28,"enemies":"Maw","floor":45,"turns":7},{"damage":36,"enemies":"Transient","floor":46,"turns":5},{"damage":23,"enemies":"Jaw Worm Horde","floor":48,"turns":4},{"damage":79,"enemies":"Sphere and 2 Shapes","floor":49,"turns":4},{"damage":137,"enemies":"downfall:Silent","floor":50,"turns":11}],"seed_played":"2055748124867233179","potions_obtained":[{"floor":12,"key":"BlessingOfTheForge"},{"floor":15,"key":"Ancient Potion"},{"floor":16,"key":"ColorlessPotion"},{"floor":21,"key":"Guardian:BlockOnCardUsePotion"},{"floor":29,"key":"Slimebound:SlimedPotion"},{"floor":33,"key":"FairyPotion"}],"is_trial":false,"path_per_floor":["R","?","M","M","M","R","T","$","R","?","R","M","R","M","M","B",null,"R","?","?","?","M","M","T","R","M","E","R","E","R","M","M","B",null,"R","M","?","?","$","M","T","R","?","R","M","M","R","M","M","B",null],"character_chosen":"SLIMEBOUND","items_purchased":["Slimebound:Equalize","FairyPotion","Apotheosis","Guardian:PocketSentry","Slimebound:AcidTongue"],"campfire_rested":4,"item_purchase_floors":[8,8,39,39,39],"current_hp_per_floor":[72,72,71,67,62,62,62,66,66,66,66,71,71,70,63,32,62,62,62,62,44,57,70,70,70,72,61,72,72,72,55,65,40,80,80,83,83,89,91,68,68,94,94,94,94,82,94,87,28,14],"gold":43,"neow_bonus":"TWENTY_PERCENT_HP_BONUS","is_daily":false,"chose_seed":false,"campfire_upgraded":8,"win_rate":0.0,"timestamp":1610338897,"path_taken":["R","?","M","?","M","R","T","$","R","?","R","M","R","M","M","BOSS","R","?","?","?","M","M","T","R","M","E","R","E","R","M","M","BOSS","R","M","?","?","$","?","T","R","?","R","M","M","R","M","M","BOSS"],"items_purchased_type":["Card","Potion","Card","Relic","Card"],"build_version":"2020-12-22","purchased_purges":1,"victory":true,"max_hp_per_floor":[72,72,72,72,72,72,72,72,72,72,72,72,72,72,72,72,72,72,72,72,72,72,72,72,72,72,72,72,72,72,72,72,72,88,88,88,88,94,94,94,94,94,94,94,94,94,94,94,94,94],"card_choices":[{"not_picked":["Slimebound:FinishingTackle","Slimebound:SpikyOuterGoop"],"picked":"Slimebound:Schlurp","floor":3},{"not_picked":["Slimebound:PressTheAttack","Slimebound:SlimeTap"],"picked":"Slimebound:LivingWall","floor":4},{"not_picked":["Slimebound:RollThrough","Slimebound:ViciousTackle"],"picked":"Slimebound:Recollect","floor":5},{"not_picked":["Slimebound:SlimeBrawl","Slimebound:ViciousTackle"],"picked":"Slimebound:SlimeSpikes","floor":8},{"not_picked":["Slimebound:FirmFortitude","Slimebound:SplitBruiser"],"picked":"Slimebound:PressTheAttack","floor":12},{"not_picked":["Slimebound:ItLooksTasty","Slimebound:FormOfPuddle"],"picked":"Slimebound:Nibble","floor":14},{"not_picked":["Slimebound:GrowthPunch","Slimebound:RollThrough"],"picked":"Slimebound:MegaLick","floor":15},{"not_picked":["Slimebound:Overexert","Slimebound:SlimeSlap"],"picked":"Slimebound:Recycling","floor":16},{"not_picked":["Slimebound:RollThrough+1","Slimebound:LeechEnergy"],"picked":"Slimebound:GoopSpray","floor":21},{"not_picked":["Slimebound:SplitBruiser","Slimebound:MegaLick"],"picked":"Slimebound:FormOfPuddle","floor":22},{"not_picked":["Slimebound:SplitMire","Slimebound:SplitBruiser"],"picked":"Slimebound:SpikyOuterGoop","floor":23},{"not_picked":["Slimebound:LeechingTouch","Slimebound:GoopSpray","Slimebound:SlimeSpikes"],"picked":"SKIP","floor":26},{"not_picked":["Slimebound:ViciousTackle","Slimebound:SplitMire"],"picked":"Slimebound:TongueLash","floor":27},{"not_picked":["Slimebound:LeechEnergy","Slimebound:ViciousTackle","Slimebound:FinishingTackle"],"picked":"SKIP","floor":29},{"not_picked":["Slimebound:LeechEnergy","Slimebound:SplitMire+1"],"picked":"Slimebound:GrowthPunch+1","floor":31},{"not_picked":["Slimebound:Overexert","Slimebound:ComboTackle","Slimebound:FinishingTackle"],"picked":"SKIP","floor":32},{"not_picked":["Slimebound:Recycling","Slimebound:Teamwork"],"picked":"Slimebound:LeechLife","floor":33},{"not_picked":["Slimebound:ComboTackle+1","Slimebound:Prepare"],"picked":"Slimebound:SlimeSpikes+1","floor":36},{"not_picked":["Slimebound:TongueLash+1","Slimebound:DuplicatedForm"],"picked":"Slimebound:RainOfGoop","floor":39},{"not_picked":["Slimebound:SplitBruiser","Slimebound:ComboTackle+1","Slimebound:ProtectTheBoss+1"],"picked":"SKIP","floor":40},{"not_picked":["Slimebound:Schlurp+1","Slimebound:LeechingTouch+1","Slimebound:ViciousTackle"],"picked":"SKIP","floor":45},{"not_picked":["Slimebound:Recollect","Slimebound:ItLooksTasty+1","Slimebound:LeechingTouch+1"],"picked":"SKIP","floor":46},{"not_picked":["Slimebound:SplitLeeching+1","Slimebound:SpikyOuterGoop","Slimebound:FirmFortitude"],"picked":"SKIP","floor":48},{"not_picked":["Slimebound:HungryTackle+1","Slimebound:ComboTackle","Slimebound:GoopSpray+1"],"picked":"SKIP","floor":49}],"player_experience":1755321,"relics_obtained":[{"floor":7,"key":"Bronze Scales"},{"floor":21,"key":"Red Mask"},{"floor":24,"key":"Toy Ornithopter"},{"floor":27,"key":"Darkstone Periapt"},{"floor":29,"key":"Lantern"},{"floor":34,"key":"Ancient Tea Set"},{"floor":34,"key":"Pear"},{"floor":34,"key":"Calipers"},{"floor":41,"key":"War Paint"}],"event_choices":[{"damage_healed":0,"gold_gain":0,"cards_transformed":["Slimebound:Tackle"],"player_choice":"Transformed","damage_taken":0,"max_hp_gain":0,"max_hp_loss":0,"event_name":"Transmorgrifier","floor":2,"gold_loss":0,"cards_obtained":["Slimebound:LeechingTouch"]},{"damage_healed":0,"gold_gain":0,"player_choice":"Fought Bandits","damage_taken":0,"max_hp_gain":0,"max_hp_loss":0,"event_name":"Masked Bandits","floor":21,"gold_loss":0},{"damage_healed":0,"gold_gain":0,"player_choice":"Ignored","damage_taken":0,"max_hp_gain":0,"max_hp_loss":0,"event_name":"Mysterious Sphere","floor":37,"gold_loss":0},{"cards_removed":["Slimebound:Strike_Slimebound"],"damage_healed":0,"gold_gain":0,"player_choice":"Offered Basic","damage_taken":0,"max_hp_gain":0,"max_hp_loss":0,"event_name":"Bonfire Elementals","floor":43,"gold_loss":0}],"is_beta":false,"boss_relics":[{"not_picked":["SlaversCollar","Black Star"],"picked":"Slimebound:AbsorbEndCombatUpgraded"},{"not_picked":["Pandora\u0027s Box","Runic Dome"],"picked":"Calling Bell"}],"items_purged_floors":[39],"is_endless":false,"potions_floor_spawned":[12,15,16,21,27,29,32,33,45],"ascension_level":10}}