{"host":"dfyfjscm69glluav","time":1610340431,"event":{"mods":["BaseMod","Minty Spire (QoL Compilation)","Replay The Spire","StSLib"],"gold_per_floor":[134,134,184,224,224,279,279,379,429,459,84,84,124,164,164,264,264,264,264],"floor_reached":18,"playtime":712,"items_purged":["Overencumbered"],"score":168,"play_id":"dde72bd4-020a-4280-a283-9e554904df2a","local_time":"20210111134711","daily_mods":["Allstar","ControlledChaos","Lethality"],"is_ascension_mode":false,"campfire_choices":[{"data":"Regret","floor":7.0,"key":"PURGE"},{"data":"Armaments","floor":12.0,"key":"SMITH"},{"data":"Panacea","floor":15.0,"key":"SMITH"}],"circlet_count":0,"master_deck":["Strike_R","Strike_R","Strike_R","Strike_R","Strike_R","Defend_R","Defend_R","Defend_R","Defend_R","Bash","Sadistic Nature","Panacea+1","Thinking Ahead","Good Instincts","HandOfGreed+1","Run Through","Languid","ReplayReversal","CommonCold","Decay","Flex","Armaments+1","ReplayTheSpireMod:Stacked","Languid","Feel No Pain","Hemogenesis"],"relics":["Black Blood","Frozen Eye","Ring of Greed","ReplayTheSpireMod:Ring of Challenge","Blue Doll","MealTicket","Peace Pipe","Replay:Accelerometer","Tiny Chest","Blue Candle","Lizard Tail"],"acts_visited":["Exordium","TheCity"],"potions_floor_usage":[],"damage_taken":[{"damage":3.0,"enemies":"Jaw Worm","floor":1.0,"turns":2.0},{"damage":8.0,"enemies":"2 Louse","floor":4.0,"turns":3.0},{"damage":19.0,"enemies":"Gremlin Nob","floor":6.0,"turns":4.0},{"damage":41.0,"enemies":"Lagavulin","floor":10.0,"turns":6.0},{"damage":9.0,"enemies":"Small Slimes","floor":13.0,"turns":3.0},{"damage":8.0,"enemies":"Red Slaver","floor":14.0,"turns":4.0},{"damage":40.0,"enemies":"Hexaghost","floor":16.0,"turns":9.0},{"damage":81,"enemies":"3 Byrds","floor":18,"turns":2}],"seed_played":"2608465768335268498","potions_obtained":[{"floor":4.0,"key":"LiquidBronze"},{"floor":6.0,"key":"Toxic Potion"},{"floor":14.0,"key":"ElixirPotion"}],"is_trial":false,"path_per_floor":["M","?","?","M","?","E","R","?","T","E","$","R","M","M","R","B",null,"M"],"character_chosen":"IRONCLAD","items_purchased":["Lizard Tail"],"campfire_rested":0,"item_purchase_floors":[11],"current_hp_per_floor":[80,80,80,78,78,65,65,65,65,30,45,45,42,40,40,46,80,0,0],"gold":264,"neow_bonus":"","is_daily":true,"chose_seed":false,"campfire_upgraded":2,"win_rate":0.0,"timestamp":1610340431,"path_taken":["M","?","?","M","?","E","R","?","T","E","$","R","M","?","R","BOSS","M"],"items_purchased_type":["Relic"],"build_version":"2020-12-22","purchased_purges":1,"victory":false,"max_hp_per_floor":[80,80,80,80,80,80,80,80,80,80,80,80,80,80,80,80,80,80,80],"card_choices":[{"not_picked":["Havoc","True Grit"],"picked":"Run Through","floor":1.0},{"not_picked":["Havoc","Heavy Blade"],"picked":"ReplayReversal","floor":4.0},{"not_picked":["Cleave","Body Slam"],"picked":"Flex","floor":6.0},{"not_picked":["Bludgeon","Wild Strike"],"picked":"Armaments","floor":10.0},{"not_picked":["ReplayTheSpireMod:Limb From Limb","Iron Wave"],"picked":"ReplayTheSpireMod:Stacked","floor":13.0},{"not_picked":["Thunderclap","Replay:Undeath\u0027s Touch"],"picked":"Feel No Pain","floor":14.0},{"not_picked":["Fiend Fire","Bludgeon"],"picked":"Hemogenesis","floor":16.0}],"player_experience":165074,"relics_obtained":[{"floor":3.0,"key":"Ring of Greed"},{"floor":3.0,"key":"ReplayTheSpireMod:Ring of Challenge"},{"floor":3.0,"key":"Blue Doll"},{"floor":3.0,"key":"MealTicket"},{"floor":6.0,"key":"Replay:Accelerometer"},{"floor":9.0,"key":"Tiny Chest"},{"floor":10.0,"key":"Blue Candle"}],"event_choices":[{"damage_healed":0.0,"max_hp_gain":0.0,"max_hp_loss":0.0,"gold_gain":0.0,"event_name":"Living Wall","player_choice":"Grow","floor":2.0,"gold_loss":0.0,"damage_taken":0.0,"cards_upgraded":["HandOfGreed"]},{"damage_healed":0.0,"max_hp_gain":0.0,"max_hp_loss":0.0,"gold_gain":0.0,"event_name":"Big Fish","player_choice":"Box","floor":5.0,"gold_loss":0.0,"damage_taken":0.0,"relics_obtained":["Peace Pipe"],"cards_obtained":["Regret"]},{"damage_healed":0.0,"max_hp_gain":0.0,"max_hp_loss":0.0,"gold_gain":100.0,"event_name":"Golden Shrine","player_choice":"Pray","floor":8.0,"gold_loss":0.0,"damage_taken":0.0}],"is_beta":false,"boss_relics":[{"not_picked":["SacredBark","Runic Cube"],"picked":"Black Blood"}],"items_purged_floors":[11],"is_endless":false,"potions_floor_spawned":[4,6,14],"killed_by":"3 Byrds","ascension_level":0}}