{"host":"ktoxvvst1mwxww91","time":1610390980,"event":{"mods":["BaseMod","Hermit","Minty Spire (QoL Compilation)","StSLib","The Blackbeard","The Hierophant","The Mystic","The Necromancer"],"gold_per_floor":[116,191,191,191,191,217,232,266,293,305,305,324,324,354,354,449,449,459,459,459,484,500,500,514,514,538,538,587,221,246,161,161,281,281,309,309,341,30,30,30,63,108,108,138,203,203,237,40,40,40,40,40],"floor_reached":50,"playtime":2038,"items_purged":["blackbeard:BlackbeardStrike","blackbeard:BlackbeardStrike","blackbeard:BlackbeardStrike"],"score":659,"play_id":"0c7aaa77-9c9e-46ba-bfc0-4e2d7788e316","local_time":"20210111194940","is_ascension_mode":true,"campfire_choices":[{"floor":11,"key":"REST"},{"floor":13,"key":"REST"},{"data":"blackbeard:BeatUp","floor":15,"key":"SMITH"},{"data":"Ghostly","floor":23,"key":"SMITH"},{"floor":25,"key":"REST"},{"data":"Ghostly","floor":27,"key":"SMITH"},{"floor":32,"key":"REST"},{"data":"Ghostly","floor":40,"key":"SMITH"},{"data":"Ghostly","floor":46,"key":"SMITH"},{"floor":49,"key":"RECALL"}],"circlet_count":0,"master_deck":["blackbeard:IntimidatingStrike+1","blackbeard:BlackbeardDefend","blackbeard:BlackbeardDefend","blackbeard:BlackbeardDefend","blackbeard:BlackbeardDefend+1","blackbeard:Cutlass+1","blackbeard:BlindAttacks","blackbeard:GoldenStrike","blackbeard:Sword","blackbeard:BeatUp+1","blackbeard:Spear","blackbeard:CloakAndCannonball","blackbeard:WiseDefense","blackbeard:FinalBarrage","blackbeard:Shrapnel+1","Ghostly+1","Ghostly+1","Ghostly","Ghostly+1","Ghostly+1","blackbeard:CloakAndCannonball","blackbeard:DoubleCannonball+1","blackbeard:WiseDefense","blackbeard:Rum","blackbeard:Rum","blackbeard:UndeadForm","blackbeard:Sword","Madness","Madness","blackbeard:FieryDefense+1","blackbeard:Halberd","blackbeard:GoldenDefense+1","blackbeard:GoldenDefense","blackbeard:CloakAndCannonball+1","blackbeard:FishingNets+1","Parasite","blackbeard:CloakAndCannonball+1"],"relics":["blackbeard:LoadTheCannons","NeowsBlessing","Strawberry","Centennial Puzzle","Oddly Smooth Stone","blackbeard:WhitePearl","Anchor","Philosopher\u0027s Stone","Enchiridion","Red Mask","blackbeard:TreasureChest","Toy Ornithopter","MealTicket","Bag of Preparation","SlaversCollar","HandDrill","HornCleat","blackbeard:MagicalCauldron"],"acts_visited":["Exordium","TheCity","TheBeyond"],"potions_floor_usage":[14,16,16,22,30,33,33,41,50,50,50],"damage_taken":[{"damage":0,"enemies":"2 Louse","floor":1,"turns":1},{"damage":0,"enemies":"3 Sentries","floor":6,"turns":1},{"damage":0,"enemies":"Small Slimes","floor":7,"turns":1},{"damage":31,"enemies":"Lagavulin","floor":8,"turns":4},{"damage":0,"enemies":"Cultist","floor":10,"turns":1},{"damage":0,"enemies":"Exordium Thugs","floor":12,"turns":3},{"damage":15,"enemies":"3 Sentries","floor":14,"turns":5},{"damage":4,"enemies":"Hexaghost","floor":16,"turns":6},{"damage":0,"enemies":"Chosen","floor":18,"turns":2},{"damage":4,"enemies":"Masked Bandits","floor":21,"turns":5},{"damage":0,"enemies":"3 Byrds","floor":22,"turns":4},{"damage":16,"enemies":"Snecko","floor":24,"turns":4},{"damage":9,"enemies":"Gremlin Leader","floor":28,"turns":5},{"damage":3,"enemies":"3 Cultists","floor":30,"turns":4},{"damage":33,"enemies":"Automaton","floor":33,"turns":7},{"damage":0,"enemies":"3 Shapes","floor":35,"turns":3},{"damage":2,"enemies":"3 Darklings","floor":37,"turns":6},{"damage":1,"enemies":"Sphere and 2 Shapes","floor":41,"turns":8},{"damage":9,"enemies":"Giant Head","floor":42,"turns":9},{"damage":0,"enemies":"Maw","floor":44,"turns":8},{"damage":0,"enemies":"Mind Bloom Boss Battle","floor":45,"turns":6},{"damage":5,"enemies":"Writhing Mass","floor":47,"turns":4},{"damage":49,"enemies":"Awakened One","floor":50,"turns":9}],"seed_played":"-6887903177765749763","potions_obtained":[{"floor":8,"key":"Energy Potion"},{"floor":10,"key":"PowerPotion"},{"floor":14,"key":"AttackPotion"},{"floor":18,"key":"FairyPotion"},{"floor":21,"key":"EssenceOfSteel"},{"floor":30,"key":"LiquidMemories"},{"floor":37,"key":"blackbeard:RumPotion"},{"floor":44,"key":"AttackPotion"}],"is_trial":false,"path_per_floor":["M","?","?","?","?","E","M","E","T","M","R","M","R","E","R","B",null,"M","?","?","?","M","R","M","R","T","R","E","$","M","?","R","B",null,"M","?","M","$","?","R","M","E","T","M","?","R","M","$","R","B"],"character_chosen":"BLACKBEARD_CLASS","items_purchased":["blackbeard:Rum","SpeedPotion","Explosive Potion","MealTicket","HandDrill","blackbeard:Halberd","LiquidBronze"],"campfire_rested":4,"item_purchase_floors":[29,29,29,29,38,38,48],"current_hp_per_floor":[75,64,64,48,48,48,48,17,17,17,41,41,65,50,50,46,82,82,41,25,21,21,21,5,17,17,17,8,8,10,10,22,12,41,41,36,34,41,41,41,41,32,32,32,32,32,27,41,41,0,0,0],"gold":40,"neow_bonus":"THREE_ENEMY_KILL","is_daily":false,"chose_seed":false,"campfire_upgraded":5,"win_rate":0.0,"timestamp":1610390980,"path_taken":["M","?","?","?","?","E","M","E","T","?","R","M","R","E","R","BOSS","M","?","?","?","M","R","M","R","T","R","E","$","M","?","R","BOSS","M","?","M","$","?","R","M","E","T","M","?","R","M","$","R","BOSS"],"items_purchased_type":["Card","Potion","Potion","Relic","Relic","Card","Potion"],"build_version":"2020-12-22","purchased_purges":3,"victory":false,"max_hp_per_floor":[75,75,82,82,82,82,82,82,82,82,82,82,82,82,82,82,82,82,41,41,41,41,41,41,41,41,41,41,41,41,41,41,41,41,41,41,41,41,41,41,41,41,41,41,41,41,41,41,41,41,41,41],"card_choices":[{"not_picked":["blackbeard:DeadlyArsenal","blackbeard:PiratesWill"],"picked":"blackbeard:BlindAttacks","floor":1},{"not_picked":["blackbeard:Scrap","blackbeard:TerrorOfTheSeas"],"picked":"blackbeard:GoldenStrike","floor":6},{"not_picked":["blackbeard:JollyRoger","blackbeard:Provisioning"],"picked":"blackbeard:Sword","floor":7},{"not_picked":["blackbeard:Dagger","blackbeard:DelayedPain"],"picked":"blackbeard:BeatUp","floor":8},{"not_picked":["blackbeard:CloakAndCannonball","blackbeard:FieryDefense"],"picked":"blackbeard:Spear","floor":10},{"not_picked":["blackbeard:FishingNets","blackbeard:TerrorOfTheSeas"],"picked":"blackbeard:CloakAndCannonball","floor":12},{"not_picked":["blackbeard:Revenge","blackbeard:Upgrade"],"picked":"blackbeard:WiseDefense","floor":14},{"not_picked":["blackbeard:GoldenGuillotine","blackbeard:Murder"],"picked":"blackbeard:FinalBarrage","floor":16},{"not_picked":["blackbeard:Bandana+1","blackbeard:RearmingStrike"],"picked":"blackbeard:Shrapnel+1","floor":18},{"not_picked":["blackbeard:SwordDance","blackbeard:JollyRoger"],"picked":"blackbeard:CloakAndCannonball","floor":21},{"not_picked":["blackbeard:ArmorUp","blackbeard:Sharpening"],"picked":"blackbeard:DoubleCannonball+1","floor":22},{"not_picked":["blackbeard:Shrapnel+1","blackbeard:Sharpening","blackbeard:Fencing"],"picked":"SKIP","floor":24},{"not_picked":["blackbeard:GoldenStrike","blackbeard:PiratesWill"],"picked":"blackbeard:WiseDefense","floor":28},{"not_picked":["blackbeard:GoldenDefense","blackbeard:Spear+1"],"picked":"blackbeard:Rum","floor":30},{"not_picked":["blackbeard:Parrot","blackbeard:MegaUpgrade"],"picked":"blackbeard:UndeadForm","floor":33},{"not_picked":["blackbeard:Anchor","blackbeard:JollyRoger"],"picked":"blackbeard:Sword","floor":35},{"not_picked":["blackbeard:CloakAndCannonball","blackbeard:WoodenLeg"],"picked":"blackbeard:FieryDefense+1","floor":37},{"not_picked":["blackbeard:Sharpening+1","blackbeard:JollyRoger"],"picked":"blackbeard:GoldenDefense+1","floor":41},{"not_picked":["blackbeard:Parrot","blackbeard:RearmingStrike+1"],"picked":"blackbeard:GoldenDefense","floor":42},{"not_picked":["blackbeard:JollyRoger+1","blackbeard:PowderKeg"],"picked":"blackbeard:CloakAndCannonball+1","floor":44},{"not_picked":["blackbeard:WeaponProficiency","blackbeard:BeatUp"],"picked":"blackbeard:FishingNets+1","floor":45},{"not_picked":["blackbeard:GoldenStrike","blackbeard:PirateHook"],"picked":"blackbeard:CloakAndCannonball+1","floor":47}],"player_experience":1004184,"relics_obtained":[{"floor":6,"key":"Centennial Puzzle"},{"floor":8,"key":"Oddly Smooth Stone"},{"floor":9,"key":"blackbeard:WhitePearl"},{"floor":14,"key":"Anchor"},{"floor":20,"key":"Enchiridion"},{"floor":21,"key":"Red Mask"},{"floor":26,"key":"blackbeard:TreasureChest"},{"floor":28,"key":"Toy Ornithopter"},{"floor":42,"key":"HornCleat"},{"floor":45,"key":"blackbeard:MagicalCauldron"}],"event_choices":[{"damage_healed":0,"gold_gain":75,"player_choice":"Gather Gold","damage_taken":11,"max_hp_gain":0,"max_hp_loss":0,"event_name":"World of Goop","floor":2,"gold_loss":0},{"damage_healed":0,"gold_gain":0,"player_choice":"Success","damage_taken":7,"relics_obtained":["Strawberry"],"max_hp_gain":0,"max_hp_loss":0,"event_name":"Scrap Ooze","floor":3,"gold_loss":0},{"damage_healed":0,"gold_gain":0,"player_choice":"Entered Light","damage_taken":16,"max_hp_gain":0,"max_hp_loss":0,"event_name":"Shining Light","floor":4,"gold_loss":0,"cards_upgraded":["blackbeard:BlackbeardDefend","blackbeard:IntimidatingStrike"]},{"damage_healed":0,"gold_gain":0,"player_choice":"Upgraded","damage_taken":0,"max_hp_gain":0,"max_hp_loss":0,"event_name":"Upgrade Shrine","floor":5,"gold_loss":0,"cards_upgraded":["blackbeard:Cutlass"]},{"damage_healed":0,"gold_gain":0,"player_choice":"Became a Ghost","damage_taken":0,"max_hp_gain":0,"max_hp_loss":41,"event_name":"Ghosts","floor":19,"gold_loss":0,"cards_obtained":["Ghostly","Ghostly","Ghostly","Ghostly","Ghostly"]},{"damage_healed":0,"gold_gain":0,"player_choice":"Obtained Book","damage_taken":16,"max_hp_gain":0,"max_hp_loss":0,"event_name":"Cursed Tome","floor":20,"gold_loss":0},{"damage_healed":0,"gold_gain":0,"player_choice":"Fought Bandits","damage_taken":0,"max_hp_gain":0,"max_hp_loss":0,"event_name":"Masked Bandits","floor":21,"gold_loss":0},{"damage_healed":0,"gold_gain":0,"player_choice":"Obtained Relic","damage_taken":0,"relics_obtained":["Bag of Preparation"],"max_hp_gain":0,"max_hp_loss":0,"event_name":"Addict","floor":31,"gold_loss":85},{"damage_healed":0,"gold_gain":0,"player_choice":"Embrace Madness","damage_taken":5,"max_hp_gain":0,"max_hp_loss":0,"event_name":"Winding Halls","floor":36,"gold_loss":0,"cards_obtained":["Madness","Madness"]},{"cards_removed":["blackbeard:BlackbeardStrike"],"damage_healed":0,"gold_gain":0,"player_choice":"Removed Attack","damage_taken":0,"max_hp_gain":0,"max_hp_loss":0,"event_name":"Falling","floor":39,"gold_loss":0},{"damage_healed":0,"gold_gain":0,"player_choice":"Fight","damage_taken":0,"max_hp_gain":0,"max_hp_loss":0,"event_name":"MindBloom","floor":45,"gold_loss":0}],"is_beta":false,"boss_relics":[{"not_picked":["Empty Cage","Black Star"],"picked":"Philosopher\u0027s Stone"},{"not_picked":["Coffee Dripper","Calling Bell"],"picked":"SlaversCollar"}],"items_purged_floors":[29,38,48],"is_endless":false,"potions_floor_spawned":[8,10,14,18,21,30,37,44],"killed_by":"Awakened One","ascension_level":2}}