{"host":"63rwe7p34ct1i0qu","time":1610336626,"event":{"mods":["BaseMod","Colored Map","DeckTracker","Minty Spire (QoL Compilation)","Permanent Neow","Quick Restart","StSLib"],"gold_per_floor":[114,129,144,159,174,174,204,204,254,284,299,329,329,329,329,429,429,444,459,374,67,67,82,97,112,162,162,177,177,177,0,0,100,100,115,165,15,15,30,60,75,75,75,15,15,15,15,30,30,30],"floor_reached":51,"playtime":1585,"items_purged":["Strike_R"],"score":897,"play_id":"d58cce19-8467-4181-b11b-26b8f1446e84","local_time":"20210111124346","daily_mods":["Allstar","ControlledChaos","Lethality"],"is_ascension_mode":false,"campfire_choices":[{"data":"Apotheosis","floor":6.0,"key":"SMITH"},{"data":"Body Slam","floor":13.0,"key":"SMITH"},{"data":"Mayhem","floor":15.0,"key":"SMITH"},{"floor":27.0,"key":"REST"},{"floor":32.0,"key":"REST"},{"floor":42.0,"key":"REST"},{"floor":49.0,"key":"REST"}],"circlet_count":0,"master_deck":["Strike_R","Defend_R","Defend_R","Defend_R","Defend_R","Bash","Mayhem+1","Panacea","Apotheosis+1","Good Instincts","Metamorphosis","Shrug It Off","Body Slam+1","Limit Break","Second Wind","Brutality+1","Battle Trance+1","Heavy Blade+1","Impervious","Evolve+1","Ghostly Armor+1","Corruption+1","Feed"],"relics":["Black Blood","Frozen Eye","Magic Flower","Potion Belt","Sundial","Frozen Egg 2","Fusion Hammer","Akabeko","Pen Nib","Enchiridion","Unceasing Top","Lee\u0027s Waffle","Juzu Bracelet","StrikeDummy"],"acts_visited":["Exordium","TheCity","TheBeyond"],"potions_floor_usage":[50],"damage_taken":[{"damage":3.0,"enemies":"Jaw Worm","floor":1.0,"turns":3.0},{"damage":7.0,"enemies":"2 Louse","floor":2.0,"turns":4.0},{"damage":0.0,"enemies":"Small Slimes","floor":3.0,"turns":3.0},{"damage":3.0,"enemies":"Red Slaver","floor":4.0,"turns":3.0},{"damage":12.0,"enemies":"Looter","floor":5.0,"turns":4.0},{"damage":2.0,"enemies":"Gremlin Nob","floor":7.0,"turns":3.0},{"damage":10.0,"enemies":"Lagavulin","floor":10.0,"turns":4.0},{"damage":5.0,"enemies":"2 Fungi Beasts","floor":11.0,"turns":4.0},{"damage":32.0,"enemies":"Gremlin Nob","floor":12.0,"turns":4.0},{"damage":51.0,"enemies":"Hexaghost","floor":16.0,"turns":5.0},{"damage":18.0,"enemies":"Chosen","floor":18.0,"turns":3.0},{"damage":78.0,"enemies":"3 Byrds","floor":19.0,"turns":4.0},{"damage":1.0,"enemies":"Snake Plant","floor":23.0,"turns":2.0},{"damage":4.0,"enemies":"Chosen and Byrds","floor":24.0,"turns":3.0},{"damage":15.0,"enemies":"Shelled Parasite and Fungi","floor":25.0,"turns":3.0},{"damage":26.0,"enemies":"Sentry and Sphere","floor":28.0,"turns":4.0},{"damage":10.0,"enemies":"Automaton","floor":33.0,"turns":5.0},{"damage":29.0,"enemies":"3 Shapes","floor":35.0,"turns":4.0},{"damage":43.0,"enemies":"Mind Bloom Boss Battle","floor":36.0,"turns":6.0},{"damage":22.0,"enemies":"3 Darklings","floor":39.0,"turns":5.0},{"damage":86.0,"enemies":"Reptomancer","floor":40.0,"turns":5.0},{"damage":46.0,"enemies":"Jaw Worm Horde","floor":41.0,"turns":4.0},{"damage":6.0,"enemies":"Sphere and 2 Shapes","floor":48.0,"turns":4.0},{"damage":55,"enemies":"Time Eater","floor":50,"turns":4}],"seed_played":"2608465768335268498","potions_obtained":[{"floor":2.0,"key":"GamblersBrew"},{"floor":3.0,"key":"DuplicationPotion"},{"floor":5.0,"key":"DistilledChaos"},{"floor":10.0,"key":"Swift Potion"},{"floor":12.0,"key":"Regen Potion"},{"floor":19.0,"key":"SteroidPotion"},{"floor":28.0,"key":"SkillPotion"},{"floor":40.0,"key":"ElixirPotion"}],"is_trial":false,"path_per_floor":["M","M","M","M","M","R","E","?","T","E","M","E","R","?","R","B",null,"M","M","?","$","?","M","M","M","T","R","M","?","?","?","R","B",null,"M","?","$","?","M","E","M","R","T","?","$","?","?","M","R","B",null],"character_chosen":"IRONCLAD","items_purchased":["Battle Trance","FairyPotion","BloodPotion","Lee\u0027s Waffle"],"campfire_rested":4,"item_purchase_floors":[21,21,21,37],"current_hp_per_floor":[80,79,80,80,74,74,78,78,78,77,80,57,57,62,62,20,85,76,26,26,43,43,51,56,50,50,75,58,42,26,26,53,52,90,79,54,97,97,93,25,43,72,72,72,72,72,72,84,97,60],"gold":30,"neow_bonus":"","is_daily":true,"chose_seed":false,"campfire_upgraded":3,"win_rate":0.0,"timestamp":1610336626,"path_taken":["M","M","M","M","M","R","E","?","T","E","M","E","R","?","R","BOSS","M","M","?","$","?","M","M","M","T","R","?","?","?","?","R","BOSS","M","?","$","?","?","E","M","R","T","?","$","?","?","M","R","BOSS"],"items_purchased_type":["Card","Potion","Potion","Relic"],"build_version":"2020-12-22","purchased_purges":1,"victory":true,"max_hp_per_floor":[80,80,80,80,80,80,80,80,80,80,80,80,80,85,85,85,85,85,85,85,85,85,85,85,85,85,85,85,85,90,90,90,90,90,90,90,97,97,97,97,97,97,97,97,97,97,97,97,97,97],"card_choices":[{"not_picked":["Anger","Warcry","Sword Boomerang"],"picked":"SKIP","floor":1.0},{"not_picked":["Metallicize","Warcry"],"picked":"Headbutt","floor":2.0},{"not_picked":["Cleave","Intimidate","Flex"],"picked":"SKIP","floor":3.0},{"not_picked":["Armaments","Twin Strike"],"picked":"Shrug It Off","floor":4.0},{"not_picked":["True Grit","Anger","Fiend Fire"],"picked":"SKIP","floor":5.0},{"not_picked":["Uppercut","Twin Strike"],"picked":"Body Slam","floor":7.0},{"not_picked":["Spot Weakness","Body Slam"],"picked":"Limit Break","floor":10.0},{"not_picked":["Iron Wave","Rupture","Clash"],"picked":"SKIP","floor":11.0},{"not_picked":["True Grit","Clothesline"],"picked":"Second Wind","floor":12.0},{"not_picked":["Exhume","Bludgeon"],"picked":"Brutality+1","floor":16.0},{"not_picked":["Intimidate+1","Thunderclap","Clash"],"picked":"SKIP","floor":18.0},{"not_picked":["Body Slam","Flex","Twin Strike"],"picked":"SKIP","floor":19.0},{"not_picked":["Headbutt+1","Uppercut","Second Wind"],"picked":"SKIP","floor":23.0},{"not_picked":["Shockwave","Headbutt+1"],"picked":"Heavy Blade+1","floor":24.0},{"not_picked":["Sword Boomerang","Pommel Strike","Body Slam"],"picked":"SKIP","floor":25.0},{"not_picked":["Havoc","Iron Wave","Heavy Blade"],"picked":"SKIP","floor":28.0},{"not_picked":["Exhume","Limit Break"],"picked":"Impervious","floor":33.0},{"not_picked":["Twin Strike+1","Carnage+1"],"picked":"Evolve+1","floor":35.0},{"not_picked":["Body Slam+1","Warcry+1"],"picked":"Ghostly Armor+1","floor":39.0},{"not_picked":["Uppercut","Body Slam","Hemokinesis"],"picked":"SKIP","floor":40.0},{"not_picked":["Rupture+1","Cleave+1","Spot Weakness"],"picked":"SKIP","floor":41.0},{"not_picked":["Wild Strike+1","Havoc+1","Twin Strike+1"],"picked":"SKIP","floor":48.0}],"player_experience":837261,"relics_obtained":[{"floor":7.0,"key":"Magic Flower"},{"floor":9.0,"key":"Potion Belt"},{"floor":10.0,"key":"Sundial"},{"floor":12.0,"key":"Frozen Egg 2"},{"floor":26.0,"key":"Pen Nib"},{"floor":29.0,"key":"Enchiridion"},{"floor":36.0,"key":"Unceasing Top"},{"floor":40.0,"key":"Juzu Bracelet"},{"floor":43.0,"key":"StrikeDummy"}],"event_choices":[{"damage_healed":0.0,"max_hp_gain":0.0,"max_hp_loss":0.0,"gold_gain":0.0,"event_name":"Liars Game","player_choice":"Ignored","floor":8.0,"gold_loss":0.0,"damage_taken":0.0},{"damage_healed":0.0,"max_hp_gain":5.0,"max_hp_loss":0.0,"gold_gain":0.0,"event_name":"Big Fish","player_choice":"Donut","floor":14.0,"gold_loss":0.0,"damage_taken":0.0},{"damage_healed":0.0,"max_hp_gain":0.0,"max_hp_loss":0.0,"gold_gain":0.0,"event_name":"Addict","player_choice":"Obtained Relic","floor":20.0,"gold_loss":85.0,"damage_taken":0.0,"relics_obtained":["Akabeko"]},{"damage_healed":0.0,"max_hp_gain":0.0,"max_hp_loss":0.0,"gold_gain":0.0,"event_name":"Upgrade Shrine","player_choice":"Upgraded","floor":22.0,"gold_loss":0.0,"damage_taken":0.0,"cards_upgraded":["Battle Trance"]},{"damage_healed":0.0,"max_hp_gain":0.0,"max_hp_loss":0.0,"gold_gain":0.0,"event_name":"Cursed Tome","player_choice":"Obtained Book","floor":29.0,"gold_loss":0.0,"damage_taken":16.0},{"damage_healed":0.0,"max_hp_gain":5.0,"max_hp_loss":0.0,"gold_gain":0.0,"event_name":"Forgotten Altar","player_choice":"Shed Blood","floor":30.0,"gold_loss":0.0,"damage_taken":21.0},{"damage_healed":0.0,"max_hp_gain":0.0,"max_hp_loss":0.0,"gold_gain":0.0,"event_name":"Masked Bandits","player_choice":"Paid Fearfully","floor":31.0,"gold_loss":177.0,"damage_taken":0.0},{"damage_healed":0.0,"max_hp_gain":0.0,"max_hp_loss":0.0,"gold_gain":0.0,"event_name":"MindBloom","player_choice":"Fight","floor":36.0,"gold_loss":0.0,"damage_taken":0.0},{"cards_removed":["Headbutt"],"damage_healed":0.0,"max_hp_gain":0.0,"max_hp_loss":0.0,"gold_gain":0.0,"event_name":"Falling","player_choice":"Removed Attack","floor":38.0,"gold_loss":0.0,"damage_taken":0.0},{"damage_healed":0.0,"max_hp_gain":0.0,"max_hp_loss":0.0,"gold_gain":0.0,"cards_transformed":["Strike_R","Strike_R"],"event_name":"Designer","player_choice":"Transformed Cards","floor":44.0,"gold_loss":60.0,"damage_taken":0.0,"cards_obtained":["Corruption","Feed"]},{"damage_healed":0.0,"max_hp_gain":0.0,"max_hp_loss":0.0,"gold_gain":0.0,"event_name":"SensoryStone","player_choice":"Memory 1","floor":46.0,"gold_loss":0.0,"damage_taken":0.0},{"cards_removed":["Strike_R"],"damage_healed":0.0,"max_hp_gain":0.0,"max_hp_loss":0.0,"gold_gain":0.0,"event_name":"Bonfire Elementals","player_choice":"Offered Basic","floor":47.0,"gold_loss":0.0,"damage_taken":0.0}],"is_beta":false,"boss_relics":[{"not_picked":["Runic Dome","Calling Bell"],"picked":"Fusion Hammer"},{"not_picked":["Sozu","Velvet Choker"],"picked":"Black Blood"}],"items_purged_floors":[21],"is_endless":false,"potions_floor_spawned":[2,3,5,10,12,19,28,40],"ascension_level":0}}