{"host":"obplhmlw33xb91v8","time":1610362813,"event":{"mods":["BaseMod","Block Reminder","Curses Come First","Evolution","Minty Spire (QoL Compilation)","Quick Restart","Relic Stats","Spicy Shops","StSLib","Uncapped","Waifu the Spire","slay the spire mod where everything is the same but ironclad has a cowboy hat"],"gold_per_floor":[116,116,131,146,163,163,163],"floor_reached":6,"playtime":240,"items_purged":[],"score":44,"play_id":"096514a4-d538-4762-91f4-9fb9b90fe435","local_time":"20210111060013","is_ascension_mode":true,"campfire_choices":[],"circlet_count":0,"master_deck":["Strike_B","Strike_B","Strike_B","Defend_B","Defend_B","Defend_B","Defend_B","Zap","Dualcast","Chaos","Compile Driver","Self Repair"],"relics":["EVO:Axolotl","Inserter"],"acts_visited":["Exordium"],"potions_floor_usage":[],"damage_taken":[{"damage":1,"enemies":"2 Louse","floor":1,"turns":2},{"damage":5,"enemies":"Cultist","floor":3,"turns":4},{"damage":7,"enemies":"Jaw Worm","floor":4,"turns":3},{"damage":50,"enemies":"Lots of Slimes","floor":5,"turns":6},{"damage":20,"enemies":"3 Sentries","floor":6,"turns":4}],"seed_played":"399252778832787711","potions_obtained":[{"floor":1,"key":"Ancient Potion"}],"is_trial":false,"path_per_floor":["M","?","M","M","M","E"],"character_chosen":"DEFECT","items_purchased":[],"campfire_rested":0,"item_purchase_floors":[],"current_hp_per_floor":[74,74,69,62,19,0,0],"gold":163,"neow_bonus":"BOSS_RELIC","is_daily":false,"chose_seed":false,"campfire_upgraded":0,"win_rate":0.0,"timestamp":1610362813,"path_taken":["M","?","M","M","M","E"],"items_purchased_type":[],"build_version":"2020-12-22","purchased_purges":0,"victory":false,"max_hp_per_floor":[75,75,75,75,75,75,75],"relic_stats":{"Inserter":[9],"counters":[5,19],"obtain_stats":[{"Inserter":0,"EVO:Axolotl":0,"Cracked Core":0},{"Inserter":0,"EVO:Axolotl":0,"Cracked Core":0},{"Inserter":0,"EVO:Axolotl":0,"Cracked Core":0}]},"card_choices":[{"not_picked":["Rip and Tear","Redo","Gash"],"picked":"SKIP","floor":1},{"not_picked":["Hologram","Stack"],"picked":"Compile Driver","floor":3},{"not_picked":["Compile Driver","Barrage"],"picked":"Self Repair","floor":4},{"not_picked":["Rebound","FTL","Gash"],"picked":"SKIP","floor":5}],"player_experience":163882,"relics_obtained":[],"event_choices":[{"damage_healed":0,"gold_gain":0,"cards_transformed":["Strike_B"],"player_choice":"Transformed","damage_taken":0,"max_hp_gain":0,"max_hp_loss":0,"event_name":"Transmorgrifier","floor":2,"gold_loss":0,"cards_obtained":["Chaos"]}],"is_beta":false,"boss_relics":[],"items_purged_floors":[],"is_endless":false,"potions_floor_spawned":[1],"killed_by":"3 Sentries","ascension_level":3}}