{"host":"w05x4i13f2m9joq1","time":1610329944,"event":{"mods":["Act Like it!","BaseMod","Colored Map","Colored Powertips","Duelist Mod","GifTheSpireLib","Googly Eyes","Marisa????????","Minty Spire (QoL Compilation)","StSLib"],"gold_per_floor":[135,135,152,172,24,55,74,105,131,147,176,233,245,271,283,391,403,425,42,58,58,72,72,72],"floor_reached":23,"playtime":2025,"items_purged":[],"score":287,"play_id":"c0be46f2-f042-4924-8e20-cc8ee9c45013","local_time":"20210110205224","is_ascension_mode":true,"campfire_choices":[{"data":"theDuelist:Wiretap","floor":15,"key":"SMITH"}],"circlet_count":0,"master_deck":["theDuelist:CastleWalls","theDuelist:CastleWalls","theDuelist:DarkMagician","theDuelist:MysticalElf","theDuelist:MysticalElf","theDuelist:NeoMagic","theDuelist:NeoMagic","theDuelist:Sparks","theDuelist:Sparks","theDuelist:HellfireOrbCard","theDuelist:WhiteMagicalHat","theDuelist:Wiretap+1","theDuelist:ExodiaLA","theDuelist:InjectionFairy","theDuelist:InjectionFairy","theDuelist:MindAir+1","theDuelist:ThousandEyesIdol","theDuelist:ExodiaRA","theDuelist:InjectionFairy","theDuelist:GrandSpellbookTower","theDuelist:RainbowKuriboh","theDuelist:DarkHorizon+1","theDuelist:ExodiaRL","theDuelist:InjectionFairy","theDuelist:LightningRodLord+1"],"relics":["theDuelist:MillenniumPuzzle","theDuelist:CardPoolRelic","theDuelist:CardPoolBasicRelic","theDuelist:BoosterPackPoolRelic","theDuelist:CardPoolAddRelic","theDuelist:CardPoolMinusRelic","theDuelist:CardPoolSaveRelic","theDuelist:CardPoolOptionsRelic","Regal Pillow","PreservedInsect","Blue Candle","Nunchaku","Centennial Puzzle","Omamori","MawBank","Question Card","Cursed Key","Bag of Preparation","HandDrill","theDuelist:CursedHealer"],"acts_visited":["Exordium","TheCity"],"potions_floor_usage":[12,12,16,16,22],"damage_taken":[{"damage":4,"enemies":"Small Slimes","floor":1,"turns":4},{"damage":2,"enemies":"Cultist","floor":3,"turns":3},{"damage":0,"enemies":"Jaw Worm","floor":4,"turns":4},{"damage":8,"enemies":"Lagavulin","floor":6,"turns":6},{"damage":0,"enemies":"Blue Slaver","floor":7,"turns":3},{"damage":0,"enemies":"Gremlin Nob","floor":8,"turns":4},{"damage":7,"enemies":"Red Slaver","floor":10,"turns":4},{"damage":15,"enemies":"3 Sentries","floor":11,"turns":6},{"damage":20,"enemies":"Gremlin Nob","floor":12,"turns":4},{"damage":0,"enemies":"Looter","floor":14,"turns":4},{"damage":58,"enemies":"The Guardian","floor":16,"turns":12},{"damage":49,"enemies":"3 Byrds","floor":18,"turns":6},{"damage":0,"enemies":"Spheric Guardian","floor":20,"turns":3},{"damage":23,"enemies":"Snake Plant","floor":22,"turns":5},{"damage":90,"enemies":"Gremlin Leader","floor":23,"turns":11}],"seed_played":"-688536792777484688","potions_obtained":[{"floor":1,"key":"theDuelist:FusionPotion"},{"floor":4,"key":"Fire Potion"},{"floor":10,"key":"Ancient Potion"},{"floor":12,"key":"theDuelist:LavaBottle"},{"floor":16,"key":"theDuelist:OrbBottle"},{"floor":18,"key":"theDuelist:TokenPotion"}],"is_trial":false,"path_per_floor":["M","?","M","M","$","E","M","E","T","M","E","?","T","M","R","B",null,"M","$","M","?","M","E"],"character_chosen":"THE_DUELIST","items_purchased":["PreservedInsect","theDuelist:ExodiaRL","Bag of Preparation","HandDrill","theDuelist:FlamingBottle"],"campfire_rested":0,"item_purchase_floors":[5,19,19,19,19],"current_hp_per_floor":[76,76,74,74,74,66,70,80,80,77,66,50,50,62,62,52,80,31,31,39,64,53,0,0],"gold":72,"neow_bonus":"RANDOM_COMMON_RELIC","is_daily":false,"chose_seed":false,"campfire_upgraded":1,"win_rate":0.0,"timestamp":1610329944,"path_taken":["M","?","M","?","$","E","M","E","T","M","E","?","?","M","R","BOSS","M","$","M","?","M","E"],"items_purchased_type":["Relic","Card","Relic","Relic","Potion"],"build_version":"2020-12-22","purchased_purges":0,"victory":false,"max_hp_per_floor":[80,80,80,80,80,80,80,80,80,80,80,80,80,80,80,80,80,80,80,80,80,80,80,80],"card_choices":[{"not_picked":["theDuelist:PlasmaOrbCard","theDuelist:ShadowOrbCard","theDuelist:DarkOrbCard","theDuelist:WaterOrbCard"],"picked":"theDuelist:HellfireOrbCard","floor":1},{"not_picked":["theDuelist:MillenniumGolem","theDuelist:WormKing","theDuelist:WormBarses","theDuelist:DarkCreator"],"picked":"theDuelist:Wiretap","floor":3},{"not_picked":["theDuelist:LegendaryExodia","theDuelist:CircleFireKings","theDuelist:BookSecret","theDuelist:TimeWizard"],"picked":"theDuelist:ExodiaLA","floor":4},{"not_picked":["theDuelist:SpellShatteringArrow","theDuelist:BlizzardWarrior","theDuelist:SangaThunder","theDuelist:GuardianAngel"],"picked":"theDuelist:InjectionFairy","floor":6},{"not_picked":["theDuelist:SpellShatteringArrow","theDuelist:InfernoFireBlast","theDuelist:DarkMagician","theDuelist:BlizzardPrincess"],"picked":"theDuelist:InjectionFairy","floor":7},{"not_picked":["theDuelist:WhiteHowling+1","theDuelist:MagiciansRod+1","theDuelist:MagiciansRobe+1","theDuelist:BadReaction+1"],"picked":"theDuelist:MindAir+1","floor":8},{"not_picked":["theDuelist:InjectionFairy","theDuelist:AltarTribute","theDuelist:SpiritHarp","theDuelist:DoomShaman"],"picked":"theDuelist:ThousandEyesIdol","floor":10},{"not_picked":["theDuelist:GateGuardian","theDuelist:BlizzardPrincess"],"picked":"theDuelist:ExodiaRA","floor":11},{"not_picked":["theDuelist:DarkMagician","theDuelist:WhiteMagicalHat","theDuelist:BlueDragonSummoner","theDuelist:GiantTrunade"],"picked":"theDuelist:InjectionFairy","floor":12},{"not_picked":["theDuelist:RainbowMagician","theDuelist:DoomShaman","theDuelist:LegendaryFlameLord","theDuelist:WhiteMagicalHat"],"picked":"theDuelist:GrandSpellbookTower","floor":14},{"not_picked":["theDuelist:RainbowDarkDragon","theDuelist:IrisEarthMother","theDuelist:RainbowMagician","theDuelist:RainbowOverdragon"],"picked":"theDuelist:RainbowKuriboh","floor":16},{"not_picked":["theDuelist:WhiteHowling","theDuelist:StatueAnguishPattern","theDuelist:FairyBox","theDuelist:Graverobber"],"picked":"theDuelist:DarkHorizon+1","floor":18},{"not_picked":["theDuelist:BlizzardWarrior","theDuelist:SangaThunder","theDuelist:DarkMagician","theDuelist:ExodiaLA"],"picked":"theDuelist:InjectionFairy","floor":20},{"not_picked":["theDuelist:BattleguardKing","theDuelist:LightningVortex","theDuelist:Mudora+1","theDuelist:Blockman"],"picked":"theDuelist:LightningRodLord+1","floor":22}],"player_experience":62114,"relics_obtained":[{"floor":6,"key":"Blue Candle"},{"floor":8,"key":"Nunchaku"},{"floor":9,"key":"Centennial Puzzle"},{"floor":11,"key":"Omamori"},{"floor":12,"key":"MawBank"},{"floor":13,"key":"Question Card"}],"event_choices":[{"damage_healed":0,"gold_gain":0,"cards_transformed":["theDuelist:Sparks"],"player_choice":"Transformed","damage_taken":0,"max_hp_gain":0,"max_hp_loss":0,"event_name":"Transmorgrifier","floor":2,"gold_loss":0,"cards_obtained":["theDuelist:WhiteMagicalHat"]},{"damage_healed":0,"gold_gain":30,"player_choice":"Searched \u00272\u0027 times","damage_taken":0,"max_hp_gain":0,"max_hp_loss":0,"event_name":"Dead Adventurer","floor":12,"gold_loss":0},{"damage_healed":0,"gold_gain":0,"player_choice":"Succumb - +25HP/Cursed Relic","duelist":true,"damage_taken":0,"max_hp_gain":0,"max_hp_loss":0,"event_name":"Tomb of the Nameless","floor":21,"gold_loss":0}],"is_beta":false,"boss_relics":[{"not_picked":["Empty Cage","SacredBark"],"picked":"Cursed Key"}],"items_purged_floors":[],"is_endless":false,"potions_floor_spawned":[1,4,10,12,16,18],"killed_by":"Gremlin Leader","ascension_level":2}}