{"host":"5s7sm4h73jkd9266","time":1610339371,"event":{"mods":["AchievementEnabler","Bartender","BaseMod","Better Match","Better Vampires","BetterRewards","Colored Map","Colored Powertips","Conspire","Downfall","Energized Spire","GifTheSpireLib","Hermit","Hubris","Magitek Elite","Marisa????????","Melee Mod","Minty Spire (QoL Compilation)","Potion Indicator Mod","Rare Cards Sparkle","Relic Stats","Replay The Spire","Robot Space Explorer","Shop Mod","StSLib","Stuff the Spire","The Bladedancer","The Blue Laboratory","The Cursed","The Disciple","The Dragon Tamer","The Forsaken","The Necromancer","The Wild Card","The Witch","Virulent Crown","everything is the same but u backflip on backflip","slay the spire mod where everything is the same but ironclad has a cowboy hat","vexMod"],"gold_per_floor":[113,113,13,27,27,27,78,117,141,141,181,14,14,14,14,42,42],"floor_reached":16,"playtime":3372,"items_purged":[],"score":296,"play_id":"529a39e5-bb2b-4d3b-b419-3945cde205bb","local_time":"20210110232931","is_ascension_mode":true,"campfire_choices":[{"floor":6.0,"key":"REST"},{"data":"hubris:DuctTapeCard","floor":10.0,"key":"SMITH"},{"floor":15.0,"key":"REST"}],"circlet_count":0,"master_deck":["AscendersBane","Strike_R","Strike_R","Strike_R","Strike_R","Strike_R","Defend_R","Defend_R","Defend_R","Defend_R","Bash","Life Link","Flex","Twin Strike","Armaments","Twin Strike","hubris:DuctTapeCard"],"relics":["Burning Blood","conspire:TreasureMap","Another Sword","Omamori","hubris:DuctTape","ReplayTheSpireMod:TigerMarble","hubris:Icosahedron"],"acts_visited":["Exordium"],"potions_floor_usage":[],"damage_taken":[{"damage":2.0,"enemies":"conspire:RoseBush","floor":1.0,"turns":6.0},{"damage":7.0,"enemies":"Small Slimes","floor":4.0,"turns":4.0},{"damage":60.0,"enemies":"3 Sentries","floor":7.0,"turns":12.0},{"damage":1.0,"enemies":"Cultist","floor":8.0,"turns":3.0},{"damage":4.0,"enemies":"Large Slime","floor":11.0,"turns":5.0},{"damage":77,"enemies":"Fading Forest","floor":16,"turns":11}],"seed_played":"-4102499963132958396","potions_obtained":[{"floor":4.0,"key":"PowerPotion"},{"floor":8.0,"key":"blueLaboratory:BottleOfRum"}],"is_trial":false,"path_per_floor":["M","?","?","M","?","R","E","M","T","R","M","$","?","?","R","B"],"character_chosen":"IRONCLAD","items_purchased":["conspire:TreasureMap","Another Sword","Life Link","ReplayTheSpireMod:TigerMarble"],"campfire_rested":2,"item_purchase_floors":[0,0,0,12],"current_hp_per_floor":[52,52,52,51,56,75,21,26,26,26,28,28,46,46,68,0,0],"gold":42,"neow_bonus":"","is_daily":false,"chose_seed":false,"campfire_upgraded":1,"win_rate":0.0,"timestamp":1610339371,"path_taken":["M","?","?","M","?","R","E","M","T","R","?","$","?","?","R","BOSS"],"items_purchased_type":["Relic","Relic","Card","Relic"],"build_version":"2020-12-22","purchased_purges":0,"victory":false,"max_hp_per_floor":[75,75,75,75,75,75,75,75,75,75,75,75,75,75,75,75,75],"relic_stats":{"counters":[86,476],"obtain_stats":[{"vexMod:MemoryStick":10,"StuffTheSpire:Barrel":19,"Sling":0,"StuffTheSpire:SapphireSignet":43,"vexMod:InvisibilityCloak":0,"Strawberry":0,"Replay:Bronze Core":17,"Prayer Wheel":11,"MealTicket":9,"Toxic Egg 2":43,"conspire:TreasureMap":0,"hubris:DuctTape":31,"vexMod:ScavengeHelm":28,"ReplayTheSpireMod:Ring of Addiction":7,"Astrolabe":17,"Oddly Smooth Stone":25,"hubris:FruitBowl":19,"vexMod:PaidLearning":19,"Question Card":28,"SlaversCollar":19,"Bottled Flame":19,"Brimstone":0,"Bird Faced Urn":29,"Simple Rune":0,"hubris:PeanutButter":13,"conspire:BottledYoYo":20,"hubris:ToyBattleship":26,"ReplayTheSpireMod:TigerMarble":12,"CatCart":41,"hubris:Reverence":9,"Lantern":9,"Regal Pillow":21,"hubris:Metronome":9,"SacredBark":7,"King of Hearts":4,"StuffTheSpire:GrapeVine":54,"Cursed Key":17,"Power_Wrist":26,"Smiling Mask":44,"Burning Blood":0,"Pet Ghost":11,"hubris:Icosahedron":30,"theForsaken:Kindling":0,"Mummified Hand":45,"hubris:ChampionShield":14,"Potion Belt":7,"StuffTheSpire:TintedRock":7,"Gremlin Food":0,"StuffTheSpire:Saxophone":14,"The Courier":9,"PreservedInsect":29,"Omamori":7,"energizedSpire:SpiderWeb":34,"hubris:Towel":22,"Replay:Arrowhead":12,"Strange Spoon":12,"CaptainsWheel":39,"Busted Crown":17,"StuffTheSpire:Mouthbags":0,"Orrery":21,"ChewingGum":34,"Another Sword":0,"Bag of Marbles":10,"Membership Card":0,"conspire:DeflatedDodgeball":10,"ReplayTheSpireMod:Lightbulb":7,"ReplayTheSpireMod:ShopPack":46},{"vexMod:MemoryStick":6,"StuffTheSpire:Barrel":8,"Sling":72,"StuffTheSpire:SapphireSignet":45,"vexMod:InvisibilityCloak":48,"Strawberry":0,"Replay:Bronze Core":35,"Prayer Wheel":6,"MealTicket":51,"Toxic Egg 2":67,"conspire:TreasureMap":80,"hubris:DuctTape":61,"vexMod:ScavengeHelm":24,"ReplayTheSpireMod:Ring of Addiction":13,"Astrolabe":18,"Oddly Smooth Stone":59,"hubris:FruitBowl":36,"vexMod:PaidLearning":56,"Question Card":40,"SlaversCollar":78,"Bottled Flame":19,"Brimstone":10,"Bird Faced Urn":60,"Simple Rune":48,"hubris:PeanutButter":76,"conspire:BottledYoYo":8,"hubris:ToyBattleship":39,"ReplayTheSpireMod:TigerMarble":85,"CatCart":66,"hubris:Reverence":75,"Lantern":14,"Regal Pillow":20,"hubris:Metronome":31,"SacredBark":13,"King of Hearts":49,"StuffTheSpire:GrapeVine":71,"Cursed Key":7,"Power_Wrist":22,"Smiling Mask":68,"Burning Blood":0,"Pet Ghost":75,"hubris:Icosahedron":24,"theForsaken:Kindling":27,"Mummified Hand":68,"hubris:ChampionShield":54,"Potion Belt":13,"StuffTheSpire:TintedRock":50,"Gremlin Food":72,"StuffTheSpire:Saxophone":6,"The Courier":5,"PreservedInsect":40,"Omamori":83,"energizedSpire:SpiderWeb":26,"hubris:Towel":57,"Replay:Arrowhead":15,"Strange Spoon":32,"CaptainsWheel":45,"Busted Crown":55,"StuffTheSpire:Mouthbags":10,"Orrery":8,"ChewingGum":42,"Another Sword":80,"Bag of Marbles":15,"Membership Card":0,"conspire:DeflatedDodgeball":52,"ReplayTheSpireMod:Lightbulb":31,"ReplayTheSpireMod:ShopPack":46},{"vexMod:MemoryStick":24,"StuffTheSpire:Barrel":46,"Sling":384,"StuffTheSpire:SapphireSignet":212,"vexMod:InvisibilityCloak":231,"Strawberry":0,"Replay:Bronze Core":164,"Prayer Wheel":24,"MealTicket":249,"Toxic Egg 2":337,"conspire:TreasureMap":435,"hubris:DuctTape":301,"vexMod:ScavengeHelm":110,"ReplayTheSpireMod:Ring of Addiction":62,"Astrolabe":84,"Oddly Smooth Stone":287,"hubris:FruitBowl":168,"vexMod:PaidLearning":274,"Question Card":189,"SlaversCollar":420,"Bottled Flame":88,"Brimstone":54,"Bird Faced Urn":292,"Simple Rune":231,"hubris:PeanutButter":402,"conspire:BottledYoYo":46,"hubris:ToyBattleship":183,"ReplayTheSpireMod:TigerMarble":465,"CatCart":334,"hubris:Reverence":399,"Lantern":65,"Regal Pillow":94,"hubris:Metronome":142,"SacredBark":62,"King of Hearts":236,"StuffTheSpire:GrapeVine":372,"Cursed Key":37,"Power_Wrist":103,"Smiling Mask":347,"Burning Blood":0,"Pet Ghost":399,"hubris:Icosahedron":110,"theForsaken:Kindling":124,"Mummified Hand":347,"hubris:ChampionShield":262,"Potion Belt":62,"StuffTheSpire:TintedRock":246,"Gremlin Food":384,"StuffTheSpire:Saxophone":24,"The Courier":19,"PreservedInsect":189,"Omamori":457,"energizedSpire:SpiderWeb":124,"hubris:Towel":278,"Replay:Arrowhead":72,"Strange Spoon":145,"CaptainsWheel":212,"Busted Crown":271,"StuffTheSpire:Mouthbags":54,"Orrery":46,"ChewingGum":199,"Another Sword":435,"Bag of Marbles":72,"Membership Card":0,"conspire:DeflatedDodgeball":253,"ReplayTheSpireMod:Lightbulb":142,"ReplayTheSpireMod:ShopPack":215}],"Burning Blood":454},"card_choices":[{"not_picked":["Pommel Strike","StuffTheSpire:Incineration"],"picked":"Flex","floor":1.0},{"not_picked":["Second Wind","True Grit"],"picked":"Warcry","floor":4.0},{"not_picked":["Headbutt","Intimidate"],"picked":"Twin Strike","floor":7.0},{"not_picked":["Anger","Wild Strike"],"picked":"Armaments","floor":8.0},{"not_picked":["Shockwave","True Grit"],"picked":"Twin Strike","floor":11.0}],"player_experience":5470311,"relics_obtained":[{"floor":7.0,"key":"Omamori"},{"floor":9.0,"key":"hubris:DuctTape"}],"event_choices":[{"damage_healed":0.0,"max_hp_gain":0.0,"max_hp_loss":0.0,"gold_gain":0.0,"event_name":"Golden Wing","player_choice":"Ignored","floor":2.0,"gold_loss":0.0,"damage_taken":0.0},{"damage_healed":0.0,"max_hp_gain":0.0,"max_hp_loss":0.0,"gold_gain":0.0,"event_name":"conspire:Investor","player_choice":"Invest 2","floor":3.0,"gold_loss":0.0,"damage_taken":0.0},{"cards_removed":["Warcry"],"damage_healed":5.0,"max_hp_gain":0.0,"max_hp_loss":0.0,"gold_gain":0.0,"event_name":"Bonfire Elementals","player_choice":"Offered Common","floor":5.0,"gold_loss":0.0,"damage_taken":0.0},{"cards_removed":["Warcry"],"damage_healed":5.0,"max_hp_gain":0.0,"max_hp_loss":0.0,"gold_gain":0.0,"event_name":"Bonfire Elementals","player_choice":"Offered Special","floor":5.0,"gold_loss":0.0,"damage_taken":0.0},{"damage_healed":18.0,"max_hp_gain":0.0,"max_hp_loss":0.0,"gold_gain":0.0,"event_name":"Mushrooms","player_choice":"Healed and dodged fight","floor":13.0,"gold_loss":0.0,"damage_taken":0.0,"cards_obtained":["Parasite"]}],"is_beta":false,"boss_relics":[],"items_purged_floors":[],"is_endless":false,"potions_floor_spawned":[4,8],"killed_by":"Fading Forest","ascension_level":20}}