{"host":"5x08nt64u3vxxcfi","time":1610365486,"event":{"mods":["BaseMod","Minty Spire (QoL Compilation)","StSLib","SuperFastMode"],"gold_per_floor":[113,113,124,299,374,405,79,79,130,170,170,192,231,32,32,137,137,157,97,122,122,138,138,153,153,180,52,52,1,1,31,31,127,127,142,142,161,184,194,221,221,96,120,138,62,82,116,128,128,128,128,128,5,36,36,36],"floor_reached":55,"playtime":1444,"items_purged":["Strike_G","Strike_G"],"score":1293,"play_id":"6d678ea4-b695-40c8-860f-146545919291","local_time":"20210111204446","is_ascension_mode":true,"campfire_choices":[{"data":"Apotheosis","floor":8.0,"key":"SMITH"},{"floor":11.0,"key":"REST"},{"floor":15.0,"key":"REST"},{"floor":23.0,"key":"REST"},{"floor":30.0,"key":"REST"},{"floor":32.0,"key":"REST"},{"floor":41.0,"key":"REST"},{"floor":49.0,"key":"RECALL"},{"floor":52.0,"key":"REST"}],"circlet_count":0,"master_deck":["AscendersBane","Strike_G","Strike_G","Defend_G","Defend_G","Defend_G","Defend_G","Defend_G","Survivor","Neutralize","Dagger Spray","Cloak And Dagger","Reflex","Apotheosis+1","Terror","Accuracy","Poisoned Stab","Accuracy","Burst","Blade Dance","Adrenaline","Backflip+1","Backstab","Well Laid Plans","After Image","Cloak And Dagger","J.A.X.","Envenom","Backflip","Bandage Up","Footwork","Acrobatics","A Thousand Cuts","PiercingWail+1","Footwork","Blade Dance","Night Terror","Backflip+1","Acrobatics","Infinite Blades+1"],"relics":["Ring of the Snake","NeowsBlessing","Omamori","PreservedInsect","Question Card","Mummified Hand","Tiny Chest","WristBlade","Nloth\u0027s Gift","Ice Cream","Blood Vial","Snake Skull","Fusion Hammer","Art of War","Bird Faced Urn","Regal Pillow","Frozen Egg 2","Pear"],"acts_visited":["Exordium","TheCity","TheBeyond","TheEnding"],"potions_floor_usage":[55,55],"damage_taken":[{"damage":0.0,"enemies":"2 Louse","floor":1.0,"turns":1.0},{"damage":0.0,"enemies":"Jaw Worm","floor":3.0,"turns":1.0},{"damage":0.0,"enemies":"Lagavulin","floor":6.0,"turns":1.0},{"damage":2.0,"enemies":"3 Sentries","floor":10.0,"turns":3.0},{"damage":0.0,"enemies":"Cultist","floor":12.0,"turns":2.0},{"damage":27.0,"enemies":"Lagavulin","floor":13.0,"turns":5.0},{"damage":14.0,"enemies":"Slime Boss","floor":16.0,"turns":9.0},{"damage":39.0,"enemies":"2 Thieves","floor":18.0,"turns":3.0},{"damage":0.0,"enemies":"3 Byrds","floor":20.0,"turns":4.0},{"damage":14.0,"enemies":"Centurion and Healer","floor":22.0,"turns":5.0},{"damage":16.0,"enemies":"3 Cultists","floor":24.0,"turns":4.0},{"damage":9.0,"enemies":"Gremlin Leader","floor":31.0,"turns":4.0},{"damage":32.0,"enemies":"Automaton","floor":33.0,"turns":8.0},{"damage":21.0,"enemies":"3 Shapes","floor":35.0,"turns":6.0},{"damage":17.0,"enemies":"3 Darklings","floor":37.0,"turns":5.0},{"damage":21.0,"enemies":"Writhing Mass","floor":39.0,"turns":5.0},{"damage":3.0,"enemies":"Giant Head","floor":40.0,"turns":5.0},{"damage":28.0,"enemies":"Maw","floor":44.0,"turns":5.0},{"damage":0.0,"enemies":"Sphere and 2 Shapes","floor":46.0,"turns":3.0},{"damage":19.0,"enemies":"Reptomancer","floor":47.0,"turns":6.0},{"damage":41.0,"enemies":"Transient","floor":48.0,"turns":5.0},{"damage":42.0,"enemies":"Awakened One","floor":50.0,"turns":9.0},{"damage":36.0,"enemies":"Shield and Spear","floor":54.0,"turns":5.0},{"damage":82,"enemies":"The Heart","floor":55,"turns":5}],"seed_played":"-2600506465360733193","potions_obtained":[{"floor":13.0,"key":"ColorlessPotion"},{"floor":20.0,"key":"Regen Potion"},{"floor":24.0,"key":"Weak Potion"},{"floor":33.0,"key":"SmokeBomb"},{"floor":35.0,"key":"EssenceOfSteel"},{"floor":39.0,"key":"Strength Potion"},{"floor":40.0,"key":"Strength Potion"}],"is_trial":false,"path_per_floor":["M","?","M","?","?","E","$","R","T","E","R","M","E","$","R","B",null,"M","?","M","?","M","R","M","T","T","$","?","$","R","E","R","B",null,"M","?","M","T","M","E","R","?","T","M","$","M","E","M","R","B",null,"R","$","E","B"],"character_chosen":"THE_SILENT","items_purchased":["Apotheosis","Terror","Accuracy","Explosive Potion","Blade Dance","Tiny Chest","Cloak And Dagger","Block Potion","Footwork","Acrobatics"],"campfire_rested":7,"item_purchase_floors":[7,7,7,7,14,14,27,29,45,53],"current_hp_per_floor":[63,38,38,38,27,27,27,27,27,25,46,46,19,19,40,26,59,20,20,20,20,21,42,26,26,26,26,26,26,47,40,61,31,60,41,41,32,32,19,26,47,47,47,41,41,57,60,42,42,22,58,70,70,60,0,0],"gold":36,"neow_bonus":"THREE_ENEMY_KILL","is_daily":false,"chose_seed":false,"campfire_upgraded":1,"win_rate":0.0,"timestamp":1610365486,"path_taken":["M","?","M","?","?","E","$","R","T","E","R","?","E","?","R","BOSS","M","?","?","?","M","R","M","?","T","?","?","$","R","E","R","BOSS","M","?","M","?","M","E","R","?","T","M","$","?","E","M","R","BOSS","R","$","E","BOSS"],"items_purchased_type":["Card","Card","Card","Potion","Card","Relic","Card","Potion","Card","Card"],"build_version":"2020-12-22","purchased_purges":2,"victory":false,"max_hp_per_floor":[70,70,70,70,70,70,70,70,70,70,70,70,70,70,70,70,70,70,70,70,70,70,70,70,70,70,70,70,70,70,70,70,70,70,70,70,70,70,70,70,70,70,70,70,70,70,70,70,70,70,70,70,70,80,80,80],"card_choices":[{"not_picked":["PiercingWail","Eviscerate"],"picked":"Dagger Spray","floor":1.0},{"not_picked":["Caltrops","Terror"],"picked":"Cloak And Dagger","floor":3.0},{"not_picked":["Masterful Stab","Riddle With Holes"],"picked":"Reflex","floor":6.0},{"not_picked":["Grand Finale","Quick Slash"],"picked":"Poisoned Stab","floor":10.0},{"not_picked":["Dodge and Roll","PiercingWail","Deflect"],"picked":"Accuracy","floor":12.0},{"not_picked":["Dagger Throw","Dodge and Roll","Calculated Gamble"],"picked":"Burst","floor":13.0},{"not_picked":["Burst","Tools of the Trade","Storm of Steel"],"picked":"Adrenaline","floor":16.0},{"not_picked":["Acrobatics","Masterful Stab","Poisoned Stab"],"picked":"Backflip+1","floor":18.0},{"not_picked":["PiercingWail","Poisoned Stab","Blur"],"picked":"Backstab","floor":20.0},{"not_picked":["Predator","Poisoned Stab","Backflip"],"picked":"Well Laid Plans","floor":22.0},{"not_picked":["All Out Attack","Underhanded Strike","Poisoned Stab"],"picked":"After Image","floor":24.0},{"not_picked":["Wraith Form v2","Sucker Punch","After Image"],"picked":"Envenom","floor":31.0},{"not_picked":["Dagger Spray","Deadly Poison+1","Outmaneuver"],"picked":"Backflip","floor":35.0},{"not_picked":["Mind Blast","Panacea","Purity"],"picked":"Bandage Up","floor":36.0},{"not_picked":["Flying Knee","Riddle With Holes","Concentrate"],"picked":"Footwork","floor":37.0},{"not_picked":["Underhanded Strike","Deadly Poison","Caltrops"],"picked":"Acrobatics","floor":39.0},{"not_picked":["Wraith Form v2","Backflip","Envenom"],"picked":"A Thousand Cuts","floor":40.0},{"not_picked":["Noxious Fumes+1","Dodge and Roll+1","Caltrops"],"picked":"PiercingWail+1","floor":44.0},{"not_picked":["Choke","Masterful Stab","Dagger Throw"],"picked":"Blade Dance","floor":46.0},{"not_picked":["Expertise","Malaise","Deadly Poison"],"picked":"Night Terror","floor":47.0},{"not_picked":["Underhanded Strike","Deadly Poison","Outmaneuver"],"picked":"Backflip+1","floor":48.0},{"not_picked":["Cloak And Dagger+1","Deflect","Outmaneuver"],"picked":"Infinite Blades+1","floor":54.0}],"player_experience":92915,"relics_obtained":[{"floor":6.0,"key":"PreservedInsect"},{"floor":9.0,"key":"CeramicFish"},{"floor":10.0,"key":"Question Card"},{"floor":13.0,"key":"Mummified Hand"},{"floor":25.0,"key":"Ice Cream"},{"floor":26.0,"key":"Blood Vial"},{"floor":31.0,"key":"Snake Skull"},{"floor":38.0,"key":"Art of War"},{"floor":40.0,"key":"Bird Faced Urn"},{"floor":47.0,"key":"Frozen Egg 2"},{"floor":54.0,"key":"Pear"}],"event_choices":[{"damage_healed":0.0,"max_hp_gain":0.0,"max_hp_loss":0.0,"gold_gain":0.0,"event_name":"Scrap Ooze","player_choice":"Success","floor":2.0,"gold_loss":0.0,"damage_taken":25.0,"relics_obtained":["Omamori"]},{"damage_healed":0.0,"max_hp_gain":0.0,"max_hp_loss":0.0,"gold_gain":175.0,"event_name":"Liars Game","player_choice":"AGREE","floor":4.0,"gold_loss":0.0,"damage_taken":0.0,"cards_obtained":["Doubt"]},{"damage_healed":0.0,"max_hp_gain":0.0,"max_hp_loss":0.0,"gold_gain":75.0,"event_name":"World of Goop","player_choice":"Gather Gold","floor":5.0,"gold_loss":0.0,"damage_taken":11.0},{"cards_removed":["Strike_G"],"damage_healed":0.0,"max_hp_gain":0.0,"max_hp_loss":0.0,"gold_gain":0.0,"event_name":"Designer","player_choice":"Single Remove","floor":19.0,"gold_loss":60.0,"damage_taken":0.0},{"damage_healed":0.0,"max_hp_gain":0.0,"max_hp_loss":0.0,"gold_gain":0.0,"event_name":"N\u0027loth","player_choice":"Traded Relic","floor":21.0,"relics_lost":["CeramicFish"],"gold_loss":0.0,"damage_taken":0.0,"relics_obtained":["Nloth\u0027s Gift"]},{"damage_healed":0.0,"max_hp_gain":0.0,"max_hp_loss":0.0,"gold_gain":0.0,"event_name":"Drug Dealer","player_choice":"Obtain J.A.X.","floor":28.0,"gold_loss":0.0,"damage_taken":0.0,"cards_obtained":["J.A.X."]},{"damage_healed":0.0,"max_hp_gain":0.0,"max_hp_loss":0.0,"gold_gain":0.0,"event_name":"SensoryStone","player_choice":"Memory 1","floor":36.0,"gold_loss":0.0,"damage_taken":0.0},{"damage_healed":0.0,"max_hp_gain":0.0,"max_hp_loss":0.0,"gold_gain":0.0,"event_name":"WeMeetAgain","player_choice":"Paid Gold","floor":42.0,"gold_loss":125.0,"damage_taken":0.0,"relics_obtained":["Regal Pillow"]}],"is_beta":false,"boss_relics":[{"not_picked":["Coffee Dripper","Ring of the Serpent"],"picked":"WristBlade"},{"not_picked":["HoveringKite","Snecko Eye"],"picked":"Fusion Hammer"}],"items_purged_floors":[27,53],"is_endless":false,"potions_floor_spawned":[13,20,24,33,35,39,40,48],"killed_by":"The Heart","ascension_level":12}}