{"host":"ishme5wb80o83upk","time":1610384144,"event":{"mods":["BaseMod","HololiveMod","Minty Spire (QoL Compilation)","StSLib"],"gold_per_floor":[78,93,93,168,180,180,212,212,238,238,256,284,314,345,345,440,440,479,479,479,497,515,545,323,349,349,370,382,397,432,357,357,469,469,488,508,526,541,565,565,601,601,628,681,681,706,706,625,625,631,631,631,76,113,137,137],"floor_reached":55,"playtime":2438,"items_purged":["Hololive_Defend","Hololive_Trident"],"score":1352,"play_id":"0f2d0d94-8114-4c37-95ca-7a8e90342b9f","local_time":"20210112015544","is_ascension_mode":true,"campfire_choices":[{"data":"Hololive_StrengthChampion","floor":6,"key":"SMITH"},{"data":"Hololive_CallAmaneKanata","floor":10,"key":"SMITH"},{"data":"Hololive_SoulCatcher","floor":15,"key":"SMITH"},{"data":"Hololive_SummonFox","floor":32,"key":"SMITH"},{"floor":40,"key":"RECALL"},{"data":"Hololive_IdolExercise","floor":42,"key":"SMITH"},{"data":"Madness","floor":47,"key":"SMITH"},{"data":"Hololive_Yoholoon","floor":49,"key":"SMITH"},{"data":"Hololive_DDD","floor":52,"key":"SMITH"}],"circlet_count":0,"master_deck":["Hololive_CallNekomataOkayu","Hololive_CallAmaneKanata+1","Hololive_CallInugamiKorone+1","Hololive_CallOkamiMio","Hololive_StrengthChampion+1","Hololive_CallAkaiHaato","Hololive_DDD+1","Hololive_SoulCatcher+1","Hololive_Rebirth","Hololive_BringToTrial","Hololive_CallFriendA","Hololive_CallSpadeEcho+1","Hololive_SummonFox+1","Hololive_IdolExercise+1","Hololive_Yoholoon+1","Hololive_Thief","Madness","Madness+1","Hololive_Yoholoon+1"],"relics":["Hololive_TheStar","Anchor","Toy Ornithopter","Pear","Eternal Feather","Runic Dome","Kunai","Hololive_LightStick","Meat on the Bone","Centennial Puzzle","Philosopher\u0027s Stone","Mercury Hourglass","Vajra","CaptainsWheel","TheAbacus","Bird Faced Urn","White Beast Statue"],"acts_visited":["Exordium","TheCity","TheBeyond","TheEnding"],"potions_floor_usage":[18,54,55,55],"damage_taken":[{"damage":0,"enemies":"Cultist","floor":1,"turns":3},{"damage":7,"enemies":"2 Louse","floor":2,"turns":2},{"damage":0,"enemies":"Jaw Worm","floor":5,"turns":3},{"damage":0,"enemies":"Gremlin Nob","floor":7,"turns":4},{"damage":0,"enemies":"Exordium Wildlife","floor":11,"turns":3},{"damage":0,"enemies":"Lagavulin","floor":12,"turns":5},{"damage":0,"enemies":"Large Slime","floor":13,"turns":4},{"damage":0,"enemies":"Gremlin Nob","floor":14,"turns":4},{"damage":0,"enemies":"The Guardian","floor":16,"turns":6},{"damage":0,"enemies":"3 Byrds","floor":18,"turns":3},{"damage":0,"enemies":"Chosen","floor":21,"turns":3},{"damage":0,"enemies":"Centurion and Healer","floor":22,"turns":3},{"damage":0,"enemies":"Book of Stabbing","floor":23,"turns":4},{"damage":0,"enemies":"Gremlin Leader","floor":25,"turns":3},{"damage":0,"enemies":"Snake Plant","floor":27,"turns":2},{"damage":0,"enemies":"3 Cultists","floor":28,"turns":3},{"damage":0,"enemies":"Centurion and Healer","floor":29,"turns":2},{"damage":0,"enemies":"Slavers","floor":30,"turns":2},{"damage":0,"enemies":"Automaton","floor":33,"turns":7},{"damage":0,"enemies":"3 Darklings","floor":35,"turns":2},{"damage":0,"enemies":"Orb Walker","floor":36,"turns":3},{"damage":0,"enemies":"Sphere and 2 Shapes","floor":37,"turns":4},{"damage":0,"enemies":"4 Shapes","floor":38,"turns":3},{"damage":0,"enemies":"Writhing Mass","floor":39,"turns":3},{"damage":0,"enemies":"Nemesis","floor":41,"turns":5},{"damage":0,"enemies":"Reptomancer","floor":44,"turns":4},{"damage":0,"enemies":"Maw","floor":46,"turns":4},{"damage":0,"enemies":"Donu and Deca","floor":50,"turns":6},{"damage":0,"enemies":"Shield and Spear","floor":54,"turns":6},{"damage":64,"enemies":"The Heart","floor":55,"turns":9}],"seed_played":"3128365327817613805","potions_obtained":[{"floor":5,"key":"Explosive Potion"},{"floor":7,"key":"LiquidBronze"},{"floor":12,"key":"LiquidBronze"},{"floor":14,"key":"Block Potion"},{"floor":18,"key":"SpeedPotion"},{"floor":39,"key":"DistilledChaos"}],"is_trial":false,"path_per_floor":["M","M","?","?","M","R","E","?","T","R","M","E","M","E","R","B",null,"M","?","?","M","M","E","$","E","T","M","M","M","E","?","R","B",null,"M","M","M","M","M","R","E","R","T","E","?","M","R","$","R","B",null,"R","$","E","B"],"character_chosen":"Hololive_HololiveCharacter","items_purchased":["Hololive_LightStick","Hololive_Yoholoon","TheAbacus","Bird Faced Urn"],"campfire_rested":0,"item_purchase_floors":[24,48,53,53],"current_hp_per_floor":[35,28,33,22,22,22,22,22,22,22,22,32,32,32,38,38,50,50,50,50,50,50,50,50,50,50,50,50,50,50,50,50,50,50,50,50,50,50,50,50,50,50,50,50,44,44,50,50,50,50,50,50,50,50,0,0],"gold":137,"neow_bonus":"UPGRADE_CARD","is_daily":false,"chose_seed":false,"campfire_upgraded":8,"win_rate":0.0,"timestamp":1610384144,"path_taken":["M","M","?","?","M","R","E","?","T","R","M","E","M","E","R","BOSS","M","?","?","M","?","E","$","E","T","M","M","M","E","?","R","BOSS","M","M","M","M","M","R","E","R","T","E","?","M","R","$","R","BOSS","R","$","E","BOSS"],"items_purchased_type":["Relic","Card","Relic","Relic"],"build_version":"2020-12-22","purchased_purges":2,"victory":false,"max_hp_per_floor":[35,35,40,40,40,40,40,40,40,40,40,50,50,50,50,50,50,50,50,50,50,50,50,50,50,50,50,50,50,50,50,50,50,50,50,50,50,50,50,50,50,50,50,50,50,50,50,50,50,50,50,50,50,50,50,50],"card_choices":[{"not_picked":["Hololive_CallHoushouMarine","Hololive_Drill","Hololive_HuntDinosaur","Hololive_CallNatsuiroMatsuri"],"picked":"SKIP","floor":1},{"not_picked":["Hololive_OvertimeWork","Hololive_Sequa","Hololive_Rebound"],"picked":"Hololive_StrengthChampion","floor":2},{"not_picked":["Hololive_Psychosis","Hololive_CallHimemoriLuna","Hololive_RevenueBasedLive"],"picked":"Hololive_CallAkaiHaato","floor":5},{"not_picked":["Hololive_HuntDinosaur","Hololive_ASMR","Hololive_CallMinatoAqua","Hololive_Spy"],"picked":"SKIP","floor":7},{"not_picked":["Hololive_StrengthChampion","Hololive_Drill","Hololive_Sequa","Hololive_OvertimeWork"],"picked":"SKIP","floor":11},{"not_picked":["Hololive_OvertimeWork","Hololive_CallRosalyn","Hololive_Rebound"],"picked":"Hololive_DDD","floor":12},{"not_picked":["Hololive_RevenueBasedLive","Hololive_HuntDinosaur","Hololive_Trident","Hololive_CallRosalyn"],"picked":"SKIP","floor":13},{"not_picked":["Hololive_Nanodesu","Hololive_CallNekomataOkayu","Hololive_StarCraft"],"picked":"Hololive_SoulCatcher","floor":14},{"not_picked":["Hololive_HighAtkLowDef","Hololive_Nanodesu","Hololive_ASMR"],"picked":"Hololive_Rebirth","floor":16},{"not_picked":["Hololive_Breathe","Hololive_HuntDinosaur","Hololive_RevenueBasedLive+1","Hololive_CallYozoraMel"],"picked":"SKIP","floor":18},{"not_picked":["Hololive_SoulCatcher","Hololive_Breathe","Hololive_SummonFox"],"picked":"Hololive_CallSpadeEcho+1","floor":21},{"not_picked":["Hololive_Breathe","Hololive_Drill","Hololive_BringToTrial","Hololive_Psychosis"],"picked":"SKIP","floor":22},{"not_picked":["Hololive_StarCraft","Hololive_CallShiroganeNoel+1","Hololive_Sequa"],"picked":"Hololive_SummonFox","floor":23},{"not_picked":["Hololive_StrengthChampion","Hololive_OvertimeWork+1","Hololive_CocoNews","Hololive_CallOmaruPolka"],"picked":"SKIP","floor":25},{"not_picked":["Hololive_Breathe","Hololive_CallMoonaHoshinova","Hololive_LuckPotion+1","Hololive_HuntDinosaur"],"picked":"SKIP","floor":27},{"not_picked":["Hololive_StrengthChampion","Hololive_Sequa","Hololive_OvertimeWork","Hololive_CallNakiriAyame"],"picked":"SKIP","floor":28},{"not_picked":["Hololive_DevilCharm","Hololive_OvertimeWork","Hololive_FlyingPonyTail+1","Hololive_CocoNews"],"picked":"SKIP","floor":29},{"not_picked":["Hololive_FlyingPonyTail","Hololive_ASMR","Hololive_CallAmaneKanata","Hololive_OvertimeWork"],"picked":"SKIP","floor":30},{"not_picked":["Hololive_DurableLive","Hololive_OpenUp","Hololive_MaximGun"],"picked":"Hololive_IdolExercise","floor":33},{"not_picked":["Hololive_CallShiroganeNoel","Hololive_FlyingPonyTail+1","Hololive_Rebound+1","Hololive_StrengthChampion"],"picked":"SKIP","floor":35},{"not_picked":["Hololive_FlyingPonyTail+1","Hololive_CallInugamiKorone","Hololive_Sequa+1","Hololive_CallMomosuzuNene"],"picked":"SKIP","floor":36},{"not_picked":["Hololive_AWSL","Hololive_ILoveYou","Hololive_FlyingPonyTail","Hololive_OvertimeWork+1"],"picked":"SKIP","floor":37},{"not_picked":["Hololive_Breathe+1","Hololive_FlyingPonyTail+1","Hololive_Psychosis+1","Hololive_OvertimeWork+1"],"picked":"SKIP","floor":38},{"not_picked":["Hololive_Spy+1","Hololive_Drill","Hololive_Trident+1"],"picked":"Hololive_Yoholoon+1","floor":39},{"not_picked":["Hololive_CallNatsuiroMatsuri","Hololive_FlyingPonyTail+1","Hololive_OvertimeWork"],"picked":"Hololive_Thief","floor":41},{"not_picked":["Hololive_Rebound","Hololive_FlyingPonyTail+1","Hololive_CallYozoraMel+1","Hololive_OpenUp"],"picked":"SKIP","floor":44},{"not_picked":["Hololive_Trident","Hololive_Breathe+1","Hololive_CallAZKi","Hololive_FlyingPonyTail+1"],"picked":"SKIP","floor":46},{"not_picked":["Hololive_CocoNews+1","Hololive_Drill+1","Hololive_Psychosis+1","Hololive_OvertimeWork+1"],"picked":"SKIP","floor":54}],"player_experience":1067855,"relics_obtained":[{"floor":7,"key":"Anchor"},{"floor":9,"key":"Toy Ornithopter"},{"floor":12,"key":"Pear"},{"floor":14,"key":"Eternal Feather"},{"floor":23,"key":"Kunai"},{"floor":25,"key":"Meat on the Bone"},{"floor":30,"key":"Centennial Puzzle"},{"floor":41,"key":"Mercury Hourglass"},{"floor":43,"key":"Vajra"},{"floor":44,"key":"CaptainsWheel"},{"floor":54,"key":"White Beast Statue"}],"event_choices":[{"damage_healed":0,"gold_gain":0,"player_choice":"Donut","damage_taken":0,"max_hp_gain":5,"max_hp_loss":0,"event_name":"Big Fish","floor":3,"gold_loss":0},{"damage_healed":0,"gold_gain":75,"player_choice":"Gather Gold","damage_taken":11,"max_hp_gain":0,"max_hp_loss":0,"event_name":"World of Goop","floor":4,"gold_loss":0},{"cards_removed":["Hololive_Strike"],"damage_healed":0,"gold_gain":0,"player_choice":"Purged","damage_taken":0,"max_hp_gain":0,"max_hp_loss":0,"event_name":"Purifier","floor":8,"gold_loss":0},{"damage_healed":0,"gold_gain":0,"cards_transformed":["Hololive_Defend","Hololive_Strike"],"player_choice":"Became Test Subject","damage_taken":0,"max_hp_gain":0,"max_hp_loss":0,"event_name":"Drug Dealer","floor":19,"gold_loss":0,"cards_obtained":["Hololive_BringToTrial","Hololive_CallFriendA"]},{"damage_healed":0,"gold_gain":0,"player_choice":"Bought 0 Potions","damage_taken":0,"max_hp_gain":0,"max_hp_loss":0,"event_name":"The Woman in Blue","floor":20,"gold_loss":0},{"cards_removed":["Hololive_CallFriendA"],"damage_healed":0,"gold_gain":0,"player_choice":"Gave Gold","damage_taken":0,"max_hp_gain":0,"max_hp_loss":0,"event_name":"Beggar","floor":31,"gold_loss":75},{"damage_healed":0,"gold_gain":0,"player_choice":"Embrace Madness","damage_taken":6,"max_hp_gain":0,"max_hp_loss":0,"event_name":"Winding Halls","floor":45,"gold_loss":0,"cards_obtained":["Madness","Madness"]}],"is_beta":false,"boss_relics":[{"not_picked":["Busted Crown","Runic Pyramid"],"picked":"Runic Dome"},{"not_picked":["Empty Cage","Sozu"],"picked":"Philosopher\u0027s Stone"}],"items_purged_floors":[24,53],"is_endless":false,"potions_floor_spawned":[5,7,12,14,18,21,23,28,29,35,39,41,46],"killed_by":"The Heart","ascension_level":2}}