{"host":"eeuhgv8goqdjv4ip","time":1610354808,"event":{"mods":["2.2 Compatiblity","AchievementEnabler","BaseMod","Challenge The Spire","Colored Map","Colored Powertips","Conspire","Dark Map","Hubris","Infinite Spire","Marisa????????","Minty Spire (QoL Compilation)","Permanent Neow","Replay The Spire","SIMod","StSLib","The Animator","The Saiyan","The Servant 0.9.4","The Wild Card"],"gold_per_floor":[94,94,109,109,109,109,109,138,138,172,172,22,22,39,39,143,143,154,166,31,44,44,44],"floor_reached":22,"playtime":4923,"items_purged":[],"score":239,"play_id":"66894cb4-fa6f-462f-bd2f-c024460f57b9","local_time":"20210111044648","daily_mods":["Red Cards"],"is_ascension_mode":true,"campfire_choices":[{"data":"Saiyan:KaioKen","floor":6,"key":"SMITH"},{"data":"Dual Wield","floor":11,"key":"SMITH"},{"data":"Discovery","floor":13,"key":"SMITH"}],"circlet_count":0,"master_deck":["Saiyan:SAIYA_Strike","Saiyan:SAIYA_Strike","Saiyan:SAIYA_Strike","Saiyan:SAIYA_Defend","Saiyan:SAIYA_Defend","Saiyan:SAIYA_Defend","Saiyan:SAIYA_Defend","Saiyan:EnergyBlast","Saiyan:KaioKen+1","Saiyan:RuthlessBlow+1","Saiyan:Flurry+1","Saiyan:SaiyanHubris","Uppercut","Dual Wield+1","Discovery+1","Saiyan:PowerUp","Saiyan:MeteorDash","Juggernaut","Saiyan:SoulSpice","Saiyan:CCCapsule","Saiyan:ThirstForFight+1"],"relics":["SaiyanSoul","SaiyanHeart","Boot","Centennial Puzzle","Pet Ghost","Fusion Hammer","Gremlin Food","Replay:Wax Seal"],"acts_visited":["Exordium","TheCity"],"potions_floor_usage":[18,21,22,22],"damage_taken":[{"damage":0,"enemies":"Jaw Worm","floor":1,"turns":3},{"damage":0,"enemies":"2 Louse","floor":3,"turns":2},{"damage":0,"enemies":"Lagavulin","floor":8,"turns":7},{"damage":1,"enemies":"Gremlin Nob","floor":10,"turns":3},{"damage":0,"enemies":"Small Slimes","floor":14,"turns":3},{"damage":20,"enemies":"Slime Boss","floor":16,"turns":7},{"damage":3,"enemies":"3 Byrds","floor":18,"turns":4},{"damage":6,"enemies":"2 Thieves","floor":19,"turns":3},{"damage":0,"enemies":"Shelled Parasite and Fungi","floor":21,"turns":7},{"damage":6,"enemies":"Snake Plant","floor":22,"turns":3}],"seed_played":"5585280571422618915","potions_obtained":[{"floor":3,"key":"Swift Potion"},{"floor":10,"key":"Dexterity Potion"},{"floor":14,"key":"ColorlessPotion"},{"floor":18,"key":"infinitespire:BlackPotion"}],"is_trial":true,"path_per_floor":["M","?","M","?","?","R","?","E","T","E","R","$","R","M","R_BF","B",null,"M","M","?","M","M"],"character_chosen":"SAIYAJIN","items_purchased":["Discovery","Saiyan:PowerUp"],"campfire_rested":0,"item_purchase_floors":[12,12],"current_hp_per_floor":[61,54,55,55,55,55,55,57,57,56,56,56,56,58,66,47,67,65,60,60,62,56,56],"gold":44,"neow_bonus":"","is_daily":false,"chose_seed":false,"campfire_upgraded":3,"win_rate":0.0,"timestamp":1610354808,"path_taken":["M","?","M","?","?","R","?","E","T","E","R","$","R","?","R_BF","BOSS","M","M","?","M","?"],"items_purchased_type":["Card","Card"],"build_version":"2020-12-22","purchased_purges":0,"victory":false,"max_hp_per_floor":[61,61,62,62,62,62,62,64,64,64,64,64,64,66,66,67,67,68,69,69,71,71,71],"card_choices":[{"not_picked":["ReplayTheSpireMod:Strike From Hell","Saiyan:RemoveWeights"],"picked":"Saiyan:Flurry","floor":1},{"not_picked":["Flex","Saiyan:Planning"],"picked":"Saiyan:SaiyanHubris","floor":3},{"not_picked":["Fire Breathing","Seeing Red"],"picked":"Uppercut","floor":8},{"not_picked":["Second Wind","Twin Strike"],"picked":"Dual Wield","floor":10},{"not_picked":["conspire:Charge","ReplayTheSpireMod:Limb From Limb"],"picked":"Saiyan:MeteorDash","floor":14},{"not_picked":["Saiyan:SenzuBean","Saiyan:SuperSaiyanThree"],"picked":"Juggernaut","floor":16},{"not_picked":["Intimidate","Burning Pact+1"],"picked":"Saiyan:SoulSpice","floor":18},{"not_picked":["Thunderclap+1","Rage"],"picked":"Saiyan:CCCapsule","floor":19},{"not_picked":["Saiyan:DoubleMasenko+1","Heavy Blade"],"picked":"Saiyan:ThirstForFight+1","floor":21}],"player_experience":473966,"relics_obtained":[{"floor":8,"key":"Centennial Puzzle"},{"floor":10,"key":"Pet Ghost"},{"floor":21,"key":"Replay:Wax Seal"}],"event_choices":[{"damage_healed":0,"gold_gain":0,"player_choice":"Success","damage_taken":7,"relics_obtained":["Boot"],"max_hp_gain":0,"max_hp_loss":0,"event_name":"Scrap Ooze","floor":2,"gold_loss":0},{"damage_healed":0,"gold_gain":0,"player_choice":"Ignored","damage_taken":0,"max_hp_gain":0,"max_hp_loss":0,"event_name":"Liars Game","floor":5,"gold_loss":0},{"cards_removed":["Saiyan:SAIYA_Strike"],"damage_healed":0,"gold_gain":0,"player_choice":"Purged","damage_taken":0,"max_hp_gain":0,"max_hp_loss":0,"event_name":"Purifier","floor":7,"gold_loss":0},{"damage_healed":0,"gold_gain":0,"player_choice":"Paid Gold","damage_taken":0,"relics_obtained":["Gremlin Food"],"max_hp_gain":0,"max_hp_loss":0,"event_name":"WeMeetAgain","floor":20,"gold_loss":135}],"is_beta":false,"boss_relics":[{"not_picked":["hubris:BlackHole","ReplayTheSpireMod:DimensionalGlitch"],"picked":"Fusion Hammer"}],"items_purged_floors":[],"is_endless":false,"potions_floor_spawned":[3,10,14,18],"killed_by":"Snake Plant","ascension_level":2}}