{"host":"htqwg582tjjtn9p7","time":1610386005,"event":{"mods":["2.2 Compatiblity","AchievementEnabler","Act Like it!","Aspiration","BaseMod","Better Third Choice","Colored Map","Conspire","Curses Come First","Displayed Cursed Tome","Energized Spire","Force Act Four","GifTheSpireLib","Hermit","Highlight Path","JesterMod","Mad Scientist","Minty Spire (QoL Compilation)","Pale of the Ancients","Permanent Neow","Random Character Button","Relic Stats","Replay The Spire","Robot Space Explorer","Somnambulant","Spicy Shops","Spikes Relics","StSLib","Stuff the Spire","The Blue Laboratory","The Bug Knight","The Forsaken","The Gatherer","The Judge","The Jungle","The Marked","The Runesmith","The Servant 0.9.4","Uncapped"],"gold_per_floor":[110,33,33,33,48,48,63,77,104,139,159,159,186,202,202,300,300,318,330,30,43,43,43,73,73,99,99,99,99,24,24,24,128,128,138,167,167,187,187,187,213,213,213,18,18,36,52,71,71,71,91,108,108,108,108,126,126,126,126,126],"floor_reached":61,"playtime":2111,"items_purged":["Strike_S"],"score":1818,"play_id":"eeac8345-1857-4b13-a3b9-0f231f33e9dc","local_time":"20210111182645","is_ascension_mode":true,"campfire_choices":[{"data":"Comet","floor":6,"key":"SMITH"},{"floor":12,"key":"REST"},{"data":"FanOfKnives","floor":15,"key":"SMITH"},{"data":"Comet","floor":23,"key":"SMITH"},{"data":"SilverBlades","floor":25,"key":"SMITH"},{"data":"KidneyShot","floor":27,"key":"SMITH"},{"floor":32,"key":"REST"},{"data":"Sunlight","floor":40,"key":"SMITH"},{"data":"Barrier","floor":42,"key":"SMITH"},{"data":"BestPractice","floor":45,"key":"SMITH"},{"data":"BottledTime","floor":49,"key":"SMITH"},{"data":"BestPractice","floor":55,"key":"SMITH"},{"floor":57,"key":"RECALL"}],"circlet_count":0,"master_deck":["AscendersBane","Defend_S","Defend_S","Defend_S","Defend_S","Exchange","SilverMatrix","FastForward","Comet+1","Comet+1","SilverBlades+1","Ricochet","BottledTime+1","FanOfKnives+1","BottledTime","Defy","Sunlight+1","Misdirection","Barrier+1","Comet+1","Luminosity+1","KidneyShot+1","MurderousAura","Ricochet","Dagger Throw","Grand Finale","Dagger Throw","RealityMarble+1","Potential+1","BestPractice+1","BestPractice+1"],"relics":["Uniform","Vajra","MealTicket","theForsaken:Lifeblossom","aspiration:RunesmithSkillbook","BrokenLever","Quantum Egg","StuffTheSpire:Mouthbags","aspiration:Stabinomicon","Busted Crown","theForsaken:ScaryMask","Nunchaku","paleoftheancients:Timepiece","paleoftheancients:KeyRelic","CultistMask","paleoftheancients:SoulOfTheWokeBloke","OldScarf","Lantern"],"acts_visited":["Exordium","TheCity","TheBeyond","TheBeyond"],"potions_floor_usage":[8,10,16,18,33,41,50,60],"damage_taken":[{"damage":7,"enemies":"2 Louse","floor":1,"turns":3},{"damage":2,"enemies":"Small Slimes","floor":5,"turns":4},{"damage":0,"enemies":"Cultist","floor":7,"turns":4},{"damage":4,"enemies":"Gremlin Gang","floor":8,"turns":5},{"damage":24,"enemies":"Gremlin Nob","floor":10,"turns":4},{"damage":0,"enemies":"Large Slime","floor":11,"turns":3},{"damage":1,"enemies":"Replay:BlueRogue","floor":13,"turns":7},{"damage":1,"enemies":"2 Fungi Beasts","floor":14,"turns":4},{"damage":6,"enemies":"Slime Boss","floor":16,"turns":9},{"damage":7,"enemies":"2 Thieves","floor":18,"turns":3},{"damage":28,"enemies":"Spheric Guardian","floor":19,"turns":4},{"damage":1,"enemies":"Snake Plant","floor":21,"turns":6},{"damage":5,"enemies":"HollowMod:Nosk","floor":24,"turns":8},{"damage":6,"enemies":"Automaton","floor":33,"turns":10},{"damage":3,"enemies":"3 Darklings","floor":35,"turns":4},{"damage":1,"enemies":"conspire:MimicChest","floor":36,"turns":6},{"damage":1,"enemies":"Orb Walker","floor":38,"turns":2},{"damage":2,"enemies":"Reptomancer","floor":41,"turns":7},{"damage":0,"enemies":"Sphere and 2 Shapes","floor":46,"turns":5},{"damage":0,"enemies":"Spire Growth","floor":47,"turns":4},{"damage":0,"enemies":"Jaw Worm Horde","floor":48,"turns":4},{"damage":2,"enemies":"Donu and Deca","floor":50,"turns":7},{"damage":5,"enemies":"Donu and Deca","floor":51,"turns":7},{"damage":2,"enemies":"Donu and Deca","floor":52,"turns":5},{"damage":0,"enemies":"Donu and Deca","floor":56,"turns":7},{"damage":355,"enemies":"paleoftheancients:N","floor":60,"turns":11}],"seed_played":"8286078581580099296","potions_obtained":[{"floor":1,"key":"SkillPotion"},{"floor":7,"key":"LiquidMemories"},{"floor":8,"key":"blueLaboratory:BubblePotion"},{"floor":14,"key":"Energy Potion"},{"floor":19,"key":"Energy Potion"},{"floor":21,"key":"GamblersBrew"},{"floor":38,"key":"PowerPotion"},{"floor":46,"key":"Adrenaline Potion"}],"is_trial":false,"path_per_floor":["M","$","?","?","M","R","M","M","T","E","M","R","E","M","R","B",null,"M","M","$","M","?","R","E","R","T","R","?","?","$","?","R","B",null,"M","?","?","M","?","R","E","R","T","$","R","M","M","M","R","B","M","M","?","T","R","M","R","T","?","B",null],"character_chosen":"THE_SERVANT","items_purchased":["Comet","BrokenLever","Barrier","BestPractice","EntropicBrew"],"campfire_rested":2,"item_purchase_floors":[2,20,20,44,44],"current_hp_per_floor":[52,52,52,52,50,50,50,46,46,22,22,41,40,45,45,45,60,58,36,51,56,56,56,57,57,57,57,41,41,56,45,66,64,69,70,69,69,69,62,62,66,66,66,70,70,70,70,70,70,70,68,69,69,69,69,70,70,70,70,63],"gold":126,"neow_bonus":"ONE_RANDOM_RARE_CARD","is_daily":false,"chose_seed":false,"campfire_upgraded":10,"win_rate":0.0,"timestamp":1610386005,"path_taken":["M","$","?","?","?","R","M","?","T","E","M","R","E","M","R","BOSS","M","M","$","M","?","R","E","R","T","R","?","?","$","?","R","BOSS","M","?","?","M","?","R","E","R","T","$","R","M","M","M","R","BOSS","M","M","?","T","R","M","R","T","?","BOSS"],"items_purchased_type":["Card","Relic","Card","Card","Potion"],"build_version":"2020-12-22","purchased_purges":1,"victory":true,"max_hp_per_floor":[65,65,65,65,65,65,65,65,65,65,65,65,65,65,65,65,65,65,65,65,65,65,65,65,65,65,65,65,65,65,70,70,70,70,70,70,70,70,70,70,70,70,70,70,70,70,70,70,70,70,70,70,70,70,70,70,70,70,70,70],"relic_stats":{"Nunchaku":[13],"Busted Crown":20,"counters":[26,143],"MealTicket":34,"obtain_stats":[{"theForsaken:ScaryMask":36,"paleoftheancients:KeyRelic":50,"Lantern":58,"Quantum Egg":24,"Vajra":9,"theForsaken:Lifeblossom":13,"BrokenLever":20,"Uniform":0,"aspiration:Stabinomicon":28,"paleoftheancients:Timepiece":50,"Nunchaku":41,"Busted Crown":34,"StuffTheSpire:Mouthbags":26,"paleoftheancients:SoulOfTheWokeBloke":51,"aspiration:RunesmithSkillbook":17,"MealTicket":10,"CultistMask":50,"OldScarf":54},{"theForsaken:ScaryMask":16,"paleoftheancients:KeyRelic":22,"Lantern":25,"Quantum Egg":13,"Vajra":4,"theForsaken:Lifeblossom":7,"BrokenLever":11,"Uniform":0,"aspiration:Stabinomicon":13,"paleoftheancients:Timepiece":22,"Nunchaku":18,"Busted Crown":14,"StuffTheSpire:Mouthbags":13,"paleoftheancients:SoulOfTheWokeBloke":23,"aspiration:RunesmithSkillbook":9,"MealTicket":5,"CultistMask":22,"OldScarf":24},{"theForsaken:ScaryMask":84,"paleoftheancients:KeyRelic":113,"Lantern":132,"Quantum Egg":64,"Vajra":16,"theForsaken:Lifeblossom":30,"BrokenLever":50,"Uniform":0,"aspiration:Stabinomicon":64,"paleoftheancients:Timepiece":113,"Nunchaku":93,"Busted Crown":74,"StuffTheSpire:Mouthbags":64,"paleoftheancients:SoulOfTheWokeBloke":120,"aspiration:RunesmithSkillbook":43,"MealTicket":20,"CultistMask":113,"OldScarf":125}]},"card_choices":[{"not_picked":["Advance","Ricochet"],"picked":"FastForward","floor":1},{"not_picked":["Revamp","Starlight"],"picked":"SilverBlades","floor":5},{"not_picked":["Collapse","Replace"],"picked":"Ricochet","floor":7},{"not_picked":["RealityMarble","ShatteredReality"],"picked":"BottledTime","floor":8},{"not_picked":["Hightail","Orbit"],"picked":"FanOfKnives","floor":10},{"not_picked":["DancingSilver","Rewind","DoubleEdge"],"picked":"SKIP","floor":11},{"not_picked":["Unruled","Reset"],"picked":"BottledTime","floor":13},{"not_picked":["Desolation","Moondial"],"picked":"Defy","floor":14},{"not_picked":["FlawlessForm","Deny"],"picked":"Sunlight","floor":16},{"not_picked":["Sabotage","Runesmith:Repurpose+1","Runesmith:HeatExchange","Runesmith:OneForEveryone"],"picked":"SKIP","floor":18},{"not_picked":["Rewind","Runesmith:StaticCage","Runesmith:PoweredAnvil"],"picked":"Misdirection","floor":19},{"not_picked":["Runesmith:HeatExchange","Runesmith:EnergizedChisel","Runesmith:BackupBattery"],"picked":"Comet","floor":21},{"not_picked":["Runesmith:CraftVitae","Runesmith:Grindstone","TimeTheft"],"picked":"Luminosity+1","floor":24},{"not_picked":["SilverMatrix","Runesmith:LastStand","Runesmith:FissionHammer"],"picked":"MurderousAura","floor":33},{"not_picked":["Rearm"],"picked":"Ricochet","floor":35},{"not_picked":["DoubleEdge+1"],"picked":"RealityMarble+1","floor":38},{"not_picked":["BottledTime+1"],"picked":"Potential+1","floor":41},{"not_picked":["Runesmith:Grindstone","Alleviate+1"],"picked":"SKIP","floor":46},{"not_picked":["Runesmith:OneForEveryone+1","Runesmith:BackupBattery+1"],"picked":"SKIP","floor":47},{"not_picked":["Rewind+1","Runesmith:LightningRod"],"picked":"SKIP","floor":48},{"not_picked":["DoubleEdge"],"picked":"BestPractice","floor":51},{"not_picked":["Runesmith:HammerAndChisel","Revamp+1"],"picked":"SKIP","floor":52},{"not_picked":["Runesmith:Overpower","Runesmith:ChaoticBlast+1"],"picked":"SKIP","floor":56}],"player_experience":1931744,"relics_obtained":[{"floor":9,"key":"Vajra"},{"floor":10,"key":"MealTicket"},{"floor":13,"key":"theForsaken:Lifeblossom"},{"floor":24,"key":"Quantum Egg"},{"floor":26,"key":"StuffTheSpire:Mouthbags"},{"floor":36,"key":"theForsaken:ScaryMask"},{"floor":41,"key":"Nunchaku"},{"floor":51,"key":"paleoftheancients:SoulOfTheWokeBloke"},{"floor":54,"key":"OldScarf"},{"floor":58,"key":"Lantern"}],"event_choices":[{"damage_healed":0,"gold_gain":0,"player_choice":"Upgraded","damage_taken":0,"max_hp_gain":0,"max_hp_loss":0,"event_name":"Upgrade Shrine","floor":4,"gold_loss":0,"cards_upgraded":["Comet"]},{"damage_healed":0,"gold_gain":0,"player_choice":"Obtained Book","damage_taken":16,"max_hp_gain":0,"max_hp_loss":0,"event_name":"Cursed Tome","floor":28,"gold_loss":0},{"damage_healed":0,"gold_gain":0,"player_choice":"Shed Blood","damage_taken":16,"max_hp_gain":5,"max_hp_loss":0,"event_name":"Forgotten Altar","floor":31,"gold_loss":0},{"damage_healed":0,"gold_gain":0,"player_choice":"Damaged","damage_taken":7,"max_hp_gain":0,"max_hp_loss":0,"event_name":"Wheel of Change","floor":39,"gold_loss":0},{"damage_healed":0,"gold_gain":0,"player_choice":"Leave","damage_taken":0,"max_hp_gain":0,"max_hp_loss":0,"event_name":"conspire:Investor","floor":53,"gold_loss":0}],"is_beta":false,"boss_relics":[{"not_picked":["StuffTheSpire:ModemDavis","Snecko Eye"],"picked":"aspiration:RunesmithSkillbook"},{"not_picked":["Sozu","Fusion Hammer"],"picked":"Busted Crown"}],"items_purged_floors":[30],"is_endless":false,"potions_floor_spawned":[1,7,8,14,19,21,38,46],"ascension_level":11}}