{"host":"gk9qdtkqd8dwfeg2","time":1610374092,"event":{"mods":["Aspiration","BaseMod","Colored Powertips","KomeijiMod","Minty Spire (QoL Compilation)","Quick Restart","Replay The Spire","Shop Mod","StSLib","TestMod","The Gatherer","The Servant 0.9.4","Waifu the Spire","WarShipGirlsR/战舰少女R mod","Yuri Mod"],"gold_per_floor":[113,113,127,127,144,144,164,164,164,193,41,41,68,87,87,191,191,211,211,126,126,51,76,76,102,102,122,137,168,213,76,76,174,174,193,193,45,45,45,76,76,95,95,95,122,122,157,557,557,567,567,567,126,164,171],"floor_reached":56,"playtime":1666,"items_purged":["Writhe","Strike_R","Strike_R","Strike_G"],"score":2187,"play_id":"1698ebbb-2302-4b96-be08-0d2a054071a1","local_time":"20210111220812","is_ascension_mode":true,"campfire_choices":[{"data":"Rampage","floor":6.0,"key":"SMITH"},{"data":"Body Slam","floor":8.0,"key":"SMITH"},{"data":"Shockwave","floor":15.0,"key":"SMITH"},{"data":"Barricade","floor":24.0,"key":"SMITH"},{"data":"Dark Embrace","floor":32.0,"key":"SMITH"},{"data":"Storm of Steel","floor":41,"key":"SMITH"},{"floor":46,"key":"RECALL"},{"data":"Impervious","floor":49,"key":"SMITH"},{"data":"Impervious","floor":52,"key":"SMITH"}],"circlet_count":0,"master_deck":["Defend_R","Defend_R","Defend_R","Defend_R","Bash","Rampage+1","Shockwave+1","Body Slam+1","Feel No Pain","Barricade+1","Impervious+1","Metallicize+1","Shrug It Off","Dark Embrace+1","Impervious+1","Poisoned Stab","Storm of Steel+1"],"relics":["Burning Blood","testmod-CasingShield","NeowsBlessing","testmod-Nyarlathotep","MerchantsRug","testmod-Maize","Black Star","PreservedInsect","aspiration:HatOfInfinitePower","testmod-OneHitWonder","Omamori","Replay:Wax Seal","Singing Bowl","Gremlin Horn","Ancient Tea Set","Incense Burner","Replay:Baseball","testmod-Acrobat","m_SnakeCloak","aspiration:ChemicalBlood","Burning Blood","yuri:PortableGlitches","Replay:Bottled Snecko","Tingsha","aspiration:Lifesprig","Snack Pack"],"acts_visited":["Exordium","TheCity","TheBeyond","TheEnding"],"potions_floor_usage":[54,55,55],"damage_taken":[{"damage":0.0,"enemies":"Jaw Worm","floor":1.0,"turns":1.0},{"damage":0.0,"enemies":"Cultist","floor":3.0,"turns":1.0},{"damage":0.0,"enemies":"Small Slimes","floor":5.0,"turns":1.0},{"damage":13.0,"enemies":"Blue Slaver","floor":7.0,"turns":3.0},{"damage":29.0,"enemies":"Gremlin Nob","floor":10.0,"turns":5.0},{"damage":35.0,"enemies":"3 Sentries","floor":13.0,"turns":10.0},{"damage":10.0,"enemies":"3 Louse","floor":14.0,"turns":4.0},{"damage":0.0,"enemies":"Hexaghost","floor":16.0,"turns":11.0},{"damage":0.0,"enemies":"Spheric Guardian","floor":18.0,"turns":7.0},{"damage":4.0,"enemies":"Gremlin Leader","floor":23.0,"turns":6.0},{"damage":5.0,"enemies":"Book of Stabbing","floor":25.0,"turns":5.0},{"damage":0.0,"enemies":"3 Byrds","floor":27.0,"turns":4.0},{"damage":16.0,"enemies":"Shelled Parasite and Fungi","floor":28.0,"turns":8.0},{"damage":12.0,"enemies":"Replay:Snechameleon","floor":29.0,"turns":5.0},{"damage":0.0,"enemies":"Collector","floor":33.0,"turns":7.0},{"damage":0.0,"enemies":"3 Shapes","floor":35.0,"turns":4.0},{"damage":6,"enemies":"R_Hoarder","floor":40,"turns":6},{"damage":0,"enemies":"Orb Walker","floor":42,"turns":3},{"damage":14,"enemies":"3 Darklings","floor":45,"turns":3},{"damage":0,"enemies":"Nemesis","floor":47,"turns":3},{"damage":15,"enemies":"Awakened One","floor":50,"turns":5},{"damage":27,"enemies":"Shield and Spear","floor":54,"turns":3},{"damage":1,"enemies":"The Heart","floor":55,"turns":6}],"seed_played":"-5373152498066109021","potions_obtained":[{"floor":2.0,"key":"testmod-TestPotion"},{"floor":2.0,"key":"EntropicBrew"},{"floor":7.0,"key":"SpeedPotion"},{"floor":14.0,"key":"Swift Potion"},{"floor":16.0,"key":"Strength Potion"},{"floor":33.0,"key":"Fruit Juice"},{"floor":35.0,"key":"SpeedPotion"},{"floor":50,"key":"Strength Potion"},{"floor":54,"key":"EssenceOfSteel"}],"is_trial":false,"path_per_floor":["M","?","M","?","M","R","M","R","T","E","$","?","E","M","R","B",null,"M","?","?","?","$","E","R","E","T","M","M","E","?","$","R","B",null,"M","?","$","?","?","E","R","M","T","?","M","R","E","?","R","B",null,"R","$","E","B",null],"character_chosen":"IRONCLAD","items_purchased":["MerchantsRug","Dark Embrace","Replay:Baseball","Tingsha"],"campfire_rested":0,"item_purchase_floors":[11,31,37,53],"current_hp_per_floor":[78,78,80,80,80,80,73,73,73,50,50,50,21,17,17,23,66,72,72,72,72,72,74,74,77,77,84,74,70,51,51,51,62,85,93,93,93,93,93,95,95,99,99,99,99,99,103,103,103,100,102,102,102,89,102],"gold":171,"neow_bonus":"THREE_ENEMY_KILL","is_daily":false,"chose_seed":false,"campfire_upgraded":8,"win_rate":0.0,"timestamp":1610374092,"path_taken":["M","?","?","?","M","R","M","R","T","E","$","?","E","M","R","BOSS","M","?","?","?","$","E","R","E","T","?","M","E","?","$","R","BOSS","M","?","$","?","?","E","R","M","T","?","M","R","E","?","R","BOSS","R","$","E","BOSS"],"items_purchased_type":["Relic","Card","Relic","Relic"],"build_version":"2020-12-22","purchased_purges":4,"victory":true,"max_hp_per_floor":[80,80,80,80,80,80,80,80,80,80,80,80,80,80,80,80,80,80,80,80,80,80,80,80,82,82,84,84,86,88,88,88,93,93,95,95,95,95,95,97,97,99,99,99,101,101,103,103,103,103,103,103,103,105,105],"card_choices":[{"not_picked":["Body Slam","Replay:Undeath\u0027s Touch"],"picked":"Rampage","floor":1.0},{"not_picked":["Havoc","Flex","Replay:Undeath\u0027s Touch"],"picked":"SKIP","floor":3.0},{"not_picked":["Impervious","Perfected Strike"],"picked":"Shockwave","floor":5.0},{"not_picked":["Thunderclap","Clothesline"],"picked":"Body Slam","floor":7.0},{"not_picked":["Brutality","Replay:Undeath\u0027s Touch"],"picked":"Ghostly Armor","floor":10.0},{"not_picked":["Rupture","Uppercut","Havoc"],"picked":"SKIP","floor":13.0},{"not_picked":["Burning Pact","Thunderclap"],"picked":"Feel No Pain","floor":14.0},{"not_picked":["Demonic Infusion","Bludgeon"],"picked":"Barricade","floor":16.0},{"not_picked":["Sword Boomerang","Clothesline+1","Clash+1"],"picked":"SKIP","floor":18.0},{"not_picked":[],"picked":"Impervious","floor":21.0},{"not_picked":["Flame Barrier","Metallicize+1","Fire Breathing"],"picked":"SKIP","floor":23.0},{"not_picked":["Flame Barrier","Fire Breathing"],"picked":"Metallicize+1","floor":23.0},{"not_picked":["Thunderclap+1","Dropkick","Warcry"],"picked":"Singing Bowl","floor":25.0},{"not_picked":["True Grit","ReplayTheSpireMod:Limb From Limb","Searing Blow"],"picked":"Singing Bowl","floor":27.0},{"not_picked":["Wild Strike","Havoc"],"picked":"Shrug It Off","floor":28.0},{"not_picked":["Sword Boomerang","True Grit","Carnage"],"picked":"Singing Bowl","floor":29.0},{"not_picked":["Warcry","ReplayTheSpireMod:Strike From Hell","Clash"],"picked":"Singing Bowl","floor":30.0},{"not_picked":["Brutality","Hemogenesis"],"picked":"Impervious","floor":33.0},{"not_picked":["Cleave","Uppercut","Iron Wave"],"picked":"Singing Bowl","floor":35.0},{"not_picked":["Iron Wave","ReplayTheSpireMod:Strike From Hell","ReplayTheSpireMod:Stacked+1"],"picked":"Singing Bowl","floor":40},{"not_picked":["Heavy Blade","Reflex+1","Rage"],"picked":"Singing Bowl","floor":42},{"not_picked":["Run Through","All Out Attack+1","Sword Boomerang"],"picked":"Singing Bowl","floor":45},{"not_picked":["Calculated Gamble","Reaper","Combust"],"picked":"Singing Bowl","floor":47},{"not_picked":["Body Slam","Thunderclap+1","Shrug It Off"],"picked":"Singing Bowl","floor":54}],"player_experience":620822,"relics_obtained":[{"floor":10.0,"key":"testmod-Nyarlathotep"},{"floor":13.0,"key":"testmod-Maize"},{"floor":23.0,"key":"testmod-OneHitWonder"},{"floor":23.0,"key":"Omamori"},{"floor":25.0,"key":"Replay:Wax Seal"},{"floor":25.0,"key":"Singing Bowl"},{"floor":26.0,"key":"Gremlin Horn"},{"floor":29.0,"key":"Ancient Tea Set"},{"floor":29.0,"key":"Incense Burner"},{"floor":40,"key":"testmod-Acrobat"},{"floor":40,"key":"aspiration:Nostalgia"},{"floor":43,"key":"aspiration:ChemicalBlood"},{"floor":47,"key":"yuri:PortableGlitches"},{"floor":47,"key":"Replay:Bottled Snecko"},{"floor":54,"key":"aspiration:Lifesprig"},{"floor":54,"key":"Snack Pack"}],"event_choices":[{"damage_healed":0.0,"max_hp_gain":0.0,"max_hp_loss":0.0,"gold_gain":0.0,"event_name":"Lab","player_choice":"Got Potions","floor":2.0,"gold_loss":0.0,"damage_taken":0.0},{"damage_healed":0.0,"max_hp_gain":0.0,"max_hp_loss":0.0,"gold_gain":0.0,"event_name":"Liars Game","player_choice":"Ignored","floor":12.0,"gold_loss":0.0,"damage_taken":0.0},{"damage_healed":0.0,"max_hp_gain":0.0,"max_hp_loss":0.0,"gold_gain":0.0,"event_name":"The Mausoleum","player_choice":"Opened","floor":19.0,"gold_loss":0.0,"damage_taken":0.0,"relics_obtained":["PreservedInsect"],"cards_obtained":["Writhe"]},{"damage_healed":0.0,"max_hp_gain":0.0,"max_hp_loss":0.0,"gold_gain":0.0,"event_name":"Addict","player_choice":"Obtained Relic","floor":20.0,"gold_loss":85.0,"damage_taken":0.0,"relics_obtained":["aspiration:HatOfInfinitePower"]},{"cards_removed":["Strike_R"],"damage_healed":0.0,"max_hp_gain":0.0,"max_hp_loss":0.0,"gold_gain":0.0,"event_name":"Falling","player_choice":"Removed Attack","floor":36.0,"gold_loss":0.0,"damage_taken":0.0},{"damage_healed":0,"gold_gain":0,"player_choice":"Swap Relic","damage_taken":0,"relics_obtained":["Burning Blood"],"max_hp_gain":0,"max_hp_loss":0,"event_name":"给自己的盒子","floor":44,"relics_lost":["aspiration:Nostalgia"],"gold_loss":0},{"damage_healed":0,"gold_gain":400,"player_choice":"Sell","damage_taken":0,"max_hp_gain":0,"max_hp_loss":0,"event_name":"恩洛斯的盘子","floor":48,"relics_lost":["testmod-TestBox"],"gold_loss":0}],"is_beta":false,"boss_relics":[{"not_picked":["SacredBark","aspiration:RitualDagger"],"picked":"Black Star"},{"not_picked":["testmod-EnergyCheck","Sozu"],"picked":"Replay:Bronze Core"}],"items_purged_floors":[22,31,37,53],"is_endless":false,"potions_floor_spawned":[5,7,14,16,25,28,29,33,35,40],"ascension_level":12}}