{"host":"ml2ro5l6hu6y0pll","time":1610375016,"event":{"mods":["AchievementEnabler","BaseMod","Colored Map","Colored Powertips","Custom Start","Googly Eyes","Minty Spire (QoL Compilation)","Quick Restart","Rare Cards Sparkle","Relic Stats","StSLib"],"gold_per_floor":[116,132,147,164,180,205,205,224,251,271,304,304,333,98,98,175,175,191,203,253,253,267,296,313,135,135,135,135,163,175,42,42,121,121,132,150,12,25,25,25,25,60,60,70,70,98,98,126,126,126,126],"floor_reached":52,"playtime":3013,"items_purged":["Strike_B+1","Strike_B+1","Strike_B+1"],"score":2679,"play_id":"775647a4-e68a-439b-ab62-845748d0edb7","local_time":"20210111142336","is_ascension_mode":true,"campfire_choices":[{"data":"Loop","floor":7,"key":"SMITH"},{"data":"Coolheaded","floor":15,"key":"SMITH"},{"data":"Capacitor","floor":27,"key":"SMITH"},{"data":"Defragment","floor":32,"key":"SMITH"},{"floor":40,"key":"REST"},{"data":"Defragment","floor":45,"key":"SMITH"},{"data":"Biased Cognition","floor":47,"key":"SMITH"},{"data":"Meteor Strike","floor":49,"key":"SMITH"}],"circlet_count":0,"master_deck":["Genetic Algorithm+1","Dualcast+1","Zap+1","Defend_B+1","Defend_B+1","Defend_B+1","Defend_B+1","Strike_B+1","Cold Snap+1","Loop+1","Electrodynamics","Defragment+1","Echo Form","Coolheaded+1","Biased Cognition+1","Doom and Gloom","Force Field+1","Defragment+1","Capacitor+1","Reinforced Body+1","Echo Form","Meteor Strike+1","Core Surge","Defragment+1","Glacier+1"],"relics":["FrozenCore","Membership Card","Snecko Eye","Calipers","Regal Pillow","Whetstone","Matryoshka","Orichalcum","Centennial Puzzle","Nloth\u0027s Gift","Tiny Chest","Lee\u0027s Waffle","Letter Opener","Boot","DataDisk","Cables","Cursed Key","War Paint","Shuriken","StrikeDummy"],"acts_visited":["Exordium","TheCity","TheBeyond"],"potions_floor_usage":[5,13,19],"damage_taken":[{"damage":0,"enemies":"Cultist","floor":1,"turns":3},{"damage":0,"enemies":"Small Slimes","floor":2,"turns":3},{"damage":1,"enemies":"2 Louse","floor":3,"turns":3},{"damage":0,"enemies":"Looter","floor":4,"turns":3},{"damage":0,"enemies":"Large Slime","floor":5,"turns":5},{"damage":3,"enemies":"Lagavulin","floor":6,"turns":5},{"damage":0,"enemies":"Gremlin Gang","floor":8,"turns":3},{"damage":0,"enemies":"2 Fungi Beasts","floor":10,"turns":3},{"damage":0,"enemies":"3 Sentries","floor":11,"turns":4},{"damage":0,"enemies":"Gremlin Nob","floor":13,"turns":3},{"damage":0,"enemies":"The Guardian","floor":16,"turns":8},{"damage":0,"enemies":"Spheric Guardian","floor":18,"turns":4},{"damage":1,"enemies":"Shell Parasite","floor":19,"turns":6},{"damage":0,"enemies":"Snecko","floor":22,"turns":5},{"damage":0,"enemies":"Gremlin Leader","floor":23,"turns":5},{"damage":2,"enemies":"Cultist and Chosen","floor":24,"turns":8},{"damage":9,"enemies":"Book of Stabbing","floor":29,"turns":5},{"damage":7,"enemies":"Shelled Parasite and Fungi","floor":30,"turns":5},{"damage":0,"enemies":"Automaton","floor":33,"turns":8},{"damage":13,"enemies":"3 Darklings","floor":35,"turns":3},{"damage":0,"enemies":"3 Shapes","floor":36,"turns":5},{"damage":18,"enemies":"Maw","floor":38,"turns":5},{"damage":0,"enemies":"Giant Head","floor":42,"turns":12},{"damage":0,"enemies":"Sphere and 2 Shapes","floor":44,"turns":4},{"damage":0,"enemies":"Reptomancer","floor":46,"turns":6},{"damage":0,"enemies":"Nemesis","floor":48,"turns":5},{"damage":0,"enemies":"Time Eater","floor":50,"turns":16},{"damage":0,"enemies":"Donu and Deca","floor":51,"turns":11}],"seed_played":"-5115444225325493768","potions_obtained":[{"floor":2,"key":"BlessingOfTheForge"},{"floor":4,"key":"SpeedPotion"},{"floor":6,"key":"Strength Potion"},{"floor":11,"key":"Dexterity Potion"},{"floor":16,"key":"GamblersBrew"},{"floor":23,"key":"SteroidPotion"},{"floor":38,"key":"Strength Potion"},{"floor":42,"key":"DuplicationPotion"}],"is_trial":true,"path_per_floor":["M","M","M","M","M","E","R","M","T","M","E","?","E","$","R","B",null,"M","M","?","?","M","E","M","$","T","R","?","E","M","$","R","B",null,"M","M","$","M","?","R","T","E","T","M","R","E","R","E","R","B","B",null],"character_chosen":"DEFECT","items_purchased":["Happy Flower","Coolheaded","Centennial Puzzle","Capacitor","Lee\u0027s Waffle","Cables","Core Surge","Defragment"],"campfire_rested":1,"item_purchase_floors":[14,14,14,25,25,31,37,37],"current_hp_per_floor":[64,64,63,63,63,60,60,60,60,60,60,60,60,60,60,60,68,68,67,67,67,67,67,65,78,78,78,78,69,62,62,62,62,74,61,61,61,43,43,78,78,78,78,78,78,78,78,78,78,78,78],"gold":126,"neow_bonus":"","is_daily":false,"chose_seed":false,"campfire_upgraded":7,"win_rate":0.0,"timestamp":1610375016,"path_taken":["M","M","M","M","M","E","R","?","T","M","E","?","E","$","R","BOSS","M","M","?","?","M","E","?","$","T","R","?","E","M","$","R","BOSS","M","M","$","M","?","R","?","E","T","M","R","E","R","E","R","BOSS","BOSS"],"items_purchased_type":["Relic","Card","Relic","Card","Relic","Relic","Card","Card"],"build_version":"2020-12-22","purchased_purges":3,"victory":true,"max_hp_per_floor":[71,71,71,71,71,71,71,71,71,71,71,71,71,71,71,71,71,71,71,71,71,71,71,71,78,78,78,78,78,78,78,78,78,78,78,78,78,78,78,78,78,78,78,78,78,78,78,78,78,78,78],"relic_stats":{"Regal Pillow":12,"Lee\u0027s Waffle":13,"counters":[28,154],"Whetstone":["Ball Lightning","Cold Snap"],"Letter Opener":[97],"Orichalcum":[72],"War Paint":["Reinforced Body"],"Boot":[0],"Cursed Key":0,"FrozenCore":[33],"Cables":[69,14,43,4,8],"Centennial Puzzle":[18],"Shuriken":[0],"Snecko Eye":[269,288,247,269],"Tiny Chest":1,"Nloth\u0027s Gift":4,"obtain_stats":[{"Regal Pillow":6,"Lee\u0027s Waffle":25,"Calipers":0,"Happy Flower":14,"Whetstone":9,"Letter Opener":26,"Orichalcum":13,"War Paint":42,"Boot":26,"Cursed Key":34,"FrozenCore":17,"Cables":31,"Centennial Puzzle":14,"DataDisk":29,"Matryoshka":11,"Shuriken":46,"Snecko Eye":0,"Tiny Chest":23,"Nloth\u0027s Gift":21,"Membership Card":0,"Cracked Core":0,"StrikeDummy":48},{"Regal Pillow":6,"Lee\u0027s Waffle":16,"Calipers":0,"Happy Flower":10,"Whetstone":7,"Letter Opener":16,"Orichalcum":10,"War Paint":23,"Boot":16,"Cursed Key":19,"FrozenCore":11,"Cables":18,"Centennial Puzzle":10,"DataDisk":17,"Matryoshka":9,"Shuriken":25,"Snecko Eye":0,"Tiny Chest":15,"Nloth\u0027s Gift":13,"Membership Card":0,"Cracked Core":0,"StrikeDummy":26},{"Regal Pillow":22,"Lee\u0027s Waffle":69,"Calipers":0,"Happy Flower":34,"Whetstone":25,"Letter Opener":69,"Orichalcum":34,"War Paint":112,"Boot":69,"Cursed Key":87,"FrozenCore":42,"Cables":79,"Centennial Puzzle":34,"DataDisk":74,"Matryoshka":31,"Shuriken":122,"Snecko Eye":0,"Tiny Chest":62,"Nloth\u0027s Gift":52,"Membership Card":0,"Cracked Core":0,"StrikeDummy":127}]},"card_choices":[{"not_picked":["Turbo","Leap","Conserve Battery"],"picked":"SKIP","floor":1},{"not_picked":["Hello World","Auto Shields","Streamline"],"picked":"SKIP","floor":2},{"not_picked":["Static Discharge","Stack"],"picked":"Cold Snap","floor":3},{"not_picked":["Go for the Eyes","Rebound","Storm"],"picked":"SKIP","floor":4},{"not_picked":["Static Discharge","Compile Driver"],"picked":"Loop","floor":5},{"not_picked":["Ball Lightning","Turbo"],"picked":"Electrodynamics","floor":6},{"not_picked":["Steam","Loop"],"picked":"Ball Lightning","floor":8},{"not_picked":["Fusion","Leap"],"picked":"Defragment","floor":10},{"not_picked":["Compile Driver","Conserve Battery","Hologram"],"picked":"SKIP","floor":11},{"not_picked":["Aggregate","Doom and Gloom"],"picked":"Echo Form","floor":13},{"not_picked":["Hyperbeam","Rainbow"],"picked":"Biased Cognition","floor":16},{"not_picked":["Leap+1","Streamline"],"picked":"Doom and Gloom","floor":18},{"not_picked":["Hologram","FTL","Rebound"],"picked":"SKIP","floor":19},{"not_picked":["Streamline","Steam"],"picked":"Force Field+1","floor":22},{"not_picked":["Amplify","Doom and Gloom"],"picked":"Defragment","floor":23},{"not_picked":["Chill","Stack","Melter"],"picked":"SKIP","floor":24},{"not_picked":["Blizzard","Rainbow","Creative AI"],"picked":"SKIP","floor":29},{"not_picked":["Hologram+1","Melter"],"picked":"Reinforced Body","floor":30},{"not_picked":["Meteor Strike","All For One"],"picked":"Echo Form","floor":33},{"not_picked":["Auto Shields","Glacier"],"picked":"Meteor Strike","floor":35},{"not_picked":["Storm","Leap","Blizzard"],"picked":"SKIP","floor":36},{"not_picked":["Steam Power","Darkness","Barrage+1"],"picked":"SKIP","floor":38},{"not_picked":["Creative AI","Machine Learning","Multi-Cast"],"picked":"SKIP","floor":42},{"not_picked":["Barrage","Redo","Chaos"],"picked":"SKIP","floor":44},{"not_picked":["Streamline","Multi-Cast","Seek"],"picked":"SKIP","floor":46},{"not_picked":["Biased Cognition","Coolheaded"],"picked":"Glacier+1","floor":48}],"player_experience":795698,"relics_obtained":[{"floor":6,"key":"Regal Pillow"},{"floor":9,"key":"Whetstone"},{"floor":11,"key":"Matryoshka"},{"floor":13,"key":"Orichalcum"},{"floor":23,"key":"Tiny Chest"},{"floor":26,"key":"Letter Opener"},{"floor":26,"key":"Boot"},{"floor":29,"key":"DataDisk"},{"floor":42,"key":"War Paint"},{"floor":46,"key":"Shuriken"},{"floor":48,"key":"StrikeDummy"}],"event_choices":[{"damage_healed":0,"gold_gain":0,"player_choice":"Grow","damage_taken":0,"max_hp_gain":0,"max_hp_loss":0,"event_name":"Living Wall","floor":12,"gold_loss":0,"cards_upgraded":["Defragment"]},{"damage_healed":0,"gold_gain":50,"player_choice":"Stole From Cult","damage_taken":0,"max_hp_gain":0,"max_hp_loss":0,"event_name":"Nest","floor":20,"gold_loss":0},{"damage_healed":0,"gold_gain":0,"player_choice":"Traded Relic","damage_taken":0,"relics_obtained":["Nloth\u0027s Gift"],"max_hp_gain":0,"max_hp_loss":0,"event_name":"N\u0027loth","floor":21,"relics_lost":["Happy Flower"],"gold_loss":0},{"damage_healed":0,"gold_gain":0,"player_choice":"Ignored","damage_taken":0,"max_hp_gain":0,"max_hp_loss":0,"event_name":"Beggar","floor":28,"gold_loss":0},{"cards_removed":["Ball Lightning"],"damage_healed":0,"gold_gain":0,"player_choice":"Removed Attack","damage_taken":0,"max_hp_gain":0,"max_hp_loss":0,"event_name":"Falling","floor":39,"gold_loss":0}],"is_beta":false,"boss_relics":[{"not_picked":["Velvet Choker","Runic Pyramid"],"picked":"FrozenCore"},{"not_picked":["Snecko Eye","Coffee Dripper"],"picked":"Cursed Key"}],"items_purged_floors":[14,25,37],"is_endless":false,"potions_floor_spawned":[2,4,6,11,16,18,23,30,36,38,42],"ascension_level":20}}