{"host":"a3oe3gstxz77c7qu","time":1610402791,"event":{"mods":["2.2 Compatiblity","Act Like it!","Astrologer","BaseMod","Bestiary","Better Altar","Better Match","Better Note","Better Skull","Better Third Choice","Block Reminder","Curses Come First","Custom Start","Dark Map","Downfall","Friendly Minions","GifTheSpireLib","Hermit","Jorbs\u0027s Wanderer Trilogy","Lobotomy","LobotomyExtend","Marisa????????","Minty Spire (QoL Compilation)","Permanent Neow","Quick Restart","Relic Stats","Replay The Spire","StSLib","The Bug Knight","The Cursed","The Disciple","Uncapped","Unknown Chances","Wandering Minibosses"],"gold_per_floor":[99,114,131,151,164,164,164,195,279,279,279,309,309,322,336,441,441,441,461,265,265,315,335,410,427,427,446,446,466,479,497,509,613,713,713,713,725,739,530,546,546,578,631,651,678,603,631,651,668,668,668],"floor_reached":52,"playtime":3646,"items_purged":["hexamod:Strike+1"],"score":1147,"play_id":"5a42af2e-5092-42e3-b740-254132a45238","local_time":"20210111220631","is_ascension_mode":true,"campfire_choices":[{"floor":1.0,"key":"DIG"},{"data":"hexamod:Float","floor":6.0,"key":"SMITH"},{"floor":13.0,"key":"REST"},{"data":"hexamod:EmpoweredFlame","floor":18,"key":"SMITH"},{"floor":26,"key":"REST"},{"floor":28,"key":"REST"},{"data":"hexamod:TimeOfNeed","floor":35,"key":"SMITH"},{"floor":46,"key":"REST"}],"circlet_count":0,"master_deck":["hexamod:Strike+1","hexamod:Strike+1","hexamod:Strike+1","hexamod:Defend+1","hexamod:Defend+1","hexamod:Defend+1","hexamod:Defend+1","hexamod:Sear+1","hexamod:Float+1","hexamod:StepThrough+1","hexamod:SpectralSpark+1","hexamod:SixthSeal","hexamod:ExtraCrispy+1","hexamod:FourthSeal","hexamod:EmpoweredFlame+1","hexamod:SearingWound+1","hexamod:ThirdSeal","Pot Of Greed+1","Pot Of Greed+1","hexamod:ShieldOfDarkness+1","hexamod:Firestarter+1","hexamod:FlamesFromBeyond+1","hexamod:GhostShield+1","hexamod:SpectralSpark+1","hexamod:TimeWarp+1","Pot Of Greed+1","hexamod:TimeOfNeed+1","hexamod:StepThrough+1"],"relics":["hexamod:SpiritBrand","ReplayTheSpireMod:Ninjato","LetterFromLob","Meat on the Bone","Strawberry","Tiny Chest","Replay:Towering Pillar of Hats","Replay:Grab Bag","Philosopher\u0027s Stone","Painkiller Herb","SlaversCollar","Guardian:BottledAnomaly","Grinning Jar","Garlic","wanderingMiniBosses:AbyssPearl","Replay:Wanted Poster","Heaven_r","Bag of Preparation","hexamod:BolsterEngine","HandDrill","Replay:Mystery Machine","Ancient Tea Set","CatCart","Gremlin Food","downfall:HeartBlessingGreen","ReplayTheSpireMod:TigerMarble"],"acts_visited":["Exordium","TheCity","TheBeyond"],"potions_floor_usage":[20,23,25,25,27,29,30,33,36,38,42,47,50,50,50],"damage_taken":[{"damage":0.0,"enemies":"Cultist","floor":2.0,"turns":4.0},{"damage":9.0,"enemies":"2 Louse","floor":3.0,"turns":4.0},{"damage":0.0,"enemies":"Small Slimes","floor":4.0,"turns":3.0},{"damage":5.0,"enemies":"3 Louse","floor":5.0,"turns":5.0},{"damage":10.0,"enemies":"Gremlin Nob","floor":8.0,"turns":3.0},{"damage":19.0,"enemies":"3 Sentries","floor":12.0,"turns":5.0},{"damage":0.0,"enemies":"2 Fungi Beasts","floor":14.0,"turns":3.0},{"damage":3,"enemies":"Exordium Wildlife","floor":15,"turns":4},{"damage":14,"enemies":"downfall:Watcher","floor":16,"turns":8},{"damage":21,"enemies":"Spheric Guardian","floor":19,"turns":5},{"damage":0,"enemies":"downfall:FleeingMerchant","floor":20,"turns":4},{"damage":14,"enemies":"Chosen","floor":23,"turns":4},{"damage":27,"enemies":"Shelled Parasite and Fungi","floor":25,"turns":5},{"damage":21,"enemies":"Centurion and Healer","floor":27,"turns":4},{"damage":16,"enemies":"Snecko","floor":29,"turns":5},{"damage":18,"enemies":"Snake Plant","floor":30,"turns":7},{"damage":0,"enemies":"Centurion and Healer","floor":31,"turns":7},{"damage":0,"enemies":"Sentry and Sphere","floor":32,"turns":4},{"damage":0,"enemies":"downfall:Defect","floor":33,"turns":7},{"damage":11,"enemies":"3 Shapes","floor":36,"turns":2},{"damage":7,"enemies":"3 Shapes","floor":37,"turns":4},{"damage":0,"enemies":"Orb Walker","floor":38,"turns":2},{"damage":0,"enemies":"downfall:FleeingMerchant","floor":39,"turns":3},{"damage":0,"enemies":"Transient","floor":40,"turns":5},{"damage":18,"enemies":"Nemesis","floor":42,"turns":3},{"damage":10,"enemies":"Orin","floor":43,"turns":6},{"damage":10,"enemies":"4 Shapes","floor":44,"turns":5},{"damage":0,"enemies":"R_Hoarder","floor":45,"turns":4},{"damage":6,"enemies":"Reptomancer","floor":47,"turns":4},{"damage":0,"enemies":"Spire Growth","floor":48,"turns":3},{"damage":0,"enemies":"Maw","floor":49,"turns":3},{"damage":10,"enemies":"downfall:Silent","floor":50,"turns":3}],"seed_played":"-6385646106531017782","potions_obtained":[{"floor":0.0,"key":"hexamod:DoubleChargePotion"},{"floor":0.0,"key":"DuplicationPotion"},{"floor":0.0,"key":"PowerPotion"},{"floor":8.0,"key":"SneckoOil"},{"floor":12.0,"key":"BlessingOfTheForge"},{"floor":15,"key":"hexamod:InfernoChargePotion"},{"floor":16,"key":"Strength Potion"},{"floor":20,"key":"SteroidPotion"},{"floor":23,"key":"Fruit Juice"},{"floor":23,"key":"Energy Potion"},{"floor":25,"key":"Doom Potion"},{"floor":25,"key":"SpeedPotion"},{"floor":27,"key":"DuplicationPotion"},{"floor":29,"key":"BlessingOfTheForge"},{"floor":29,"key":"hexamod:EctoCoolerPotion"},{"floor":30,"key":"Swift Potion"},{"floor":31,"key":"Slimebound:ThreeZeroPotion"},{"floor":31,"key":"LifebloodPotion"},{"floor":32,"key":"Slimebound:ThreeZeroPotion"},{"floor":33,"key":"hexamod:DoubleChargePotion"},{"floor":37,"key":"DistilledChaos"},{"floor":38,"key":"LiquidBronze"},{"floor":40,"key":"AttackPotion"},{"floor":42,"key":"Weak Potion"},{"floor":48,"key":"LifebloodPotion"},{"floor":49,"key":"LiquidMemories"}],"is_trial":false,"path_per_floor":["R","M","M","M","M","R","T","E","?","?","?","E","R","M","M","B",null,"T","?","T","?","T","?","T","?","T","?","T","?","?","?","?","B",null,"T","?","?","?","T","?","T","E","?","?","E","T","E","?","?","B",null,null],"character_chosen":"THE_SPIRIT","items_purchased":["Guardian:BottledAnomaly","hexamod:ThirdSeal","Bag of Preparation","hexamod:BolsterEngine","HandDrill"],"campfire_rested":4,"item_purchase_floors":[20,20,39,39,39],"current_hp_per_floor":[70,70,61,61,56,56,56,53,23,23,23,16,39,39,48,46,77,77,56,56,42,42,45,45,30,56,47,73,57,51,51,51,51,87,87,76,69,69,69,69,69,51,53,55,55,81,75,75,75,65,65],"gold":668,"neow_bonus":"THREE_SMALL_POTIONS","is_daily":false,"chose_seed":false,"campfire_upgraded":3,"win_rate":0.0,"timestamp":1610402791,"path_taken":["R","M","M","?","M","R","T","E","?","?","?","E","R","M","M","BOSS","T","?","T","?","?","?","T","?","T","?","T","?","?","?","?","BOSS","T","?","?","?","T","?","T","E","?","?","E","T","E","?","?","BOSS"],"items_purchased_type":["Relic","Card","Relic","Relic","Relic"],"build_version":"2020-12-22","purchased_purges":1,"victory":true,"max_hp_per_floor":[70,70,70,70,70,70,70,77,77,77,77,77,77,77,77,77,77,77,77,77,82,82,87,87,87,87,87,87,87,87,87,87,87,87,87,87,87,87,87,87,87,87,87,87,87,87,87,87,87,87,87],"relic_stats":{"counters":[32,138],"Tiny Chest":1,"Bag of Preparation":[18],"HandDrill":[12],"obtain_stats":[{"Painkiller Herb":17,"downfall:HeartBlessingGreen":46,"wanderingMiniBosses:AbyssPearl":31,"Bag of Preparation":39,"Replay:Mystery Machine":41,"Ancient Tea Set":42,"Replay:Wanted Poster":34,"Strawberry":8,"Tiny Chest":9,"Philosopher\u0027s Stone":17,"HandDrill":39,"Guardian:BottledAnomaly":20,"hexamod:SpiritBrand":0,"Gremlin Food":45,"ReplayTheSpireMod:Ninjato":1,"Replay:Towering Pillar of Hats":12,"Replay:Grab Bag":17,"Heaven_r":36,"SlaversCollar":17,"LetterFromLob":2,"Garlic":24,"ReplayTheSpireMod:TigerMarble":47,"Grinning Jar":22,"hexamod:BolsterEngine":39,"CatCart":43,"Meat on the Bone":7},{"Painkiller Herb":9,"downfall:HeartBlessingGreen":28,"wanderingMiniBosses:AbyssPearl":17,"Bag of Preparation":23,"Replay:Mystery Machine":24,"Ancient Tea Set":25,"Replay:Wanted Poster":19,"Strawberry":5,"Tiny Chest":5,"Philosopher\u0027s Stone":9,"HandDrill":23,"Guardian:BottledAnomaly":11,"hexamod:SpiritBrand":0,"Gremlin Food":28,"ReplayTheSpireMod:Ninjato":0,"Replay:Towering Pillar of Hats":6,"Replay:Grab Bag":9,"Heaven_r":20,"SlaversCollar":9,"LetterFromLob":1,"Garlic":12,"ReplayTheSpireMod:TigerMarble":29,"Grinning Jar":11,"hexamod:BolsterEngine":23,"CatCart":26,"Meat on the Bone":4},{"Painkiller Herb":39,"downfall:HeartBlessingGreen":125,"wanderingMiniBosses:AbyssPearl":80,"Bag of Preparation":102,"Replay:Mystery Machine":107,"Ancient Tea Set":110,"Replay:Wanted Poster":91,"Strawberry":19,"Tiny Chest":19,"Philosopher\u0027s Stone":39,"HandDrill":102,"Guardian:BottledAnomaly":48,"hexamod:SpiritBrand":0,"Gremlin Food":125,"ReplayTheSpireMod:Ninjato":0,"Replay:Towering Pillar of Hats":24,"Replay:Grab Bag":39,"Heaven_r":93,"SlaversCollar":39,"LetterFromLob":4,"Garlic":52,"ReplayTheSpireMod:TigerMarble":129,"Grinning Jar":48,"hexamod:BolsterEngine":102,"CatCart":116,"Meat on the Bone":16}],"Meat on the Bone":108},"card_choices":[{"not_picked":["hexamod:NightmareStrike","hexamod:BurningTouch"],"picked":"hexamod:StepThrough","floor":2.0},{"not_picked":["hexamod:SpectralAdrenaline","hexamod:InspiringFlames","hexamod:ShieldOfDarkness"],"picked":"SKIP","floor":3.0},{"not_picked":["hexamod:ThermalTransfer","hexamod:GhostShield","hexamod:HeatShield"],"picked":"SKIP","floor":4.0},{"not_picked":["hexamod:HeatShield","hexamod:Haunt"],"picked":"hexamod:SpectralSpark","floor":5.0},{"not_picked":["hexamod:FourthSeal","hexamod:PhantomFireball"],"picked":"hexamod:SixthSeal","floor":8.0},{"not_picked":["hexamod:Hexaguard","hexamod:BacktrackSmack"],"picked":"hexamod:ExtraCrispy","floor":9.0},{"not_picked":["hexamod:RetreatToShadows","hexamod:CrushingStance","hexamod:NightmareStrike"],"picked":"SKIP","floor":12.0},{"not_picked":["hexamod:NightmareStrike","hexamod:Firestarter"],"picked":"hexamod:EmpoweredFlame","floor":14.0},{"not_picked":["hexamod:EtherealExpedition","hexamod:Again","hexamod:GhostOfSpirePast"],"picked":"SKIP","floor":15},{"not_picked":["hexamod:TurnItUp","hexamod:WildfireWeapon"],"picked":"hexamod:SearingWound","floor":16},{"not_picked":["hexamod:ExtraCrispy","hexamod:BurningTouch","hexamod:Again"],"picked":"SKIP","floor":19},{"not_picked":["hexamod:GhostOfSpirePresent","hexamod:FastForward","hexamod:SpectersWail"],"picked":"SKIP","floor":20},{"not_picked":["hexamod:SwordOfDarkness","hexamod:SpectersWail","hexamod:RainOfEmbers+1"],"picked":"SKIP","floor":23},{"not_picked":["hexamod:CatchUp","hexamod:HauntingEcho","hexamod:RainOfEmbers"],"picked":"SKIP","floor":23},{"not_picked":["hexamod:FastForward","hexamod:AdvancingGuard","hexamod:HeatMetal+1"],"picked":"SKIP","floor":25},{"not_picked":["hexamod:SpectersWail","hexamod:RainOfEmbers","hexamod:FlamesFromBeyond"],"picked":"SKIP","floor":25},{"not_picked":["hexamod:ThermalTransfer","hexamod:Firestarter","hexamod:ExtraCrispy"],"picked":"SKIP","floor":27},{"not_picked":["hexamod:TimeWarp","hexamod:GhostLash"],"picked":"hexamod:ShieldOfDarkness","floor":29},{"not_picked":["hexamod:NightmareStrike","hexamod:SpectersWail"],"picked":"hexamod:Firestarter+1","floor":29},{"not_picked":["hexamod:NightmareGuise","hexamod:Firestarter"],"picked":"hexamod:FlamesFromBeyond+1","floor":30},{"not_picked":["hexamod:StepThrough","hexamod:ThermalTransfer+1"],"picked":"hexamod:GhostShield","floor":30},{"not_picked":["hexamod:ShieldOfDarkness","hexamod:NightmareGuise+1","hexamod:EtherealExpedition"],"picked":"SKIP","floor":31},{"not_picked":["hexamod:FastForward","hexamod:Haunt"],"picked":"hexamod:SpectralSpark","floor":32},{"not_picked":["hexamod:PowerFromBeyond","hexamod:DynamicBlow+1","hexamod:NightmareGuise"],"picked":"SKIP","floor":32},{"not_picked":["hexamod:SearingWound","hexamod:UnleashSpirits"],"picked":"hexamod:TimeWarp","floor":33},{"not_picked":["hexamod:TurnItUp","hexamod:Toasty"],"picked":"hexamod:TimeOfNeed","floor":33},{"not_picked":["hexamod:GhostLash+1","hexamod:RainOfEmbers","hexamod:SwordOfDarkness+1"],"picked":"SKIP","floor":37},{"not_picked":["hexamod:AdvancingGuard","hexamod:GhostShield","hexamod:Haunt"],"picked":"SKIP","floor":37},{"not_picked":["hexamod:PowerFromBeyond","hexamod:Firestarter+1","hexamod:BurningTouch"],"picked":"SKIP","floor":38},{"not_picked":["hexamod:NightmareStrike","hexamod:ThermalTransfer","hexamod:SpectersWail+1"],"picked":"SKIP","floor":39},{"not_picked":["hexamod:ParanormalForm","hexamod:Hexaguard","hexamod:SoulSteal"],"picked":"SKIP","floor":39},{"not_picked":["hexamod:Rewind","hexamod:Again+1"],"picked":"hexamod:StepThrough+1","floor":40},{"not_picked":["hexamod:Firestarter+1","hexamod:InspiringFlames","hexamod:AdvancingGuard+1"],"picked":"SKIP","floor":40},{"not_picked":["hexamod:Firestarter+1","hexamod:InspiringFlames","hexamod:AdvancingGuard+1"],"picked":"SKIP","floor":40},{"not_picked":["hexamod:CatchUp","hexamod:InspiringFlames+1","hexamod:EmpoweredFlame+1"],"picked":"SKIP","floor":42},{"not_picked":["hexamod:SpectralSpark+1","hexamod:RetreatToShadows+1","hexamod:FourthSeal"],"picked":"SKIP","floor":42},{"not_picked":["hexamod:NightmareStrike+1","hexamod:StepThrough","hexamod:HauntingEcho+1"],"picked":"SKIP","floor":44},{"not_picked":["hexamod:ThirdSeal","hexamod:NightmareStrike+1","hexamod:HauntingEcho"],"picked":"SKIP","floor":45},{"not_picked":["hexamod:SecondSeal","hexamod:NightmareStrike","hexamod:GhostflameBarrier"],"picked":"SKIP","floor":45},{"not_picked":["hexamod:SpectersWail","hexamod:ShieldOfDarkness+1","hexamod:DynamicBlow+1"],"picked":"SKIP","floor":47},{"not_picked":["hexamod:ChargedBarrage","hexamod:EmpoweredFlame","hexamod:AdvancingGuard+1"],"picked":"SKIP","floor":47},{"not_picked":["hexamod:ParanormalForm","hexamod:RadiantFlame","hexamod:SpectersWail"],"picked":"SKIP","floor":48},{"not_picked":["hexamod:ChargedBarrage+1","hexamod:GhostLash","hexamod:PhantomFireball+1"],"picked":"SKIP","floor":49},{"not_picked":["hexamod:GhostLash","hexamod:SecondSeal","hexamod:FastForward"],"picked":"SKIP","floor":49}],"player_experience":981235,"relics_obtained":[{"floor":1.0,"key":"ReplayTheSpireMod:Ninjato"},{"floor":2.0,"key":"LetterFromLob"},{"floor":7.0,"key":"Meat on the Bone"},{"floor":8.0,"key":"Strawberry"},{"floor":9.0,"key":"Tiny Chest"},{"floor":12.0,"key":"Replay:Towering Pillar of Hats"},{"floor":22,"key":"Grinning Jar"},{"floor":24,"key":"Garlic"},{"floor":31,"key":"wanderingMiniBosses:AbyssPearl"},{"floor":41,"key":"Replay:Mystery Machine"},{"floor":42,"key":"Ancient Tea Set"},{"floor":43,"key":"CatCart"},{"floor":45,"key":"Gremlin Food"},{"floor":47,"key":"ReplayTheSpireMod:TigerMarble"}],"event_choices":[{"damage_healed":0,"gold_gain":0,"player_choice":"Fight","damage_taken":0,"max_hp_gain":0,"max_hp_loss":0,"event_name":"OrinTheCat","floor":43,"gold_loss":0}],"is_beta":false,"boss_relics":[{"not_picked":["Pandora\u0027s Box","Fusion Hammer"],"picked":"Replay:Grab Bag"},{"not_picked":["Replay:Bronze Core","Sozu"],"picked":"Philosopher\u0027s Stone"},{"not_picked":["Cursed Key","Runic Dome"],"picked":"Painkiller Herb"},{"not_picked":["Snecko Eye","Astrolabe"],"picked":"SlaversCollar"},{"not_picked":["Tiny House","Honey Jar"],"picked":"Replay:Wanted Poster"}],"items_purged_floors":[39],"is_endless":false,"potions_floor_spawned":[3,8,12,16,23,25,29,31,32,36,38,43,48,49],"ascension_level":3}}