{"host":"kig4ty9d1aubg29s","time":1610363109,"event":{"mods":["BaseMod","Minty Spire (QoL Compilation)","READ ME - Guardian Mod","READ ME - Snecko Mod","StSLib","The Cursed","The Gatherer","The Hierophant","The Runesmith"],"gold_per_floor":[111,111,131,146,169,169,179,179,179,254,254,254,279,108,108,182,182,194,210,210,210],"floor_reached":20,"playtime":759,"items_purged":[],"score":344,"play_id":"4d520f3d-b03d-4ea7-994f-b9bca174f922","local_time":"20210111200509","is_ascension_mode":true,"campfire_choices":[{"floor":6,"key":"REST"},{"data":"Zap","floor":8,"key":"SMITH"},{"data":"Melter","floor":11,"key":"SMITH"},{"data":"Conserve Battery","floor":15,"key":"SMITH"}],"circlet_count":0,"master_deck":["AscendersBane","Strike_B","Strike_B","Strike_B","Strike_B","Defend_B","Defend_B","Defend_B","Defend_B","Zap+1","Dualcast","Chrysalis+1","Melter+1","Rebound","Conserve Battery+1","Gash","Rebound","FTL","Electrodynamics","Melter","Self Repair"],"relics":["Cracked Core","Omamori","Runesmith:Nanobots","Nunchaku","Runic Capacitor","Black Star"],"acts_visited":["Exordium","TheCity"],"potions_floor_usage":[13,16,20,20],"damage_taken":[{"damage":11,"enemies":"Small Slimes","floor":1,"turns":3},{"damage":1,"enemies":"Cultist","floor":3,"turns":5},{"damage":7,"enemies":"Jaw Worm","floor":4,"turns":3},{"damage":2,"enemies":"3 Louse","floor":7,"turns":4},{"damage":11,"enemies":"3 Sentries","floor":13,"turns":6},{"damage":28,"enemies":"The Guardian","floor":16,"turns":9},{"damage":12,"enemies":"Chosen","floor":18,"turns":4},{"damage":0,"enemies":"Spheric Guardian","floor":19,"turns":1},{"damage":48,"enemies":"Snecko","floor":20,"turns":5}],"seed_played":"-7587297251772865439","potions_obtained":[{"floor":1,"key":"Regen Potion"},{"floor":13,"key":"Weak Potion"},{"floor":16,"key":"Ancient Potion"},{"floor":19,"key":"Explosive Potion"}],"is_trial":false,"path_per_floor":["M","?","M","M","T","R","M","R","T","?","R","?","E","$","R","B",null,"M","M","M"],"character_chosen":"DEFECT","items_purchased":["Runic Capacitor"],"campfire_rested":1,"item_purchase_floors":[14],"current_hp_per_floor":[53,53,52,45,45,64,62,62,62,51,51,51,55,55,55,27,55,43,43,0,0],"gold":210,"neow_bonus":"RANDOM_COLORLESS_2","is_daily":false,"chose_seed":false,"campfire_upgraded":3,"win_rate":0.0,"timestamp":1610363109,"path_taken":["M","?","?","M","?","R","M","R","T","?","R","?","E","$","R","BOSS","M","M","M"],"items_purchased_type":["Relic"],"build_version":"2020-12-22","purchased_purges":0,"victory":false,"max_hp_per_floor":[64,64,64,64,64,64,64,64,64,64,64,64,64,64,64,64,64,64,64,64,64],"card_choices":[{"not_picked":["The Bomb","Secret Weapon"],"picked":"Chrysalis","floor":0},{"not_picked":["Capacitor","Turbo"],"picked":"Melter","floor":1},{"not_picked":["Compile Driver","Steam"],"picked":"Rebound","floor":3},{"not_picked":["Steam Power","Hologram"],"picked":"Conserve Battery","floor":4},{"not_picked":["Streamline","Stack"],"picked":"Gash","floor":7},{"not_picked":["Consume","Biased Cognition"],"picked":"FTL","floor":13},{"not_picked":["Amplify","Fission"],"picked":"Electrodynamics","floor":16},{"not_picked":["Stack","Coolheaded"],"picked":"Melter","floor":18},{"not_picked":["Hologram","Redo"],"picked":"Self Repair","floor":19}],"player_experience":1930786,"relics_obtained":[{"floor":5,"key":"Omamori"},{"floor":9,"key":"Runesmith:Nanobots"},{"floor":13,"key":"Nunchaku"}],"event_choices":[{"damage_healed":0,"gold_gain":0,"player_choice":"Upgraded","damage_taken":0,"max_hp_gain":0,"max_hp_loss":0,"event_name":"Upgrade Shrine","floor":2,"gold_loss":0,"cards_upgraded":["Chrysalis"]},{"damage_healed":0,"gold_gain":75,"player_choice":"Gather Gold","damage_taken":11,"max_hp_gain":0,"max_hp_loss":0,"event_name":"World of Goop","floor":10,"gold_loss":0},{"damage_healed":0,"gold_gain":0,"player_choice":"1 cards matched","damage_taken":0,"max_hp_gain":0,"max_hp_loss":0,"event_name":"Match and Keep!","floor":12,"gold_loss":0,"cards_obtained":["Rebound"]}],"is_beta":false,"boss_relics":[{"not_picked":["Runesmith:UraniumAnvil","Velvet Choker"],"picked":"Black Star"}],"items_purged_floors":[],"is_endless":false,"potions_floor_spawned":[1,13,16,19],"killed_by":"Snecko","ascension_level":20}}