{"host":"c7y19xegjhmhlks5","time":1610392907,"event":{"mods":["AchievementEnabler","BaseMod","Better Note","Block Reminder","Colored Map","Downfall","Highlight Path","Infinite Spire","Minty Spire (QoL Compilation)","Replay The Spire","StSLib","everything is the same but u backflip on backflip"],"gold_per_floor":[199,211,226,401,401,401,448,458,483,513,363,375,375,188,207,311,311,311,311,311,411,411,411,411,411],"floor_reached":23,"playtime":1324,"items_purged":["Doubt"],"score":229,"play_id":"0149afff-077e-48ab-b99c-0af94d1b7212","local_time":"20210111142147","is_ascension_mode":true,"campfire_choices":[{"floor":1,"key":"DIG"},{"floor":6,"key":"RECALL"},{"floor":11,"key":"REST"},{"data":"hexamod:HexaLevel","floor":18,"key":"SMITH"}],"circlet_count":0,"master_deck":["hexamod:Strike","hexamod:Strike","hexamod:Strike","hexamod:Defend","hexamod:Defend","hexamod:Defend","hexamod:Defend","hexamod:Sear","hexamod:Float","hexamod:ThermalTransfer","hexamod:EtherealExpedition","hexamod:EmpoweredFlame","hexamod:RadiantFlame","hexamod:BurningTouch","hexamod:GhostOfSpirePresent","hexamod:SecondSeal","hexamod:NightmareGuise","hexamod:ThirdSeal","hexamod:FifthSeal","hexamod:HexaLevel+1","RitualDagger"],"relics":["hexamod:SpiritBrand","Simple Rune","Potion Belt","Centennial Puzzle","downfall:HeartBlessingRed","downfall:HeartBlessingBlue","Replay:Bronze Core","Pen Nib"],"acts_visited":["Exordium","TheCity"],"potions_floor_usage":[10,16,16,16],"damage_taken":[{"damage":3,"enemies":"Jaw Worm","floor":2,"turns":4},{"damage":1,"enemies":"Small Slimes","floor":3,"turns":4},{"damage":0,"enemies":"Cultist","floor":8,"turns":3},{"damage":35,"enemies":"Gremlin Nob","floor":10,"turns":5},{"damage":0,"enemies":"3 Louse","floor":12,"turns":5},{"damage":0,"enemies":"downfall:FleeingMerchant","floor":14,"turns":4},{"damage":2,"enemies":"Blue Slaver","floor":15,"turns":3},{"damage":56,"enemies":"downfall:Defect","floor":16,"turns":8},{"damage":59,"enemies":"Book of Stabbing","floor":23,"turns":7}],"seed_played":"-4699766331872231451","potions_obtained":[{"floor":3,"key":"EssenceOfSteel"},{"floor":10,"key":"SkillPotion"},{"floor":13,"key":"downfall:CursedFountainPotion"},{"floor":15,"key":"Adrenaline Potion"}],"is_trial":false,"path_per_floor":["R_BF","M","M","?","?","R","T","M","T","E","R","M","?","$","M","B",null,"R","?","?","?","?","E"],"character_chosen":"THE_SPIRIT","items_purchased":["hexamod:SecondSeal","hexamod:NightmareGuise"],"campfire_rested":1,"item_purchase_floors":[14,14],"current_hp_per_floor":[70,67,66,66,66,66,66,66,66,31,65,65,65,65,63,7,80,80,65,65,65,59,0,0,0],"gold":411,"neow_bonus":"HUNDRED_GOLD","is_daily":false,"chose_seed":false,"campfire_upgraded":1,"win_rate":0.0,"timestamp":1610392907,"path_taken":["R_BF","M","M","?","?","R","T","M","?","E","R","M","?","$","M","BOSS","R","?","?","?","?","E"],"items_purchased_type":["Card","Card"],"build_version":"2020-12-22","purchased_purges":1,"victory":false,"max_hp_per_floor":[70,70,70,70,70,70,70,70,70,70,80,80,80,80,80,80,80,80,85,85,85,85,85,85,85],"card_choices":[{"not_picked":["hexamod:Haunt","hexamod:Firestarter"],"picked":"hexamod:ThermalTransfer","floor":2},{"not_picked":["hexamod:FlamesFromBeyond","hexamod:SpectersWail"],"picked":"hexamod:EtherealExpedition","floor":3},{"not_picked":["hexamod:RadiantFlame","hexamod:RecurringNightmare"],"picked":"hexamod:EmpoweredFlame","floor":8},{"not_picked":["hexamod:BacktrackSmack","hexamod:CrushingStance"],"picked":"hexamod:RadiantFlame","floor":10},{"not_picked":["hexamod:BacktrackSmack","hexamod:RainOfEmbers"],"picked":"hexamod:BurningTouch","floor":12},{"not_picked":["hexamod:RainOfEmbers","hexamod:HeatCrush"],"picked":"hexamod:GhostOfSpirePresent","floor":14},{"not_picked":["hexamod:GhostShield","hexamod:FourthSeal"],"picked":"hexamod:ThirdSeal","floor":15},{"not_picked":["hexamod:GiftsFromTheDead","hexamod:ApocalypseNow"],"picked":"hexamod:FifthSeal","floor":16},{"not_picked":["hexamod:UnlimitedPower","hexamod:WildfireWeapon"],"picked":"hexamod:HexaLevel","floor":16}],"player_experience":632684,"relics_obtained":[{"floor":1,"key":"Simple Rune"},{"floor":9,"key":"Potion Belt"},{"floor":10,"key":"Centennial Puzzle"}],"event_choices":[],"is_beta":false,"boss_relics":[{"not_picked":["Cursed Key","Painkiller Herb"],"picked":"Replay:Bronze Core"}],"items_purged_floors":[14],"is_endless":false,"potions_floor_spawned":[3,10,15],"killed_by":"Book of Stabbing","ascension_level":2}}