{"host":"g01l53quoe6lrer0","time":1610388582,"event":{"mods":["2.2 Compatiblity","AchievementEnabler","BaseMod","Colored Map","Highlight Path","Keyboard Shortcuts","Minty Spire (QoL Compilation)","Permanent Neow","StSLib","SuperFastMode","everything is the same but u backflip on backflip"],"gold_per_floor":[112,130,140,156,156,187,187,221,246,256,268,268,234,250,250,348,348,358,283,283,309,224,253,253,253,253],"floor_reached":25,"playtime":807,"items_purged":[],"score":358,"play_id":"32d15e86-446b-4cb9-b99d-6a9217587881","local_time":"20210112030942","is_ascension_mode":true,"campfire_choices":[{"floor":7.0,"key":"REST"},{"floor":15,"key":"REST"},{"floor":24,"key":"REST"}],"circlet_count":0,"master_deck":["AscendersBane","Strike_B","Strike_B","Strike_B+1","Defend_B","Defend_B","Defend_B","Defend_B","Zap+1","Dualcast","Multi-Cast","Conserve Battery","Skim","Hologram","Ball Lightning+1","Cold Snap","Electrodynamics","Glacier","Hologram","Coolheaded","Thunder Strike","Double Energy+1","Leap"],"relics":["Cracked Core","Blue Candle","Whetstone","Anchor","Happy Flower","Runic Pyramid","Red Mask","StrikeDummy","MealTicket"],"acts_visited":["Exordium","TheCity"],"potions_floor_usage":[16,21,21],"damage_taken":[{"damage":8.0,"enemies":"2 Louse","floor":1.0,"turns":3.0},{"damage":5.0,"enemies":"Small Slimes","floor":2.0,"turns":2.0},{"damage":7.0,"enemies":"Jaw Worm","floor":3.0,"turns":3.0},{"damage":11.0,"enemies":"Exordium Wildlife","floor":4.0,"turns":6.0},{"damage":18.0,"enemies":"3 Sentries","floor":6.0,"turns":7.0},{"damage":15.0,"enemies":"Lagavulin","floor":8.0,"turns":5.0},{"damage":0.0,"enemies":"Looter","floor":10.0,"turns":2.0},{"damage":1.0,"enemies":"3 Louse","floor":11.0,"turns":4.0},{"damage":0,"enemies":"Blue Slaver","floor":14,"turns":3},{"damage":15,"enemies":"The Guardian","floor":16,"turns":13},{"damage":5,"enemies":"Spheric Guardian","floor":18,"turns":4},{"damage":15,"enemies":"Masked Bandits","floor":21,"turns":4},{"damage":20,"enemies":"Book of Stabbing","floor":23,"turns":5},{"damage":38,"enemies":"Slavers","floor":25,"turns":3}],"seed_played":"-4431881857920993240","potions_obtained":[{"floor":6.0,"key":"ColorlessPotion"},{"floor":8.0,"key":"FocusPotion"},{"floor":10.0,"key":"PotionOfCapacity"},{"floor":16,"key":"LiquidMemories"},{"floor":18,"key":"SkillPotion"}],"is_trial":false,"path_per_floor":["M","M","M","M","?","E","R","E","T","M","M","?","?","M","R","B",null,"M","?","?","?","?","E","R","E"],"character_chosen":"DEFECT","items_purchased":[],"campfire_rested":3,"item_purchase_floors":[],"current_hp_per_floor":[60,55,48,37,37,19,41,26,26,26,25,25,25,25,47,32,64,59,59,45,30,30,10,34,0,0],"gold":253,"neow_bonus":"ONE_RANDOM_RARE_CARD","is_daily":false,"chose_seed":false,"campfire_upgraded":0,"win_rate":0.0,"timestamp":1610388582,"path_taken":["M","M","M","M","?","E","R","E","T","M","M","?","?","M","R","BOSS","M","?","?","?","?","E","R","E"],"items_purchased_type":[],"build_version":"2020-12-22","purchased_purges":0,"victory":false,"max_hp_per_floor":[75,75,75,75,75,75,75,75,75,75,75,75,75,75,75,75,75,75,75,80,80,80,80,80,80,80],"card_choices":[{"not_picked":["Go for the Eyes","Streamline"],"picked":"Conserve Battery","floor":1.0},{"not_picked":["Go for the Eyes","Redo"],"picked":"Skim","floor":2.0},{"not_picked":["Compile Driver","Beam Cell"],"picked":"Hologram","floor":3.0},{"not_picked":["Sweeping Beam","Leap"],"picked":"Ball Lightning","floor":4.0},{"not_picked":["Tempest","Meteor Strike"],"picked":"Cold Snap","floor":6.0},{"not_picked":["Gash","Beam Cell"],"picked":"Electrodynamics","floor":8.0},{"not_picked":["Capacitor","Auto Shields"],"picked":"Glacier","floor":10.0},{"not_picked":["Gash","Cold Snap"],"picked":"Hologram","floor":11.0},{"not_picked":["Self Repair","Turbo"],"picked":"Coolheaded","floor":14},{"not_picked":["Machine Learning","Echo Form"],"picked":"Thunder Strike","floor":16},{"not_picked":["Recycle","Cold Snap"],"picked":"Double Energy+1","floor":18},{"not_picked":["Rip and Tear","Stack"],"picked":"Leap","floor":21},{"not_picked":["Sunder","Compile Driver+1","Streamline"],"picked":"SKIP","floor":23}],"player_experience":154717,"relics_obtained":[{"floor":6.0,"key":"Blue Candle"},{"floor":8.0,"key":"Whetstone"},{"floor":9.0,"key":"Anchor"},{"floor":21,"key":"Red Mask"},{"floor":23,"key":"MealTicket"}],"event_choices":[{"damage_healed":0.0,"max_hp_gain":0.0,"max_hp_loss":0.0,"gold_gain":0.0,"event_name":"Living Wall","player_choice":"Grow","floor":5.0,"gold_loss":0.0,"damage_taken":0.0,"cards_upgraded":["Zap"]},{"damage_healed":0.0,"max_hp_gain":0.0,"max_hp_loss":0.0,"gold_gain":0.0,"event_name":"Dead Adventurer","player_choice":"Searched \u00271\u0027 times","floor":12.0,"gold_loss":0.0,"damage_taken":0.0,"relics_obtained":["Happy Flower"]},{"damage_healed":0.0,"max_hp_gain":0.0,"max_hp_loss":0.0,"gold_gain":0.0,"event_name":"World of Goop","player_choice":"Left Gold","floor":13.0,"gold_loss":34.0,"damage_taken":0.0},{"cards_removed":["Strike_B"],"damage_healed":0,"gold_gain":0,"player_choice":"Gave Gold","damage_taken":0,"max_hp_gain":0,"max_hp_loss":0,"event_name":"Beggar","floor":19,"gold_loss":75},{"damage_healed":0,"gold_gain":0,"player_choice":"Shed Blood","damage_taken":19,"max_hp_gain":5,"max_hp_loss":0,"event_name":"Forgotten Altar","floor":20,"gold_loss":0},{"damage_healed":0,"gold_gain":0,"player_choice":"Fought Bandits","damage_taken":0,"max_hp_gain":0,"max_hp_loss":0,"event_name":"Masked Bandits","floor":21,"gold_loss":0},{"damage_healed":0,"gold_gain":0,"player_choice":"Obtained Relic","damage_taken":0,"relics_obtained":["StrikeDummy"],"max_hp_gain":0,"max_hp_loss":0,"event_name":"Addict","floor":22,"gold_loss":85}],"is_beta":false,"boss_relics":[{"not_picked":["SacredBark","Coffee Dripper"],"picked":"Runic Pyramid"}],"items_purged_floors":[],"is_endless":false,"potions_floor_spawned":[6,8,10,16,18],"killed_by":"Slavers","ascension_level":11}}