{"host":"an6uhul3yec8m0jh","time":1610343860,"event":{"mods":["ATMod(阿瑾Mod)","Act Like it!","BaseMod","Colored Map","Colored Powertips","Gensokyo","Highlight Path","Minty Spire (QoL Compilation)","MostiFishMod","Pale of the Ancients","Quick Restart","StSLib","TestMod","UnlockEverythingMod","Waifu the Spire","noobMod"],"gold_per_floor":[-1281,-1181,-1181,-1164,-1153,-1123,-1123,-1097,-1019,-993,-979,-947,-947,-929,-929,-852,-852,-833,-2233,-2218,-2199,-2185,-2185,-2185,-2185,-2185,-2160,-2145,-2127,-2095,-2078,-2078,-2006,-2006,-1989,-1938,-1928,-1912,-1912,-1887,-1887,-1875,-1875,-1864,-1864,-1835,-1835,-1808,-1808,-1808,-1808,-1798,-1784,-1771,-1691,-1691,-1671,-1671,-1671,-1671,-1671],"floor_reached":62,"playtime":3248,"items_purged":[],"score":3759,"play_id":"68281232-8fcf-4003-99df-583ae72631e2","local_time":"20210111134420","is_ascension_mode":true,"campfire_choices":[{"data":"AT_ShadowStep","floor":7.0,"key":"SMITH"},{"data":"Shockwave","floor":15.0,"key":"SMITH"},{"data":"Pommel Strike","floor":23.0,"key":"SMITH"},{"data":"Offering","floor":25.0,"key":"SMITH"},{"floor":32.0,"key":"RECALL"},{"data":"MostiFishMod:RacingGame","floor":41.0,"key":"SMITH"},{"data":"Defend_R","floor":49.0,"key":"PURGE"},{"data":"Defend_R","floor":49.0,"key":"PURGE"},{"data":"Strike_R","floor":49.0,"key":"PURGE"},{"data":"Strike_R","floor":49.0,"key":"PURGE"},{"data":"Bash","floor":49.0,"key":"PURGE"},{"data":"Burning Pact","floor":56,"key":"SMITH"},{"data":"Whirlwind","floor":58,"key":"SMITH"}],"circlet_count":0,"master_deck":["AscendersBane","Defend_R","Defend_R","AT_ShadowStep+1","Sword Boomerang","Dark Embrace","Second Wind","MostiFishMod:NewArrival","Evolve","AT_IchimonjiDouble","Shrug It Off","AT_DiedThrough","Shockwave+1","Offering+1","AT_CaressingTears","Pommel Strike+1","Pommel Strike+1","Gensokyo:FourOfAKind","Gensokyo:FourOfAKind","Gensokyo:FourOfAKind","Gensokyo:FourOfAKind","Armaments+1","Whirlwind+1","AT_BodySlamDance","MostiFishMod:RacingGame+1","MostiFishMod:Chiaki","MostiFishMod:#F4004+1","MostiFishMod:OneDayCity","Burning Pact+1","MostiFishMod:HellRitual","Armaments+1"],"relics":["Burning Blood","ice","testmod-TestBox","AT_ATBox","SynthV:MejaisSoulstealer","testmod-CyclicPeriapt","NeowsBlessing","SynthV:TestCard","testmod-IntensifyImprint","Happy Flower","Mango","Letter Opener","ChiXiaoBlade","SynthV:MejaisSoulstealer","testmod-BalancedPeriapt","Anchor","AT_SunfireAegis","Black Star","Peace Pipe","Potion Belt","Pen Nib","Gremlin Horn","Toy Ornithopter","AT_TimeSand","AT_SilvercatRing","testmod-ThousandKnives","paleoftheancients:Timepiece","paleoftheancients:KeyRelic","Mercury Hourglass","CultistMask","paleoftheancients:SoulOfTheIroncluck","paleoftheancients:SoulOfTheThorton","ImprovedEquipment","Bottled Tornado"],"acts_visited":["Gensokyo:Gensokyo","Gensokyo:Gensokyoer","TheBeyond","paleoftheancients:PaleOfTheAncients"],"potions_floor_usage":[],"damage_taken":[{"damage":0.0,"enemies":"Gensokyo:2_Kodama","floor":1.0,"turns":1.0},{"damage":0.0,"enemies":"Gensokyo:3_Fairies","floor":4.0,"turns":1.0},{"damage":0.0,"enemies":"Gensokyo:Python","floor":5.0,"turns":1.0},{"damage":32.0,"enemies":"Gensokyo:Cirno","floor":6.0,"turns":8.0},{"damage":23.0,"enemies":"Gensokyo:Aya","floor":8.0,"turns":5.0},{"damage":0.0,"enemies":"Gensokyo:Cirno","floor":10.0,"turns":6.0},{"damage":0.0,"enemies":"Gensokyo:3_Kodama","floor":11.0,"turns":3.0},{"damage":0.0,"enemies":"Gensokyo:Aya","floor":12.0,"turns":4.0},{"damage":0.0,"enemies":"Gensokyo:LivingMonolith","floor":14.0,"turns":1.0},{"damage":0.0,"enemies":"Gensokyo:Reimu","floor":16.0,"turns":4.0},{"damage":6.0,"enemies":"Gensokyo:CosmicMonolith","floor":18.0,"turns":3.0},{"damage":0.0,"enemies":"Gensokyo:Chomper","floor":20.0,"turns":2.0},{"damage":10.0,"enemies":"Gensokyo:Slime_Group","floor":21.0,"turns":2.0},{"damage":6.0,"enemies":"Gensokyo:3_Gloops","floor":22.0,"turns":1.0},{"damage":6.0,"enemies":"Gensokyo:Reisen","floor":27.0,"turns":1.0},{"damage":17.0,"enemies":"Gensokyo:Monolith_and_Dog","floor":28.0,"turns":3.0},{"damage":0.0,"enemies":"Gensokyo:Slime_Group","floor":29.0,"turns":2.0},{"damage":6.0,"enemies":"Gensokyo:Koishi","floor":30.0,"turns":1.0},{"damage":0.0,"enemies":"Gensokyo:Chomper_and_Gloop","floor":31.0,"turns":1.0},{"damage":6.0,"enemies":"Gensokyo:Eternal_Rivals","floor":33.0,"turns":2.0},{"damage":0.0,"enemies":"3 Shapes","floor":35.0,"turns":1.0},{"damage":6.0,"enemies":"2 Orb Walkers","floor":36.0,"turns":1.0},{"damage":0.0,"enemies":"Orb Walker","floor":37.0,"turns":1.0},{"damage":0.0,"enemies":"Spire Growth","floor":38.0,"turns":2.0},{"damage":0.0,"enemies":"Reptomancer","floor":40.0,"turns":1.0},{"damage":6.0,"enemies":"Transient","floor":42.0,"turns":2.0},{"damage":0.0,"enemies":"Sphere and 2 Shapes","floor":44.0,"turns":1.0},{"damage":0.0,"enemies":"Nemesis","floor":46.0,"turns":3.0},{"damage":0.0,"enemies":"Giant Head","floor":48.0,"turns":2.0},{"damage":0.0,"enemies":"Donu and Deca","floor":50.0,"turns":2.0},{"damage":6,"enemies":"Time Eater","floor":51,"turns":2},{"damage":0,"enemies":"Time Eater","floor":52,"turns":2},{"damage":0,"enemies":"Time Eater","floor":53,"turns":1},{"damage":0,"enemies":"paleoftheancients:Thorton2","floor":54,"turns":1},{"damage":0,"enemies":"paleoftheancients:Thorton2","floor":57,"turns":4},{"damage":6,"enemies":"paleoftheancients:N","floor":61,"turns":2}],"seed_played":"6238524869767665234","potions_obtained":[{"floor":4.0,"key":"Block Potion"},{"floor":8.0,"key":"Regen Potion"},{"floor":10.0,"key":"SteroidPotion"},{"floor":16.0,"key":"Dexterity Potion"},{"floor":36.0,"key":"ElixirPotion"},{"floor":48.0,"key":"Strength Potion"},{"floor":57,"key":"SkillPotion"}],"is_trial":false,"path_per_floor":["M","?","?","M","M","E","R","E","T","E","M","E","$","M","R","B",null,"M","?","M","M","M","R","?","R","T","E","M","M","E","M","R","B",null,"M","?","M","M","?","E","R","M","T","M","?","E","?","E","R","B","B","M","M","M","T","R","M","R","T","?","B",null],"character_chosen":"IRONCLAD","items_purchased":[],"campfire_rested":0,"item_purchase_floors":[],"current_hp_per_floor":[74,74,38,44,50,24,24,7,7,42,48,54,54,60,60,66,83,83,83,89,85,87,87,58,58,58,58,47,53,56,58,58,58,58,58,58,58,58,58,58,58,58,58,58,48,58,58,58,58,58,58,58,58,58,58,58,58,58,58,58,58],"gold":-1671,"neow_bonus":"THREE_ENEMY_KILL","is_daily":false,"chose_seed":false,"campfire_upgraded":7,"win_rate":0.0,"timestamp":1610343860,"path_taken":["M","?","?","?","M","E","R","E","T","E","M","E","$","M","R","BOSS","M","?","M","?","M","R","?","R","T","E","M","M","E","M","R","BOSS","M","?","M","M","?","E","R","?","T","M","?","E","?","E","R","BOSS","BOSS","M","M","?","T","R","M","R","T","?","BOSS"],"items_purchased_type":[],"build_version":"2020-12-22","purchased_purges":0,"victory":true,"max_hp_per_floor":[75,75,75,75,75,75,75,75,75,89,89,89,89,89,89,89,89,89,89,89,89,89,89,58,58,58,58,58,58,58,58,58,58,58,58,58,58,58,58,58,58,58,58,58,58,58,58,58,58,58,58,58,58,58,58,58,58,58,58,58,58],"card_choices":[{"not_picked":["Havoc","Thunderclap"],"picked":"Sword Boomerang","floor":1.0},{"not_picked":["Sever Soul","Inflame","Clash","Anger"],"picked":"Dark Embrace","floor":4.0},{"not_picked":["Pommel Strike","Body Slam","Cleave","Warcry"],"picked":"Second Wind","floor":5.0},{"not_picked":["Combust","Rampage","True Grit","Cleave"],"picked":"MostiFishMod:NewArrival","floor":6.0},{"not_picked":["Twin Strike","MostiFishMod:WingOfPhoenix","Disarm","Body Slam"],"picked":"Evolve","floor":8.0},{"not_picked":["Headbutt","Thunderclap","Seeing Red","Cleave"],"picked":"AT_IchimonjiDouble","floor":10.0},{"not_picked":["Havoc","Rage","AT_IchimonjiDouble","Warcry"],"picked":"Shrug It Off","floor":11.0},{"not_picked":["AT_DrawKnifeCut","Shrug It Off","MostiFishMod:BrandingRite","Burning Pact"],"picked":"AT_DiedThrough","floor":12.0},{"not_picked":["Shrug It Off","Warcry","MostiFishMod:NewArrival","Disarm"],"picked":"Shockwave","floor":14.0},{"not_picked":["MostiFishMod:404NotFound","MostiFishMod:HellRitual","MostiFishMod:RainCloud","Bludgeon"],"picked":"Offering","floor":16.0},{"not_picked":["Warcry","Clothesline","Twin Strike","Havoc"],"picked":"AT_CaressingTears","floor":18.0},{"not_picked":["Shrug It Off","Body Slam","Iron Wave","Shockwave"],"picked":"Pommel Strike","floor":20.0},{"not_picked":["AT_CaressingTears","MostiFishMod:BrandingRite","Searing Blow","Demon Form"],"picked":"Pommel Strike+1","floor":21.0},{"not_picked":["Twin Strike","Perfected Strike","Flex","Clash","Clothesline"],"picked":"SKIP","floor":22.0},{"not_picked":["Heavy Blade","MostiFishMod:NewArrival","Cleave","Shrug It Off"],"picked":"Armaments","floor":27.0},{"not_picked":["Perfected Strike","AT_IchimonjiDouble","Metallicize+1","Pummel","Sword Boomerang"],"picked":"SKIP","floor":28.0},{"not_picked":["Shrug It Off","Sentinel+1","Feel No Pain","Twin Strike+1"],"picked":"Whirlwind","floor":29.0},{"not_picked":["Disarm","Havoc","Warcry","Bloodletting"],"picked":"AT_BodySlamDance","floor":30.0},{"not_picked":["Pommel Strike","Clothesline+1","Warcry","AT_BodySlamDance+1","Dual Wield"],"picked":"SKIP","floor":31.0},{"not_picked":["Demon Form","MostiFishMod:Mania","AT_Dispersion","MostiFishMod:DarkDeal"],"picked":"MostiFishMod:RacingGame","floor":33.0},{"not_picked":["AT_BodySlamDance","Evolve","Uppercut","Shrug It Off","Intimidate"],"picked":"SKIP","floor":35.0},{"not_picked":["Sword Boomerang","Cleave","Flex","AT_IchimonjiDouble","Havoc"],"picked":"SKIP","floor":37.0},{"not_picked":["Rage+1","MostiFishMod:#F4004","Pummel+1","AT_BodySlamDance+1"],"picked":"MostiFishMod:Chiaki","floor":38.0},{"not_picked":["Carnage","AT_BodySlamDance","Havoc","Perfected Strike","Inflame"],"picked":"SKIP","floor":40.0},{"not_picked":["AT_BodySlamDance+1","Pommel Strike+1","Bloodletting","Wild Strike"],"picked":"MostiFishMod:#F4004+1","floor":42.0},{"not_picked":["Wild Strike","Flame Barrier","Armaments","Clothesline","Body Slam"],"picked":"SKIP","floor":44.0},{"not_picked":["AT_LightSaberMaster","testmod-HeadAttack","Purity","testmod-WeaknessCounterattack"],"picked":"MostiFishMod:OneDayCity","floor":45.0},{"not_picked":["Clothesline","Wild Strike+1","Armaments+1","MostiFishMod:PerfectStrikeMKII"],"picked":"Burning Pact","floor":46.0},{"not_picked":["Pommel Strike","Wild Strike","Clothesline","Entrench","Cleave+1"],"picked":"SKIP","floor":48.0},{"not_picked":["Shrug It Off+1","AT_ManFootWork","Thunderclap","AT_DiedThrough+1"],"picked":"Armaments+1","floor":52},{"not_picked":["Wild Strike","Rupture+1","True Grit","Feed","Twin Strike"],"picked":"SKIP","floor":53},{"not_picked":["Carnage","Metallicize+1","Disarm+1","Wild Strike+1","Headbutt"],"picked":"SKIP","floor":54},{"not_picked":["Fire Breathing","Reckless Charge+1","Carnage","Sever Soul+1","Warcry"],"picked":"SKIP","floor":57}],"player_experience":226589,"relics_obtained":[{"floor":1.0,"key":"SynthV:TestCard"},{"floor":6.0,"key":"testmod-IntensifyImprint"},{"floor":8.0,"key":"Happy Flower"},{"floor":10.0,"key":"Mango"},{"floor":12.0,"key":"Letter Opener"},{"floor":26.0,"key":"testmod-BalancedPeriapt"},{"floor":27.0,"key":"Anchor"},{"floor":30.0,"key":"AT_SunfireAegis"},{"floor":36.0,"key":"Peace Pipe"},{"floor":40.0,"key":"Potion Belt"},{"floor":40.0,"key":"Pen Nib"},{"floor":43.0,"key":"Gremlin Horn"},{"floor":46.0,"key":"Toy Ornithopter"},{"floor":46.0,"key":"AT_TimeSand"},{"floor":48.0,"key":"AT_SilvercatRing"},{"floor":48.0,"key":"testmod-ThousandKnives"},{"floor":52,"key":"paleoftheancients:SoulOfTheIroncluck"},{"floor":53,"key":"paleoftheancients:SoulOfTheGuardian"},{"floor":54,"key":"paleoftheancients:SoulOfTheThorton"},{"floor":55,"key":"ImprovedEquipment"},{"floor":57,"key":"paleoftheancients:SoulOfTheDefect"},{"floor":59,"key":"Bottled Tornado"}],"event_choices":[{"damage_healed":0.0,"max_hp_gain":0.0,"max_hp_loss":0.0,"gold_gain":0.0,"event_name":"给自己的盒子","player_choice":"Swap Relic","floor":19.0,"relics_lost":["DaveBox"],"gold_loss":0.0,"damage_taken":0.0,"relics_obtained":["SynthV:MejaisSoulstealer"]},{"damage_healed":0.0,"max_hp_gain":0.0,"max_hp_loss":0.0,"gold_gain":0.0,"event_name":"Mysterious Sphere","player_choice":"Fight","floor":36.0,"gold_loss":0.0,"damage_taken":0.0},{"damage_healed":0.0,"max_hp_gain":0.0,"max_hp_loss":0.0,"gold_gain":0.0,"event_name":"Wheel of Change","player_choice":"Full Heal","floor":39.0,"gold_loss":0.0,"damage_taken":0.0},{"damage_healed":0.0,"max_hp_gain":0.0,"max_hp_loss":0.0,"gold_gain":0.0,"event_name":"SensoryStone","player_choice":"Memory 3","floor":45.0,"gold_loss":0.0,"damage_taken":10.0},{"damage_healed":0.0,"max_hp_gain":0.0,"max_hp_loss":0.0,"gold_gain":0.0,"event_name":"Match and Keep!","player_choice":"1 cards matched","floor":47.0,"gold_loss":0.0,"damage_taken":0.0,"cards_obtained":["MostiFishMod:HellRitual"]}],"is_beta":false,"boss_relics":[{"not_picked":["testmod-KeyOfTheVoid","RhineFirstAidKit"],"picked":"ChiXiaoBlade"},{"not_picked":["RhineCircuit","testmod-Nine"],"picked":"Black Star"}],"items_purged_floors":[],"is_endless":false,"potions_floor_spawned":[4,8,10,16,21,27,28,30,36,38,48,57],"ascension_level":20}}