{"host":"6ppucmbu28e4pclv","time":1610342438,"event":{"mods":["BaseMod","Colored Map","DeckTracker","Minty Spire (QoL Compilation)","StSLib"],"gold_per_floor":[119,84,84,103,116,116,149,149,221,241,260,279,153,187,187,187,187],"floor_reached":16,"playtime":1070,"items_purged":["Strike_G"],"score":185,"play_id":"6abc8536-56d4-403a-87ea-faf45ce19d35","local_time":"20210110212038","is_ascension_mode":true,"campfire_choices":[{"data":"Bouncing Flask","floor":6,"key":"SMITH"},{"data":"Neutralize","floor":8,"key":"SMITH"},{"floor":15,"key":"REST"}],"circlet_count":0,"master_deck":["AscendersBane","Strike_G","Strike_G","Strike_G","Strike_G","Defend_G","Defend_G","Defend_G","Defend_G","Survivor","Neutralize+1","Cloak And Dagger","Acrobatics","Bouncing Flask+1","Footwork","Slice","Poisoned Stab","Blade Dance","PiercingWail","Terror"],"relics":["SlaversCollar","Tiny Chest","Paper Crane","Kunai"],"acts_visited":["Exordium"],"potions_floor_usage":[7,14,14],"damage_taken":[{"damage":13.0,"enemies":"Small Slimes","floor":1.0,"turns":5.0},{"damage":10.0,"enemies":"2 Louse","floor":4.0,"turns":4.0},{"damage":4,"enemies":"Cultist","floor":5,"turns":5},{"damage":6,"enemies":"Lagavulin","floor":7,"turns":6},{"damage":12,"enemies":"Large Slime","floor":10,"turns":5},{"damage":23,"enemies":"Lots of Slimes","floor":11,"turns":4},{"damage":0,"enemies":"Exordium Wildlife","floor":12,"turns":5},{"damage":8,"enemies":"Gremlin Nob","floor":14,"turns":3},{"damage":32,"enemies":"Slime Boss","floor":16,"turns":5}],"seed_played":"8280528896977750735","potions_obtained":[{"floor":4,"key":"AttackPotion"},{"floor":5,"key":"Ancient Potion"},{"floor":10,"key":"Fire Potion"},{"floor":12,"key":"DistilledChaos"}],"is_trial":false,"path_per_floor":["M","?","?","M","M","R","E","R","T","M","M","M","$","E","R","B"],"character_chosen":"THE_SILENT","items_purchased":["PiercingWail"],"campfire_rested":1,"item_purchase_floors":[13],"current_hp_per_floor":[50,67,67,57,53,53,47,47,47,35,12,12,12,4,25,0,0],"gold":187,"neow_bonus":"BOSS_RELIC","is_daily":false,"chose_seed":false,"campfire_upgraded":2,"win_rate":0.0,"timestamp":1610342438,"path_taken":["M","?","?","M","M","R","E","R","T","M","M","?","$","E","R","BOSS"],"items_purchased_type":["Card"],"build_version":"2020-12-22","purchased_purges":1,"victory":false,"max_hp_per_floor":[70,70,70,70,70,70,70,70,70,70,70,70,70,70,70,70,70],"card_choices":[{"not_picked":["Infinite Blades","Bane"],"picked":"Cloak And Dagger","floor":1.0},{"not_picked":["Flying Knee","Blur"],"picked":"Acrobatics","floor":4},{"not_picked":["Prepared","Grand Finale"],"picked":"Bouncing Flask","floor":5},{"not_picked":["All Out Attack","Prepared"],"picked":"Footwork","floor":7},{"not_picked":["Outmaneuver","Expertise"],"picked":"Slice","floor":10},{"not_picked":["Eviscerate","Skewer"],"picked":"Poisoned Stab","floor":11},{"not_picked":["Sucker Punch","Well Laid Plans"],"picked":"Blade Dance","floor":12},{"not_picked":["Catalyst","Reflex"],"picked":"Terror","floor":14}],"player_experience":869160,"relics_obtained":[{"floor":7,"key":"Tiny Chest"},{"floor":9,"key":"Paper Crane"},{"floor":14,"key":"Kunai"}],"event_choices":[{"damage_healed":17.0,"max_hp_gain":0.0,"max_hp_loss":0.0,"gold_gain":0.0,"event_name":"The Cleric","player_choice":"Healed","floor":2.0,"gold_loss":35.0,"damage_taken":0.0},{"cards_removed":["Defend_G"],"damage_healed":0.0,"max_hp_gain":0.0,"max_hp_loss":0.0,"gold_gain":0.0,"event_name":"Bonfire Elementals","player_choice":"Offered Basic","floor":3.0,"gold_loss":0.0,"damage_taken":0.0}],"is_beta":false,"boss_relics":[],"items_purged_floors":[13],"is_endless":false,"potions_floor_spawned":[4,5,10,12],"killed_by":"Slime Boss","ascension_level":13}}