{"host":"z9811rt50ti81n54","time":1610370263,"event":{"mods":["BaseMod","Better Match","Better Sensory Stone","Better Skull","Better Third Choice","Minty Spire (QoL Compilation)","Permanent Neow","StSLib","SuperFastMode"],"gold_per_floor":[112,126,401,16,34,34,53,53,53,106,37,37,53,71,71,168,168,186,206,60,135,146,146,5,22,22,33,33,33,33,43,43,139,139,139],"floor_reached":34,"playtime":986,"items_purged":["Regret","Strike_B"],"score":419,"play_id":"b07129c3-b973-4a74-8875-8844cfc8bf91","local_time":"20210111220423","is_ascension_mode":false,"campfire_choices":[{"data":"Sunder","floor":6.0,"key":"SMITH"},{"data":"Chaos","floor":8.0,"key":"SMITH"},{"data":"Double Energy","floor":12.0,"key":"SMITH"},{"data":"Hello World","floor":15.0,"key":"SMITH"},{"floor":23.0,"key":"REST"},{"floor":28,"key":"REST"},{"data":"Hyperbeam","floor":32,"key":"SMITH"}],"circlet_count":0,"master_deck":["Strike_B","Strike_B","Strike_B","Defend_B","Defend_B","Defend_B","Defend_B","Zap","Dualcast","Sunder+1","Conserve Battery","Biased Cognition","Compile Driver","Undo","Double Energy+1","Hello World+1","Chaos+1","Sweeping Beam","Turbo","Ball Lightning","Echo Form","Seek","Consume+1","Storm+1","Self Repair","Ghostly","Ghostly","Ghostly","Ghostly","Ghostly","Hyperbeam+1","Creative AI"],"relics":["Cursed Key","Sozu","Runic Capacitor","Nuclear Battery"],"acts_visited":["Exordium","TheCity","TheBeyond"],"potions_floor_usage":[],"damage_taken":[{"damage":1.0,"enemies":"Cultist","floor":1.0,"turns":4.0},{"damage":0.0,"enemies":"Small Slimes","floor":2.0,"turns":2.0},{"damage":0.0,"enemies":"Jaw Worm","floor":5.0,"turns":4.0},{"damage":10.0,"enemies":"Exordium Thugs","floor":7.0,"turns":4.0},{"damage":6.0,"enemies":"Lots of Slimes","floor":13.0,"turns":4.0},{"damage":0.0,"enemies":"Looter","floor":14.0,"turns":3.0},{"damage":0.0,"enemies":"Slime Boss","floor":16.0,"turns":8.0},{"damage":18.0,"enemies":"2 Thieves","floor":18.0,"turns":4.0},{"damage":0.0,"enemies":"Spheric Guardian","floor":19.0,"turns":2.0},{"damage":24.0,"enemies":"Snake Plant","floor":22.0,"turns":3.0},{"damage":0.0,"enemies":"Snecko","floor":25.0,"turns":3.0},{"damage":11,"enemies":"3 Cultists","floor":27,"turns":3},{"damage":3,"enemies":"Cultist and Chosen","floor":31,"turns":3},{"damage":1,"enemies":"Champ","floor":33,"turns":8}],"seed_played":"-832560866564805031","potions_obtained":[{"floor":5.0,"key":"AttackPotion"},{"floor":13.0,"key":"LiquidBronze"},{"floor":14.0,"key":"LiquidMemories"}],"is_trial":false,"path_per_floor":["M","M","?","$","M","R","M","R","T","?","$","R","M","M","R","B",null,"M","M","$","?","M","R","$","M","T","M","R","?","T","M","R","B",null],"character_chosen":"DEFECT","items_purchased":["Biased Cognition","Compile Driver","Undo","Double Energy","Sweeping Beam","Turbo","Runic Capacitor","Self Repair"],"campfire_rested":2,"item_purchase_floors":[4,4,4,4,11,11,20,24],"current_hp_per_floor":[74,74,74,74,74,74,64,64,64,64,64,64,58,58,58,58,75,57,57,57,50,26,48,48,48,48,37,59,37,37,37,37,37,37,37],"gold":139,"neow_bonus":"BOSS_RELIC","is_daily":false,"chose_seed":false,"campfire_upgraded":5,"win_rate":0.0,"timestamp":1610370263,"path_taken":["M","?","?","$","?","R","M","R","T","?","?","R","M","M","R","BOSS","M","?","$","?","?","R","$","M","T","M","R","?","?","M","R","BOSS"],"items_purchased_type":["Card","Card","Card","Card","Card","Card","Relic","Card"],"build_version":"2020-12-22","purchased_purges":2,"victory":false,"max_hp_per_floor":[75,75,75,75,75,75,75,75,75,75,75,75,75,75,75,75,75,75,75,75,75,75,75,75,75,75,75,75,37,37,37,37,37,37,37],"card_choices":[{"not_picked":["Conserve Battery","Turbo"],"picked":"Sunder","floor":1.0},{"not_picked":["Beam Cell","Lockon"],"picked":"Conserve Battery","floor":2.0},{"not_picked":["Compile Driver","Coolheaded"],"picked":"Hello World","floor":5.0},{"not_picked":["Streamline","Go for the Eyes"],"picked":"Chaos","floor":7.0},{"not_picked":["Stack","Darkness"],"picked":"Ball Lightning","floor":13.0},{"not_picked":["Steam","Reinforced Body"],"picked":"Echo Form","floor":14.0},{"not_picked":["Machine Learning","Buffer"],"picked":"Seek","floor":16.0},{"not_picked":["Beam Cell+1","Ball Lightning"],"picked":"Consume+1","floor":18.0},{"not_picked":["Hello World","Barrage+1"],"picked":"Storm+1","floor":19.0},{"not_picked":["Conserve Battery","Coolheaded","Redo"],"picked":"SKIP","floor":22.0},{"not_picked":["Go for the Eyes","Sweeping Beam+1","Defragment"],"picked":"SKIP","floor":25.0},{"not_picked":["Ball Lightning","Compile Driver","Chaos"],"picked":"SKIP","floor":27},{"not_picked":["Storm","Steam Power"],"picked":"Hyperbeam","floor":31},{"not_picked":["Meteor Strike","Seek"],"picked":"Creative AI","floor":33}],"player_experience":368364,"relics_obtained":[],"event_choices":[{"damage_healed":0.0,"max_hp_gain":0.0,"max_hp_loss":0.0,"gold_gain":275.0,"event_name":"Golden Shrine","player_choice":"Desecrate","floor":3.0,"gold_loss":0.0,"damage_taken":0.0,"cards_obtained":["Regret"]},{"damage_healed":0.0,"max_hp_gain":0.0,"max_hp_loss":0.0,"gold_gain":53.0,"event_name":"Golden Wing","player_choice":"Gained Gold","floor":10.0,"gold_loss":0.0,"damage_taken":0.0},{"damage_healed":0.0,"max_hp_gain":0.0,"max_hp_loss":0.0,"gold_gain":75.0,"event_name":"FaceTrader","player_choice":"Touch","floor":21.0,"gold_loss":0.0,"damage_taken":7.0},{"damage_healed":0,"gold_gain":0,"player_choice":"Became a Ghost","damage_taken":0,"max_hp_gain":0,"max_hp_loss":38,"event_name":"Ghosts","floor":29,"gold_loss":0,"cards_obtained":["Ghostly","Ghostly","Ghostly","Ghostly","Ghostly"]}],"is_beta":false,"boss_relics":[{"not_picked":["Philosopher\u0027s Stone","Black Star"],"picked":"Sozu"},{"not_picked":["SlaversCollar","Inserter"],"picked":"Nuclear Battery"}],"items_purged_floors":[4,24],"is_endless":false,"potions_floor_spawned":[5,13,14,19,22,33],"ascension_level":0}}