{"host":"d61fcf2p3sjwe6yo","time":1610394076,"event":{"mods":["AchievementEnabler","BaseMod","Colored Map","Minty Spire (QoL Compilation)","StSLib","SuperFastMode"],"gold_per_floor":[115,65,65,80,80,80,115,115,188,208,243,263,288,331,331,450,450,468,222,222,257,276,276,133,177,177,190,204,204,204,245,245,365,365,381,381,714,60,1059,1059,1092,1115,1185,1204,1204,1224,1224,1251,1251,1251,1251,1251,2,28,28],"floor_reached":56,"playtime":2738,"items_purged":["Strike_G","Shame"],"score":2174,"play_id":"7cc16eb5-dbbd-4e8e-af8a-aefb38b51497","local_time":"20210111224116","is_ascension_mode":true,"campfire_choices":[{"data":"Neutralize","floor":6.0,"key":"SMITH"},{"data":"Blade Dance","floor":8.0,"key":"SMITH"},{"data":"Blade Dance","floor":15.0,"key":"SMITH"},{"data":"Apotheosis","floor":23.0,"key":"SMITH"},{"floor":29.0,"key":"REST"},{"data":"Cloak And Dagger","floor":32.0,"key":"SMITH"},{"data":"A Thousand Cuts","floor":40.0,"key":"SMITH"},{"data":"Accuracy","floor":45.0,"key":"SMITH"},{"floor":49,"key":"RECALL"},{"data":"After Image","floor":52,"key":"SMITH"}],"circlet_count":0,"master_deck":["AscendersBane","Strike_G+1","Strike_G+1","Defend_G","Defend_G","Defend_G+1","Survivor","Neutralize+1","Blade Dance+1","Leg Sweep+1","Blade Dance+1","Cloak And Dagger+1","After Image+1","Apotheosis+1","Cloak And Dagger+1","Dodge and Roll+1","A Thousand Cuts+1","Escape Plan+1","Accuracy+1","PiercingWail+1","Decay","Backflip+1","Acrobatics+1","Adrenaline+1"],"relics":["Empty Cage","Singing Bowl","Orichalcum","Kunai","Tough Bandages","Vajra","SlaversCollar","Enchiridion","Red Mask","Happy Flower","Bag of Preparation","The Courier","Sundial","Art of War","Cursed Key","Omamori","Toolbox","War Paint","TungstenRod","Toxic Egg 2","Letter Opener","Prayer Wheel","Membership Card","Paper Crane","Strawberry","Oddly Smooth Stone","Nunchaku","Mummified Hand","Akabeko","Pantograph","HornCleat","Incense Burner","Shuriken","Pen Nib","Whetstone","Gremlin Horn","Ginger"],"acts_visited":["Exordium","TheCity","TheBeyond","TheEnding"],"potions_floor_usage":[55,55],"damage_taken":[{"damage":0.0,"enemies":"Small Slimes","floor":1.0,"turns":3.0},{"damage":0.0,"enemies":"2 Louse","floor":4.0,"turns":3.0},{"damage":25.0,"enemies":"Gremlin Nob","floor":7.0,"turns":5.0},{"damage":0.0,"enemies":"Jaw Worm","floor":10.0,"turns":3.0},{"damage":12.0,"enemies":"3 Sentries","floor":11.0,"turns":14.0},{"damage":0.0,"enemies":"Exordium Wildlife","floor":12.0,"turns":3.0},{"damage":4.0,"enemies":"Exordium Thugs","floor":13.0,"turns":5.0},{"damage":2.0,"enemies":"Lagavulin","floor":14.0,"turns":9.0},{"damage":2.0,"enemies":"Slime Boss","floor":16.0,"turns":10.0},{"damage":0.0,"enemies":"Spheric Guardian","floor":18.0,"turns":4.0},{"damage":3.0,"enemies":"Masked Bandits","floor":21.0,"turns":5.0},{"damage":15.0,"enemies":"Chosen","floor":22.0,"turns":5.0},{"damage":5.0,"enemies":"Slavers","floor":25.0,"turns":6.0},{"damage":0.0,"enemies":"Sentry and Sphere","floor":27.0,"turns":5.0},{"damage":0.0,"enemies":"3 Cultists","floor":28.0,"turns":6.0},{"damage":0.0,"enemies":"Gremlin Leader","floor":31.0,"turns":11.0},{"damage":0.0,"enemies":"Champ","floor":33.0,"turns":10.0},{"damage":0.0,"enemies":"3 Shapes","floor":35.0,"turns":5.0},{"damage":2.0,"enemies":"Nemesis","floor":41.0,"turns":5.0},{"damage":0.0,"enemies":"Orb Walker","floor":44.0,"turns":2.0},{"damage":0,"enemies":"4 Shapes","floor":46,"turns":3},{"damage":0,"enemies":"Reptomancer","floor":48,"turns":5},{"damage":59,"enemies":"Time Eater","floor":50,"turns":15},{"damage":0,"enemies":"Shield and Spear","floor":54,"turns":2},{"damage":0,"enemies":"The Heart","floor":55,"turns":7}],"seed_played":"4738018606402309119","potions_obtained":[{"floor":1.0,"key":"SpeedPotion"},{"floor":10.0,"key":"EntropicBrew"},{"floor":14.0,"key":"PowerPotion"},{"floor":16.0,"key":"Weak Potion"},{"floor":18.0,"key":"FearPotion"},{"floor":21.0,"key":"SkillPotion"},{"floor":22.0,"key":"Dexterity Potion"},{"floor":31.0,"key":"Dexterity Potion"},{"floor":35.0,"key":"PowerPotion"}],"is_trial":false,"path_per_floor":["M","?","?","M","?","R","E","R","T","M","E","M","M","E","R","B",null,"M","$","?","?","M","R","$","E","T","M","M","R","T","E","R","B",null,"M","?","?","$","?","R","E","T","T","M","R","M","?","E","R","B",null,"R","$","E","B",null],"character_chosen":"THE_SILENT","items_purchased":["Apotheosis","Happy Flower","Accuracy","Omamori","Toolbox","War Paint","TungstenRod","Membership Card","Paper Crane","Strawberry","Oddly Smooth Stone","Nunchaku","Mummified Hand","Akabeko","Pantograph","HornCleat","Incense Burner","Shuriken","Pen Nib","Whetstone","Gremlin Horn"],"campfire_rested":1,"item_purchase_floors":[19,24,38,38,38,38,38,53,53,53,53,53,53,53,53,53,53,53,53,53,53],"current_hp_per_floor":[63,63,46,46,43,43,20,20,20,20,8,10,20,20,20,18,62,64,64,48,47,34,34,34,29,29,29,31,56,56,58,58,58,79,79,79,79,79,79,79,77,77,77,79,79,79,81,81,81,22,73,73,80,80,97],"gold":28,"neow_bonus":"BOSS_RELIC","is_daily":false,"chose_seed":false,"campfire_upgraded":8,"win_rate":0.0,"timestamp":1610394076,"path_taken":["M","?","?","M","?","R","E","R","T","M","E","M","M","E","R","BOSS","M","$","?","?","M","R","?","E","T","M","?","R","?","E","R","BOSS","M","?","?","$","?","R","E","?","T","M","R","?","?","E","R","BOSS","R","$","E","BOSS"],"items_purchased_type":["Card","Relic","Card","Relic","Relic","Relic","Relic","Relic","Relic","Relic","Relic","Relic","Relic","Relic","Relic","Relic","Relic","Relic","Relic","Relic","Relic"],"build_version":"2020-12-22","purchased_purges":2,"victory":true,"max_hp_per_floor":[70,70,70,70,70,70,72,72,72,72,72,74,74,76,76,76,76,78,78,78,80,82,82,82,82,82,82,84,84,84,86,86,86,86,86,86,86,86,86,86,86,86,86,88,88,88,90,90,90,90,90,90,97,97,97],"card_choices":[{"not_picked":["Catalyst","Heel Hook","Underhanded Strike"],"picked":"SKIP","floor":1.0},{"not_picked":["Underhanded Strike","Cloak And Dagger"],"picked":"Blade Dance","floor":4.0},{"not_picked":["Skewer","Tactician","Choke"],"picked":"Singing Bowl","floor":7.0},{"not_picked":["Eviscerate","Riddle With Holes"],"picked":"Leg Sweep","floor":10.0},{"not_picked":["Calculated Gamble","Catalyst"],"picked":"Blade Dance","floor":11.0},{"not_picked":["Noxious Fumes","Bane","Deadly Poison"],"picked":"Singing Bowl","floor":12.0},{"not_picked":["Crippling Poison","Deflect"],"picked":"Cloak And Dagger","floor":13.0},{"not_picked":["Outmaneuver","Dagger Spray","Backflip"],"picked":"Singing Bowl","floor":14.0},{"not_picked":["Die Die Die","Grand Finale"],"picked":"After Image","floor":16.0},{"not_picked":["Dagger Spray","Flying Knee+1","Prepared"],"picked":"Singing Bowl","floor":18.0},{"not_picked":["Sucker Punch","Deadly Poison","Deflect"],"picked":"Singing Bowl","floor":21.0},{"not_picked":["Dagger Throw","Dagger Spray","Choke"],"picked":"Singing Bowl","floor":22.0},{"not_picked":["Expertise","Flying Knee"],"picked":"Cloak And Dagger+1","floor":25.0},{"not_picked":["Flying Knee","Catalyst"],"picked":"Dodge and Roll+1","floor":27.0},{"not_picked":["Poisoned Stab+1","Tactician","Dagger Throw"],"picked":"Singing Bowl","floor":28.0},{"not_picked":["Endless Agony","Leg Sweep","Catalyst"],"picked":"Singing Bowl","floor":31.0},{"not_picked":["Unload","Doppelganger"],"picked":"A Thousand Cuts","floor":33.0},{"not_picked":["Deadly Poison","All Out Attack"],"picked":"Escape Plan+1","floor":35.0},{"not_picked":["Distraction+1","Cloak And Dagger+1"],"picked":"PiercingWail+1","floor":41.0},{"not_picked":["Dagger Throw+1","Flying Knee","Heel Hook"],"picked":"Singing Bowl","floor":44.0},{"not_picked":["Phantasmal Killer+1","Dash"],"picked":"Backflip+1","floor":46},{"not_picked":["Jack Of All Trades+1","Purity+1","Trip+1"],"picked":"Singing Bowl","floor":47},{"not_picked":["Expertise+1","Eviscerate"],"picked":"Acrobatics+1","floor":48},{"not_picked":["Distraction+1","PiercingWail+1"],"picked":"Adrenaline+1","floor":54}],"player_experience":192726,"relics_obtained":[{"floor":7.0,"key":"Orichalcum"},{"floor":9.0,"key":"Kunai"},{"floor":11.0,"key":"Tough Bandages"},{"floor":14.0,"key":"Vajra"},{"floor":20.0,"key":"Enchiridion"},{"floor":21.0,"key":"Red Mask"},{"floor":25.0,"key":"Bag of Preparation"},{"floor":26.0,"key":"The Courier"},{"floor":30.0,"key":"Sundial"},{"floor":31.0,"key":"Art of War"},{"floor":41.0,"key":"Toxic Egg 2"},{"floor":43.0,"key":"Letter Opener"},{"floor":48,"key":"Prayer Wheel"},{"floor":54,"key":"Ginger"}],"event_choices":[{"cards_removed":["Strike_G"],"damage_healed":0.0,"max_hp_gain":0.0,"max_hp_loss":0.0,"gold_gain":0.0,"event_name":"The Cleric","player_choice":"Card Removal","floor":2.0,"gold_loss":50.0,"damage_taken":0.0},{"damage_healed":0.0,"max_hp_gain":0.0,"max_hp_loss":0.0,"gold_gain":0.0,"event_name":"Golden Idol","player_choice":"Take Damage","floor":3.0,"gold_loss":0.0,"damage_taken":17.0,"relics_obtained":["Golden Idol"]},{"damage_healed":0.0,"max_hp_gain":0.0,"max_hp_loss":0.0,"gold_gain":0.0,"event_name":"Scrap Ooze","player_choice":"Success","floor":5.0,"gold_loss":0.0,"damage_taken":3.0,"relics_obtained":["Singing Bowl"]},{"damage_healed":0.0,"max_hp_gain":0.0,"max_hp_loss":0.0,"gold_gain":0.0,"event_name":"Cursed Tome","player_choice":"Obtained Book","floor":20.0,"gold_loss":0.0,"damage_taken":16.0},{"damage_healed":0.0,"max_hp_gain":0.0,"max_hp_loss":0.0,"gold_gain":0.0,"event_name":"Masked Bandits","player_choice":"Fought Bandits","floor":21.0,"gold_loss":0.0,"damage_taken":0.0},{"cards_removed":["Strike_G"],"damage_healed":0.0,"max_hp_gain":0.0,"max_hp_loss":0.0,"gold_gain":0.0,"event_name":"Falling","player_choice":"Removed Attack","floor":36.0,"gold_loss":0.0,"damage_taken":0.0},{"damage_healed":0.0,"max_hp_gain":0.0,"max_hp_loss":0.0,"gold_gain":333.0,"event_name":"The Moai Head","player_choice":"Gave Idol","floor":37.0,"relics_lost":["Golden Idol"],"gold_loss":0.0,"damage_taken":0.0},{"damage_healed":0.0,"max_hp_gain":0.0,"max_hp_loss":0.0,"gold_gain":999.0,"event_name":"MindBloom","player_choice":"Gold","floor":39.0,"gold_loss":0.0,"damage_taken":0.0,"cards_obtained":["Normality","Normality"]},{"damage_healed":0,"gold_gain":0,"player_choice":"Memory 1","damage_taken":0,"max_hp_gain":0,"max_hp_loss":0,"event_name":"SensoryStone","floor":47,"gold_loss":0}],"is_beta":false,"boss_relics":[{"not_picked":["Astrolabe","HoveringKite"],"picked":"SlaversCollar"},{"not_picked":["Runic Pyramid","Pandora\u0027s Box"],"picked":"Cursed Key"}],"items_purged_floors":[19,53],"is_endless":false,"potions_floor_spawned":[1,10,14,16,18,21,22,31,35,54],"ascension_level":12}}