{"host":"32dedufnxebqtmo3","time":1610377815,"event":{"mods":["AchievementEnabler","BaseMod","Better Third Choice","Card Filter","Colored Powertips","Defuse TimeMaze Blight","Friendly Minions","GifTheSpireLib","Glutton Mod","Minty Spire (QoL Compilation)","Permanent Neow","QueenMod","Relic Filter","Relic Stats","Remove Card Discount Mod","Ruin Mod","Shop Mod","StSLib","The Cursed","Unceasing Turn Reminder"],"gold_per_floor":[113,131,149,1,0,30,22,22,22,52,76,94,107,121,121,223,223,233,76,87,107,122,153,153,113,166,1,34,50,85,85,85,85,85],"floor_reached":33,"playtime":4374,"items_purged":["theRuin:DefaultCommonAttack","theRuin:DefaultCommonSkill","theRuin:DefaultCommonSkill","theRuin:DefaultCommonSkill","theRuin:DefaultCommonAttack","Enlightenment","theRuin:DefaultCommonAttack","theRuin:DefaultCommonAttack","theRuin:DefaultCommonAttack","theRuin:FromTheGrave","theRuin:DefensiveDuel","theRuin:DefensiveDuel","theRuin:BoneToss"],"score":342,"play_id":"de121d24-c6e9-4061-8cf3-877c7826d01c","local_time":"20210111071015","is_ascension_mode":false,"campfire_choices":[{"data":"theRuin:BoneFactory","floor":8.0,"key":"SMITH"},{"floor":15,"key":"REST"},{"data":"theRuin:Patience","floor":24,"key":"SMITH"},{"floor":32,"key":"REST"}],"circlet_count":0,"master_deck":["theRuin:Burial","theRuin:DefensiveDuel","theRuin:InfectedDagger+1","theRuin:BoneToss+1","theRuin:BoneFactory+1","theRuin:BigBones","theRuin:NecroticBurn","theRuin:BonyShield","theRuin:BonyShield","theRuin:SurpriseAttack","theRuin:NecroSoul+1","theRuin:DraggedDown","theRuin:Patience+1","theRuin:BonyShield"],"relics":["theRuin:Coffin","Orichalcum","Strawberry","Vajra","Ancient Tea Set","Empty Cage","Whetstone","Bottled Tornado","Omamori","Lee\u0027s Waffle","The Courier","Eternal Feather"],"acts_visited":["Exordium","TheCity"],"potions_floor_usage":[23,23,23,28,29],"damage_taken":[{"damage":0.0,"enemies":"2 Louse","floor":1.0,"turns":7.0},{"damage":2.0,"enemies":"Jaw Worm","floor":2.0,"turns":4.0},{"damage":1.0,"enemies":"Cultist","floor":3.0,"turns":3.0},{"damage":19.0,"enemies":"Gremlin Nob","floor":6.0,"turns":5.0},{"damage":20.0,"enemies":"Lagavulin","floor":10.0,"turns":7.0},{"damage":7,"enemies":"Gremlin Gang","floor":12,"turns":4},{"damage":0,"enemies":"Exordium Thugs","floor":13,"turns":4},{"damage":3,"enemies":"Exordium Wildlife","floor":14,"turns":4},{"damage":16,"enemies":"The Guardian","floor":16,"turns":9},{"damage":6,"enemies":"Shell Parasite","floor":18,"turns":6},{"damage":0,"enemies":"Spheric Guardian","floor":20,"turns":4},{"damage":10,"enemies":"Snecko","floor":21,"turns":7},{"damage":8,"enemies":"Centurion and Healer","floor":22,"turns":8},{"damage":48,"enemies":"Slavers","floor":23,"turns":6},{"damage":56,"enemies":"Gremlin Leader","floor":28,"turns":7},{"damage":14,"enemies":"Snake Plant","floor":29,"turns":5},{"damage":20,"enemies":"Book of Stabbing","floor":30,"turns":8},{"damage":49,"enemies":"Collector","floor":33,"turns":6}],"seed_played":"5230233171522069582","potions_obtained":[{"floor":3.0,"key":"Regen Potion"},{"floor":10.0,"key":"DistilledChaos"},{"floor":14,"key":"SmokeBomb"},{"floor":16,"key":"Weak Potion"},{"floor":25,"key":"FearPotion"},{"floor":25,"key":"SkillPotion"},{"floor":25,"key":"CultistPotion"},{"floor":28,"key":"SneckoOil"},{"floor":29,"key":"Strength Potion"}],"is_trial":false,"path_per_floor":["M","M","M","$","?","E","$","R","T","E","T","M","M","M","R","B",null,"M","$","M","M","M","E","R","?","T","$","E","M","E","?","R","B"],"character_chosen":"THE_DEFAULT","items_purchased":["theRuin:BoneFactory","theRuin:DefensiveDuel","theRuin:BoneToss","Whetstone","Lee\u0027s Waffle"],"campfire_rested":2,"item_purchase_floors":[4,4,4,19,27],"current_hp_per_floor":[75,73,72,72,78,59,59,59,66,46,46,39,39,36,62,46,88,82,82,82,72,64,31,31,31,31,95,39,28,8,8,42,0,0],"gold":85,"neow_bonus":"THREE_CARDS","is_daily":false,"chose_seed":false,"campfire_upgraded":2,"win_rate":0.0,"timestamp":1610377815,"path_taken":["M","M","M","$","?","E","?","R","T","E","?","M","M","?","R","BOSS","M","$","M","?","M","E","R","?","T","$","E","?","E","?","R","BOSS"],"items_purchased_type":["Card","Card","Card","Relic","Relic"],"build_version":"2020-12-22","purchased_purges":13,"victory":false,"max_hp_per_floor":[75,75,75,75,81,81,81,81,88,88,88,88,88,88,88,88,88,88,88,88,88,88,88,88,88,88,95,95,95,95,95,95,95,95],"relic_stats":{"Lee\u0027s Waffle":64,"counters":[18,104],"Eternal Feather":6,"Whetstone":["theRuin:BoneToss","theRuin:InfectedDagger"],"Orichalcum":[138],"obtain_stats":[{"Lee\u0027s Waffle":27,"Strawberry":9,"Vajra":10,"Eternal Feather":30,"The Courier":28,"Omamori":26,"Whetstone":19,"Orichalcum":6,"Bottled Tornado":23,"theRuin:Coffin":0,"Ancient Tea Set":11,"Empty Cage":17},{"Lee\u0027s Waffle":14,"Strawberry":4,"Vajra":5,"Eternal Feather":17,"The Courier":15,"Omamori":14,"Whetstone":10,"Orichalcum":4,"Bottled Tornado":14,"theRuin:Coffin":0,"Ancient Tea Set":5,"Empty Cage":9},{"Lee\u0027s Waffle":78,"Strawberry":19,"Vajra":26,"Eternal Feather":98,"The Courier":85,"Omamori":78,"Whetstone":53,"Orichalcum":19,"Bottled Tornado":78,"theRuin:Coffin":0,"Ancient Tea Set":26,"Empty Cage":47}]},"card_choices":[{"not_picked":["theRuin:DeadPower","theRuin:BonyShield"],"picked":"theRuin:DefensiveDuel","floor":0.0},{"not_picked":["theRuin:Revival","theRuin:BonyShield"],"picked":"theRuin:InfectedDagger","floor":1.0},{"not_picked":["theRuin:BonyShield","theRuin:Patience"],"picked":"theRuin:BoneToss","floor":2.0},{"not_picked":["theRuin:GraveRobber","theRuin:DropDead"],"picked":"theRuin:DefensiveDuel","floor":3.0},{"not_picked":["theRuin:NecroticBurn","theRuin:GiftFromBeyond"],"picked":"theRuin:BigBones","floor":6.0},{"not_picked":["theRuin:Patience","theRuin:SharpenedBones"],"picked":"theRuin:NecroticBurn","floor":10.0},{"not_picked":["theRuin:GraveLeap","theRuin:BoneFactory","theRuin:NecroticBurn"],"picked":"SKIP","floor":12},{"not_picked":["theRuin:BoneToss","theRuin:BlackPlague"],"picked":"theRuin:BonyShield","floor":13},{"not_picked":["theRuin:Endure","theRuin:MeatShield"],"picked":"theRuin:BonyShield","floor":14},{"not_picked":["theRuin:ScytheStrike","theRuin:DescentToDeath"],"picked":"theRuin:SurpriseAttack","floor":16},{"not_picked":["theRuin:SharpenedBones","theRuin:DeadPower","theRuin:SharedGrave"],"picked":"SKIP","floor":18},{"not_picked":["theRuin:MeatShield+1","theRuin:GraveRobber"],"picked":"theRuin:NecroSoul+1","floor":20},{"not_picked":["theRuin:Revival","theRuin:BlackPlague"],"picked":"theRuin:DraggedDown","floor":21},{"not_picked":["theRuin:GraveRobber","theRuin:AnkleGrab+1"],"picked":"theRuin:Patience","floor":22},{"not_picked":["theRuin:BlackPlague","theRuin:NecroSoul"],"picked":"theRuin:BonyShield","floor":23},{"not_picked":["theRuin:ShallowGraveStrike+1","theRuin:DeadPower+1","theRuin:Rebuilding"],"picked":"SKIP","floor":28},{"not_picked":["theRuin:GiftFromBeyond","theRuin:AnkleGrab","theRuin:Patience"],"picked":"SKIP","floor":29},{"not_picked":["theRuin:InfectedDagger","theRuin:BoneFactory+1","theRuin:NecroticBurn"],"picked":"SKIP","floor":30}],"player_experience":718836,"relics_obtained":[{"floor":6.0,"key":"Orichalcum"},{"floor":9.0,"key":"Strawberry"},{"floor":10.0,"key":"Vajra"},{"floor":11.0,"key":"Ancient Tea Set"},{"floor":23,"key":"Bottled Tornado"},{"floor":26,"key":"Omamori"},{"floor":28,"key":"The Courier"},{"floor":30,"key":"Eternal Feather"}],"event_choices":[{"damage_healed":0.0,"max_hp_gain":0.0,"max_hp_loss":0.0,"gold_gain":0.0,"event_name":"betterThird:BetterSerpent","player_choice":"RENOUNCE","floor":5.0,"gold_loss":1.0,"damage_taken":1.0,"cards_obtained":["Enlightenment"]},{"damage_healed":0,"gold_gain":0,"player_choice":"Bought 3 Potions","damage_taken":0,"max_hp_gain":0,"max_hp_loss":0,"event_name":"The Woman in Blue","floor":25,"gold_loss":0},{"damage_healed":0,"gold_gain":0,"player_choice":"Ignored","damage_taken":0,"max_hp_gain":0,"max_hp_loss":0,"event_name":"Cursed Tome","floor":31,"gold_loss":0}],"is_beta":false,"boss_relics":[{"not_picked":["Snecko Eye","Ectoplasm"],"picked":"Empty Cage"}],"items_purged_floors":[4,4,4,4,4,7,7,7,7,27,27,27,27],"is_endless":false,"potions_floor_spawned":[3,10,14,16,18,20,28,29],"killed_by":"Collector","ascension_level":0}}