{"host":"Bilverbakes","time":1610328253,"event":{"mods":["2.2 Compatiblity","AchievementEnabler","BaseMod","Bestiary","Colored Map","Minty Spire (QoL Compilation)","Relic Stats","StSLib","ojb\u0027s Info Mod"],"gold_per_floor":[117,117,128,13,33,64,64,95,95,120,270,295,328,37,37,125,125,142,157,13,30,49,84,104,129,129,49,49,83,83,118,118,205,205,218,143,143,156,168,198,148,182,182,182,208,132,159,190,190,190,190,190,190,49,76,76],"floor_reached":57,"playtime":4532,"items_purged":["Strike_R","Doubt","Strike_R","Strike_R","Strike_R","Strike_R"],"score":3297,"play_id":"ca591b51-af56-4d4f-a217-9e07c781fe04","local_time":"20210110192413","is_ascension_mode":true,"campfire_choices":[{"data":"Bash","floor":7.0,"key":"SMITH"},{"data":"Power Through","floor":15.0,"key":"SMITH"},{"data":"Body Slam","floor":28.0,"key":"SMITH"},{"data":"Burning Pact","floor":30.0,"key":"SMITH"},{"data":"Fiend Fire","floor":32.0,"key":"SMITH"},{"data":"Second Wind","floor":44.0,"key":"SMITH"},{"floor":49.0,"key":"RECALL"},{"data":"Feel No Pain","floor":53.0,"key":"SMITH"}],"circlet_count":0,"master_deck":["AscendersBane","Defend_R+1","Defend_R+1","Defend_R","Defend_R","Bash+1","Immolate+1","Headbutt+1","Power Through+1","Ghostly Armor","Thunderclap+1","Fiend Fire+1","Offering","Second Wind+1","Body Slam+1","Shrug It Off","Burning Pact+1","Exhume","Feel No Pain+1","Burning Pact+1","Feel No Pain"],"relics":["Burning Blood","Potion Belt","Blue Candle","Akabeko","Blood Vial","Anchor","CeramicFish","Membership Card","Bag of Preparation","Busted Crown","Question Card","Bag of Marbles","Bronze Scales","Red Mask","Coffee Dripper","The Courier","Happy Flower","Bottled Lightning","Smiling Mask","Ice Cream","Frozen Eye","Whetstone"],"acts_visited":["Exordium","TheCity","TheBeyond","TheEnding"],"potions_floor_usage":[55,56],"damage_taken":[{"damage":0.0,"enemies":"2 Louse","floor":1.0,"turns":2.0},{"damage":1.0,"enemies":"Cultist","floor":3.0,"turns":3.0},{"damage":0.0,"enemies":"Jaw Worm","floor":5.0,"turns":2.0},{"damage":31.0,"enemies":"Lagavulin","floor":6.0,"turns":8.0},{"damage":5.0,"enemies":"3 Sentries","floor":8.0,"turns":3.0},{"damage":0.0,"enemies":"Gremlin Nob","floor":10.0,"turns":3.0},{"damage":26.0,"enemies":"Lagavulin","floor":13.0,"turns":6.0},{"damage":30.0,"enemies":"Slime Boss","floor":16.0,"turns":6.0},{"damage":0.0,"enemies":"Chosen","floor":18.0,"turns":3.0},{"damage":0.0,"enemies":"2 Thieves","floor":19.0,"turns":3.0},{"damage":0.0,"enemies":"Centurion and Healer","floor":21.0,"turns":3.0},{"damage":22.0,"enemies":"Cultist and Chosen","floor":22.0,"turns":5.0},{"damage":19.0,"enemies":"Book of Stabbing","floor":23.0,"turns":5.0},{"damage":6.0,"enemies":"3 Cultists","floor":24.0,"turns":3.0},{"damage":6.0,"enemies":"Centurion and Healer","floor":25.0,"turns":4.0},{"damage":6.0,"enemies":"Gremlin Leader","floor":29.0,"turns":4.0},{"damage":0.0,"enemies":"Masked Bandits","floor":31.0,"turns":1.0},{"damage":29.0,"enemies":"Champ","floor":33.0,"turns":13.0},{"damage":0.0,"enemies":"3 Darklings","floor":35.0,"turns":3.0},{"damage":0.0,"enemies":"Orb Walker","floor":38.0,"turns":2.0},{"damage":0.0,"enemies":"Jaw Worm Horde","floor":39.0,"turns":2.0},{"damage":0.0,"enemies":"Reptomancer","floor":40.0,"turns":2.0},{"damage":44.0,"enemies":"Giant Head","floor":42.0,"turns":5.0},{"damage":0.0,"enemies":"Reptomancer","floor":45.0,"turns":1.0},{"damage":0.0,"enemies":"Writhing Mass","floor":47.0,"turns":1.0},{"damage":0.0,"enemies":"Nemesis","floor":48.0,"turns":1.0},{"damage":0.0,"enemies":"Time Eater","floor":50.0,"turns":6.0},{"damage":6.0,"enemies":"Donu and Deca","floor":51.0,"turns":7.0},{"damage":19,"enemies":"Shield and Spear","floor":55,"turns":5},{"damage":65,"enemies":"The Heart","floor":56,"turns":11}],"seed_played":"2920809955259897066","potions_obtained":[{"floor":6.0,"key":"FearPotion"},{"floor":8.0,"key":"SneckoOil"},{"floor":10.0,"key":"Fire Potion"},{"floor":19.0,"key":"Weak Potion"},{"floor":21.0,"key":"DistilledChaos"},{"floor":24.0,"key":"BloodPotion"},{"floor":25.0,"key":"GamblersBrew"},{"floor":31.0,"key":"Weak Potion"},{"floor":37.0,"key":"FairyPotion"},{"floor":37.0,"key":"HeartOfIron"},{"floor":38.0,"key":"LiquidMemories"},{"floor":39.0,"key":"DuplicationPotion"},{"floor":42.0,"key":"Energy Potion"},{"floor":45.0,"key":"Weak Potion"}],"is_trial":false,"path_per_floor":["M","?","M","$","M","E","R","E","T","E","?","T","E","$","R","B",null,"M","M","$","M","M","E","M","M","T","$","R","E","R","?","R","B",null,"M","$","?","M","M","E","?","E","T","R","E","$","M","E","R","B","B",null,"R","$","E","B",null],"character_chosen":"IRONCLAD","items_purchased":["Power Through","Membership Card","Bag of Preparation","Question Card","Shrug It Off","Feel No Pain","Feel No Pain","Frozen Eye"],"campfire_rested":0,"item_purchase_floors":[4,14,14,20,27,46,54,54],"current_hp_per_floor":[68,68,68,68,68,43,43,44,44,50,50,50,32,32,32,10,54,62,68,68,68,52,41,43,45,45,45,45,47,47,55,55,34,60,68,68,68,68,68,68,68,30,30,30,38,38,46,54,54,62,64,67,67,67,55,22],"gold":76,"neow_bonus":"THREE_RARE_CARDS","is_daily":false,"chose_seed":false,"campfire_upgraded":7,"win_rate":0.0,"timestamp":1610328253,"path_taken":["M","?","?","$","M","E","R","E","T","E","?","?","E","$","R","BOSS","M","M","$","M","?","E","M","M","T","$","R","E","R","?","R","BOSS","M","$","?","?","M","E","?","E","T","R","E","$","M","E","R","BOSS","BOSS","R","$","E","BOSS"],"items_purchased_type":["Card","Relic","Relic","Relic","Card","Card","Card","Relic"],"build_version":"2020-12-18","purchased_purges":6,"victory":true,"max_hp_per_floor":[68,68,68,68,68,68,68,68,68,68,68,68,68,68,68,68,68,68,68,68,68,68,68,68,68,68,68,68,68,68,68,68,68,68,68,68,68,68,68,68,68,68,68,68,68,68,68,68,68,68,68,68,68,68,68,68],"relic_stats":{"Happy Flower":[10],"counters":[30,123],"Blue Candle":[1],"CeramicFish":90,"Bag of Preparation":[46],"Whetstone":["Headbutt","Thunderclap"],"Question Card":17,"Smiling Mask":50,"Burning Blood":137,"Blood Vial":35,"Busted Crown":38,"Bronze Scales":[234],"obtain_stats":[{"Potion Belt":6,"Ice Cream":48,"Happy Flower":42,"Blue Candle":8,"CeramicFish":13,"The Courier":40,"Bag of Preparation":14,"Whetstone":55,"Question Card":20,"Smiling Mask":45,"Burning Blood":0,"Akabeko":9,"Blood Vial":10,"Frozen Eye":54,"Anchor":12,"Busted Crown":17,"Bronze Scales":29,"Bag of Marbles":23,"Red Mask":31,"Coffee Dripper":34,"Membership Card":14,"Bottled Lightning":43},{"Potion Belt":4,"Ice Cream":26,"Happy Flower":23,"Blue Candle":5,"CeramicFish":7,"The Courier":22,"Bag of Preparation":7,"Whetstone":29,"Question Card":10,"Smiling Mask":24,"Burning Blood":0,"Akabeko":5,"Blood Vial":6,"Frozen Eye":28,"Anchor":6,"Busted Crown":8,"Bronze Scales":16,"Bag of Marbles":13,"Red Mask":17,"Coffee Dripper":18,"Membership Card":7,"Bottled Lightning":23},{"Potion Belt":15,"Ice Cream":94,"Happy Flower":91,"Blue Candle":18,"CeramicFish":27,"The Courier":86,"Bag of Preparation":27,"Whetstone":112,"Question Card":39,"Smiling Mask":92,"Burning Blood":0,"Akabeko":18,"Blood Vial":21,"Frozen Eye":107,"Anchor":21,"Busted Crown":33,"Bronze Scales":63,"Bag of Marbles":52,"Red Mask":64,"Coffee Dripper":77,"Membership Card":27,"Bottled Lightning":91}]},"card_choices":[{"not_picked":["Double Tap","Reaper"],"picked":"Immolate","floor":0.0},{"not_picked":["Clash","Cleave","Intimidate"],"picked":"SKIP","floor":1.0},{"not_picked":["Intimidate","Searing Blow"],"picked":"Headbutt","floor":3.0},{"not_picked":["Sever Soul","Twin Strike"],"picked":"Ghostly Armor","floor":5.0},{"not_picked":["Body Slam","Flex","Infernal Blade"],"picked":"SKIP","floor":6.0},{"not_picked":["Exhume","Heavy Blade","Clash"],"picked":"SKIP","floor":8.0},{"not_picked":["Cleave","Blood for Blood"],"picked":"Thunderclap","floor":10.0},{"not_picked":["Thunderclap","Dual Wield","Ghostly Armor"],"picked":"SKIP","floor":13.0},{"not_picked":["Immolate","Limit Break"],"picked":"Fiend Fire","floor":16.0},{"not_picked":["Heavy Blade"],"picked":"SKIP","floor":18.0},{"not_picked":["Havoc"],"picked":"SKIP","floor":19.0},{"not_picked":["Rage","Armaments"],"picked":"SKIP","floor":21.0},{"not_picked":["Armaments","Iron Wave"],"picked":"SKIP","floor":22.0},{"not_picked":["Anger+1"],"picked":"Offering","floor":23.0},{"not_picked":["Perfected Strike"],"picked":"Second Wind","floor":24.0},{"not_picked":["Flex"],"picked":"Body Slam","floor":25.0},{"not_picked":["Heavy Blade"],"picked":"Burning Pact","floor":29.0},{"not_picked":["Berserk"],"picked":"Exhume","floor":33.0},{"not_picked":["Spot Weakness","Reckless Charge+1"],"picked":"SKIP","floor":35.0},{"not_picked":["Anger","Clash"],"picked":"SKIP","floor":38.0},{"not_picked":["Twin Strike","Heavy Blade+1"],"picked":"SKIP","floor":39.0},{"not_picked":["Clash","Dual Wield"],"picked":"SKIP","floor":40.0},{"not_picked":["Iron Wave","Spot Weakness"],"picked":"SKIP","floor":42.0},{"not_picked":["Bludgeon","Sword Boomerang"],"picked":"SKIP","floor":45.0},{"not_picked":["Fire Breathing"],"picked":"Burning Pact+1","floor":47.0},{"not_picked":["Twin Strike","Iron Wave"],"picked":"SKIP","floor":48.0},{"not_picked":["Havoc","Dropkick"],"picked":"SKIP","floor":55}],"player_experience":662449,"relics_obtained":[{"floor":6.0,"key":"Potion Belt"},{"floor":8.0,"key":"Blue Candle"},{"floor":9.0,"key":"Akabeko"},{"floor":10.0,"key":"Blood Vial"},{"floor":12.0,"key":"Anchor"},{"floor":13.0,"key":"CeramicFish"},{"floor":23.0,"key":"Bag of Marbles"},{"floor":29.0,"key":"Bronze Scales"},{"floor":31.0,"key":"Red Mask"},{"floor":40.0,"key":"The Courier"},{"floor":42.0,"key":"Happy Flower"},{"floor":43.0,"key":"Bottled Lightning"},{"floor":45.0,"key":"Smiling Mask"},{"floor":48.0,"key":"Ice Cream"},{"floor":55,"key":"Whetstone"}],"event_choices":[{"damage_healed":0.0,"max_hp_gain":0.0,"max_hp_loss":0.0,"gold_gain":0.0,"event_name":"Upgrade Shrine","player_choice":"Upgraded","floor":2.0,"gold_loss":0.0,"damage_taken":0.0,"cards_upgraded":["Immolate"]},{"damage_healed":0.0,"max_hp_gain":0.0,"max_hp_loss":0.0,"gold_gain":150.0,"event_name":"Liars Game","player_choice":"AGREE","floor":11.0,"gold_loss":0.0,"damage_taken":0.0,"cards_obtained":["Doubt"]},{"damage_healed":0.0,"max_hp_gain":0.0,"max_hp_loss":0.0,"gold_gain":0.0,"event_name":"Masked Bandits","player_choice":"Fought Bandits","floor":31.0,"gold_loss":0.0,"damage_taken":0.0},{"damage_healed":0.0,"max_hp_gain":0.0,"max_hp_loss":0.0,"gold_gain":0.0,"event_name":"Lab","player_choice":"Got Potions","floor":37.0,"gold_loss":0.0,"damage_taken":0.0},{"damage_healed":0.0,"max_hp_gain":0.0,"max_hp_loss":0.0,"gold_gain":0.0,"event_name":"Designer","player_choice":"Upgraded Two","floor":41.0,"gold_loss":50.0,"damage_taken":0.0,"cards_upgraded":["Defend_R","Defend_R"]}],"is_beta":true,"boss_relics":[{"not_picked":["Black Star","SacredBark"],"picked":"Busted Crown"},{"not_picked":["Cursed Key","Fusion Hammer"],"picked":"Coffee Dripper"}],"items_purged_floors":[4,14,27,36,46,54],"is_endless":false,"potions_floor_spawned":[6,8,10,19,21,24,25,31,38,39,42,45],"ascension_level":20}}