{"host":"b56lo9oh28pgpcwb","time":1610345536,"event":{"mods":["2.2 Compatiblity","AchievementEnabler","Act Like it!","Aspiration","Astrologer","BaseMod","Beaked The Cultist","Better Third Choice","BetterRewards","Colored Map","Conspire","Energized Spire","Hallownest","Hermit","Hubris","Minty Spire (QoL Compilation)","Quick Restart","READ ME - Guardian Mod","Shade Mod","StSLib","Strawberry Spire","The Bug Knight","The Cursed","The Disciple","The Hierophant","The IronCluck","The Jungle","The Runesmith","Wandering Minibosses"],"gold_per_floor":[114,129,144,159,159,159,189,189,239,254,254,254,254],"floor_reached":12,"playtime":435,"items_purged":[],"score":80,"play_id":"e21f34c9-1588-4445-9db5-654ce27a9b89","local_time":"20210111171216","daily_mods":["Allstar","Colorless Cards","Lethality"],"is_ascension_mode":false,"campfire_choices":[{"data":"Mayhem","floor":6,"key":"SMITH"},{"data":"Mayhem","floor":8,"key":"SMITH"}],"circlet_count":0,"master_deck":["Strike_P","Strike_P","Strike_P","Strike_P","Defend_P","Defend_P","Defend_P","Defend_P","Eruption","Vigilance","Mayhem+1","Finesse","Mayhem+1","Enlightenment","The Bomb","Prostrate","Swift Strike","Prostrate","Flash of Steel","Prostrate"],"relics":["PureWater","conspire:TopHat","Omamori"],"acts_visited":["Exordium"],"potions_floor_usage":[3],"damage_taken":[{"damage":6,"enemies":"2_ Uuma","floor":1,"turns":5},{"damage":4,"enemies":"Hallownest:monsterHuskGuard","floor":2,"turns":4},{"damage":6,"enemies":"Hallownest:2_Tiktiks_and_1_Crawlid","floor":3,"turns":6},{"damage":2,"enemies":"Hallownest:monsterMossCharger","floor":4,"turns":4},{"damage":8,"enemies":"Hallownest:eliteVengeflyKing","floor":7,"turns":5},{"damage":16,"enemies":"Hallownest:2_Tiktiks_1_Baldur_1_Crawlid","floor":10,"turns":3},{"damage":31,"enemies":"Hallownest:eliteCrystalGuardian","floor":12,"turns":3}],"seed_played":"2608465768335268498","potions_obtained":[{"floor":2,"key":"DistilledChaos"},{"floor":10,"key":"CultistPotion"}],"is_trial":false,"path_per_floor":["M","M","M","M","?","R","E","R","T","M","?","E"],"character_chosen":"WATCHER","items_purchased":[],"campfire_rested":0,"item_purchase_floors":[],"current_hp_per_floor":[66,62,56,54,54,54,46,46,46,30,30,0,0],"gold":254,"neow_bonus":"","is_daily":true,"chose_seed":false,"campfire_upgraded":2,"win_rate":0.0,"timestamp":1610345536,"path_taken":["M","M","M","M","?","R","E","R","T","M","?","E"],"items_purchased_type":[],"build_version":"2020-12-22","purchased_purges":0,"victory":false,"max_hp_per_floor":[72,72,72,72,72,72,72,72,72,72,72,72,72],"card_choices":[{"not_picked":["FollowUp","ThirdEye","Protect"],"picked":"SKIP","floor":1},{"not_picked":["Fasting2","CrushJoints","Halt"],"picked":"SKIP","floor":2},{"not_picked":["Protect","Enlightenment","CutThroughFate"],"picked":"SKIP","floor":3},{"not_picked":["EmptyFist","CutThroughFate"],"picked":"Prostrate","floor":4},{"not_picked":["Mind Blast","Discovery"],"picked":"Swift Strike","floor":5},{"not_picked":["Consecrate","FlyingSleeves"],"picked":"Prostrate","floor":5},{"not_picked":["ForeignInfluence","LessonLearned"],"picked":"Flash of Steel","floor":7},{"not_picked":["FollowUp","Evaluate"],"picked":"Prostrate","floor":10}],"player_experience":1443065,"relics_obtained":[{"floor":7,"key":"conspire:TopHat"},{"floor":9,"key":"Omamori"}],"event_choices":[],"is_beta":false,"boss_relics":[],"items_purged_floors":[],"is_endless":false,"potions_floor_spawned":[2,10],"killed_by":"Hallownest:eliteCrystalGuardian","ascension_level":0}}