{"host":"mabtmc9uzswexjnd","time":1610347317,"event":{"mods":["BaseMod","Lobotomy","LobotomyExtend","Minty Spire (QoL Compilation)","Replay The Spire","StSLib","vexMod"],"gold_per_floor":[118,137,151,70,89,89,118,134,161,161,23,23,23,23,23,23,23],"floor_reached":16,"playtime":1444,"items_purged":[],"score":105,"play_id":"818a4b05-5803-4c6a-8963-e731aee47e10","local_time":"20210111144157","is_ascension_mode":true,"campfire_choices":[{"floor":6,"key":"RECALL"},{"floor":10,"key":"REST"},{"data":"Creative AI","floor":12,"key":"SMITH"},{"data":"Storm","floor":15,"key":"SMITH"}],"circlet_count":0,"master_deck":["Strike_B","Strike_B","Defend_B","Defend_B","Defend_B","Defend_B","Zap","Storm+1","BasicCrystalCard","Genetic Algorithm","Crystallizer","Static Discharge","White Noise","Amplify","Conserve Battery","Creative AI+1","Fission+1"],"relics":["Cracked Core","LetterFromLob","Garlic","MagicBullet_r"],"acts_visited":["Exordium"],"potions_floor_usage":[7,16],"damage_taken":[{"damage":1.0,"enemies":"Cultist","floor":1.0,"turns":4.0},{"damage":0.0,"enemies":"Small Slimes","floor":2.0,"turns":3.0},{"damage":2.0,"enemies":"2 Louse","floor":3.0,"turns":3.0},{"damage":12,"enemies":"2 Fungi Beasts","floor":5,"turns":4},{"damage":24,"enemies":"Lagavulin","floor":7,"turns":9},{"damage":4,"enemies":"Blue Slaver","floor":8,"turns":3},{"damage":75,"enemies":"Fading Forest","floor":16,"turns":7}],"seed_played":"1527881443431666413","potions_obtained":[{"floor":2.0,"key":"LiquidBronze"},{"floor":3.0,"key":"Swift Potion"}],"is_trial":false,"path_per_floor":["M","M","M","$","M","R","E","M","T","R","$","R","?","?","R","B"],"character_chosen":"DEFECT","items_purchased":["Static Discharge","Creative AI"],"campfire_rested":1,"item_purchase_floors":[4,11],"current_hp_per_floor":[74,74,72,72,60,60,36,32,32,54,54,54,75,75,75,0,0],"gold":23,"neow_bonus":"TRANSFORM_CARD","is_daily":false,"chose_seed":false,"campfire_upgraded":2,"win_rate":0.0,"timestamp":1610347317,"path_taken":["M","M","M","?","M","R","E","M","T","R","?","R","?","?","R","BOSS"],"items_purchased_type":["Card","Card"],"build_version":"2020-12-22","purchased_purges":0,"victory":false,"max_hp_per_floor":[75,75,75,75,75,75,75,75,75,75,75,75,75,75,75,75,75],"card_choices":[{"not_picked":["Streamline","Coolheaded"],"picked":"BasicCrystalCard","floor":1.0},{"not_picked":["Barrage","Gash"],"picked":"Genetic Algorithm","floor":2.0},{"not_picked":["Coolheaded","BootSequence"],"picked":"Crystallizer","floor":3.0},{"not_picked":["Hologram","Doom and Gloom"],"picked":"White Noise","floor":5},{"not_picked":["Stack","Glacier"],"picked":"Amplify","floor":7},{"not_picked":["Hologram","Leap"],"picked":"Conserve Battery","floor":8}],"player_experience":55973,"relics_obtained":[{"floor":1.0,"key":"LetterFromLob"},{"floor":7,"key":"Garlic"}],"event_choices":[],"is_beta":false,"boss_relics":[],"items_purged_floors":[],"is_endless":false,"potions_floor_spawned":[2,3],"killed_by":"Fading Forest","ascension_level":1}}