{"host":"hfxp6ue4pvwo3fit","time":1610326641,"event":{"mods":["AchievementEnabler","BaseMod","Colored Map","Colored Powertips","Highlight Path","Minty Spire (QoL Compilation)","Relic Stats","StSLib","SuperFastMode"],"gold_per_floor":[110,110,123,123,123,148,148,148,148,148,180,180,197,232,232,305,305,319,330,348,348,348,348],"floor_reached":22,"playtime":597,"items_purged":[],"score":454,"play_id":"315ff9e9-0415-4af2-b246-824512e945cd","local_time":"20210110185721","is_ascension_mode":true,"campfire_choices":[{"data":"Searing Blow","floor":7,"key":"SMITH"},{"data":"Armaments","floor":10,"key":"SMITH"},{"data":"Searing Blow+1","floor":12,"key":"SMITH"},{"data":"Searing Blow+2","floor":15,"key":"SMITH"}],"circlet_count":0,"master_deck":["AscendersBane","Strike_R","Strike_R","Strike_R+1","Strike_R+1","Defend_R","Defend_R","Defend_R","Defend_R","Bash","Searing Blow+3","Armaments+1","Clumsy","Shockwave+1","Warcry+1","Writhe","True Grit","Impervious","Demon Form","Flame Barrier","Armaments","RitualDagger"],"relics":["Cursed Key","Oddly Smooth Stone","PreservedInsect","Pear","Smiling Mask","War Paint","Whetstone","Runic Pyramid"],"acts_visited":["Exordium","TheCity"],"potions_floor_usage":[6,16,16,20],"damage_taken":[{"damage":7,"enemies":"2 Louse","floor":1,"turns":3},{"damage":2,"enemies":"Jaw Worm","floor":3,"turns":3},{"damage":13,"enemies":"Lagavulin","floor":6,"turns":5},{"damage":24,"enemies":"3 Sentries","floor":11,"turns":5},{"damage":0,"enemies":"Cultist","floor":13,"turns":2},{"damage":0,"enemies":"Lagavulin","floor":14,"turns":4},{"damage":18,"enemies":"Hexaghost","floor":16,"turns":9},{"damage":13,"enemies":"Chosen","floor":18,"turns":5},{"damage":12,"enemies":"3 Byrds","floor":19,"turns":6},{"damage":26,"enemies":"Shelled Parasite and Fungi","floor":20,"turns":6},{"damage":10,"enemies":"Masked Bandits","floor":22,"turns":2}],"seed_played":"7669039931384302719","potions_obtained":[{"floor":3,"key":"AttackPotion"},{"floor":11,"key":"Weak Potion"},{"floor":13,"key":"DistilledChaos"},{"floor":14,"key":"DuplicationPotion"},{"floor":18,"key":"EssenceOfSteel"}],"is_trial":false,"path_per_floor":["M","?","M","?","T","E","R","?","T","R","E","R","M","E","R","B",null,"M","M","M","?","?"],"character_chosen":"IRONCLAD","items_purchased":[],"campfire_rested":0,"item_purchase_floors":[],"current_hp_per_floor":[61,61,59,54,54,51,51,51,51,51,27,27,27,27,27,9,66,53,41,15,9,0,0],"gold":348,"neow_bonus":"BOSS_RELIC","is_daily":false,"chose_seed":false,"campfire_upgraded":4,"win_rate":0.0,"timestamp":1610326641,"path_taken":["M","?","M","?","?","E","R","?","T","R","E","R","M","E","R","BOSS","M","M","?","?","?"],"items_purchased_type":[],"build_version":"2020-12-22","purchased_purges":0,"victory":false,"max_hp_per_floor":[75,75,75,75,75,85,85,85,85,85,85,85,85,85,85,85,85,85,85,85,85,85,85],"relic_stats":{"counters":[11,50],"PreservedInsect":90,"Whetstone":["Strike_R","Strike_R"],"War Paint":["Warcry","Shockwave"],"Cursed Key":2,"Smiling Mask":0,"obtain_stats":[{"Pear":6,"Oddly Smooth Stone":4,"PreservedInsect":5,"Whetstone":14,"War Paint":11,"Cursed Key":0,"Smiling Mask":9,"Burning Blood":0,"Runic Pyramid":17},{"Pear":3,"Oddly Smooth Stone":2,"PreservedInsect":2,"Whetstone":6,"War Paint":4,"Cursed Key":0,"Smiling Mask":3,"Burning Blood":0,"Runic Pyramid":7},{"Pear":11,"Oddly Smooth Stone":6,"PreservedInsect":6,"Whetstone":22,"War Paint":16,"Cursed Key":0,"Smiling Mask":11,"Burning Blood":0,"Runic Pyramid":31}]},"card_choices":[{"not_picked":["Shrug It Off","Feel No Pain"],"picked":"Searing Blow","floor":1},{"not_picked":["Pummel","Whirlwind"],"picked":"Armaments","floor":3},{"not_picked":["Shrug It Off","Iron Wave"],"picked":"Shockwave","floor":6},{"not_picked":["Body Slam","Headbutt"],"picked":"True Grit","floor":11},{"not_picked":["Searing Blow","Flex","Wild Strike"],"picked":"SKIP","floor":13},{"not_picked":["Heavy Blade","Wild Strike"],"picked":"Impervious","floor":14},{"not_picked":["Limit Break","Exhume"],"picked":"Demon Form","floor":16},{"not_picked":["Headbutt","Havoc"],"picked":"Flame Barrier","floor":18},{"not_picked":["Twin Strike","Anger"],"picked":"Armaments","floor":19},{"not_picked":["Warcry","Carnage","Metallicize+1"],"picked":"SKIP","floor":20}],"player_experience":495710,"relics_obtained":[{"floor":5,"key":"PreservedInsect"},{"floor":6,"key":"Pear"},{"floor":9,"key":"Smiling Mask"},{"floor":11,"key":"War Paint"},{"floor":14,"key":"Whetstone"}],"event_choices":[{"damage_healed":0,"gold_gain":0,"player_choice":"Ignored","damage_taken":0,"max_hp_gain":0,"max_hp_loss":0,"event_name":"Liars Game","floor":2,"gold_loss":0},{"damage_healed":0,"gold_gain":0,"player_choice":"Success","damage_taken":5,"relics_obtained":["Oddly Smooth Stone"],"max_hp_gain":0,"max_hp_loss":0,"event_name":"Scrap Ooze","floor":4,"gold_loss":0},{"damage_healed":0,"gold_gain":0,"cards_transformed":["Strike_R"],"player_choice":"Transformed","damage_taken":0,"max_hp_gain":0,"max_hp_loss":0,"event_name":"Transmorgrifier","floor":8,"gold_loss":0,"cards_obtained":["Warcry"]},{"damage_healed":0,"gold_gain":0,"player_choice":"Joined the Cult","damage_taken":6,"max_hp_gain":0,"max_hp_loss":0,"event_name":"Nest","floor":21,"gold_loss":0,"cards_obtained":["RitualDagger"]},{"damage_healed":0,"gold_gain":0,"player_choice":"Fought Bandits","damage_taken":0,"max_hp_gain":0,"max_hp_loss":0,"event_name":"Masked Bandits","floor":22,"gold_loss":0}],"is_beta":false,"boss_relics":[{"not_picked":["Mark of Pain","Runic Dome"],"picked":"Runic Pyramid"}],"items_purged_floors":[],"is_endless":false,"potions_floor_spawned":[3,11,13,14,18],"killed_by":"Masked Bandits","ascension_level":20}}