{"host":"7sy3dyg71hje4mzx","time":1610357657,"event":{"mods":["BaseMod","Downfall","Minty Spire (QoL Compilation)","StSLib"],"gold_per_floor":[99,109,120,120,570,570,597,610,642,661,671,671,687,837,854,959,959,959,959,959,959,492,492,492,492,492,492,358,358,358,358,358,358,358,358,358,358,358,55,55,55,55,55,55,55,40,40,40,40,40,40,40],"floor_reached":50,"playtime":3602,"items_purged":["Slimebound:Icky"],"score":571,"play_id":"a477e090-63fd-4624-8eab-87d400bd80c5","local_time":"20210111203417","is_ascension_mode":false,"campfire_choices":[{"floor":1,"key":"REST"},{"floor":12,"key":"REST"},{"data":"Guardian:SphericShield","floor":18,"key":"SMITH"},{"data":"Guardian:DecasProtection","floor":25,"key":"SMITH"},{"floor":27,"key":"REST"},{"data":"expansioncontent:Chronoboost","floor":29,"key":"SMITH"},{"data":"Guardian:ArmoredProtocol","floor":35,"key":"SMITH"},{"floor":47,"key":"REST"}],"circlet_count":0,"master_deck":["Guardian:Strike_Guardian","Guardian:Strike_Guardian","Guardian:Strike_Guardian","Guardian:Strike_Guardian","Guardian:Defend_Guardian","Guardian:Defend_Guardian","Guardian:Defend_Guardian","Guardian:Defend_Guardian+1","Guardian:CurlUp","Guardian:TwinSlam","Guardian:Clone+1","Guardian:Planning","Slimebound:Icky","Slimebound:Icky","Guardian:DecasProtection+1","Guardian:RollAttack","Guardian:SphericShield+1","Guardian:CrystalBeam","Guardian:TimeSifter","Guardian:ArmoredProtocol","Guardian:Reroute","Guardian:ArmoredProtocol+1","Guardian:PiercingHide","Guardian:Repulse","Guardian:ChargeUp","expansioncontent:Chronoboost+1","Guardian:Emergency","Guardian:RevengeProtocol","Guardian:Reroute+1","Guardian:Suspension+1","Guardian:Planning","Guardian:BronzeOrb","Guardian:WalkerClaw+1","Doubt","Decay","Guardian:Clone","Parasite","Guardian:Aged","Guardian:Gem_Orange"],"relics":["Guardian:ModeShifter","Incense Burner","Bronze Scales","downfall:Hecktoplasm","Toolbox","War Paint","Mercury Hourglass","Cursed Key","Shuriken","Guardian:PickAxe","Thread and Needle","Guardian:StasisEgg"],"acts_visited":["Exordium","TheCity","TheBeyond"],"potions_floor_usage":[15,16,16,20,46],"damage_taken":[{"damage":5,"enemies":"Small Slimes","floor":2,"turns":4},{"damage":0,"enemies":"2 Louse","floor":3,"turns":4},{"damage":4,"enemies":"Cultist","floor":8,"turns":4},{"damage":33,"enemies":"Gremlin Nob","floor":9,"turns":5},{"damage":0,"enemies":"2 Fungi Beasts","floor":10,"turns":2},{"damage":2,"enemies":"Red Slaver","floor":11,"turns":4},{"damage":16,"enemies":"2 Fungi Beasts","floor":13,"turns":4},{"damage":6,"enemies":"Exordium Wildlife","floor":15,"turns":6},{"damage":46,"enemies":"downfall:Ironclad","floor":16,"turns":12},{"damage":0,"enemies":"Shell Parasite","floor":19,"turns":6},{"damage":24,"enemies":"3 Cultists","floor":20,"turns":8},{"damage":10,"enemies":"Sentry and Sphere","floor":21,"turns":6},{"damage":0,"enemies":"downfall:FleeingMerchant","floor":22,"turns":4},{"damage":3,"enemies":"downfall:FleeingMerchant","floor":28,"turns":4},{"damage":11,"enemies":"Snake Plant","floor":30,"turns":4},{"damage":5,"enemies":"Chosen and Byrds","floor":32,"turns":6},{"damage":24,"enemies":"downfall:Watcher","floor":33,"turns":10},{"damage":10,"enemies":"Orb Walker","floor":36,"turns":5},{"damage":25,"enemies":"3 Darklings","floor":37,"turns":4},{"damage":1,"enemies":"downfall:FleeingMerchant","floor":39,"turns":4},{"damage":0,"enemies":"Maw","floor":40,"turns":8},{"damage":0,"enemies":"4 Shapes","floor":43,"turns":6},{"damage":0,"enemies":"Writhing Mass","floor":45,"turns":8},{"damage":13,"enemies":"downfall:FleeingMerchant","floor":46,"turns":4},{"damage":17,"enemies":"Sphere and 2 Shapes","floor":49,"turns":5},{"damage":82,"enemies":"downfall:Silent","floor":50,"turns":5}],"seed_played":"-1238493590986432951","potions_obtained":[{"floor":3,"key":"sneckomod:MuddlingPotion"},{"floor":10,"key":"ColorlessPotion"},{"floor":11,"key":"SpeedPotion"},{"floor":15,"key":"Fruit Juice"},{"floor":16,"key":"hexamod:EctoCoolerPotion"},{"floor":20,"key":"Dexterity Potion"},{"floor":30,"key":"FearPotion"},{"floor":32,"key":"Weak Potion"}],"is_trial":false,"path_per_floor":["R","M","M","?","?","?","T","M","E","M","M","R","M","?","M","B",null,"R","M","M","M","$","?","T","R","?","R","$","R","M","?","M","B",null,"R","M","M","?","$","M","T","?","M","R","M","$","R","?","M","B"],"character_chosen":"GUARDIAN","items_purchased":["Toolbox","War Paint","Guardian:Repulse","Guardian:Gem_Purple","expansioncontent:Chronoboost","Shuriken","Guardian:BronzeOrb"],"campfire_rested":4,"item_purchase_floors":[22,22,22,28,28,39,39],"current_hp_per_floor":[80,75,75,80,80,80,80,76,43,43,41,66,50,50,49,3,90,90,90,66,56,56,56,56,56,56,83,80,80,69,69,64,40,90,90,80,55,55,54,54,54,54,54,54,54,41,68,68,51,0,0,0],"gold":40,"neow_bonus":"ONE_RARE_RELIC","is_daily":false,"chose_seed":false,"campfire_upgraded":4,"win_rate":0.0,"timestamp":1610357657,"path_taken":["R","M","M","?","?","?","T","?","E","M","M","R","M","?","M","BOSS","R","M","M","M","$","?","T","R","?","R","$","R","M","?","M","BOSS","R","M","M","?","$","M","T","?","M","R","M","$","R","?","M","BOSS"],"items_purchased_type":["Relic","Relic","Card","Card","Card","Relic","Card"],"build_version":"2020-12-22","purchased_purges":1,"victory":false,"max_hp_per_floor":[80,80,80,85,85,85,85,85,85,85,85,85,85,85,90,90,90,90,90,90,90,90,90,90,90,90,90,90,90,90,90,90,90,90,90,90,90,90,90,90,90,90,90,90,90,90,90,90,90,90,90,90],"card_choices":[{"not_picked":["Guardian:Gem_Red","Guardian:CrystalBeam"],"picked":"Guardian:Clone","floor":2},{"not_picked":["Guardian:TimeBomb","Guardian:Orbwalk"],"picked":"Guardian:Planning","floor":3},{"not_picked":["Guardian:MultiBeam","Guardian:GuardianWhirl"],"picked":"Guardian:RollAttack","floor":8},{"not_picked":["Guardian:Recover","Guardian:ShieldCharger"],"picked":"Guardian:SphericShield","floor":9},{"not_picked":["Guardian:Gem_White","Guardian:Harden"],"picked":"Guardian:Gem_Lightblue","floor":10},{"not_picked":["Guardian:Incinerate","Guardian:WalkerClaw"],"picked":"Guardian:CrystalBeam","floor":11},{"not_picked":["Guardian:Planning","Guardian:TemporalShield"],"picked":"Guardian:TimeSifter","floor":13},{"not_picked":["Guardian:TemporalStrike","Guardian:VentSteam"],"picked":"Guardian:ArmoredProtocol","floor":15},{"not_picked":["Guardian:ConstructionForm","Guardian:FierceBash"],"picked":"Guardian:Gem_Orange","floor":16},{"not_picked":["Guardian:PiercingHide","Guardian:BronzeOrb+1"],"picked":"Guardian:Reroute","floor":19},{"not_picked":["Guardian:TemporalStrike","Guardian:ShieldCharger+1"],"picked":"Guardian:Gem_Green","floor":20},{"not_picked":["Guardian:ExploitGems","Guardian:ShieldCharger"],"picked":"Guardian:ArmoredProtocol","floor":21},{"not_picked":["Guardian:TemporalStrike+1","Guardian:CrystalBeam"],"picked":"Guardian:PiercingHide","floor":22},{"not_picked":["Guardian:Orbwalk","Guardian:ArmoredProtocol"],"picked":"Guardian:ChargeUp","floor":28},{"not_picked":["Guardian:VentSteam","Guardian:PrismaticBeam"],"picked":"Guardian:Emergency","floor":30},{"not_picked":["Guardian:ChargeCore+1","Guardian:Recover+1"],"picked":"Guardian:Gem_Lightblue","floor":32},{"not_picked":["Guardian:FierceBash","Guardian:FastForward"],"picked":"Guardian:RevengeProtocol","floor":33},{"not_picked":["Guardian:WalkerClaw","Guardian:PrimingBeam+1"],"picked":"Guardian:Reroute+1","floor":36},{"not_picked":["Guardian:MultiBeam","Guardian:Gem_Blue"],"picked":"Guardian:Suspension+1","floor":37},{"not_picked":["Guardian:Recover","Guardian:Incinerate"],"picked":"Guardian:Planning","floor":39},{"not_picked":["Guardian:TemporalStrike","Guardian:Reroute"],"picked":"Guardian:WalkerClaw+1","floor":40},{"not_picked":["Guardian:Repulse","Guardian:ShieldCharger+1"],"picked":"Guardian:Clone","floor":43},{"not_picked":["Guardian:BronzeOrb","Guardian:Gem_Fragmented"],"picked":"Guardian:Gem_Red","floor":45},{"not_picked":["Guardian:Suspension","Guardian:PrimingBeam+1"],"picked":"Guardian:Gem_Purple","floor":46},{"not_picked":["Guardian:Emergency","Guardian:ArmoredProtocol"],"picked":"Guardian:Gem_Orange","floor":49}],"player_experience":190145,"relics_obtained":[{"floor":7,"key":"Bronze Scales"},{"floor":9,"key":"Letter Opener"},{"floor":24,"key":"Mercury Hourglass"},{"floor":41,"key":"Guardian:PickAxe"},{"floor":42,"key":"Thread and Needle"}],"event_choices":[{"damage_healed":0,"gold_gain":0,"player_choice":"Donut","damage_taken":0,"max_hp_gain":5,"max_hp_loss":0,"event_name":"Big Fish","floor":4,"gold_loss":0},{"damage_healed":0,"gold_gain":0,"player_choice":"Ignored","damage_taken":0,"max_hp_gain":0,"max_hp_loss":0,"event_name":"Vampires","floor":23,"gold_loss":0}],"is_beta":false,"boss_relics":[{"not_picked":["Velvet Choker","Fusion Hammer"],"picked":"downfall:Hecktoplasm"},{"not_picked":["Tiny House","Black Star"],"picked":"Cursed Key"}],"items_purged_floors":[22],"is_endless":false,"potions_floor_spawned":[3,10,11,15,16,20,30,32,33,37,40],"killed_by":"downfall:Silent","ascension_level":0}}