{"host":"bf9sa99gaumonoeu","time":1610370409,"event":{"mods":["AchievementEnabler","Act Like it!","BaseMod","Better Sensory Stone","Colored Map","Colored Powertips","Fox Events","Friendly Minions","Gensokyo","GifTheSpireLib","Googly Eyes","Hallownest","Hermit","Hubris","Jorbs\u0027s Wanderer Trilogy","KinomotoSakuraMod(????)","Koishi","Lobotomy","Marisa????????","Minty Spire (QoL Compilation)","Rare Cards Sparkle","Reimu??????","Relic Stats","Remilia??????","Replay The Spire","StSLib","The Administrix","The Animator","The Bug Knight","The Construct","The Cursed","The Disciple","The Hierophant","The Mystic","The Necromancer","The Poker Player","The Runesmith","The Senshi","The Servant 0.9.4","TheLocksmith","Yakumo Yukari mod","thorton"],"gold_per_floor":[116,136,186,206,220,220,237,267,320,339,339,354,371,415,415,415,415],"floor_reached":16,"playtime":1043,"items_purged":[],"score":220,"play_id":"c8838e0f-77c3-4cd9-853a-5a717f88d990","local_time":"20210111110649","is_ascension_mode":true,"campfire_choices":[{"data":"Quick Slash","floor":6,"key":"SMITH"},{"floor":11,"key":"REST"},{"data":"Burst","floor":15,"key":"SMITH"}],"circlet_count":0,"master_deck":["AscendersBane","Strike_G","Strike_G","Strike_G","Strike_G","Strike_G","Defend_G","Defend_G","Defend_G","Defend_G","Defend_G","Survivor","Neutralize","Deflect","Quick Slash+1","Blade Dance","Cloak And Dagger","Quick Slash","All Out Attack","Burst+1","Deflect","Acrobatics","Slice"],"relics":["Ring of the Snake","Pen Nib","Snack Pack","Blood Vial","CeramicFish"],"acts_visited":["Exordium"],"potions_floor_usage":[8,8,14,16],"damage_taken":[{"damage":0,"enemies":"2 Louse","floor":1,"turns":4},{"damage":4,"enemies":"Cultist","floor":2,"turns":5},{"damage":0,"enemies":"Small Slimes","floor":4,"turns":3},{"damage":5,"enemies":"Gremlin Gang","floor":5,"turns":7},{"damage":6,"enemies":"Exordium Thugs","floor":7,"turns":4},{"damage":23,"enemies":"Gremlin Nob","floor":8,"turns":4},{"damage":8,"enemies":"3 Louse","floor":10,"turns":3},{"damage":7,"enemies":"Lots of Slimes","floor":12,"turns":4},{"damage":2,"enemies":"Looter","floor":13,"turns":3},{"damage":22,"enemies":"Lagavulin","floor":14,"turns":7},{"damage":45,"enemies":"Hexaghost","floor":16,"turns":11}],"seed_played":"1484354115210576872","potions_obtained":[{"floor":1,"key":"SteroidPotion"},{"floor":5,"key":"Block Potion"},{"floor":8,"key":"LifebloodPotion"},{"floor":10,"key":"Weak Potion"},{"floor":12,"key":"Languid Potion"}],"is_trial":false,"path_per_floor":["M","M","?","M","M","R","M","E","T","M","R","M","M","E","R","B"],"character_chosen":"THE_SILENT","items_purchased":[],"campfire_rested":1,"item_purchase_floors":[],"current_hp_per_floor":[59,55,55,55,50,50,44,21,21,19,38,35,37,25,25,0,0],"gold":415,"neow_bonus":"RANDOM_COMMON_RELIC","is_daily":false,"chose_seed":false,"campfire_upgraded":2,"win_rate":0.0,"timestamp":1610370409,"path_taken":["M","M","?","M","M","R","?","E","T","M","R","M","M","E","R","BOSS"],"items_purchased_type":[],"build_version":"2020-12-22","purchased_purges":0,"victory":false,"max_hp_per_floor":[66,66,66,66,66,66,66,66,66,66,66,66,66,66,66,66,66],"relic_stats":{"Blood Vial":10,"counters":[11,55],"CeramicFish":9,"Pen Nib":[14],"obtain_stats":[{"Blood Vial":9,"CeramicFish":14,"Pen Nib":0,"Snack Pack":8,"Ring of the Snake":0},{"Blood Vial":6,"CeramicFish":10,"Pen Nib":0,"Snack Pack":6,"Ring of the Snake":0},{"Blood Vial":27,"CeramicFish":44,"Pen Nib":0,"Snack Pack":27,"Ring of the Snake":0}],"Ring of the Snake":[22]},"card_choices":[{"not_picked":["Calculated Gamble","PiercingWail"],"picked":"Deflect","floor":1},{"not_picked":["Catalyst","Acrobatics"],"picked":"Quick Slash","floor":2},{"not_picked":["Prepared","hubris:Sniper"],"picked":"Blade Dance","floor":4},{"not_picked":["Outmaneuver","Hidden Blade"],"picked":"Cloak And Dagger","floor":5},{"not_picked":["Dodge and Roll","Concentrate"],"picked":"Quick Slash","floor":7},{"not_picked":["Concentrate","Acrobatics"],"picked":"All Out Attack","floor":8},{"not_picked":["Cloak And Dagger","hubris:SlightOfHand"],"picked":"Burst","floor":10},{"not_picked":["Flechettes","Outmaneuver"],"picked":"Deflect","floor":12},{"not_picked":["Backflip","Flying Knee"],"picked":"Acrobatics","floor":13},{"not_picked":["Flying Knee","Deadly Poison"],"picked":"Slice","floor":14}],"player_experience":894705,"relics_obtained":[{"floor":8,"key":"Snack Pack"},{"floor":9,"key":"Blood Vial"},{"floor":14,"key":"CeramicFish"}],"event_choices":[{"damage_healed":0,"gold_gain":50,"player_choice":"Pray","damage_taken":0,"max_hp_gain":0,"max_hp_loss":0,"event_name":"Golden Shrine","floor":3,"gold_loss":0}],"is_beta":false,"boss_relics":[],"items_purged_floors":[],"is_endless":false,"potions_floor_spawned":[1,5,8,10,12],"killed_by":"Hexaghost","ascension_level":18}}