{"host":"mdbnki27vzqujy5q","time":1610353873,"event":{"mods":["BaseMod","Better Note","Better Skull","Colored Map","Colored Powertips","DeckTracker","Highlight Path","Minty Spire (QoL Compilation)","Quick Restart","Rare Cards Sparkle","StSLib"],"gold_per_floor":[110,3,3,3,3,3,46,46,46,73,98,122,47,122,122,246,246,262,262,19,39,39,39,52,52,98,136,212,78,78,97,97,217,217,236,569,569,144,144,144,173,187,187,187,197,7,7,26,26,26,26],"floor_reached":50,"playtime":1991,"items_purged":["Strike_B","Strike_B","Strike_B","Defend_B"],"score":606,"play_id":"f61ccffb-04a1-43bd-9138-533c26b5e965","local_time":"20210111003113","is_ascension_mode":true,"campfire_choices":[{"data":"Aggregate","floor":6.0,"key":"SMITH"},{"floor":8.0,"key":"REST"},{"floor":15.0,"key":"REST"},{"floor":23.0,"key":"REST"},{"floor":30.0,"key":"REST"},{"floor":32.0,"key":"REST"},{"data":"Rainbow","floor":40.0,"key":"SMITH"},{"floor":44.0,"key":"REST"},{"floor":49.0,"key":"RECALL"}],"circlet_count":0,"master_deck":["Strike_B+1","Zap","Dualcast","Aggregate+1","Defragment+1","FTL","Beam Cell","Gash","Cold Snap","Echo Form+1","Capacitor+1","Chaos+1","Iron Wave","Gash","Machine Learning+1","Capacitor+1","Coolheaded+1","Rainbow+1","Static Discharge+1","Madness","Madness","BootSequence","Sweeping Beam","Gash","Parasite","Heatsinks+1","FTL"],"relics":["Cracked Core","Orichalcum","Frozen Egg 2","Tiny Chest","Nuclear Battery","Mummified Hand","Pear","Vajra","Art of War","Letter Opener","Empty Cage","Blood Vial","Lee\u0027s Waffle","Darkstone Periapt","Dream Catcher","Strawberry","Bottled Lightning"],"acts_visited":["Exordium","TheCity","TheBeyond"],"potions_floor_usage":[],"damage_taken":[{"damage":1.0,"enemies":"Jaw Worm","floor":1.0,"turns":3.0},{"damage":37.0,"enemies":"Gremlin Nob","floor":7.0,"turns":4.0},{"damage":2.0,"enemies":"Small Slimes","floor":11.0,"turns":3.0},{"damage":2.0,"enemies":"2 Louse","floor":12.0,"turns":2.0},{"damage":26.0,"enemies":"The Guardian","floor":16.0,"turns":11.0},{"damage":8.0,"enemies":"Shell Parasite","floor":18.0,"turns":5.0},{"damage":24.0,"enemies":"2 Thieves","floor":21.0,"turns":4.0},{"damage":12.0,"enemies":"Shelled Parasite and Fungi","floor":24.0,"turns":5.0},{"damage":53.0,"enemies":"Gremlin Leader","floor":27.0,"turns":8.0},{"damage":0.0,"enemies":"Snecko","floor":31.0,"turns":5.0},{"damage":39.0,"enemies":"Collector","floor":33.0,"turns":8.0},{"damage":8.0,"enemies":"Orb Walker","floor":35.0,"turns":4.0},{"damage":45.0,"enemies":"Nemesis","floor":41.0,"turns":5.0},{"damage":26.0,"enemies":"3 Shapes","floor":42.0,"turns":3.0},{"damage":0.0,"enemies":"Writhing Mass","floor":45.0,"turns":5.0},{"damage":3.0,"enemies":"Maw","floor":48.0,"turns":7.0},{"damage":81,"enemies":"Awakened One","floor":50,"turns":3}],"seed_played":"-5988322666684960977","potions_obtained":[{"floor":12.0,"key":"EntropicBrew"},{"floor":16.0,"key":"FearPotion"},{"floor":27.0,"key":"Strength Potion"},{"floor":31.0,"key":"LiquidBronze"},{"floor":41.0,"key":"PowerPotion"}],"is_trial":false,"path_per_floor":["M","$","?","?","?","R","E","R","T","T","M","M","$","?","R","B",null,"M","T","$","M","?","R","M","T","T","E","T","$","R","M","R","B",null,"M","?","?","$","T","R","E","M","T","R","M","$","T","M","R","B"],"character_chosen":"DEFECT","items_purchased":["Defragment","FTL","Mummified Hand","Capacitor+1","Blood Vial","Lee\u0027s Waffle","Heatsinks+1"],"campfire_rested":6,"item_purchase_floors":[2,2,20,29,38,38,46],"current_hp_per_floor":[74,74,79,63,43,43,6,30,30,30,28,26,26,15,39,13,80,72,72,72,48,48,72,60,70,70,17,17,17,44,44,71,32,90,82,82,71,97,97,97,52,28,35,66,74,74,74,73,73,0,0],"gold":26,"neow_bonus":"REMOVE_CARD","is_daily":false,"chose_seed":false,"campfire_upgraded":2,"win_rate":0.0,"timestamp":1610353873,"path_taken":["M","$","?","?","?","R","E","R","T","?","M","?","?","?","R","BOSS","M","?","?","M","?","R","M","?","T","E","?","$","R","M","R","BOSS","M","?","?","?","?","R","E","M","T","R","?","$","?","M","R","BOSS"],"items_purchased_type":["Card","Card","Relic","Card","Relic","Relic","Card"],"build_version":"2020-12-22","purchased_purges":4,"victory":false,"max_hp_per_floor":[75,75,80,80,80,80,80,80,80,80,80,80,80,80,80,80,80,80,80,80,80,80,80,80,90,90,90,90,90,90,90,90,90,90,90,90,90,97,97,97,97,97,104,104,110,110,110,110,110,110,110],"card_choices":[{"not_picked":["Go for the Eyes","Rebound"],"picked":"Aggregate","floor":1.0},{"not_picked":["Recycle","Turbo"],"picked":"Beam Cell","floor":7.0},{"not_picked":["Streamline","Stack"],"picked":"Gash","floor":11.0},{"not_picked":["Glacier","Force Field"],"picked":"Cold Snap","floor":12.0},{"not_picked":["Buffer+1","Hyperbeam"],"picked":"Echo Form+1","floor":16.0},{"not_picked":["Leap","Streamline"],"picked":"Capacitor+1","floor":18.0},{"not_picked":["Turbo","Cold Snap"],"picked":"Chaos+1","floor":21.0},{"not_picked":["Sweeping Beam+1","Doom and Gloom"],"picked":"Gash","floor":24.0},{"not_picked":["Force Field","Beam Cell"],"picked":"Machine Learning+1","floor":27.0},{"not_picked":["Fusion","Reprogram"],"picked":"Coolheaded+1","floor":31.0},{"not_picked":["Core Surge","Meteor Strike"],"picked":"Rainbow","floor":33.0},{"not_picked":["White Noise","Rebound+1"],"picked":"Static Discharge+1","floor":35.0},{"not_picked":["Reinforced Body","Reprogram"],"picked":"BootSequence","floor":41.0},{"not_picked":["Reinforced Body","Rebound"],"picked":"Sweeping Beam","floor":42.0},{"not_picked":["Scrape","Turbo+1"],"picked":"Gash","floor":44.0},{"not_picked":["Ball Lightning+1","Go for the Eyes+1","Turbo+1"],"picked":"SKIP","floor":45.0},{"not_picked":["Fusion","Steam+1"],"picked":"FTL","floor":48.0}],"player_experience":64017,"relics_obtained":[{"floor":7.0,"key":"Orichalcum"},{"floor":9.0,"key":"Frozen Egg 2"},{"floor":10.0,"key":"Tiny Chest"},{"floor":25.0,"key":"Pear"},{"floor":26.0,"key":"Vajra"},{"floor":27.0,"key":"Art of War"},{"floor":28.0,"key":"Letter Opener"},{"floor":39.0,"key":"Darkstone Periapt"},{"floor":41.0,"key":"Dream Catcher"},{"floor":43.0,"key":"Strawberry"},{"floor":47.0,"key":"Bottled Lightning"}],"event_choices":[{"damage_healed":0.0,"max_hp_gain":5.0,"max_hp_loss":0.0,"gold_gain":0.0,"event_name":"Big Fish","player_choice":"Donut","floor":3.0,"gold_loss":0.0,"damage_taken":0.0},{"damage_healed":0.0,"max_hp_gain":0.0,"max_hp_loss":0.0,"gold_gain":0.0,"event_name":"Shining Light","player_choice":"Entered Light","floor":4.0,"gold_loss":0.0,"damage_taken":16.0,"cards_upgraded":["Defragment","Strike_B"]},{"damage_healed":0.0,"max_hp_gain":0.0,"max_hp_loss":0.0,"gold_gain":0.0,"event_name":"Golden Idol","player_choice":"Take Damage","floor":5.0,"gold_loss":0.0,"damage_taken":20.0,"relics_obtained":["Golden Idol"]},{"damage_healed":0.0,"max_hp_gain":0.0,"max_hp_loss":0.0,"gold_gain":75.0,"event_name":"World of Goop","player_choice":"Gather Gold","floor":14.0,"gold_loss":0.0,"damage_taken":11.0},{"cards_removed":["Echo Form"],"damage_healed":0.0,"max_hp_gain":0.0,"max_hp_loss":0.0,"gold_gain":0.0,"event_name":"betterNote:BetterNote","player_choice":"Take \u0026 Give","floor":22.0,"gold_loss":0.0,"damage_taken":0.0,"cards_obtained":["Iron Wave"]},{"damage_healed":0.0,"max_hp_gain":0.0,"max_hp_loss":0.0,"gold_gain":333.0,"event_name":"The Moai Head","player_choice":"Gave Idol","floor":36.0,"relics_lost":["Golden Idol"],"gold_loss":0.0,"damage_taken":0.0},{"damage_healed":0.0,"max_hp_gain":0.0,"max_hp_loss":0.0,"gold_gain":0.0,"event_name":"Winding Halls","player_choice":"Embrace Madness","floor":37.0,"gold_loss":0.0,"damage_taken":11.0,"cards_obtained":["Madness","Madness"]}],"is_beta":false,"boss_relics":[{"not_picked":["Runic Pyramid","SacredBark"],"picked":"Nuclear Battery"},{"not_picked":["Snecko Eye","Runic Dome"],"picked":"Empty Cage"}],"items_purged_floors":[13,29,38,46],"is_endless":false,"potions_floor_spawned":[12,16,27,31,41],"killed_by":"Awakened One","ascension_level":1}}