{"host":"khm4we1ijduz33xh","time":1610376250,"event":{"mods":["AchievementEnabler","BaseMod","Colored Map","Minty Spire (QoL Compilation)","Rare Cards Sparkle","StSLib","SuperFastMode"],"gold_per_floor":[113,125,75,5,24,59,59,71,98,109,109,120,45,45,45,145,145,162,162,174,78,89,89,124,144,144,144,144,44,44,58,58,154,154,166,183,193,44,63,63,76,76,130,178,17,17,34,61,61,61,61],"floor_reached":50,"playtime":2514,"items_purged":["Strike_R","Limit Break","Reaper"],"score":538,"play_id":"37bb6e13-7bef-466c-bff8-2cc16b16c3c0","local_time":"20210111234410","is_ascension_mode":true,"campfire_choices":[{"data":"Evolve","floor":7.0,"key":"SMITH"},{"data":"Rampage","floor":11.0,"key":"SMITH"},{"floor":15.0,"key":"REST"},{"floor":23.0,"key":"REST"},{"data":"Barricade","floor":28.0,"key":"SMITH"},{"floor":32.0,"key":"REST"},{"data":"Power Through","floor":40.0,"key":"SMITH"},{"data":"Pummel","floor":46.0,"key":"PURGE"},{"floor":49,"key":"REST"}],"circlet_count":0,"master_deck":["Bash","Rampage+1","Entrench","Evolve+1","Shrug It Off","Power Through+1","Wild Strike","Metallicize","Barricade+1","Wild Strike","Whirlwind","Metallicize","Double Tap","Intimidate","Necronomicurse","Armaments","True Grit+1","Flame Barrier+1","Fire Breathing+1","Armaments+1","Berserk","Sadistic Nature","Burning Pact"],"relics":["Burning Blood","NeowsBlessing","Akabeko","Regal Pillow","Pandora\u0027s Box","Necronomicon","Bag of Preparation","Omamori","Question Card","Potion Belt","Peace Pipe","Mark of Pain","Anchor","MealTicket","Charon\u0027s Ashes","Bag of Marbles"],"acts_visited":["Exordium","TheCity","TheBeyond"],"potions_floor_usage":[],"damage_taken":[{"damage":0.0,"enemies":"Cultist","floor":1.0,"turns":1.0},{"damage":0.0,"enemies":"Jaw Worm","floor":2.0,"turns":1.0},{"damage":0.0,"enemies":"Small Slimes","floor":5.0,"turns":1.0},{"damage":26.0,"enemies":"3 Sentries","floor":6.0,"turns":8.0},{"damage":4.0,"enemies":"2 Fungi Beasts","floor":8.0,"turns":5.0},{"damage":15.0,"enemies":"Exordium Thugs","floor":10.0,"turns":7.0},{"damage":14.0,"enemies":"Exordium Wildlife","floor":12.0,"turns":6.0},{"damage":21.0,"enemies":"The Guardian","floor":16.0,"turns":13.0},{"damage":41.0,"enemies":"Shell Parasite","floor":18.0,"turns":8.0},{"damage":31.0,"enemies":"Chosen","floor":20.0,"turns":5.0},{"damage":0.0,"enemies":"Sentry and Sphere","floor":22.0,"turns":4.0},{"damage":48.0,"enemies":"Gremlin Leader","floor":24.0,"turns":7.0},{"damage":15.0,"enemies":"Centurion and Healer","floor":25.0,"turns":8.0},{"damage":13.0,"enemies":"Snake Plant","floor":31.0,"turns":3.0},{"damage":13.0,"enemies":"Champ","floor":33.0,"turns":12.0},{"damage":43.0,"enemies":"3 Darklings","floor":35.0,"turns":5.0},{"damage":0.0,"enemies":"Orb Walker","floor":36.0,"turns":5.0},{"damage":63.0,"enemies":"Transient","floor":37.0,"turns":5.0},{"damage":28.0,"enemies":"Spire Growth","floor":39.0,"turns":8.0},{"damage":18.0,"enemies":"Sphere and 2 Shapes","floor":41.0,"turns":4.0},{"damage":37.0,"enemies":"2 Orb Walkers","floor":44.0,"turns":5.0},{"damage":52,"enemies":"Maw","floor":47,"turns":8},{"damage":59,"enemies":"Awakened One","floor":50,"turns":3}],"seed_played":"-7666861419606915839","potions_obtained":[{"floor":1.0,"key":"SkillPotion"},{"floor":8.0,"key":"Ancient Potion"},{"floor":22.0,"key":"LiquidBronze"},{"floor":25.0,"key":"Dexterity Potion"},{"floor":35.0,"key":"SkillPotion"},{"floor":37.0,"key":"Regen Potion"},{"floor":39.0,"key":"GamblersBrew"}],"is_trial":false,"path_per_floor":["M","M","?","$","M","E","R","M","T","M","R","M","$","?","R","B",null,"M","?","M","?","M","R","E","M","T","T","R","$","T","M","R","B",null,"M","M","M","$","M","R","M","?","T","?","$","R","M","T","R","B"],"character_chosen":"IRONCLAD","items_purchased":["Evolve","Anchor","Burning Pact"],"campfire_rested":4,"item_purchase_floors":[4,38,45],"current_hp_per_floor":[80,80,80,80,80,60,60,62,62,53,53,45,45,45,80,65,80,49,33,8,8,22,61,27,43,43,43,43,43,43,41,80,73,80,59,80,31,31,40,40,60,60,60,45,60,60,14,14,53,0,0],"gold":61,"neow_bonus":"THREE_ENEMY_KILL","is_daily":false,"chose_seed":false,"campfire_upgraded":4,"win_rate":0.0,"timestamp":1610376250,"path_taken":["M","M","?","$","M","E","R","M","T","M","R","M","$","?","R","BOSS","M","?","M","?","?","R","E","M","T","?","R","$","?","M","R","BOSS","M","M","M","$","M","R","M","?","T","?","?","R","M","?","R","BOSS"],"items_purchased_type":["Card","Relic","Card"],"build_version":"2020-12-22","purchased_purges":3,"victory":false,"max_hp_per_floor":[80,80,80,80,80,80,80,80,80,80,80,80,80,80,80,80,80,80,80,80,80,80,80,80,80,80,80,80,80,80,80,80,80,80,80,80,80,80,80,80,80,80,80,80,80,80,80,80,80,80,80],"card_choices":[{"not_picked":["Body Slam","Perfected Strike"],"picked":"Rampage","floor":1.0},{"not_picked":["Clothesline","Body Slam"],"picked":"Entrench","floor":2.0},{"not_picked":["Dropkick","Shockwave"],"picked":"Shrug It Off","floor":5.0},{"not_picked":["Twin Strike","Anger"],"picked":"Power Through","floor":6.0},{"not_picked":["Havoc","Sever Soul","Thunderclap"],"picked":"SKIP","floor":8.0},{"not_picked":["Cleave","Shrug It Off"],"picked":"Wild Strike","floor":10.0},{"not_picked":["Pummel","Clothesline"],"picked":"Metallicize","floor":12.0},{"not_picked":["Corruption","Fiend Fire"],"picked":"Barricade","floor":16.0},{"not_picked":["Cleave","Dark Embrace+1"],"picked":"Intimidate","floor":18.0},{"not_picked":["Carnage","Headbutt+1"],"picked":"Armaments","floor":20.0},{"not_picked":["Perfected Strike","Havoc","Twin Strike"],"picked":"SKIP","floor":22.0},{"not_picked":["Spot Weakness","Pommel Strike"],"picked":"True Grit+1","floor":24.0},{"not_picked":["Twin Strike","Inflame+1"],"picked":"Flame Barrier+1","floor":25.0},{"not_picked":["Bludgeon","Power Through+1","Rampage","Twin Strike"],"picked":"SKIP","floor":31.0},{"not_picked":["Flex","Pommel Strike+1","Perfected Strike","Warcry+1"],"picked":"SKIP","floor":35.0},{"not_picked":["Dual Wield","Clash+1","Pummel"],"picked":"Fire Breathing+1","floor":36.0},{"not_picked":["Twin Strike","Iron Wave+1","Headbutt+1","Perfected Strike+1"],"picked":"SKIP","floor":37.0},{"not_picked":["Heavy Blade+1","Thunderclap","Perfected Strike"],"picked":"Armaments+1","floor":39.0},{"not_picked":["Armaments","Uppercut+1","Wild Strike+1"],"picked":"Berserk","floor":41.0},{"not_picked":["Thinking Ahead","Dramatic Entrance","PanicButton"],"picked":"Sadistic Nature","floor":42.0},{"not_picked":["Wild Strike+1","Heavy Blade","Iron Wave+1","Havoc"],"picked":"SKIP","floor":47}],"player_experience":193646,"relics_obtained":[{"floor":6.0,"key":"Akabeko"},{"floor":9.0,"key":"Regal Pillow"},{"floor":19.0,"key":"Necronomicon"},{"floor":24.0,"key":"Omamori"},{"floor":26.0,"key":"Question Card"},{"floor":27.0,"key":"Potion Belt"},{"floor":30.0,"key":"Peace Pipe"},{"floor":43.0,"key":"MealTicket"},{"floor":44.0,"key":"Charon\u0027s Ashes"},{"floor":48,"key":"Bag of Marbles"}],"event_choices":[{"cards_removed":["Strike_R"],"damage_healed":0.0,"max_hp_gain":0.0,"max_hp_loss":0.0,"gold_gain":0.0,"event_name":"The Cleric","player_choice":"Card Removal","floor":3.0,"gold_loss":50.0,"damage_taken":0.0},{"damage_healed":0.0,"max_hp_gain":0.0,"max_hp_loss":0.0,"gold_gain":0.0,"event_name":"Liars Game","player_choice":"Ignored","floor":14.0,"gold_loss":0.0,"damage_taken":0.0},{"damage_healed":0.0,"max_hp_gain":0.0,"max_hp_loss":0.0,"gold_gain":0.0,"event_name":"Cursed Tome","player_choice":"Obtained Book","floor":19.0,"gold_loss":0.0,"damage_taken":16.0},{"damage_healed":0.0,"max_hp_gain":0.0,"max_hp_loss":0.0,"gold_gain":0.0,"event_name":"WeMeetAgain","player_choice":"Paid Gold","floor":21.0,"gold_loss":96.0,"damage_taken":0.0,"relics_obtained":["Bag of Preparation"]},{"damage_healed":0.0,"max_hp_gain":0.0,"max_hp_loss":0.0,"gold_gain":0.0,"event_name":"SensoryStone","player_choice":"Memory 1","floor":42.0,"gold_loss":0.0,"damage_taken":0.0},{"damage_healed":0.0,"max_hp_gain":0.0,"max_hp_loss":0.0,"gold_gain":0.0,"event_name":"Mysterious Sphere","player_choice":"Fight","floor":44.0,"gold_loss":0.0,"damage_taken":0.0}],"is_beta":false,"boss_relics":[{"not_picked":["Tiny House","Black Star"],"picked":"Pandora\u0027s Box"},{"not_picked":["Runic Cube","Philosopher\u0027s Stone"],"picked":"Mark of Pain"}],"items_purged_floors":[13,29,45],"is_endless":false,"potions_floor_spawned":[1,8,22,25,35,37,39],"killed_by":"Awakened One","ascension_level":2}}