{"host":"c3lc60y5x60jlt1y","time":1610392212,"event":{"mods":["AchievementEnabler","BaseMod","Bestiary","Colored Map","Minty Spire (QoL Compilation)","Quick Restart","StSLib","ojb\u0027s Info Mod"],"gold_per_floor":[367,13,88,99,99,126,126,145,145,172,183,183,199,216,216,317,317,327,8,25,25,36,36,70,82,94,106,135,176,205,233,245,355,367,399,411,435,458,486,498,199,225,225,242,242,242,254,286,286,286],"floor_reached":51,"playtime":7044,"items_purged":["Strike_B","Strike_B+1"],"score":925,"play_id":"466477fb-1a59-4512-963e-3c432436d07a","local_time":"20210111211012","is_ascension_mode":true,"campfire_choices":[{"data":"Defragment","floor":7,"key":"SMITH"},{"floor":12,"key":"REST"},{"data":"Beam Cell","floor":15,"key":"SMITH"},{"data":"Beam Cell","floor":23,"key":"SMITH"},{"data":"Streamline","floor":27,"key":"SMITH"},{"floor":32,"key":"REST"},{"data":"Amplify","floor":40,"key":"SMITH"},{"floor":46,"key":"REST"},{"data":"Amplify","floor":49,"key":"SMITH"}],"circlet_count":0,"master_deck":["Strike_B+1","Strike_B+1","Defend_B+1","Defend_B+1","Defend_B+1","Defend_B+1","Zap","Dualcast+1","Ball Lightning","FTL","Melter","Defragment+1","Reinforced Body","Streamline+1","Ball Lightning","Beam Cell+1","Glacier","Core Surge","Sunder+1","Self Repair+1","Necronomicurse","Beam Cell+1","Storm+1","Loop+1","Echo Form+1","Amplify+1","Static Discharge+1","Biased Cognition+1","Go for the Eyes+1","Chill","Amplify+1","BootSequence+1","Machine Learning+1","Turbo+1","Aggregate"],"relics":["Cracked Core","Matryoshka","StrikeDummy","Mercury Hourglass","Gremlin Horn","Eternal Feather","Runic Pyramid","Frozen Egg 2","Necronomicon","MawBank","Toy Ornithopter","HornCleat","Boot","Inserter","Juzu Bracelet","Oddly Smooth Stone","Shuriken","Pen Nib"],"acts_visited":["Exordium","TheCity","TheBeyond"],"potions_floor_usage":[11,20,24,29,29,30,35,42,42,44],"damage_taken":[{"damage":3,"enemies":"2 Louse","floor":1,"turns":2},{"damage":2,"enemies":"Jaw Worm","floor":4,"turns":3},{"damage":25,"enemies":"Lagavulin","floor":6,"turns":4},{"damage":0,"enemies":"Cultist","floor":8,"turns":2},{"damage":8,"enemies":"3 Sentries","floor":10,"turns":5},{"damage":1,"enemies":"Lots of Slimes","floor":11,"turns":2},{"damage":3,"enemies":"Blue Slaver","floor":13,"turns":3},{"damage":0,"enemies":"Large Slime","floor":14,"turns":2},{"damage":0,"enemies":"Slime Boss","floor":16,"turns":5},{"damage":0,"enemies":"Spheric Guardian","floor":18,"turns":1},{"damage":18,"enemies":"2 Thieves","floor":20,"turns":3},{"damage":18,"enemies":"Centurion and Healer","floor":22,"turns":3},{"damage":17,"enemies":"Book of Stabbing","floor":24,"turns":4},{"damage":19,"enemies":"Snake Plant","floor":28,"turns":3},{"damage":24,"enemies":"Slavers","floor":29,"turns":3},{"damage":0,"enemies":"Snecko","floor":30,"turns":3},{"damage":12,"enemies":"Shelled Parasite and Fungi","floor":31,"turns":5},{"damage":23,"enemies":"Automaton","floor":33,"turns":7},{"damage":17,"enemies":"3 Darklings","floor":35,"turns":3},{"damage":16,"enemies":"Orb Walker","floor":37,"turns":3},{"damage":5,"enemies":"Sphere and 2 Shapes","floor":38,"turns":3},{"damage":3,"enemies":"3 Darklings","floor":39,"turns":3},{"damage":71,"enemies":"Giant Head","floor":42,"turns":7},{"damage":20,"enemies":"Transient","floor":44,"turns":5},{"damage":16,"enemies":"Spire Growth","floor":47,"turns":4},{"damage":10,"enemies":"Nemesis","floor":48,"turns":5},{"damage":44,"enemies":"Donu and Deca","floor":50,"turns":9}],"seed_played":"-9153504199923078647","potions_obtained":[{"floor":4,"key":"Dexterity Potion"},{"floor":10,"key":"AttackPotion"},{"floor":11,"key":"Explosive Potion"},{"floor":14,"key":"FearPotion"},{"floor":28,"key":"FocusPotion"},{"floor":29,"key":"EssenceOfDarkness"},{"floor":30,"key":"Dexterity Potion"},{"floor":33,"key":"Weak Potion"},{"floor":38,"key":"SpeedPotion"},{"floor":39,"key":"Weak Potion"}],"is_trial":false,"path_per_floor":["M","$","?","M","?","E","R","M","T","E","M","R","M","M","R","B",null,"M","$","M","?","M","R","E","?","T","R","M","E","M","M","R","B",null,"M","?","M","M","M","R","$","E","T","M","?","R","M","E","R","B",null],"character_chosen":"DEFECT","items_purchased":["Matryoshka","FTL","Frozen Egg 2","Self Repair+1","Amplify","PotionOfCapacity"],"campfire_rested":3,"item_purchase_floors":[2,2,19,19,41,41],"current_hp_per_floor":[51,51,40,38,38,13,13,13,13,5,4,35,32,32,41,41,75,75,75,57,41,33,45,28,28,28,43,24,10,25,23,60,47,75,73,73,57,62,59,75,75,34,34,29,29,69,53,43,64,20],"gold":286,"neow_bonus":"TWO_FIFTY_GOLD","is_daily":false,"chose_seed":false,"campfire_upgraded":6,"win_rate":0.0,"timestamp":1610392212,"path_taken":["M","$","?","M","?","E","R","?","T","E","M","R","M","M","R","BOSS","M","?","M","?","M","R","E","?","T","R","M","E","M","M","R","BOSS","M","?","?","?","M","R","?","E","T","M","?","R","M","E","R","BOSS"],"items_purchased_type":["Relic","Card","Relic","Card","Card","Potion"],"build_version":"2020-12-22","purchased_purges":2,"victory":true,"max_hp_per_floor":[75,75,75,75,75,75,75,75,75,75,75,75,75,75,75,75,75,75,75,75,75,75,75,75,75,75,75,75,75,75,75,75,75,75,75,75,75,75,75,75,75,75,75,75,75,75,75,75,75,75],"card_choices":[{"not_picked":["Cold Snap","Conserve Battery"],"picked":"Ball Lightning","floor":1},{"not_picked":["Coolheaded","FTL"],"picked":"Melter","floor":4},{"not_picked":["Hello World","Force Field"],"picked":"Defragment","floor":6},{"not_picked":["FTL","Redo"],"picked":"Reinforced Body","floor":8},{"not_picked":["Beam Cell","Machine Learning"],"picked":"Streamline","floor":10},{"not_picked":["Conserve Battery","Beam Cell"],"picked":"Ball Lightning","floor":11},{"not_picked":["Turbo","Barrage"],"picked":"Beam Cell","floor":13},{"not_picked":["Steam Power","Lockon"],"picked":"Glacier","floor":14},{"not_picked":["Hyperbeam","Multi-Cast"],"picked":"Core Surge","floor":16},{"not_picked":["Hello World","Stack"],"picked":"Sunder+1","floor":18},{"not_picked":["Sweeping Beam","Streamline"],"picked":"Hello World+1","floor":20},{"not_picked":["Stack","Steam Power"],"picked":"Beam Cell","floor":22},{"not_picked":["Compile Driver","Barrage"],"picked":"Storm+1","floor":24},{"not_picked":["Lockon","Glacier"],"picked":"Loop+1","floor":28},{"not_picked":["Steam Power","Sweeping Beam","Cold Snap"],"picked":"SKIP","floor":29},{"not_picked":["Beam Cell","Sweeping Beam"],"picked":"Echo Form+1","floor":30},{"not_picked":["Darkness","Blizzard","Rebound+1"],"picked":"SKIP","floor":31},{"not_picked":["Core Surge","Reboot"],"picked":"Amplify","floor":33},{"not_picked":["Rebound","Compile Driver+1"],"picked":"Static Discharge+1","floor":35},{"not_picked":["Turbo+1","Coolheaded","Go for the Eyes+1"],"picked":"SKIP","floor":37},{"not_picked":["Barrage+1","Cold Snap"],"picked":"Go for the Eyes+1","floor":38},{"not_picked":["Cold Snap","Turbo"],"picked":"Chill","floor":39},{"not_picked":["Chill+1","Glacier"],"picked":"BootSequence+1","floor":42},{"not_picked":["Chill","Streamline+1"],"picked":"Machine Learning+1","floor":44},{"not_picked":["Steam Power","Gash"],"picked":"Turbo+1","floor":47},{"not_picked":["Steam Power","FTL+1"],"picked":"Aggregate","floor":48}],"player_experience":7869543,"relics_obtained":[{"floor":6,"key":"StrikeDummy"},{"floor":9,"key":"Mercury Hourglass"},{"floor":9,"key":"Gremlin Horn"},{"floor":10,"key":"Eternal Feather"},{"floor":21,"key":"Necronomicon"},{"floor":24,"key":"MawBank"},{"floor":26,"key":"Toy Ornithopter"},{"floor":26,"key":"HornCleat"},{"floor":29,"key":"Boot"},{"floor":42,"key":"Juzu Bracelet"},{"floor":43,"key":"Oddly Smooth Stone"},{"floor":48,"key":"Pen Nib"}],"event_choices":[{"damage_healed":0,"gold_gain":75,"player_choice":"Gather Gold","damage_taken":11,"max_hp_gain":0,"max_hp_loss":0,"event_name":"World of Goop","floor":3,"gold_loss":0},{"damage_healed":0,"gold_gain":0,"player_choice":"Upgraded","damage_taken":0,"max_hp_gain":0,"max_hp_loss":0,"event_name":"Upgrade Shrine","floor":5,"gold_loss":0,"cards_upgraded":["Dualcast"]},{"damage_healed":0,"gold_gain":0,"player_choice":"Obtained Book","damage_taken":16,"max_hp_gain":0,"max_hp_loss":0,"event_name":"Cursed Tome","floor":21,"gold_loss":0},{"damage_healed":0,"gold_gain":0,"player_choice":"Simplicity","damage_taken":0,"max_hp_gain":0,"max_hp_loss":0,"event_name":"Back to Basics","floor":25,"gold_loss":0,"cards_upgraded":["Strike_B","Strike_B","Strike_B","Defend_B","Defend_B","Defend_B","Defend_B"]},{"damage_healed":0,"gold_gain":0,"player_choice":"1 cards matched","damage_taken":0,"max_hp_gain":0,"max_hp_loss":0,"event_name":"Match and Keep!","floor":36,"gold_loss":0,"cards_obtained":["Biased Cognition"]},{"cards_removed":["Hello World"],"damage_healed":0,"gold_gain":0,"player_choice":"Gave Card","damage_taken":0,"relics_obtained":["Shuriken"],"max_hp_gain":0,"max_hp_loss":0,"event_name":"WeMeetAgain","floor":45,"gold_loss":0}],"is_beta":false,"boss_relics":[{"not_picked":["Tiny House","Runic Dome"],"picked":"Runic Pyramid"},{"not_picked":["Black Star","Nuclear Battery"],"picked":"Inserter"}],"items_purged_floors":[2,41],"is_endless":false,"potions_floor_spawned":[4,10,11,14,18,28,29,30,33,38,39],"ascension_level":3}}