{"host":"d66n7ln59ex8canu","time":1610393835,"event":{"mods":["AchievementEnabler","BaseMod","Colored Map","Minty Spire (QoL Compilation)","Quick Restart","StSLib"],"gold_per_floor":[213,213,128,143,199,209,209,244,244,262,262,262,278,312,312,312,312],"floor_reached":16,"playtime":555,"items_purged":[],"score":162,"play_id":"ec685cb0-5771-41b1-8a84-9bc536e70f06","local_time":"20210111143715","is_ascension_mode":true,"campfire_choices":[{"data":"Infinite Blades","floor":7,"key":"SMITH"},{"floor":15,"key":"REST"}],"circlet_count":0,"master_deck":["Strike_G","Strike_G","Strike_G+1","Strike_G","Strike_G","Defend_G","Defend_G","Defend_G","Defend_G","Defend_G","Survivor+1","Neutralize","Dagger Throw","Infinite Blades+1","Dagger Spray","Backstab+1","Backflip+1","Slice","Burst"],"relics":["Ring of the Snake","White Beast Statue","Bag of Preparation","Gremlin Horn"],"acts_visited":["Exordium"],"potions_floor_usage":[10,14,14,14,16],"damage_taken":[{"damage":15,"enemies":"2 Louse","floor":1,"turns":3},{"damage":4,"enemies":"Jaw Worm","floor":4,"turns":4},{"damage":1,"enemies":"Small Slimes","floor":6,"turns":2},{"damage":32,"enemies":"Gremlin Nob","floor":8,"turns":4},{"damage":0,"enemies":"Gremlin Gang","floor":10,"turns":2},{"damage":2,"enemies":"Exordium Wildlife","floor":13,"turns":3},{"damage":0,"enemies":"3 Sentries","floor":14,"turns":3},{"damage":26,"enemies":"The Guardian","floor":16,"turns":13}],"seed_played":"5457339209171578839","potions_obtained":[{"floor":4,"key":"LiquidMemories"},{"floor":6,"key":"BlessingOfTheForge"},{"floor":8,"key":"Strength Potion"},{"floor":10,"key":"Dexterity Potion"},{"floor":14,"key":"Weak Potion"}],"is_trial":false,"path_per_floor":["M","?","$","M","?","M","R","E","T","M","?","?","M","E","R","B"],"character_chosen":"THE_SILENT","items_purchased":["Infinite Blades","Dagger Spray"],"campfire_rested":1,"item_purchase_floors":[3,3],"current_hp_per_floor":[55,41,41,37,37,36,36,4,4,4,4,4,2,2,23,0,0],"gold":312,"neow_bonus":"HUNDRED_GOLD","is_daily":false,"chose_seed":false,"campfire_upgraded":1,"win_rate":0.0,"timestamp":1610393835,"path_taken":["M","?","$","M","?","M","R","E","T","M","?","?","?","E","R","BOSS"],"items_purchased_type":["Card","Card"],"build_version":"2020-12-22","purchased_purges":0,"victory":false,"max_hp_per_floor":[70,70,70,70,70,70,70,70,70,70,70,70,70,70,70,70,70],"card_choices":[{"not_picked":["Deflect","PiercingWail"],"picked":"Dagger Throw","floor":1},{"not_picked":["Catalyst","Blade Dance"],"picked":"Backstab","floor":4},{"not_picked":["Setup","Deflect"],"picked":"Backflip","floor":6},{"not_picked":["Sucker Punch","Deflect"],"picked":"Slice","floor":8},{"not_picked":["Prepared","Sucker Punch","Dagger Spray"],"picked":"SKIP","floor":10},{"not_picked":["Dagger Throw","Noxious Fumes"],"picked":"Burst","floor":13},{"not_picked":["Concentrate","Acrobatics","Prepared"],"picked":"SKIP","floor":14}],"player_experience":312379,"relics_obtained":[{"floor":8,"key":"White Beast Statue"},{"floor":9,"key":"Bag of Preparation"},{"floor":14,"key":"Gremlin Horn"}],"event_choices":[{"damage_healed":0,"gold_gain":0,"player_choice":"Entered Light","damage_taken":14,"max_hp_gain":0,"max_hp_loss":0,"event_name":"Shining Light","floor":2,"gold_loss":0,"cards_upgraded":["Survivor","Strike_G"]},{"damage_healed":0,"gold_gain":56,"player_choice":"Gained Gold","damage_taken":0,"max_hp_gain":0,"max_hp_loss":0,"event_name":"Golden Wing","floor":5,"gold_loss":0},{"damage_healed":0,"gold_gain":0,"player_choice":"Grow","damage_taken":0,"max_hp_gain":0,"max_hp_loss":0,"event_name":"Living Wall","floor":11,"gold_loss":0,"cards_upgraded":["Backstab"]},{"damage_healed":0,"gold_gain":0,"player_choice":"Upgraded","damage_taken":0,"max_hp_gain":0,"max_hp_loss":0,"event_name":"Upgrade Shrine","floor":12,"gold_loss":0,"cards_upgraded":["Backflip"]}],"is_beta":false,"boss_relics":[],"items_purged_floors":[],"is_endless":false,"potions_floor_spawned":[4,6,8,10,13,14],"killed_by":"The Guardian","ascension_level":4}}