{"host":"m5bsg12zcyqnofur","time":1610350232,"event":{"mods":["AchievementEnabler","BaseMod","BetterRewards","Colored Powertips","Downfall","Hermit","Highlight Path","Minty Spire (QoL Compilation)","Quick Restart","Replay The Spire","Shop Mod","StSLib","The Bug Knight"],"gold_per_floor":[116,116,40,54,72,72,101,29,53,53,53,53,53,83,103,121,121,223,223,242,117,133,133,147,147,178,178,178,190,190,215,215,225,225,327,327,337,159,178,198,210,210,1,28,54,54,80,80,133,167,167,167,167,167,116,142,142],"floor_reached":58,"playtime":4063,"items_purged":["Strike_B","Strike_B","Defend_B","Defend_B","Strike_B","Defend_B","Delirium","Strike_B","Defend_B"],"score":1810,"play_id":"4ef8693e-ac37-4bf3-be9d-5c7df0a29683","local_time":"20210111013032","is_ascension_mode":true,"campfire_choices":[{"floor":6,"key":"REST"},{"data":"Zap","floor":12,"key":"SMITH"},{"floor":17,"key":"REST"},{"data":"Redo","floor":25,"key":"SMITH"},{"data":"Dualcast","floor":27,"key":"SMITH"},{"floor":32,"key":"REST"},{"floor":34,"key":"RECALL"},{"data":"Reboot","floor":42,"key":"SMITH"},{"data":"Coolheaded","floor":48,"key":"SMITH"},{"data":"Coolheaded","floor":51,"key":"SMITH"},{"data":"Gash","floor":54,"key":"SMITH"}],"circlet_count":0,"master_deck":["Zap+1","Dualcast+1","Gash","Go for the Eyes","Coolheaded+1","Gash+1","Sweeping Beam","Hologram+1","Redo+1","Coolheaded+1","Gash+1","Beam Cell+1","Reboot+1"],"relics":["Cracked Core","Membership Card","ReplayTheSpireMod:CursedCoin","Bag of Preparation","CaptainsWheel","Sling","Omamori","Centennial Puzzle","Pen Nib","SacredBark","ReplayTheSpireMod:TigerMarble","Question Card","SlaversCollar","Replay:Wax Seal","Onion Ring","Whetstone","DataDisk","Juzu Bracelet","Replay:Accelerometer","Incense Burner","Turnip"],"acts_visited":["TheCity","TheBeyond","TheEnding"],"potions_floor_usage":[18,35,35,35,35,35,40,49,57,57,57],"damage_taken":[{"damage":5,"enemies":"Jaw Worm","floor":1,"turns":2},{"damage":1,"enemies":"Small Slimes","floor":4,"turns":2},{"damage":0,"enemies":"Cultist","floor":5,"turns":2},{"damage":15,"enemies":"3 Sentries","floor":7,"turns":5},{"damage":3,"enemies":"Replay:BlueRogue","floor":14,"turns":2},{"damage":23,"enemies":"Exordium Thugs","floor":15,"turns":3},{"damage":2,"enemies":"2 Fungi Beasts","floor":16,"turns":3},{"damage":0,"enemies":"Fading Forest","floor":18,"turns":11},{"damage":9,"enemies":"Spheric Guardian","floor":20,"turns":3},{"damage":16,"enemies":"Snake Plant","floor":22,"turns":3},{"damage":11,"enemies":"3 Cultists","floor":24,"turns":4},{"damage":10,"enemies":"HollowMod:Nosk","floor":26,"turns":4},{"damage":18,"enemies":"Snecko","floor":29,"turns":6},{"damage":3,"enemies":"Gremlin Leader","floor":31,"turns":3},{"damage":7,"enemies":"Shelled Parasite and Fungi","floor":33,"turns":2},{"damage":12,"enemies":"Automaton","floor":35,"turns":2},{"damage":6,"enemies":"Orb Walker","floor":37,"turns":2},{"damage":10,"enemies":"3 Shapes","floor":39,"turns":2},{"damage":12,"enemies":"Writhing Mass","floor":40,"turns":3},{"damage":1,"enemies":"Sphere and 2 Shapes","floor":41,"turns":2},{"damage":10,"enemies":"Giant Head","floor":44,"turns":4},{"damage":0,"enemies":"Nemesis","floor":47,"turns":1},{"damage":0,"enemies":"2 Orb Walkers","floor":49,"turns":2},{"damage":0,"enemies":"Giant Head","floor":50,"turns":2},{"damage":1,"enemies":"Donu and Deca","floor":52,"turns":4},{"damage":5,"enemies":"Shield and Spear","floor":56,"turns":3},{"damage":32,"enemies":"The Heart","floor":57,"turns":5}],"seed_played":"-6372967693470836114","potions_obtained":[{"floor":1,"key":"Ancient Potion"},{"floor":14,"key":"BlessingOfTheForge"},{"floor":18,"key":"EntropicBrew"},{"floor":20,"key":"Death Potion"},{"floor":26,"key":"SkillPotion"},{"floor":35,"key":"AttackPotion"},{"floor":37,"key":"PotionOfCapacity"},{"floor":40,"key":"Explosive Potion"},{"floor":50,"key":"LiquidBronze"}],"is_trial":false,"path_per_floor":["M","?","$","M","M","R","E","$","T","PTL","PTL","R","?","E","M","M","R","B",null,"M","$","M","$","M","R","E","R","T","M","?","E","R","M","R","B",null,"M","$","M","M","M","R","$","E","T","?","E","R","?","E","R","B",null,"R","$","E","B",null],"character_chosen":"DEFECT","items_purchased":["Gash","Go for the Eyes","Membership Card","Coolheaded","Gash","ReplayTheSpireMod:CursedCoin","Bag of Preparation","Sling","Replay:Wax Seal","Onion Ring","Whetstone","Swift Potion","Swift Potion"],"campfire_rested":3,"item_purchase_floors":[0,0,0,0,0,0,3,8,38,43,43,55,55],"current_hp_per_floor":[23,23,23,22,22,44,29,29,29,29,29,29,29,26,3,1,23,33,75,66,66,50,50,39,39,29,29,29,11,11,12,34,27,27,15,75,69,69,65,53,52,52,52,42,42,42,42,42,42,42,42,41,75,75,75,70,38],"gold":142,"neow_bonus":"","is_daily":false,"chose_seed":false,"campfire_upgraded":7,"win_rate":0.0,"timestamp":1610350232,"path_taken":["M","?","$","M","M","R","E","$","T","PTL","PTL","R","?","E","M","M","R","BOSS","M","$","M","$","?","R","E","R","T","M","?","E","R","M","R","BOSS","M","$","M","M","M","R","$","E","T","?","E","R","?","E","R","BOSS","R","$","E","BOSS"],"items_purchased_type":["Card","Card","Relic","Card","Card","Relic","Relic","Relic","Relic","Relic","Relic","Potion","Potion"],"build_version":"2020-12-22","purchased_purges":9,"victory":true,"max_hp_per_floor":[75,75,75,75,75,75,75,75,75,75,75,75,75,75,75,75,75,75,75,75,75,75,75,75,75,75,75,75,75,75,75,75,75,75,75,75,75,75,75,75,75,75,75,75,75,75,75,75,75,75,75,75,75,75,75,75,75],"card_choices":[{"not_picked":["Streamline","Compile Driver"],"picked":"Sweeping Beam","floor":1},{"not_picked":["Glacier","Conserve Battery","Sweeping Beam"],"picked":"SKIP","floor":4},{"not_picked":["Capacitor","Cold Snap"],"picked":"Hologram","floor":5},{"not_picked":["Core Surge","Consume","Sweeping Beam"],"picked":"SKIP","floor":7},{"not_picked":["Glacier","BasicCrystalCard"],"picked":"Redo","floor":14},{"not_picked":["Sweeping Beam","Static Discharge","Turbo"],"picked":"SKIP","floor":15},{"not_picked":["Barrage","Self Repair","ReplaySort"],"picked":"SKIP","floor":16},{"not_picked":["Defragment","Ball Lightning","Capacitor"],"picked":"SKIP","floor":20},{"not_picked":["Compile Driver","Genetic Algorithm"],"picked":"Coolheaded","floor":22},{"not_picked":["Hologram","Turbo","Doom and Gloom"],"picked":"SKIP","floor":24},{"not_picked":["Creative AI","Streamline+1","Compile Driver"],"picked":"SKIP","floor":26},{"not_picked":["Skim","Cold Snap"],"picked":"Gash","floor":29},{"not_picked":["Streamline+1","ReplayTheSpireMod:System Scan+1","Coolheaded+1"],"picked":"SKIP","floor":31},{"not_picked":["Chaos","Barrage","Melter+1"],"picked":"Beam Cell","floor":33},{"not_picked":["All For One","Buffer","Meteor Strike"],"picked":"Reboot","floor":35},{"not_picked":["Time Bomb","Go for the Eyes+1","Rip and Tear+1","Cold Snap+1"],"picked":"SKIP","floor":37},{"not_picked":["Barrage+1","Coolheaded","Skim","Steam+1"],"picked":"SKIP","floor":39},{"not_picked":["Stack","Melter+1","Panic Button","Compile Driver"],"picked":"SKIP","floor":40},{"not_picked":["Panic Button+1","Leap","Self Repair+1","Barrage+1"],"picked":"SKIP","floor":41},{"not_picked":["Doom and Gloom+1","Gash","Compile Driver+1","Conserve Battery"],"picked":"SKIP","floor":44},{"not_picked":["ReplaySort","Buffer","Conserve Battery","Barrage"],"picked":"SKIP","floor":47},{"not_picked":["FTL","Hello World","Crystallizer","Fusion"],"picked":"SKIP","floor":50},{"not_picked":["Steam Power","Conserve Battery","Coolheaded+1","ReplayTheSpireMod:Repulse+1"],"picked":"SKIP","floor":56}],"player_experience":167130,"relics_obtained":[{"floor":7,"key":"CaptainsWheel"},{"floor":9,"key":"Omamori"},{"floor":14,"key":"Pen Nib"},{"floor":26,"key":"ReplayTheSpireMod:TigerMarble"},{"floor":31,"key":"Question Card"},{"floor":44,"key":"DataDisk"},{"floor":45,"key":"Juzu Bracelet"},{"floor":47,"key":"Replay:Accelerometer"},{"floor":49,"key":"Incense Burner"},{"floor":50,"key":"Turnip"}],"event_choices":[{"damage_healed":0,"gold_gain":0,"player_choice":"Ignored","damage_taken":0,"max_hp_gain":0,"max_hp_loss":0,"event_name":"Liars Game","floor":2,"gold_loss":0},{"damage_healed":0,"gold_gain":0,"player_choice":"Gave Potion","damage_taken":0,"relics_obtained":["Centennial Puzzle"],"max_hp_gain":0,"max_hp_loss":0,"event_name":"WeMeetAgain","floor":13,"gold_loss":0},{"damage_healed":0,"gold_gain":0,"player_choice":"Smashed Altar","damage_taken":0,"max_hp_gain":0,"max_hp_loss":0,"event_name":"Forgotten Altar","floor":30,"gold_loss":0,"cards_obtained":["Decay"]},{"damage_healed":0,"gold_gain":0,"player_choice":"Upgraded","damage_taken":0,"max_hp_gain":0,"max_hp_loss":0,"event_name":"Upgrade Shrine","floor":46,"gold_loss":0,"cards_upgraded":["Hologram"]},{"damage_healed":0,"gold_gain":0,"player_choice":"Fight","damage_taken":0,"max_hp_gain":0,"max_hp_loss":0,"event_name":"Mysterious Sphere","floor":49,"gold_loss":0}],"is_beta":false,"boss_relics":[{"not_picked":["Runic Dome","Painkiller Herb"],"picked":"SacredBark"},{"not_picked":["Coffee Dripper","Tiny House"],"picked":"SlaversCollar"}],"items_purged_floors":[0,0,0,0,0,0,0,21,38],"is_endless":false,"potions_floor_spawned":[1,14,18,20,26,31,35,37,40,44,50],"ascension_level":2}}