{"host":"obplhmlw33xb91v8","time":1610362554,"event":{"mods":["BaseMod","Block Reminder","Curses Come First","Evolution","Minty Spire (QoL Compilation)","Quick Restart","Relic Stats","Spicy Shops","StSLib","Uncapped","Waifu the Spire","slay the spire mod where everything is the same but ironclad has a cowboy hat"],"gold_per_floor":[114,114,133,83,6,33,33,59,59,69,69,20,47,63,63,168,168,182,201,300,314,11,11,31,61,139,150,178,178,193,193,193,291,291,305,305,318,345,345,345,373,8,87,101,101,146,165,198,198,198],"floor_reached":51,"playtime":2337,"items_purged":["Coolheaded"],"score":992,"play_id":"5a30e2d3-02b1-4f93-8202-c4e490f42f88","local_time":"20210111055554","is_ascension_mode":true,"campfire_choices":[{"data":"Fission","floor":7,"key":"SMITH"},{"data":"Blizzard","floor":11,"key":"SMITH"},{"data":"Capacitor","floor":15,"key":"SMITH"},{"data":"Storm","floor":23,"key":"SMITH"},{"floor":29,"key":"REST"},{"floor":32,"key":"REST"},{"floor":40,"key":"REST"},{"floor":45,"key":"REST"},{"data":"Electrodynamics","floor":49,"key":"SMITH"}],"circlet_count":0,"master_deck":["Compile Driver","Defend_B","Defend_B","Zap","Dualcast","Chill","Barrage","Hello World","Ball Lightning","Fission+1","Cold Snap","Conserve Battery","Capacitor+1","Biased Cognition","White Noise+1","Storm+1","Seek","Capacitor","White Noise","Electrodynamics+1","Consume","White Noise+1","White Noise","White Noise"],"relics":["EVO:Axolotl","Nuclear Battery","Orrery","Prayer Wheel","Bag of Marbles","Bird Faced Urn","Bronze Scales","Empty Cage","Medical Kit","Tiny Chest","Singing Bowl","Bottled Tornado","SacredBark","Vajra","Blood Vial","Mummified Hand","Omamori","Shuriken","Mango","Bottled Flame"],"acts_visited":["Exordium","TheCity","TheBeyond"],"potions_floor_usage":[6,16,16,33,33,41,48,50],"damage_taken":[{"damage":4,"enemies":"2 Louse","floor":1,"turns":2},{"damage":0,"enemies":"Jaw Worm","floor":3,"turns":4},{"damage":26,"enemies":"Lagavulin","floor":6,"turns":6},{"damage":0,"enemies":"3 Sentries","floor":8,"turns":7},{"damage":4,"enemies":"Small Slimes","floor":10,"turns":3},{"damage":0,"enemies":"Lagavulin","floor":13,"turns":5},{"damage":2,"enemies":"3 Louse","floor":14,"turns":3},{"damage":16,"enemies":"Slime Boss","floor":16,"turns":8},{"damage":14,"enemies":"3 Byrds","floor":18,"turns":3},{"damage":10,"enemies":"Chosen","floor":19,"turns":4},{"damage":16,"enemies":"Sentry and Sphere","floor":21,"turns":4},{"damage":0,"enemies":"3 Cultists","floor":24,"turns":3},{"damage":34,"enemies":"Gremlin Leader","floor":25,"turns":5},{"damage":37,"enemies":"Snake Plant","floor":27,"turns":3},{"damage":23,"enemies":"Slavers","floor":28,"turns":3},{"damage":0,"enemies":"Sentry and Sphere","floor":30,"turns":3},{"damage":18,"enemies":"Champ","floor":33,"turns":7},{"damage":38,"enemies":"Orb Walker","floor":35,"turns":3},{"damage":22,"enemies":"3 Darklings","floor":37,"turns":3},{"damage":35,"enemies":"Reptomancer","floor":41,"turns":3},{"damage":24,"enemies":"Maw","floor":44,"turns":5},{"damage":25,"enemies":"2 Orb Walkers","floor":46,"turns":2},{"damage":22,"enemies":"4 Shapes","floor":47,"turns":3},{"damage":0,"enemies":"Giant Head","floor":48,"turns":6},{"damage":104,"enemies":"Awakened One","floor":50,"turns":6}],"seed_played":"5546038832160024986","potions_obtained":[{"floor":1,"key":"DuplicationPotion"},{"floor":3,"key":"SpeedPotion"},{"floor":8,"key":"FocusPotion"},{"floor":18,"key":"FearPotion"},{"floor":21,"key":"SpeedPotion"},{"floor":33,"key":"Fruit Juice"},{"floor":35,"key":"FocusPotion"},{"floor":47,"key":"Block Potion"}],"is_trial":false,"path_per_floor":["M","?","M","?","$","E","R","E","T","M","R","$","E","M","R","B",null,"M","M","?","M","$","R","M","E","T","M","E","R","M","?","R","B",null,"M","?","M","T","?","R","E","$","T","M","R","?","M","E","R","B",null],"character_chosen":"DEFECT","items_purchased":["Orrery","AttackPotion","Medical Kit","PotionOfCapacity","Mummified Hand","Omamori","SpeedPotion"],"campfire_rested":4,"item_purchase_floors":[5,12,22,22,42,42,42],"current_hp_per_floor":[71,71,71,71,71,45,45,45,45,45,45,45,49,49,49,37,75,61,57,57,53,53,53,63,45,45,22,13,37,51,51,75,83,90,60,60,52,52,52,80,65,65,65,63,93,99,99,120,120,44],"gold":198,"neow_bonus":"BOSS_RELIC","is_daily":false,"chose_seed":false,"campfire_upgraded":5,"win_rate":0.0,"timestamp":1610362554,"path_taken":["M","?","M","?","$","E","R","E","T","M","R","?","E","M","R","BOSS","M","M","?","M","$","R","M","E","T","M","E","R","M","?","R","BOSS","M","?","?","?","?","R","E","$","T","M","R","?","M","E","R","BOSS"],"items_purchased_type":["Relic","Potion","Relic","Potion","Relic","Relic","Potion"],"build_version":"2020-12-22","purchased_purges":1,"victory":true,"max_hp_per_floor":[75,75,75,75,75,75,75,75,75,75,75,75,75,75,75,75,75,75,75,75,75,75,75,75,75,75,79,81,81,83,83,83,90,90,92,92,96,96,96,96,98,98,98,100,100,116,118,120,120,120],"relic_stats":{"Blood Vial":8,"Singing Bowl":26,"counters":[25,104],"Mummified Hand":[49],"Shuriken":[5],"Bird Faced Urn":[239],"Bronze Scales":[186],"Prayer Wheel":12,"Tiny Chest":1,"Medical Kit":[3],"obtain_stats":[{"Singing Bowl":26,"SacredBark":34,"Vajra":38,"Mango":46,"Omamori":42,"EVO:Axolotl":0,"Bottled Tornado":28,"Empty Cage":17,"Medical Kit":22,"Nuclear Battery":0,"Blood Vial":41,"Bottled Flame":48,"Mummified Hand":42,"Shuriken":43,"Bird Faced Urn":9,"Bronze Scales":13,"Orrery":5,"Prayer Wheel":6,"Tiny Chest":25,"Bag of Marbles":8,"Cracked Core":0},{"Singing Bowl":13,"SacredBark":17,"Vajra":19,"Mango":22,"Omamori":20,"EVO:Axolotl":0,"Bottled Tornado":15,"Empty Cage":8,"Medical Kit":11,"Nuclear Battery":0,"Blood Vial":20,"Bottled Flame":24,"Mummified Hand":20,"Shuriken":20,"Bird Faced Urn":4,"Bronze Scales":6,"Orrery":2,"Prayer Wheel":3,"Tiny Chest":13,"Bag of Marbles":4,"Cracked Core":0},{"Singing Bowl":57,"SacredBark":73,"Vajra":79,"Mango":89,"Omamori":82,"EVO:Axolotl":0,"Bottled Tornado":63,"Empty Cage":38,"Medical Kit":49,"Nuclear Battery":0,"Blood Vial":82,"Bottled Flame":98,"Mummified Hand":82,"Shuriken":82,"Bird Faced Urn":19,"Bronze Scales":27,"Orrery":6,"Prayer Wheel":12,"Tiny Chest":57,"Bag of Marbles":19,"Cracked Core":0}]},"card_choices":[{"not_picked":["Heatsinks","Gash"],"picked":"Coolheaded","floor":1},{"not_picked":["Conserve Battery","Streamline"],"picked":"Barrage","floor":3},{"not_picked":["Gash","Meteor Strike"],"picked":"Hello World","floor":5},{"not_picked":["FTL","Compile Driver"],"picked":"Ball Lightning","floor":5},{"not_picked":["Streamline","Sweeping Beam"],"picked":"Fission","floor":5},{"not_picked":["Redo","Turbo"],"picked":"Cold Snap","floor":5},{"not_picked":["Stack","Sweeping Beam"],"picked":"Conserve Battery","floor":6},{"not_picked":["Beam Cell","Darkness"],"picked":"Capacitor","floor":8},{"not_picked":["Stack","Rip and Tear"],"picked":"Blizzard","floor":10},{"not_picked":["Seek","Gash","Coolheaded"],"picked":"SKIP","floor":10},{"not_picked":["Auto Shields","Ball Lightning","Aggregate"],"picked":"SKIP","floor":13},{"not_picked":["Steam","Compile Driver","Steam Power"],"picked":"SKIP","floor":14},{"not_picked":["Reprogram","Steam Power","Rebound"],"picked":"SKIP","floor":14},{"not_picked":["Machine Learning","Fission"],"picked":"Biased Cognition","floor":16},{"not_picked":["FTL","Steam","Rebound+1"],"picked":"SKIP","floor":18},{"not_picked":["Double Energy","Compile Driver","Steam"],"picked":"SKIP","floor":18},{"not_picked":["Recycle+1","Darkness"],"picked":"White Noise+1","floor":19},{"not_picked":["Ball Lightning","Conserve Battery","Coolheaded+1"],"picked":"SKIP","floor":19},{"not_picked":["Reprogram+1","Force Field"],"picked":"Storm","floor":21},{"not_picked":["Turbo","Chaos","Compile Driver+1"],"picked":"SKIP","floor":21},{"not_picked":["Gash+1","Coolheaded"],"picked":"Seek","floor":24},{"not_picked":["Redo","Doom and Gloom+1"],"picked":"Capacitor","floor":24},{"not_picked":["Barrage","Aggregate","Conserve Battery+1"],"picked":"SKIP","floor":25},{"not_picked":["Meteor Strike","Go for the Eyes","Hologram"],"picked":"Singing Bowl","floor":27},{"not_picked":["Cold Snap","Scrape+1","Double Energy+1"],"picked":"Singing Bowl","floor":27},{"not_picked":["Force Field","Coolheaded","Streamline"],"picked":"Singing Bowl","floor":28},{"not_picked":["Aggregate+1","Stack+1","Conserve Battery+1"],"picked":"Singing Bowl","floor":30},{"not_picked":["Go for the Eyes","Darkness"],"picked":"White Noise","floor":30},{"not_picked":["Reboot","Amplify","Meteor Strike"],"picked":"Singing Bowl","floor":33},{"not_picked":["Conserve Battery","Redo+1"],"picked":"Consume","floor":35},{"not_picked":["Doom and Gloom+1","Compile Driver","Cold Snap"],"picked":"Singing Bowl","floor":35},{"not_picked":["Gash+1","Doom and Gloom","Ball Lightning"],"picked":"Singing Bowl","floor":37},{"not_picked":["Streamline+1","Beam Cell","Rebound"],"picked":"Singing Bowl","floor":37},{"not_picked":["Blizzard","Gash+1","Redo"],"picked":"Singing Bowl","floor":41},{"not_picked":["Skim","All For One"],"picked":"White Noise","floor":44},{"not_picked":["Glacier","Leap+1","Fusion+1"],"picked":"Singing Bowl","floor":44},{"not_picked":["Sweeping Beam+1","Go for the Eyes+1","Double Energy+1"],"picked":"Singing Bowl","floor":46},{"not_picked":["Gash","Capacitor+1"],"picked":"White Noise","floor":47},{"not_picked":["BootSequence+1","Sweeping Beam","Meteor Strike"],"picked":"Singing Bowl","floor":47},{"not_picked":["Compile Driver","Reinforced Body+1","Skim+1"],"picked":"Singing Bowl","floor":48}],"player_experience":159743,"relics_obtained":[{"floor":6,"key":"Prayer Wheel"},{"floor":8,"key":"Bag of Marbles"},{"floor":9,"key":"Bird Faced Urn"},{"floor":13,"key":"Bronze Scales"},{"floor":25,"key":"Tiny Chest"},{"floor":26,"key":"Singing Bowl"},{"floor":28,"key":"Bottled Tornado"},{"floor":38,"key":"Vajra"},{"floor":41,"key":"Blood Vial"},{"floor":43,"key":"Shuriken"},{"floor":46,"key":"Mango"},{"floor":48,"key":"Bottled Flame"}],"event_choices":[{"damage_healed":0,"gold_gain":0,"cards_transformed":["Compile Driver"],"player_choice":"Change","damage_taken":0,"max_hp_gain":0,"max_hp_loss":0,"event_name":"Living Wall","floor":2,"gold_loss":0,"cards_obtained":["Chill"]},{"cards_removed":["Defend_B"],"damage_healed":0,"gold_gain":0,"player_choice":"Card Removal","damage_taken":0,"max_hp_gain":0,"max_hp_loss":0,"event_name":"The Cleric","floor":4,"gold_loss":50},{"damage_healed":0,"gold_gain":99,"player_choice":"Stole From Cult","damage_taken":0,"max_hp_gain":0,"max_hp_loss":0,"event_name":"Nest","floor":20,"gold_loss":0},{"damage_healed":0,"gold_gain":0,"cards_transformed":["Strike_B"],"player_choice":"Transformed","damage_taken":0,"max_hp_gain":0,"max_hp_loss":0,"event_name":"Transmorgrifier","floor":31,"gold_loss":0,"cards_obtained":["Electrodynamics"]},{"damage_healed":0,"gold_gain":0,"player_choice":"Copied","damage_taken":0,"max_hp_gain":0,"max_hp_loss":0,"event_name":"Duplicator","floor":36,"gold_loss":0,"cards_obtained":["White Noise"]},{"cards_removed":["Blizzard"],"damage_healed":0,"gold_gain":0,"player_choice":"Removed Attack","damage_taken":0,"max_hp_gain":0,"max_hp_loss":0,"event_name":"Falling","floor":39,"gold_loss":0},{"damage_healed":0,"gold_gain":0,"player_choice":"Fight","damage_taken":0,"max_hp_gain":0,"max_hp_loss":0,"event_name":"Mysterious Sphere","floor":46,"gold_loss":0}],"is_beta":false,"boss_relics":[{"not_picked":["Calling Bell","Ectoplasm"],"picked":"Empty Cage"},{"not_picked":["Pandora\u0027s Box","Tiny House"],"picked":"SacredBark"}],"items_purged_floors":[22],"is_endless":false,"potions_floor_spawned":[1,3,8,13,18,21,33,35,37,44,46,47],"ascension_level":2}}