{"host":"98zq812qbocdqs0d","time":1610392908,"event":{"mods":["BaseMod","GifTheSpireLib","Minty Spire (QoL Compilation)","Replay The Spire","StSLib","The Cursed","The Hierophant"],"gold_per_floor":[367,442,453,28,28,28,48,48,71,85,95,158,210,226,226,331,331,346,346,261,46,60,85,85,104,104,104,32,78,108,108,108,210,210,221,23,23,23,43,68,68,99,99,15,46,46,0,0,0,0],"floor_reached":51,"playtime":5645,"items_purged":["Defend_B","Defend_R","Shrug It Off"],"score":1186,"play_id":"cffee1af-0ac0-4976-9235-f12d4a9a5a06","local_time":"20210111202148","is_ascension_mode":true,"campfire_choices":[{"data":"Bash","floor":6,"key":"SMITH"},{"floor":8,"key":"REST"},{"floor":15,"key":"REST"},{"floor":24,"key":"REST"},{"floor":27,"key":"REST"},{"data":"Apotheosis","floor":32,"key":"SMITH"},{"floor":41,"key":"REST"},{"data":"Bludgeon","floor":46,"key":"SMITH"},{"data":"Neutralize","floor":49,"key":"SMITH"}],"circlet_count":0,"master_deck":["AscendersBane","Strike_R","Strike_R","Strike_R","Strike_R","Strike_R+1","Defend_R","Defend_R","Defend_R","Bash+1","Neutralize+1","Headbutt+1","Clothesline+1","Thunderclap","Uppercut","Bludgeon+1","Feed","Shrug It Off+1","Apotheosis+1","Perfected Strike+1","Bludgeon+1","Seeing Red+1","Hemokinesis+1","Anger+1","Demonic Infusion","Dual Wield","Perfected Strike+1","Carnage+1","Thunderclap+1","Cleave+1","Battle Trance"],"relics":["Burning Blood","Membership Card","TungstenRod","Regal Pillow","Orichalcum","Toy Ornithopter","Replay:Rubber Ducky","Honey Jar","Enchiridion","Omamori","ReplayTheSpireMod:Spearhead","Molten Egg 2","Replay:Ringing Soul","PreservedInsect","Juzu Bracelet","Replay:Mystery Machine","SlaversCollar","White Beast Statue","DollysMirror","HornCleat","Ice Cream","Whetstone","ReplayTheSpireMod:CursedCoin","Ornamental Fan","Replay:Baseball","Red Mask"],"acts_visited":["Exordium","TheCity","TheBeyond"],"potions_floor_usage":[11,12,12,13,14,14,16,39,40,45,50,50,50],"damage_taken":[{"damage":1,"enemies":"2 Louse","floor":1,"turns":3},{"damage":12,"enemies":"Small Slimes","floor":3,"turns":3},{"damage":0,"enemies":"Jaw Worm","floor":7,"turns":3},{"damage":9,"enemies":"Gremlin Gang","floor":10,"turns":7},{"damage":12,"enemies":"Large Slime","floor":11,"turns":6},{"damage":25,"enemies":"3 Sentries","floor":12,"turns":8},{"damage":0,"enemies":"Looter","floor":14,"turns":4},{"damage":41,"enemies":"Hexaghost","floor":16,"turns":11},{"damage":1,"enemies":"Chosen","floor":18,"turns":4},{"damage":12,"enemies":"2 Thieves","floor":22,"turns":4},{"damage":36,"enemies":"Book of Stabbing","floor":23,"turns":5},{"damage":20,"enemies":"3 Cultists","floor":25,"turns":5},{"damage":8,"enemies":"Slavers","floor":30,"turns":4},{"damage":58,"enemies":"Champ","floor":33,"turns":10},{"damage":8,"enemies":"3 Shapes","floor":35,"turns":3},{"damage":39,"enemies":"3 Darklings","floor":39,"turns":5},{"damage":20,"enemies":"Giant Head","floor":40,"turns":6},{"damage":16,"enemies":"R_Hoarder","floor":42,"turns":5},{"damage":4,"enemies":"Reptomancer","floor":45,"turns":2},{"damage":84,"enemies":"Donu and Deca","floor":50,"turns":7}],"seed_played":"4128073723726090905","potions_obtained":[{"floor":1,"key":"Languid Potion"},{"floor":7,"key":"GamblersBrew"},{"floor":11,"key":"Reflective Coating"},{"floor":13,"key":"EntropicBrew"},{"floor":25,"key":"LiquidBronze"},{"floor":39,"key":"SkillPotion"},{"floor":40,"key":"SteroidPotion"},{"floor":42,"key":"AttackPotion"},{"floor":45,"key":"Adrenaline Potion"}],"is_trial":false,"path_per_floor":["M","?","M","$","?","R","M","R","T","M","M","?","?","M","R","B",null,"M","?","?","$","M","E","R","M","T","R","$","T","E","?","R","B",null,"M","$","?","?","M","E","R","E","T","$","E","R","?","?","R","B",null],"character_chosen":"IRONCLAD","items_purchased":["Membership Card","TungstenRod","Regal Pillow","Apotheosis","ReplayTheSpireMod:Spearhead","PreservedInsect","White Beast Statue","DollysMirror","ReplayTheSpireMod:CursedCoin","Ornamental Fan","Adrenaline Potion","Adrenaline Potion"],"campfire_rested":5,"item_purchase_floors":[4,4,4,21,21,28,36,36,44,44,44,44],"current_hp_per_floor":[77,66,60,60,60,60,66,80,80,77,71,52,26,42,80,50,73,81,69,69,69,67,41,83,72,72,94,94,94,98,101,101,52,93,94,97,97,97,72,66,112,105,105,105,118,118,118,118,118,48],"gold":0,"neow_bonus":"TWO_FIFTY_GOLD","is_daily":false,"chose_seed":false,"campfire_upgraded":4,"win_rate":0.0,"timestamp":1610392908,"path_taken":["M","?","M","$","?","R","M","R","T","M","M","?","?","?","R","BOSS","M","?","?","$","M","E","R","M","T","R","$","?","E","?","R","BOSS","M","$","?","?","M","E","R","E","T","$","E","R","?","?","R","BOSS"],"items_purchased_type":["Relic","Relic","Relic","Card","Relic","Relic","Relic","Relic","Relic","Relic","Potion","Potion"],"build_version":"2020-12-22","purchased_purges":3,"victory":true,"max_hp_per_floor":[80,80,80,80,80,80,80,80,80,80,80,80,80,80,80,80,80,83,83,83,83,87,91,91,94,94,94,94,94,100,103,103,106,106,109,112,112,106,109,112,112,115,115,115,121,121,121,121,121,121],"card_choices":[{"not_picked":["Feel No Pain","ReplayTheSpireMod:Limb From Limb"],"picked":"Headbutt","floor":1},{"not_picked":["Heavy Blade","Headbutt"],"picked":"Shrug It Off","floor":3},{"not_picked":["Metallicize","Sword Boomerang","Clash"],"picked":"SKIP","floor":7},{"not_picked":["Shrug It Off","Replay:Undeath\u0027s Touch","Defy Death"],"picked":"SKIP","floor":10},{"not_picked":["Shrug It Off","Body Slam"],"picked":"Clothesline","floor":11},{"not_picked":["True Grit","Ghostly Armor"],"picked":"Thunderclap","floor":12},{"not_picked":["Body Slam","Warcry"],"picked":"Uppercut","floor":13},{"not_picked":["Clothesline","Combust"],"picked":"Bludgeon","floor":14},{"not_picked":["Fiend Fire","Replay:Many Hands"],"picked":"Feed","floor":16},{"not_picked":["Warcry","Twin Strike+1","Clothesline"],"picked":"Shrug It Off+1","floor":18},{"not_picked":["Clothesline","Shrug It Off","Clash+1"],"picked":"Perfected Strike+1","floor":22},{"not_picked":["Run Through+1","Clash+1","Heavy Blade+1"],"picked":"Bludgeon+1","floor":23},{"not_picked":["Armaments","Shrug It Off+1","Defy Death+1"],"picked":"Seeing Red+1","floor":25},{"not_picked":["Blood for Blood+1","Exhume","Armaments"],"picked":"Hemokinesis+1","floor":30},{"not_picked":["Barricade","Demon Form","Limit Break"],"picked":"Demonic Infusion","floor":33},{"not_picked":["True Grit+1","Feel No Pain+1","Perfected Strike+1"],"picked":"Dual Wield","floor":35},{"not_picked":["True Grit","Iron Wave+1","Sever Soul+1"],"picked":"Carnage+1","floor":39},{"not_picked":["Anger+1","Clash+1","ReplayTheSpireMod:Strike From Hell+1"],"picked":"Thunderclap+1","floor":40},{"not_picked":["Body Slam+1","Battle Trance+1","Immolate+1"],"picked":"Cleave+1","floor":42},{"not_picked":["Heavy Blade+1","Life Link","Headbutt+1"],"picked":"Battle Trance","floor":45}],"player_experience":899741,"relics_obtained":[{"floor":9,"key":"Orichalcum"},{"floor":12,"key":"Toy Ornithopter"},{"floor":13,"key":"Replay:Rubber Ducky"},{"floor":19,"key":"Enchiridion"},{"floor":23,"key":"Molten Egg 2"},{"floor":26,"key":"Replay:Ringing Soul"},{"floor":29,"key":"Juzu Bracelet"},{"floor":30,"key":"Replay:Mystery Machine"},{"floor":40,"key":"HornCleat"},{"floor":42,"key":"Ice Cream"},{"floor":43,"key":"Whetstone"},{"floor":45,"key":"Replay:Baseball"}],"event_choices":[{"damage_healed":0,"gold_gain":75,"player_choice":"Gather Gold","damage_taken":11,"max_hp_gain":0,"max_hp_loss":0,"event_name":"World of Goop","floor":2,"gold_loss":0},{"damage_healed":0,"gold_gain":0,"player_choice":"Searched \u00272\u0027 times","damage_taken":0,"max_hp_gain":0,"max_hp_loss":0,"event_name":"Dead Adventurer","floor":12,"gold_loss":0},{"damage_healed":0,"gold_gain":0,"player_choice":"Obtained Book","damage_taken":16,"max_hp_gain":0,"max_hp_loss":0,"event_name":"Cursed Tome","floor":19,"gold_loss":0},{"damage_healed":0,"gold_gain":0,"player_choice":"Obtained Relic","damage_taken":0,"relics_obtained":["Omamori"],"max_hp_gain":0,"max_hp_loss":0,"event_name":"Addict","floor":20,"gold_loss":85},{"damage_healed":0,"gold_gain":0,"player_choice":"Read","damage_taken":0,"max_hp_gain":0,"max_hp_loss":0,"event_name":"The Library","floor":31,"gold_loss":0,"cards_obtained":["Anger"]},{"damage_healed":0,"gold_gain":0,"player_choice":"0 cards matched","damage_taken":0,"max_hp_gain":0,"max_hp_loss":0,"event_name":"Match and Keep!","floor":37,"gold_loss":0,"cards_obtained":[]},{"damage_healed":0,"gold_gain":0,"player_choice":"Max HP","damage_taken":0,"max_hp_gain":0,"max_hp_loss":6,"event_name":"Winding Halls","floor":38,"gold_loss":0},{"damage_healed":0,"gold_gain":0,"player_choice":"Paid","damage_taken":0,"relics_obtained":["Red Mask"],"max_hp_gain":0,"max_hp_loss":0,"event_name":"Tomb of Lord Red Mask","floor":47,"gold_loss":46}],"is_beta":false,"boss_relics":[{"not_picked":["Painkiller Herb","Ooze Armor"],"picked":"Honey Jar"},{"not_picked":["Coffee Dripper","ReplayTheSpireMod:DimensionalGlitch"],"picked":"SlaversCollar"}],"items_purged_floors":[4,21,44],"is_endless":false,"potions_floor_spawned":[1,7,11,25,39,40,42,45],"ascension_level":10}}