{"host":"m77rrhbqzv44va4v","time":1610354711,"event":{"mods":["AchievementEnabler","BaseMod","Colored Map","DeckTracker","Keyboard Shortcuts","Minty Spire (QoL Compilation)","StSLib","SuperFastMode","everything is the same but u backflip on backflip"],"gold_per_floor":[110,121,121,139,139,171,184,184,184,197,216,216,366,366,366,438,438,451,167,178,103,128,159,177,177,177,177,177,196,196,196],"floor_reached":30,"playtime":685,"items_purged":["Doubt"],"score":500,"play_id":"58adca3e-2c1c-4e41-94c7-bf720d8f5f31","local_time":"20210111174511","is_ascension_mode":true,"campfire_choices":[{"floor":8,"key":"REST"},{"floor":12,"key":"REST"},{"data":"Bouncing Flask","floor":15,"key":"SMITH"},{"floor":25,"key":"REST"}],"circlet_count":0,"master_deck":["AscendersBane","Strike_G","Strike_G","Strike_G","Defend_G","Defend_G","Defend_G","Defend_G","Defend_G","Survivor","Neutralize","Quick Slash","Backstab","Choke","Calculated Gamble+1","Bouncing Flask+1","Poisoned Stab","Backflip","Predator","Adrenaline","Footwork","Bane","Corpse Explosion"],"relics":["Ring of the Snake","NeowsBlessing","PreservedInsect","Bag of Marbles","Eternal Feather","Sozu","Happy Flower","Boot","Centennial Puzzle","Pen Nib"],"acts_visited":["Exordium","TheCity"],"potions_floor_usage":[6,6,18,23],"damage_taken":[{"damage":0,"enemies":"Cultist","floor":1,"turns":1},{"damage":0,"enemies":"2 Louse","floor":2,"turns":1},{"damage":0,"enemies":"Small Slimes","floor":4,"turns":1},{"damage":15,"enemies":"3 Sentries","floor":6,"turns":9},{"damage":8,"enemies":"Red Slaver","floor":7,"turns":5},{"damage":11,"enemies":"Exordium Wildlife","floor":10,"turns":4},{"damage":23,"enemies":"Large Slime","floor":11,"turns":6},{"damage":33,"enemies":"The Guardian","floor":16,"turns":8},{"damage":12,"enemies":"3 Byrds","floor":18,"turns":4},{"damage":5,"enemies":"Chosen","floor":20,"turns":4},{"damage":14,"enemies":"Slavers","floor":23,"turns":3},{"damage":0,"enemies":"Centurion and Healer","floor":24,"turns":5},{"damage":27,"enemies":"Sentry and Sphere","floor":29,"turns":6},{"damage":21,"enemies":"Snecko","floor":30,"turns":3}],"seed_played":"-8492595215406544252","potions_obtained":[{"floor":1,"key":"Strength Potion"},{"floor":4,"key":"Explosive Potion"},{"floor":6,"key":"PowerPotion"},{"floor":10,"key":"SteroidPotion"}],"is_trial":false,"path_per_floor":["M","M","?","M","?","E","M","R","T","M","M","R","?","?","R","B",null,"M","$","M","?","T","E","M","R","T","?","?","M","M"],"character_chosen":"THE_SILENT","items_purchased":["Footwork","Happy Flower"],"campfire_rested":3,"item_purchase_floors":[19,19],"current_hp_per_floor":[59,59,59,59,59,44,36,55,55,44,21,40,40,40,52,19,54,42,42,37,37,37,23,23,54,54,54,36,9,0,0],"gold":196,"neow_bonus":"THREE_ENEMY_KILL","is_daily":false,"chose_seed":false,"campfire_upgraded":1,"win_rate":0.0,"timestamp":1610354711,"path_taken":["M","M","?","?","?","E","M","R","T","?","M","R","?","?","R","BOSS","M","$","M","?","?","E","M","R","T","?","?","M","M"],"items_purchased_type":["Card","Relic"],"build_version":"2020-12-22","purchased_purges":1,"victory":false,"max_hp_per_floor":[66,66,66,66,66,66,66,66,66,66,66,66,66,66,66,66,66,66,66,66,66,66,66,66,66,66,66,71,71,71,71],"card_choices":[{"not_picked":["Calculated Gamble","Sucker Punch"],"picked":"Quick Slash","floor":1},{"not_picked":["Skewer","Heel Hook"],"picked":"Backstab","floor":2},{"not_picked":["Distraction","Deflect"],"picked":"Calculated Gamble","floor":4},{"not_picked":["Blade Dance","Tactician"],"picked":"Bouncing Flask","floor":6},{"not_picked":["Expertise","Sucker Punch"],"picked":"Poisoned Stab","floor":7},{"not_picked":["Dagger Spray","Skewer"],"picked":"Backflip","floor":10},{"not_picked":["Dagger Spray","Sucker Punch"],"picked":"Predator","floor":11},{"not_picked":["After Image","Phantasmal Killer"],"picked":"Adrenaline","floor":16},{"not_picked":["Bouncing Flask","Acrobatics","Sucker Punch"],"picked":"SKIP","floor":18},{"not_picked":["Dagger Spray","Sucker Punch"],"picked":"Bane","floor":20},{"not_picked":["Quick Slash+1","Dodge and Roll","Deflect"],"picked":"SKIP","floor":23},{"not_picked":["Heel Hook","Dodge and Roll","Choke"],"picked":"SKIP","floor":24},{"not_picked":["Dagger Throw","Prepared"],"picked":"Corpse Explosion","floor":29}],"player_experience":924898,"relics_obtained":[{"floor":6,"key":"PreservedInsect"},{"floor":9,"key":"Bag of Marbles"},{"floor":14,"key":"Eternal Feather"},{"floor":22,"key":"Boot"},{"floor":23,"key":"Centennial Puzzle"},{"floor":26,"key":"Pen Nib"}],"event_choices":[{"damage_healed":0,"gold_gain":0,"cards_transformed":["Strike_G"],"player_choice":"Transformed","damage_taken":0,"max_hp_gain":0,"max_hp_loss":0,"event_name":"Transmorgrifier","floor":3,"gold_loss":0,"cards_obtained":["Choke"]},{"damage_healed":0,"gold_gain":0,"player_choice":"Upgraded","damage_taken":0,"max_hp_gain":0,"max_hp_loss":0,"event_name":"Upgrade Shrine","floor":5,"gold_loss":0,"cards_upgraded":["Calculated Gamble"]},{"damage_healed":0,"gold_gain":150,"player_choice":"AGREE","damage_taken":0,"max_hp_gain":0,"max_hp_loss":0,"event_name":"Liars Game","floor":13,"gold_loss":0,"cards_obtained":["Doubt"]},{"damage_healed":0,"gold_gain":0,"player_choice":"Relic","damage_taken":0,"max_hp_gain":0,"max_hp_loss":0,"event_name":"Wheel of Change","floor":14,"gold_loss":0},{"cards_removed":["Strike_G"],"damage_healed":0,"gold_gain":0,"player_choice":"Gave Gold","damage_taken":0,"max_hp_gain":0,"max_hp_loss":0,"event_name":"Beggar","floor":21,"gold_loss":75},{"damage_healed":0,"gold_gain":0,"player_choice":"Ignored","damage_taken":0,"max_hp_gain":0,"max_hp_loss":0,"event_name":"Vampires","floor":27,"gold_loss":0},{"damage_healed":0,"gold_gain":0,"player_choice":"Shed Blood","damage_taken":23,"max_hp_gain":5,"max_hp_loss":0,"event_name":"Forgotten Altar","floor":28,"gold_loss":0}],"is_beta":false,"boss_relics":[{"not_picked":["Runic Pyramid","WristBlade"],"picked":"Sozu"}],"items_purged_floors":[19],"is_endless":false,"potions_floor_spawned":[1,4,6,10,18,29],"killed_by":"Snecko","ascension_level":20}}