{"host":"m77rrhbqzv44va4v","time":1610398107,"event":{"mods":["AchievementEnabler","BaseMod","Colored Map","DeckTracker","Keyboard Shortcuts","Minty Spire (QoL Compilation)","StSLib","SuperFastMode","everything is the same but u backflip on backflip"],"gold_per_floor":[110,122,172,191,79,110,10,10,10,10,10],"floor_reached":10,"playtime":193,"items_purged":["Regret","Strike_G"],"score":132,"play_id":"99c2c47f-3e1c-46a7-a347-99f8350ecb44","local_time":"20210112054827","is_ascension_mode":true,"campfire_choices":[{"floor":8,"key":"REST"}],"circlet_count":0,"master_deck":["AscendersBane","Strike_G","Strike_G","Strike_G","Strike_G","Defend_G","Defend_G","Defend_G","Defend_G","Defend_G","Survivor","Neutralize","Reflex","Underhanded Strike","Flying Knee","Dagger Throw","Backflip","Tactician","Acrobatics"],"relics":["Ring of the Snake","Prayer Wheel","Letter Opener","Bottled Flame"],"acts_visited":["Exordium"],"potions_floor_usage":[6],"damage_taken":[{"damage":4,"enemies":"Small Slimes","floor":1,"turns":4},{"damage":16,"enemies":"Cultist","floor":2,"turns":5},{"damage":3,"enemies":"2 Louse","floor":4,"turns":2},{"damage":14,"enemies":"3 Sentries","floor":6,"turns":10},{"damage":53,"enemies":"Gremlin Nob","floor":10,"turns":4}],"seed_played":"645824088994303357","potions_obtained":[{"floor":2,"key":"Swift Potion"}],"is_trial":false,"path_per_floor":["M","M","?","M","$","E","$","R","T","E"],"character_chosen":"THE_SILENT","items_purchased":["Tactician"],"campfire_rested":1,"item_purchase_floors":[5],"current_hp_per_floor":[55,39,39,36,36,22,22,41,41,0,0],"gold":10,"neow_bonus":"ONE_RARE_RELIC","is_daily":false,"chose_seed":false,"campfire_upgraded":0,"win_rate":0.0,"timestamp":1610398107,"path_taken":["M","M","?","M","$","E","?","R","T","E"],"items_purchased_type":["Card"],"build_version":"2020-12-22","purchased_purges":2,"victory":false,"max_hp_per_floor":[66,66,66,66,66,66,66,66,66,66,66],"card_choices":[{"not_picked":["Masterful Stab","Outmaneuver"],"picked":"Reflex","floor":1},{"not_picked":["Cloak And Dagger","Sucker Punch"],"picked":"Underhanded Strike","floor":1},{"not_picked":["Cloak And Dagger","Endless Agony"],"picked":"Flying Knee","floor":2},{"not_picked":["Choke","Bane","Flying Knee"],"picked":"SKIP","floor":2},{"not_picked":["Predator","Deadly Poison"],"picked":"Dagger Throw","floor":4},{"not_picked":["Corpse Explosion","Flying Knee"],"picked":"Backflip","floor":4},{"not_picked":["Calculated Gamble","Prepared"],"picked":"Acrobatics","floor":6}],"player_experience":929225,"relics_obtained":[{"floor":6,"key":"Letter Opener"},{"floor":9,"key":"Bottled Flame"}],"event_choices":[{"damage_healed":0,"gold_gain":50,"player_choice":"Pray","damage_taken":0,"max_hp_gain":0,"max_hp_loss":0,"event_name":"Golden Shrine","floor":3,"gold_loss":0}],"is_beta":false,"boss_relics":[],"items_purged_floors":[5,7],"is_endless":false,"potions_floor_spawned":[2],"killed_by":"Gremlin Nob","ascension_level":20}}