{"host":"egwexuw5uvnxf11j","time":1610409271,"event":{"mods":["2.2 Compatiblity","Aspiration","BaseMod","Better Altar","Better Note","Better Sensory Stone","Better Third Choice","Displayed Cursed Tome","Downfall","Hermit","Key Reminder","Koishi","Marisa????????","Minty Spire (QoL Compilation)","Quick Restart","Shade Mod","Spicy Shops","StSLib","The Construct","The Cursed","The Hierophant","The Runesmith","The Senshi","The Servant 0.9.4","Transform Curses"],"gold_per_floor":[119,135,151,151,164,199,217,217,240,240,11,11,11,11,11,108,108,126,151,18,32,45,80,80,105,105,105,117,130,2,18,18,117,117,131,71,71,88,107,125,125,137,137,171,185,220,220,220,220,220,220,220,146,146,146],"floor_reached":54,"playtime":3444,"items_purged":[],"score":918,"play_id":"7ccdfd57-f4b3-4312-a26e-a72a896eebb6","local_time":"20210111185431","is_ascension_mode":true,"campfire_choices":[{"floor":8,"key":"REST"},{"floor":10,"key":"REST"},{"floor":15,"key":"REST"},{"floor":24,"key":"REST"},{"data":"TheCursedMod:ManaBullet","floor":27,"key":"SMITH"},{"floor":32,"key":"REST"},{"floor":41,"key":"REST"},{"floor":47,"key":"REST"},{"floor":49,"key":"RECALL"},{"floor":52,"key":"REST"}],"circlet_count":0,"master_deck":["TheCursedMod:Strike_TheCursed+1","TheCursedMod:Strike_TheCursed+1","TheCursedMod:Defend_TheCursed+1","TheCursedMod:Defend_TheCursed+1","TheCursedMod:Defend_TheCursed+1","TheCursedMod:Defend_TheCursed+1","TheCursedMod:CursedWand+1","TheCursedMod:CleanUpWorkshop+1","TheCursedMod:Dregs","TheCursedMod:Grudge+1","TheCursedMod:CursedBoomerang+1","TheCursedMod:ReleasedKnowledge+1","TheCursedMod:CircleOfFlame+1","TheCursedMod:CursedBlade+1","TheCursedMod:ManaBullet+1","TheCursedMod:Obscuration+1","TheCursedMod:SpitefulStrike+1","TheCursedMod:SpitefulPlan+1","Regret","TheCursedMod:DemonSword+1","CurseOfTheBell","TheCursedMod:SoulCrush+1","TheCursedMod:Hemoplague+1","TheCursedMod:CursedStaff+1","TheCursedMod:ReleasedStrength+1","TheCursedMod:SpitefulStrike+1","TheCursedMod:LuckyCharm+1","TheCursedMod:CursedAmulet+1","TheCursedMod:Evocation+1","TheCursedMod:Hemoplague+1","TheCursedMod:AbyssShockwave+1","TheCursedMod:Neurasthenia+1","TheCursedMod:Wield+1","TheCursedMod:CircleOfCorruption+1","TheCursedMod:CollectTribute+1","TheCursedMod:CursedMace+1","TheCursedMod:Torture+1","TheCursedMod:Grudge+1","TheCursedMod:WearCloak+1","TheCursedMod:CursedShiv+1","TheCursedMod:TroublousMinions+1","TheCursedMod:StunningStrike"],"relics":["TheCursedMod:BlackMagicAdvanced","Matryoshka","Happy Flower","Boot","Membership Card","Centennial Puzzle","Pen Nib","Calling Bell","War Paint","aspiration:FrozenJewel","theSenshi:SpiralHeartMoonRodRelic","Regal Pillow","Akabeko","aspiration:Stabinomicon","Runesmith:AutoHammer","Thread and Needle","Toxic Egg 2","Bag of Marbles","Juzu Bracelet","Runesmith:Locket","Mark of the Bloom"],"acts_visited":["Exordium","TheCity","TheBeyond","TheEnding"],"potions_floor_usage":[6,6,16,23,25,33,38,45,46,50,50],"damage_taken":[{"damage":1,"enemies":"2 Louse","floor":1,"turns":2},{"damage":0,"enemies":"Cultist","floor":2,"turns":3},{"damage":1,"enemies":"Jaw Worm","floor":3,"turns":4},{"damage":11,"enemies":"3 Louse","floor":5,"turns":4},{"damage":52,"enemies":"3 Sentries","floor":6,"turns":13},{"damage":9,"enemies":"Blue Slaver","floor":7,"turns":4},{"damage":26,"enemies":"Hexaghost","floor":16,"turns":9},{"damage":4,"enemies":"3 Byrds","floor":18,"turns":4},{"damage":0,"enemies":"Spheric Guardian","floor":21,"turns":1},{"damage":2,"enemies":"Centurion and Healer","floor":22,"turns":5},{"damage":32,"enemies":"Book of Stabbing","floor":23,"turns":5},{"damage":15,"enemies":"Gremlin Leader","floor":25,"turns":5},{"damage":15,"enemies":"Snake Plant","floor":28,"turns":3},{"damage":4,"enemies":"Snecko","floor":29,"turns":5},{"damage":6,"enemies":"Cultist and Chosen","floor":31,"turns":2},{"damage":25,"enemies":"Champ","floor":33,"turns":8},{"damage":0,"enemies":"Orb Walker","floor":35,"turns":2},{"damage":33,"enemies":"3 Darklings","floor":38,"turns":3},{"damage":18,"enemies":"Jaw Worm Horde","floor":39,"turns":5},{"damage":2,"enemies":"Writhing Mass","floor":40,"turns":4},{"damage":20,"enemies":"Maw","floor":42,"turns":5},{"damage":21,"enemies":"Nemesis","floor":44,"turns":5},{"damage":0,"enemies":"Jaw Worm Horde","floor":45,"turns":1},{"damage":19,"enemies":"Reptomancer","floor":46,"turns":3},{"damage":54,"enemies":"Time Eater","floor":50,"turns":7},{"damage":6,"enemies":"Shield and Spear","floor":54,"turns":1}],"seed_played":"-1990708969395062490","potions_obtained":[{"floor":3,"key":"GamblersBrew"},{"floor":5,"key":"Regen Potion"},{"floor":7,"key":"Fire Potion"},{"floor":21,"key":"ColorlessPotion"},{"floor":23,"key":"champ:CounterPotion"},{"floor":28,"key":"Dexterity Potion"},{"floor":33,"key":"Explosive Potion"},{"floor":39,"key":"SteroidPotion"},{"floor":42,"key":"Strength Potion"},{"floor":45,"key":"LiquidMemories"},{"floor":46,"key":"champ:CounterPotion"}],"is_trial":false,"path_per_floor":["M","M","M","?","M","E","M","R","T","R","$","?","?","$","R","B",null,"M","T","$","M","M","E","R","E","T","R","M","M","$","M","R","B",null,"M","$","?","M","M","M","R","M","T","E","M","E","R","?","R","B",null,"R","$","E"],"character_chosen":"THE_CURSED","items_purchased":["Membership Card","TheCursedMod:SpitefulStrike","TheCursedMod:SpitefulPlan","TheCursedMod:Hemoplague","TheCursedMod:CursedStaff","Toxic Egg 2","Bag of Marbles","TheCursedMod:CircleOfCorruption+1","TheCursedMod:StunningStrike"],"campfire_rested":8,"item_purchase_floors":[11,11,11,20,20,30,36,36,53],"current_hp_per_floor":[74,74,73,73,62,25,16,38,38,60,60,60,35,35,57,31,64,66,66,66,68,70,40,75,62,62,62,49,47,47,45,75,52,69,71,71,71,44,32,32,69,51,51,32,38,21,58,58,58,4,4,4,4,0,0],"gold":146,"neow_bonus":"THREE_CARDS","is_daily":false,"chose_seed":false,"campfire_upgraded":1,"win_rate":0.0,"timestamp":1610409271,"path_taken":["M","M","M","?","M","E","?","R","T","R","$","?","?","?","R","BOSS","M","?","?","?","?","E","R","E","T","R","M","M","$","M","R","BOSS","M","$","?","M","?","M","R","M","T","E","M","E","R","?","R","BOSS","R","$","E"],"items_purchased_type":["Relic","Card","Card","Card","Card","Relic","Relic","Card","Card"],"build_version":"2020-12-22","purchased_purges":0,"victory":false,"max_hp_per_floor":[75,75,75,75,75,75,75,75,75,75,75,75,75,75,75,75,75,75,75,75,75,75,75,75,75,75,75,75,75,75,75,75,75,75,75,75,75,75,75,75,75,75,75,75,75,75,75,75,75,75,75,75,75,75,75],"card_choices":[{"not_picked":["TheCursedMod:BlessingInDisguise","TheCursedMod:EmpowerCircles"],"picked":"TheCursedMod:Grudge","floor":0},{"not_picked":["TheCursedMod:VitalStrike","TheCursedMod:StingEye"],"picked":"TheCursedMod:CursedBoomerang","floor":1},{"not_picked":["TheCursedMod:CursedMace","TheCursedMod:AshesToAshes"],"picked":"TheCursedMod:ReleasedKnowledge","floor":2},{"not_picked":["TheCursedMod:VitalStrike","TheCursedMod:CircleOfCorruption"],"picked":"TheCursedMod:CircleOfFlame","floor":3},{"not_picked":["TheCursedMod:CursedMace","TheCursedMod:FleshFromBone"],"picked":"TheCursedMod:CursedBlade","floor":5},{"not_picked":["TheCursedMod:OutForBlood","TheCursedMod:SoulReap"],"picked":"TheCursedMod:ManaBullet","floor":6},{"not_picked":["TheCursedMod:TacticalStrike","TheCursedMod:CircleOfBlood"],"picked":"TheCursedMod:Obscuration","floor":7},{"not_picked":["TheCursedMod:CollectTribute","TheCursedMod:CursedRelics"],"picked":"TheCursedMod:DemonSword","floor":16},{"not_picked":["TheCursedMod:CursedMace","TheCursedMod:CircleOfBlood"],"picked":"TheCursedMod:SoulCrush","floor":18},{"not_picked":["TheCursedMod:CursedShiv+1","TheCursedMod:RapidMovement"],"picked":"TheCursedMod:ReleasedStrength+1","floor":21},{"not_picked":["TheCursedMod:TacticalStrike+1","TheCursedMod:BloodBarrier"],"picked":"TheCursedMod:SpitefulStrike","floor":22},{"not_picked":["TheCursedMod:HellsGateOpen","TheCursedMod:CursedMace"],"picked":"TheCursedMod:LuckyCharm","floor":23},{"not_picked":["TheCursedMod:BloodBarrier","TheCursedMod:LuckyCharm"],"picked":"TheCursedMod:CursedAmulet+1","floor":25},{"not_picked":["TheCursedMod:RavingStaff","TheCursedMod:CursedStaff"],"picked":"TheCursedMod:Evocation","floor":28},{"not_picked":["TheCursedMod:HellsGateOpen+1","TheCursedMod:SpreadPlague"],"picked":"TheCursedMod:Hemoplague","floor":29},{"not_picked":["TheCursedMod:CursedStaff","TheCursedMod:CursedBlade"],"picked":"TheCursedMod:AbyssShockwave","floor":31},{"not_picked":["TheCursedMod:DemonSword","TheCursedMod:AntiAging+1"],"picked":"TheCursedMod:Neurasthenia+1","floor":33},{"not_picked":["TheCursedMod:ReleasedKnowledge+1","TheCursedMod:Obscuration+1"],"picked":"TheCursedMod:Wield+1","floor":35},{"not_picked":["TheCursedMod:CircleOfCorruption+1","TheCursedMod:Stigma+1"],"picked":"TheCursedMod:CollectTribute","floor":38},{"not_picked":["TheCursedMod:LuckyCharm+1","TheCursedMod:CircleOfFlame+1"],"picked":"TheCursedMod:CursedMace","floor":39},{"not_picked":["TheCursedMod:VitalStrike","TheCursedMod:Stigma+1"],"picked":"TheCursedMod:Torture+1","floor":40},{"not_picked":["TheCursedMod:CursedMace","TheCursedMod:Wield"],"picked":"TheCursedMod:Grudge+1","floor":42},{"not_picked":["TheCursedMod:SpitefulPray+1","TheCursedMod:Neurasthenia+1"],"picked":"TheCursedMod:WearCloak+1","floor":44},{"not_picked":["TheCursedMod:SpreadPlague+1","TheCursedMod:CursedBlade"],"picked":"TheCursedMod:CursedShiv+1","floor":45},{"not_picked":["TheCursedMod:CircleOfWindfury+1","TheCursedMod:CircleOfBlood+1"],"picked":"TheCursedMod:TroublousMinions+1","floor":46}],"player_experience":2200880,"relics_obtained":[{"floor":6,"key":"Matryoshka"},{"floor":9,"key":"Happy Flower"},{"floor":9,"key":"Boot"},{"floor":17,"key":"War Paint"},{"floor":17,"key":"aspiration:FrozenJewel"},{"floor":17,"key":"theSenshi:SpiralHeartMoonRodRelic"},{"floor":19,"key":"Regal Pillow"},{"floor":19,"key":"Akabeko"},{"floor":23,"key":"aspiration:Stabinomicon"},{"floor":25,"key":"Runesmith:AutoHammer"},{"floor":26,"key":"Thread and Needle"},{"floor":44,"key":"Juzu Bracelet"},{"floor":46,"key":"Runesmith:Locket"}],"event_choices":[{"cards_removed":["TheCursedMod:Strike_TheCursed"],"damage_healed":0,"gold_gain":0,"player_choice":"Purged","damage_taken":0,"max_hp_gain":0,"max_hp_loss":0,"event_name":"Purifier","floor":4,"gold_loss":0},{"damage_healed":0,"gold_gain":0,"player_choice":"Box","damage_taken":0,"relics_obtained":["Centennial Puzzle"],"max_hp_gain":0,"max_hp_loss":0,"event_name":"Big Fish","floor":12,"gold_loss":0,"cards_obtained":["Regret"]},{"damage_healed":0,"gold_gain":0,"player_choice":"Relic ","damage_taken":25,"max_hp_gain":0,"max_hp_loss":0,"event_name":"betterThird:BetterScrap","floor":13,"gold_loss":0,"cards_obtained":["Rip and Tear"]},{"cards_removed":["TheCursedMod:Strike_TheCursed"],"damage_healed":0,"gold_gain":0,"player_choice":"Offered Basic","damage_taken":0,"max_hp_gain":0,"max_hp_loss":0,"event_name":"Bonfire Elementals","floor":37,"gold_loss":0},{"damage_healed":0,"gold_gain":0,"player_choice":"Upgrade","damage_taken":0,"relics_obtained":["Mark of the Bloom"],"max_hp_gain":0,"max_hp_loss":0,"event_name":"MindBloom","floor":48,"gold_loss":0,"cards_upgraded":["TheCursedMod:Strike_TheCursed","TheCursedMod:Strike_TheCursed","TheCursedMod:Defend_TheCursed","TheCursedMod:Defend_TheCursed","TheCursedMod:Defend_TheCursed","TheCursedMod:CursedWand","TheCursedMod:CleanUpWorkshop","TheCursedMod:Grudge","TheCursedMod:CursedBoomerang","TheCursedMod:CircleOfFlame","TheCursedMod:CursedBlade","TheCursedMod:Obscuration","TheCursedMod:SpitefulStrike","TheCursedMod:SpitefulPlan","TheCursedMod:DemonSword","TheCursedMod:SoulCrush","TheCursedMod:Hemoplague","TheCursedMod:CursedStaff","TheCursedMod:SpitefulStrike","TheCursedMod:LuckyCharm","TheCursedMod:Evocation","TheCursedMod:Hemoplague","TheCursedMod:AbyssShockwave","TheCursedMod:CollectTribute","TheCursedMod:CursedMace"]}],"is_beta":false,"boss_relics":[{"not_picked":["Astrolabe","Coffee Dripper"],"picked":"Calling Bell"},{"not_picked":["Velvet Choker","aspiration:RunicSpoon"],"picked":"TheCursedMod:BlackMagicAdvanced"}],"items_purged_floors":[],"is_endless":false,"potions_floor_spawned":[3,5,7,21,23,28,33,39,42,45,46],"killed_by":"Shield and Spear","ascension_level":5}}