{"host":"q1ejl7hv5l3527la","time":1610330181,"event":{"mods":["Aspiration","Bard","BaseMod","Better Third Choice","Colored Powertips","Downfall","Energized Spire","Hermit","Highlight Path","Hubris","Infinite Spire","Minty Spire (QoL Compilation)","Replay The Spire","Shop Mod","StSLib","The Bladedancer","The Cursed","The Juggle","The Jungle","The Runesmith"],"gold_per_floor":[111,111,111,127,49,59,76,76,76,76,90,90,123,139,139,241,291,263,263,275,275,275,275,287,302,302,349,349,383,383,115,115,212,212,224,241,43,61,61,61,61,73,99,99,113,113,11,24,24,24],"floor_reached":51,"playtime":4297,"items_purged":["Normality","Writhe"],"score":592,"play_id":"e76d27b6-b9b4-4560-9992-47d4a09bb613","local_time":"20210110195621","is_ascension_mode":false,"campfire_choices":[{"floor":8.0,"key":"REST"},{"data":"Terror","floor":10.0,"key":"SMITH"},{"data":"Backflip","floor":12.0,"key":"SMITH"},{"floor":15.0,"key":"REST"},{"floor":23,"key":"REST"},{"floor":30,"key":"REST"},{"data":"Replay:Fractal Strike","floor":32,"key":"SMITH"},{"floor":40,"key":"REST"},{"data":"hubris:Counter","floor":46,"key":"SMITH"},{"data":"ReplayTheSpireMod:Shiv Toss","floor":49,"key":"SMITH"}],"circlet_count":0,"master_deck":["Defend_G+1","Defend_G+1","Defend_G+1","Defend_G+1","Defend_G+1","Neutralize","Hidden Blade","infinitespire:Fortify","Backflip+1","Terror+1","Flying Knee+1","Masterful Stab","Poisoned Stab","Blade Dance+1","Endless Agony","After Image","Slice","Outmaneuver+1","Blur","Bite","Bite","Bite","Bite","Bite","Replay:Fractal Strike+1","Flechettes","Backstab","Sucker Punch","Flying Knee","Blade Dance+1","Heel Hook","After Image","hubris:Counter+1","Infinite Blades+1","Deadly Poison+1","Sucker Punch","hubris:SlightOfHand+1","Deadly Poison+1","Sadistic Nature","Quick Slash+1","Crippling Poison+1","Deadly Poison+1","Riddle With Holes","TheCursedMod:Dregs","Acrobatics","hubris:SlightOfHand+1","Predator+1","Pot Of Greed","Pot Of Greed","Pot Of Greed","Pot Of Greed","Pot Of Greed","CurseOfTheBell","Poisoned Stab","Finisher","hubris:SlightOfHand","Acrobatics","ReplayTheSpireMod:Shiv Toss+1","Dodge and Roll+1","Dagger Throw"],"relics":["Ring of the Snake","Pear","Peace Pipe","Tiny House","aspiration:RitualStick","Cauldron","energizedSpire:NeverEndingSparkler","ReplayTheSpireMod:Shallot","Kunai","Replay:Bottled Eggs","TwistedFunnel","Replay:Grab Bag","Cursed Key","energizedSpire:StickyHand","Empty Cage","Bottled Tornado","Grinning Jar","Calling Bell","Boot","infinitespire:CheckeredPen","infinitespire:CursedDice"],"acts_visited":["Exordium","TheCity","TheBeyond"],"potions_floor_usage":[18,18,22,24,33,33,33,38],"damage_taken":[{"damage":3.0,"enemies":"Jaw Worm","floor":1.0,"turns":5.0},{"damage":3.0,"enemies":"infinitespire:Voidling","floor":4.0,"turns":5.0},{"damage":0.0,"enemies":"2 Louse","floor":6.0,"turns":3.0},{"damage":0.0,"enemies":"Looter","floor":7.0,"turns":4.0},{"damage":4.0,"enemies":"3 Louse","floor":11.0,"turns":3.0},{"damage":0.0,"enemies":"Lagavulin","floor":13.0,"turns":5.0},{"damage":4.0,"enemies":"Blue Slaver","floor":14.0,"turns":3.0},{"damage":21.0,"enemies":"The Guardian","floor":16.0,"turns":10.0},{"damage":17,"enemies":"2 Thieves","floor":18,"turns":5},{"damage":11,"enemies":"3 Byrds","floor":20,"turns":6},{"damage":18,"enemies":"Snake Plant","floor":24,"turns":4},{"damage":14,"enemies":"Centurion and Healer","floor":25,"turns":5},{"damage":5,"enemies":"Book of Stabbing","floor":29,"turns":5},{"damage":19,"enemies":"Collector","floor":33,"turns":8},{"damage":10,"enemies":"3 Darklings","floor":35,"turns":7},{"damage":19,"enemies":"3 Shapes","floor":36,"turns":4},{"damage":14,"enemies":"Jaw Worm Horde","floor":38,"turns":3},{"damage":9,"enemies":"Spire Growth","floor":42,"turns":4},{"damage":0,"enemies":"Maw","floor":45,"turns":6},{"damage":0,"enemies":"4 Shapes","floor":48,"turns":4},{"damage":30,"enemies":"Replay:Hell Engine","floor":50,"turns":8}],"seed_played":"614675898523584908","potions_obtained":[{"floor":1.0,"key":"LiquidMemories"},{"floor":11.0,"key":"Regen Potion"},{"floor":14.0,"key":"PowerPotion"},{"floor":17,"key":"GamblersBrew"},{"floor":20,"key":"LiquidMemories"},{"floor":22,"key":"EntropicBrew"},{"floor":22,"key":"Venom Potion"},{"floor":25,"key":"SkillPotion"},{"floor":33,"key":"Toxic Potion"},{"floor":38,"key":"FearPotion"},{"floor":48,"key":"Ancient Potion"}],"is_trial":false,"path_per_floor":["M","?","?","M","$","M","M","R","T","R","M","R","E","M","R","B",null,"M","?","M","?","AVR","R","M","M","T","?","?","E","R","$","R","B",null,"M","M","$","M","?","R","T","M","T","AVR","M","R","$","M","R","B",null],"character_chosen":"THE_SILENT","items_purchased":["Terror","Heel Hook","TwistedFunnel","Deflect","Sadistic Nature","Quick Slash+1","Acrobatics"],"campfire_rested":5,"item_purchase_floors":[5,31,31,31,37,37,47],"current_hp_per_floor":[74,56,56,53,53,53,53,76,86,86,82,82,82,78,87,66,92,75,57,46,46,46,64,48,44,44,44,44,49,64,64,64,57,64,58,45,45,37,53,64,64,63,63,63,64,64,64,64,64,42],"gold":24,"neow_bonus":"TEN_PERCENT_HP_BONUS","is_daily":false,"chose_seed":false,"campfire_upgraded":5,"win_rate":0.0,"timestamp":1610330181,"path_taken":["M","?","?","M","$","M","M","R","T","R","?","R","E","M","R","BOSS","M","?","M","?","AVR","R","M","M","T","?","?","E","R","?","R","BOSS","M","M","$","M","?","R","?","M","T","AVR","M","R","?","M","R","BOSS"],"items_purchased_type":["Card","Card","Relic","Card","Card","Card","Card"],"build_version":"2020-12-22","purchased_purges":2,"victory":true,"max_hp_per_floor":[77,77,77,77,77,77,77,77,87,87,87,87,87,87,87,87,92,92,92,92,64,64,64,64,64,64,64,64,64,64,64,64,64,64,64,64,64,64,64,64,64,64,64,64,64,64,64,64,64,64],"card_choices":[{"not_picked":["Deflect","hubris:Counter"],"picked":"Hidden Blade","floor":1.0},{"not_picked":["ReplayTheSpireMod:??????????????????????","ReplayTheSpireMod:Haul"],"picked":"infinitespire:Fortify","floor":2.0},{"not_picked":["Replay:Poison Smokescreen","Deflect"],"picked":"Backflip","floor":4.0},{"not_picked":["Draining Mist","Dash"],"picked":"Flying Knee","floor":6.0},{"not_picked":["Bane","Sucker Punch"],"picked":"Masterful Stab","floor":7.0},{"not_picked":["Hidden Blade","Bane"],"picked":"Poisoned Stab","floor":11.0},{"not_picked":["Dagger Throw","Hidden Blade"],"picked":"Blade Dance","floor":13.0},{"not_picked":["Dagger Spray","Deadly Poison"],"picked":"Endless Agony","floor":14.0},{"not_picked":["Replay:Bag of Tricks","Atom Bomb"],"picked":"After Image","floor":16.0},{"not_picked":["Dagger Throw","PiercingWail"],"picked":"Slice","floor":17},{"not_picked":["Underhanded Strike","Draining Mist"],"picked":"Outmaneuver+1","floor":18},{"not_picked":["Slice","Acrobatics+1"],"picked":"Blur","floor":20},{"not_picked":["Leg Sweep+1","Underhanded Strike"],"picked":"Flechettes","floor":24},{"not_picked":["Eviscerate+1","Choke"],"picked":"Backstab","floor":25},{"not_picked":["Calculated Gamble","Blade Dance"],"picked":"Sucker Punch","floor":27},{"not_picked":["Dagger Throw","Distraction+1"],"picked":"Flying Knee","floor":27},{"not_picked":["hubris:Counter+1","Tools of the Trade"],"picked":"Blade Dance+1","floor":29},{"not_picked":["Burst","Malaise"],"picked":"After Image","floor":33},{"not_picked":["hubris:Counter","Deadly Poison+1"],"picked":"Infinite Blades+1","floor":35},{"not_picked":["Sucker Punch","Deadly Poison+1"],"picked":"hubris:SlightOfHand+1","floor":36},{"not_picked":["Crippling Poison+1","Riddle With Holes"],"picked":"Deadly Poison+1","floor":38},{"not_picked":["Acrobatics","Predator+1"],"picked":"hubris:SlightOfHand+1","floor":42},{"not_picked":["Poisoned Stab","hubris:SlightOfHand"],"picked":"Finisher","floor":45},{"not_picked":["Dodge and Roll+1","Dagger Throw"],"picked":"ReplayTheSpireMod:Shiv Toss","floor":48}],"player_experience":103841,"relics_obtained":[{"floor":9.0,"key":"Pear"},{"floor":13.0,"key":"Peace Pipe"},{"floor":26,"key":"ReplayTheSpireMod:Shallot"},{"floor":27,"key":"Kunai"},{"floor":29,"key":"Replay:Bottled Eggs"},{"floor":41,"key":"Bottled Tornado"},{"floor":43,"key":"Grinning Jar"},{"floor":44,"key":"Boot"},{"floor":44,"key":"infinitespire:CheckeredPen"},{"floor":44,"key":"infinitespire:CursedDice"}],"event_choices":[{"damage_healed":0.0,"max_hp_gain":0.0,"max_hp_loss":0.0,"gold_gain":0.0,"event_name":"NoteForYourself","player_choice":"Ignored","floor":3.0,"gold_loss":0.0,"damage_taken":0.0},{"damage_healed":0,"gold_gain":0,"player_choice":"Became a vampire","damage_taken":0,"max_hp_gain":0,"max_hp_loss":28,"event_name":"Vampires","floor":21,"gold_loss":0,"cards_obtained":["Bite","Bite","Bite","Bite","Bite"]},{"damage_healed":0,"gold_gain":0,"player_choice":"Simplicity","damage_taken":0,"max_hp_gain":0,"max_hp_loss":5,"event_name":"betterThird:BetterWriting","floor":28,"gold_loss":0},{"damage_healed":16,"gold_gain":0,"player_choice":"Writhe","damage_taken":0,"max_hp_gain":0,"max_hp_loss":0,"event_name":"Winding Halls","floor":39,"gold_loss":0,"cards_obtained":["Writhe"]}],"is_beta":false,"boss_relics":[{"not_picked":["Kintsugi","SacredBark"],"picked":"Tiny House"},{"not_picked":["energizedSpire:MagnifyingGlass","aspiration:WatcherSkillbook"],"picked":"Replay:Grab Bag"},{"not_picked":["ReplayTheSpireMod:DimensionalGlitch","Philosopher\u0027s Stone"],"picked":"Cursed Key"},{"not_picked":["energizedSpire:HugeHouse","energizedSpire:HighHeels"],"picked":"energizedSpire:StickyHand"},{"not_picked":["aspiration:RunicSpoon","hubris:BlackHole"],"picked":"Empty Cage"}],"items_purged_floors":[44,47],"is_endless":false,"potions_floor_spawned":[1,11,14,20,25,33,38,48],"ascension_level":0}}