{"host":"aj7el8l5kufbk20z","time":1610336827,"event":{"mods":["AchievementEnabler","BaseMod","Colored Map","Colored Powertips","Curses Come First","Downfall","Highlight Path","Minty Spire (QoL Compilation)","Permanent Neow","Poor People Problems","Quick Restart","Rare Cards Sparkle","Relic Stats","StSLib","SuperFastMode","Waifu the Spire"],"gold_per_floor":[216,227,241,258,228,228,228,228,228,79,94,108,30,30,30,105,105,86,0,12,12,31,31,42,42,66,66,66,85,98,98,98],"floor_reached":31,"playtime":1564,"items_purged":[],"score":401,"play_id":"397de314-c84f-478e-9b5f-4c3dec016709","local_time":"20210111114707","is_ascension_mode":true,"campfire_choices":[{"data":"Armaments","floor":6.0,"key":"SMITH"},{"data":"Entrench","floor":8.0,"key":"SMITH"},{"data":"Inflame","floor":15.0,"key":"SMITH"},{"data":"Barricade","floor":23.0,"key":"SMITH"},{"data":"Flame Barrier","floor":25.0,"key":"SMITH"},{"data":"Flame Barrier","floor":28.0,"key":"SMITH"}],"circlet_count":0,"master_deck":["AscendersBane","Strike_R","Strike_R","Strike_R","Strike_R","Defend_R","Defend_R","Defend_R","Defend_R","Bash","Flame Barrier+1","Flame Barrier+1","Armaments+1","Shrug It Off","Entrench+1","Inflame+1","Barricade+1","True Grit","Spot Weakness+1","Cleave+1"],"relics":["Burning Blood","HornCleat","Membership Card","Bronze Scales","Du-Vu Doll","Velvet Choker","Boot"],"acts_visited":["Exordium","TheCity"],"potions_floor_usage":[],"damage_taken":[{"damage":8.0,"enemies":"Small Slimes","floor":1.0,"turns":5.0},{"damage":6.0,"enemies":"Jaw Worm","floor":2.0,"turns":4.0},{"damage":9.0,"enemies":"Cultist","floor":3.0,"turns":6.0},{"damage":1.0,"enemies":"Blue Slaver","floor":4.0,"turns":7.0},{"damage":0.0,"enemies":"Looter","floor":5.0,"turns":4.0},{"damage":14.0,"enemies":"Exordium Thugs","floor":11.0,"turns":7.0},{"damage":3.0,"enemies":"3 Louse","floor":12.0,"turns":6.0},{"damage":34.0,"enemies":"Slime Boss","floor":16.0,"turns":16.0},{"damage":1.0,"enemies":"2 Thieves","floor":18.0,"turns":4.0},{"damage":0.0,"enemies":"3 Byrds","floor":20.0,"turns":4.0},{"damage":20.0,"enemies":"Centurion and Healer","floor":22.0,"turns":17.0},{"damage":7.0,"enemies":"Snake Plant","floor":24.0,"turns":6.0},{"damage":30.0,"enemies":"3 Cultists","floor":29.0,"turns":7.0},{"damage":11.0,"enemies":"Centurion and Healer","floor":30.0,"turns":6.0},{"damage":34,"enemies":"Cultist and Chosen","floor":31,"turns":6}],"seed_played":"206411307033697200","potions_obtained":[{"floor":1.0,"key":"Swift Potion"},{"floor":11.0,"key":"Strength Potion"},{"floor":18.0,"key":"ColorlessPotion"},{"floor":27.0,"key":"HeartOfIron"},{"floor":30.0,"key":"PowerPotion"}],"is_trial":false,"path_per_floor":["M","M","M","M","M","R","?","R","T","$","M","M","$","T","R","B",null,"M","?","M","$","M","R","M","R","T","?","R","M","M","M"],"character_chosen":"IRONCLAD","items_purchased":["Membership Card","Bronze Scales"],"campfire_rested":0,"item_purchase_floors":[10,13],"current_hp_per_floor":[66,66,63,68,74,74,67,67,67,67,59,62,62,62,62,34,65,70,70,75,75,61,61,60,60,60,60,60,36,31,0,0],"gold":98,"neow_bonus":"HUNDRED_GOLD","is_daily":false,"chose_seed":false,"campfire_upgraded":6,"win_rate":0.0,"timestamp":1610336827,"path_taken":["M","M","M","M","M","R","?","R","T","$","M","M","?","?","R","BOSS","M","?","M","$","M","R","M","R","T","?","R","?","M","M"],"items_purchased_type":["Relic","Relic"],"build_version":"2020-12-22","purchased_purges":0,"victory":false,"max_hp_per_floor":[75,75,75,75,75,75,75,75,75,75,75,75,75,75,75,75,75,75,75,75,75,75,75,75,75,75,75,75,75,75,75,75],"relic_stats":{"counters":[15,105],"Bronze Scales":[223],"Boot":[4],"obtain_stats":[{"Du-Vu Doll":14,"HornCleat":9,"Bronze Scales":13,"Velvet Choker":17,"Membership Card":10,"Boot":26,"Burning Blood":0},{"Du-Vu Doll":7,"HornCleat":5,"Bronze Scales":7,"Velvet Choker":8,"Membership Card":5,"Boot":12,"Burning Blood":0},{"Du-Vu Doll":39,"HornCleat":26,"Bronze Scales":39,"Velvet Choker":55,"Membership Card":26,"Boot":86,"Burning Blood":0}],"Burning Blood":83},"card_choices":[{"not_picked":["Second Wind","Heavy Blade"],"picked":"Flame Barrier","floor":1.0},{"not_picked":["Havoc","Pummel"],"picked":"Flame Barrier","floor":2.0},{"not_picked":["Clash","Headbutt"],"picked":"Armaments","floor":3.0},{"not_picked":["Carnage","Iron Wave"],"picked":"Shrug It Off","floor":4.0},{"not_picked":["Disarm","Second Wind"],"picked":"Entrench","floor":5.0},{"not_picked":["Warcry","Armaments","Thunderclap"],"picked":"SKIP","floor":11.0},{"not_picked":["Clothesline","Seeing Red"],"picked":"Inflame","floor":12.0},{"not_picked":["Demon Form","Feed"],"picked":"Barricade","floor":16.0},{"not_picked":["Iron Wave","Pommel Strike"],"picked":"True Grit","floor":18.0},{"not_picked":["Shrug It Off","Armaments","Anger"],"picked":"SKIP","floor":20.0},{"not_picked":["Fire Breathing","Havoc"],"picked":"Spot Weakness+1","floor":22.0},{"not_picked":["Shrug It Off","Evolve","Wild Strike"],"picked":"SKIP","floor":24.0},{"not_picked":["Infernal Blade","Seeing Red"],"picked":"Cleave+1","floor":29.0},{"not_picked":["Wild Strike","Disarm","Cleave"],"picked":"SKIP","floor":30.0}],"player_experience":352904,"relics_obtained":[{"floor":9.0,"key":"HornCleat"},{"floor":14.0,"key":"Du-Vu Doll"},{"floor":26.0,"key":"Boot"}],"event_choices":[{"cards_removed":["Strike_R"],"damage_healed":0.0,"max_hp_gain":0.0,"max_hp_loss":0.0,"gold_gain":0.0,"event_name":"Golden Wing","player_choice":"Card Removal","floor":7.0,"gold_loss":0.0,"damage_taken":7.0},{"damage_healed":0.0,"max_hp_gain":0.0,"max_hp_loss":0.0,"gold_gain":0.0,"event_name":"Masked Bandits","player_choice":"Paid Fearfully","floor":19.0,"gold_loss":86.0,"damage_taken":0.0},{"damage_healed":0.0,"max_hp_gain":0.0,"max_hp_loss":0.0,"gold_gain":0.0,"event_name":"Lab","player_choice":"Got Potions","floor":27.0,"gold_loss":0.0,"damage_taken":0.0}],"is_beta":false,"boss_relics":[{"not_picked":["Astrolabe","Runic Pyramid"],"picked":"Velvet Choker"}],"items_purged_floors":[],"is_endless":false,"potions_floor_spawned":[1,11,18,30],"killed_by":"Cultist and Chosen","ascension_level":15}}