{"host":"7gewg82ormp6yt4e","time":1610354177,"event":{"mods":["BaseMod","Block Reminder","Colored Map","Colored Powertips","DeckTracker","Highlight Path","Minty Spire (QoL Compilation)","Relic Stats","StSLib","ojb\u0027s Info Mod"],"gold_per_floor":[109,127,144,144,16,43,58,58,58,75,75,100,100,114,114,114,114],"floor_reached":16,"playtime":597,"items_purged":["Regret"],"score":224,"play_id":"ad821738-004d-476e-a605-2ffe76914626","local_time":"20210111173617","is_ascension_mode":true,"campfire_choices":[{"data":"Zap","floor":8,"key":"SMITH"},{"data":"Barrage","floor":11,"key":"SMITH"},{"data":"Darkness","floor":15,"key":"SMITH"}],"circlet_count":0,"master_deck":["AscendersBane","Strike_B","Strike_B","Strike_B","Strike_B","Defend_B","Defend_B","Defend_B","Defend_B","Zap+1","Dualcast","Coolheaded","BootSequence","Compile Driver","Ball Lightning","Capacitor","All For One","Barrage+1","Capacitor","Darkness+1"],"relics":["Cracked Core","NeowsBlessing","Eternal Feather","StrikeDummy","Toy Ornithopter"],"acts_visited":["Exordium"],"potions_floor_usage":[12,16],"damage_taken":[{"damage":0,"enemies":"Cultist","floor":1,"turns":1},{"damage":0,"enemies":"Jaw Worm","floor":2,"turns":1},{"damage":0,"enemies":"2 Louse","floor":3,"turns":1},{"damage":39,"enemies":"Lagavulin","floor":6,"turns":7},{"damage":0,"enemies":"2 Fungi Beasts","floor":7,"turns":2},{"damage":4,"enemies":"Large Slime","floor":10,"turns":5},{"damage":3,"enemies":"3 Sentries","floor":12,"turns":5},{"damage":9,"enemies":"Looter","floor":14,"turns":3},{"damage":44,"enemies":"The Guardian","floor":16,"turns":4}],"seed_played":"1725967158781069710","potions_obtained":[{"floor":7,"key":"GamblersBrew"},{"floor":10,"key":"Energy Potion"},{"floor":12,"key":"FearPotion"},{"floor":13,"key":"BlessingOfTheForge"},{"floor":13,"key":"DuplicationPotion"}],"is_trial":false,"path_per_floor":["M","M","M","?","$","E","M","R","T","M","R","E","?","M","R","B"],"character_chosen":"DEFECT","items_purchased":["Ball Lightning"],"campfire_rested":0,"item_purchase_floors":[5],"current_hp_per_floor":[64,64,64,64,64,25,25,34,34,30,39,36,36,27,39,0,0],"gold":114,"neow_bonus":"THREE_ENEMY_KILL","is_daily":false,"chose_seed":false,"campfire_upgraded":3,"win_rate":0.0,"timestamp":1610354177,"path_taken":["M","M","?","?","?","E","?","R","T","M","R","E","?","M","R","BOSS"],"items_purchased_type":["Card"],"build_version":"2020-12-22","purchased_purges":1,"victory":false,"max_hp_per_floor":[71,71,71,71,71,71,71,71,71,71,71,71,71,71,71,71,71],"relic_stats":{"counters":[9,29],"Eternal Feather":30,"obtain_stats":[{"NeowsBlessing":0,"Eternal Feather":4,"Cracked Core":0,"StrikeDummy":6,"Toy Ornithopter":12},{"NeowsBlessing":0,"Eternal Feather":3,"Cracked Core":0,"StrikeDummy":4,"Toy Ornithopter":7},{"NeowsBlessing":0,"Eternal Feather":3,"Cracked Core":0,"StrikeDummy":10,"Toy Ornithopter":22}],"Toy Ornithopter":5},"card_choices":[{"not_picked":["Go for the Eyes","Streamline"],"picked":"Coolheaded","floor":1},{"not_picked":["Static Discharge","Force Field"],"picked":"BootSequence","floor":2},{"not_picked":["Beam Cell","Stack"],"picked":"Compile Driver","floor":3},{"not_picked":["Ball Lightning","Compile Driver"],"picked":"Capacitor","floor":6},{"not_picked":["Ball Lightning","Steam"],"picked":"All For One","floor":7},{"not_picked":["Chaos","Turbo"],"picked":"Barrage","floor":10},{"not_picked":["Self Repair","Amplify"],"picked":"Capacitor","floor":12},{"not_picked":["Leap","Aggregate"],"picked":"Darkness","floor":14}],"player_experience":2536242,"relics_obtained":[{"floor":6,"key":"StrikeDummy"},{"floor":12,"key":"Toy Ornithopter"}],"event_choices":[{"damage_healed":0,"gold_gain":0,"player_choice":"Box","damage_taken":0,"relics_obtained":["Eternal Feather"],"max_hp_gain":0,"max_hp_loss":0,"event_name":"Big Fish","floor":4,"gold_loss":0,"cards_obtained":["Regret"]},{"damage_healed":0,"gold_gain":0,"player_choice":"Got Potions","damage_taken":0,"max_hp_gain":0,"max_hp_loss":0,"event_name":"Lab","floor":13,"gold_loss":0}],"is_beta":false,"boss_relics":[],"items_purged_floors":[5],"is_endless":false,"potions_floor_spawned":[7,10,12,14],"killed_by":"The Guardian","ascension_level":20}}