{"host":"udsj4lb8h4i3mw66","time":1610389166,"event":{"mods":["BaseMod","KomeijiMod","Library of Ruina","Library of Ruina Extra","Marisa（F雨　魔理沙）","Minty Spire (QoL Compilation)","RumiaBox-露米娅的神秘盒子","StSLib","TestMod","The Servant 0.9.4","Waifu the Spire","Yakumo Yukari mod","【功能Mod】混沌之环修复补丁","【遗物Mod】死灵法师NEW","【遗物卡牌】REMEMod"],"gold_per_floor":[114,114,124,55,69,69,99,99,124,124,135,168,168,181,181,279,279,289,302,302,145,179,179,206,206,280,297,297,297],"floor_reached":28,"playtime":880,"items_purged":[],"score":364,"play_id":"c69d0a9d-4897-4425-96b5-aa6f6eaa2631","local_time":"20210112021926","is_ascension_mode":true,"campfire_choices":[{"floor":8.0,"key":"REST"},{"floor":15.0,"key":"REST"},{"floor":23.0,"key":"RECALL"},{"data":"UnforgettableMelody","floor":25.0,"key":"SMITH"}],"circlet_count":0,"master_deck":["Dodge","LightDefense","LightAttack","LightAttack","LightDefense","LightDefense","LightDefense","ChargeAndCover","FocusedStrikes","UnforgettableMelody+1","Unlock1","LightAttack","BindingChains","TraceOfFumes","GuidanceOfTheGears","Multislash","UpbeatPerformance","SmokingPipe","InnerArdor","InhaleSmoke","EmotionalTurbulence","FleetFootsteps+1","FrontalAssault","Bvapour+1"],"relics":["PageOfLibrarian","testmod-TestBox","REME_ComplimentaryCards","testmod-FatalChain","Omamori","PageOfSnowWhitesApple","REME_DuelDisc","Anchor","Red Mask","PageOfMercenary","PageOfScarecrow"],"acts_visited":["Exordium","TheCity"],"potions_floor_usage":[],"damage_taken":[{"damage":0.0,"enemies":"2 Louse","floor":1.0,"turns":2.0},{"damage":0.0,"enemies":"Cultist","floor":3.0,"turns":2.0},{"damage":7.0,"enemies":"Jaw Worm","floor":5.0,"turns":2.0},{"damage":20.0,"enemies":"3 Sentries","floor":7.0,"turns":5.0},{"damage":0.0,"enemies":"Looter","floor":11.0,"turns":2.0},{"damage":10.0,"enemies":"Gremlin Nob","floor":12.0,"turns":4.0},{"damage":0.0,"enemies":"Exordium Thugs","floor":14.0,"turns":2.0},{"damage":7.0,"enemies":"The Guardian","floor":16.0,"turns":4.0},{"damage":19.0,"enemies":"2 Thieves","floor":18.0,"turns":3.0},{"damage":0.0,"enemies":"Chosen","floor":19.0,"turns":3.0},{"damage":0.0,"enemies":"Masked Bandits","floor":22.0,"turns":2.0},{"damage":0.0,"enemies":"Slavers","floor":24.0,"turns":2.0},{"damage":13.0,"enemies":"Sentry and Sphere","floor":27.0,"turns":4.0},{"damage":0,"enemies":"Centurion and Healer","floor":28,"turns":1}],"seed_played":"3173134571045253460","potions_obtained":[{"floor":1.0,"key":"SpeedPotion"},{"floor":3.0,"key":"CalmPotion"},{"floor":7.0,"key":"PowerPotion"},{"floor":14.0,"key":"BlessingOfTheForge"}],"is_trial":false,"path_per_floor":["M","?","M","$","M","?","E","R","T","?","M","E","$","M","R","B",null,"M","M","?","$","?","R","E","R","T","M","M"],"character_chosen":"Librarian","items_purchased":["TraceOfFumes","Anchor"],"campfire_rested":2,"item_purchase_floors":[4,21],"current_hp_per_floor":[42,42,42,42,35,40,20,46,46,46,46,36,36,36,62,55,81,62,62,62,62,62,62,62,62,62,51,51,51],"gold":297,"neow_bonus":"THREE_RARE_CARDS","is_daily":false,"chose_seed":false,"campfire_upgraded":1,"win_rate":0.0,"timestamp":1610389166,"path_taken":["M","?","M","$","?","?","E","R","T","?","?","E","$","M","R","BOSS","M","M","?","$","?","R","E","R","T","M","M"],"items_purchased_type":["Card","Relic"],"build_version":"2020-12-22","purchased_purges":0,"victory":false,"max_hp_per_floor":[84,84,84,84,84,89,89,89,89,89,89,89,89,89,89,89,89,89,89,89,89,89,89,89,89,89,89,89,89],"card_choices":[{"not_picked":["Eradication","Observe"],"picked":"UnforgettableMelody","floor":0.0},{"not_picked":["MultiBlock","Diversion","AbsorbImpact","Riposte","CircusKnives","BiteOff","GoinFirst","ExtractFuel"],"picked":"Unlock1","floor":1.0},{"not_picked":["SteelKnuckles","Faith","GuidanceOfTheGears","Struggle","EnergyShield","AssaultOrder","BackAttack","QuickAttack"],"picked":"BindingChains","floor":3.0},{"not_picked":["SmokingPipe","HandlingWork","AbsorbImpact","Unlock1","EnergyShield","Rampage_lor","Diversion","Multislash"],"picked":"GuidanceOfTheGears","floor":5.0},{"not_picked":["SuppressingShot","QuickAttack","InnerArdor","Feast","IronWall","FlashingStrike","AsThePrescriptOrders","HandlingWork"],"picked":"Multislash","floor":7.0},{"not_picked":["QuickAttack","Wallop_lor","NightInTheBackstreets","Standoff","DefenseOrder","ForcefulGesture","Pound","UpbeatPerformance"],"picked":"SmokingPipe","floor":11.0},{"not_picked":["Leap_lor","GoinFirst","GuardingStance","SpearedSweep","Struggle","Reload","Diversion","UnforgettableMelody"],"picked":"InnerArdor","floor":12.0},{"not_picked":["ShockRound","HighSpeedStabbing","DarkCloud","AutomatedMovement","DimensionalRift","Standoff","FrontalAssault","SuppressingShot"],"picked":"InhaleSmoke","floor":14.0},{"not_picked":["DaringDecision","UnforgettableMelody"],"picked":"EmotionalTurbulence","floor":16.0},{"not_picked":["MultiBlock","Gigigig","EnergyCycle+1","PuppetBlockade+1","HandlingWork+1","BindingChains","PreparedMind","QuickAttack","InnerArdor"],"picked":"SKIP","floor":18.0},{"not_picked":["Quickness","YoureTooSlow+1","HighKick","EnergyConversion","TrimTheIngredients+1","Overpower","Reload","RushDown"],"picked":"FleetFootsteps+1","floor":19.0},{"not_picked":["HandleRequest","Thrust+1","HandlingWork","Gamble","Standoff","QuickAttack","EndlessBattle","RepressedFlesh"],"picked":"FrontalAssault","floor":24.0},{"not_picked":["SuppressingShot+1","WillOfThePrescript","Outburst","Wallop_lor+1","Standoff","Collision","FleetEdge","DeepDrag"],"picked":"Bvapour+1","floor":27.0}],"player_experience":435410,"relics_obtained":[{"floor":7.0,"key":"Omamori"},{"floor":12.0,"key":"PageOfSnowWhitesApple"},{"floor":22.0,"key":"Red Mask"},{"floor":24.0,"key":"PageOfMercenary"},{"floor":26.0,"key":"PageOfScarecrow"}],"event_choices":[{"damage_healed":0.0,"max_hp_gain":5.0,"max_hp_loss":0.0,"gold_gain":0.0,"event_name":"Big Fish","player_choice":"Donut","floor":6.0,"gold_loss":0.0,"damage_taken":0.0},{"damage_healed":0.0,"max_hp_gain":0.0,"max_hp_loss":0.0,"gold_gain":0.0,"cards_transformed":["LightAttack"],"event_name":"Transmorgrifier","player_choice":"Transformed","floor":10.0,"gold_loss":0.0,"damage_taken":0.0,"cards_obtained":["UpbeatPerformance"]},{"damage_healed":0.0,"max_hp_gain":0.0,"max_hp_loss":0.0,"gold_gain":0.0,"event_name":"给自己的盒子","player_choice":"Ignored","floor":20.0,"gold_loss":0.0,"damage_taken":0.0},{"damage_healed":0.0,"max_hp_gain":0.0,"max_hp_loss":0.0,"gold_gain":0.0,"event_name":"Masked Bandits","player_choice":"Fought Bandits","floor":22.0,"gold_loss":0.0,"damage_taken":0.0}],"is_beta":false,"boss_relics":[{"not_picked":["Snecko Eye","Velvet Choker"],"picked":"REME_DuelDisc"}],"items_purged_floors":[],"is_endless":false,"potions_floor_spawned":[1,3,7,14,16,18,24],"killed_by":"Centurion and Healer","ascension_level":5}}