{"host":"c3lc60y5x60jlt1y","time":1610365391,"event":{"mods":["AchievementEnabler","BaseMod","Bestiary","Colored Map","Minty Spire (QoL Compilation)","Quick Restart","StSLib","ojb\u0027s Info Mod"],"gold_per_floor":[10,10,85,102,114,149,149,177,228,228,198,223,223,233,233,334,334,351,366,366,281,292,327,327,327,327,365,54,89,89,112,112,218,245,264,327,327,345,445,483,483,483],"floor_reached":41,"playtime":72456,"items_purged":[],"score":592,"play_id":"c6bda535-73de-4119-9218-b48470c55144","local_time":"20210111134311","is_ascension_mode":true,"campfire_choices":[{"floor":7,"key":"REST"},{"data":"Defragment","floor":10,"key":"SMITH"},{"floor":13,"key":"REST"},{"data":"White Noise","floor":15,"key":"SMITH"},{"floor":30,"key":"REST"},{"floor":32,"key":"REST"}],"circlet_count":0,"master_deck":["Defend_B","Zap","Dualcast","Defragment+1","Machine Learning","Static Discharge+1","Fusion","White Noise+1","Machine Learning","Streamline","Steam","Amplify","Beam Cell+1","Reboot","Heatsinks","Lockon+1","Defragment","Storm","Conserve Battery","White Noise","Electrodynamics","Heatsinks+1","Compile Driver+1","Fusion+1","Cold Snap","Madness","Madness","Hologram+1"],"relics":["Cracked Core","Mummified Hand","Akabeko","Orichalcum","StrikeDummy","Philosopher\u0027s Stone","Bag of Preparation","CeramicFish","Nunchaku","Eternal Feather","Gremlin Horn","Boot","Astrolabe","Dead Branch","HornCleat"],"acts_visited":["Exordium","TheCity","TheBeyond"],"potions_floor_usage":[6,6,16,23,27,29,33,36,40],"damage_taken":[{"damage":7,"enemies":"Jaw Worm","floor":1,"turns":3},{"damage":10,"enemies":"Small Slimes","floor":4,"turns":4},{"damage":8,"enemies":"2 Louse","floor":5,"turns":3},{"damage":21,"enemies":"Gremlin Nob","floor":6,"turns":4},{"damage":10,"enemies":"Lagavulin","floor":8,"turns":6},{"damage":18,"enemies":"3 Sentries","floor":12,"turns":6},{"damage":10,"enemies":"Gremlin Gang","floor":14,"turns":3},{"damage":12,"enemies":"Hexaghost","floor":16,"turns":6},{"damage":10,"enemies":"Shell Parasite","floor":18,"turns":2},{"damage":8,"enemies":"Chosen","floor":19,"turns":4},{"damage":13,"enemies":"Snecko","floor":22,"turns":3},{"damage":26,"enemies":"Slavers","floor":23,"turns":2},{"damage":21,"enemies":"Gremlin Leader","floor":27,"turns":5},{"damage":30,"enemies":"Book of Stabbing","floor":29,"turns":3},{"damage":12,"enemies":"Snake Plant","floor":31,"turns":2},{"damage":12,"enemies":"Automaton","floor":33,"turns":4},{"damage":5,"enemies":"3 Darklings","floor":35,"turns":2},{"damage":10,"enemies":"2 Orb Walkers","floor":36,"turns":2},{"damage":37,"enemies":"Nemesis","floor":40,"turns":3},{"damage":15,"enemies":"3 Shapes","floor":41,"turns":1}],"seed_played":"-8967353193636946434","potions_obtained":[{"floor":4,"key":"Weak Potion"},{"floor":5,"key":"EssenceOfSteel"},{"floor":6,"key":"Dexterity Potion"},{"floor":8,"key":"Dexterity Potion"},{"floor":11,"key":"SteroidPotion"},{"floor":11,"key":"GamblersBrew"},{"floor":12,"key":"SkillPotion"},{"floor":22,"key":"Fire Potion"},{"floor":27,"key":"Regen Potion"},{"floor":31,"key":"DistilledChaos"},{"floor":33,"key":"Block Potion"},{"floor":36,"key":"PotionOfCapacity"}],"is_trial":false,"path_per_floor":["M","?","?","M","M","E","R","E","T","R","?","E","R","M","R","B",null,"M","M","?","?","M","E","?","?","T","E","$","E","R","M","R","B",null,"M","?","?","?","?","E","M"],"character_chosen":"DEFECT","items_purchased":["Storm","Gremlin Horn"],"campfire_rested":4,"item_purchase_floors":[28,28],"current_hp_per_floor":[68,68,57,47,39,18,40,30,30,30,30,12,34,24,24,12,75,65,57,57,57,44,18,43,43,43,22,22,1,35,23,57,45,75,70,60,60,51,51,14,0,0],"gold":483,"neow_bonus":"TRANSFORM_TWO_CARDS","is_daily":false,"chose_seed":false,"campfire_upgraded":2,"win_rate":0.0,"timestamp":1610365391,"path_taken":["M","?","?","M","M","E","R","E","T","R","?","E","R","?","R","BOSS","M","?","?","?","M","E","?","?","T","E","?","E","R","?","R","BOSS","M","?","?","?","?","E","M"],"items_purchased_type":["Card","Relic"],"build_version":"2020-12-22","purchased_purges":0,"victory":false,"max_hp_per_floor":[75,75,75,75,75,75,75,75,75,75,75,75,75,75,75,75,75,75,75,75,75,75,75,75,75,75,75,75,75,75,75,75,75,75,75,75,75,75,75,75,75,75],"card_choices":[{"not_picked":["Go for the Eyes","Defragment"],"picked":"Static Discharge","floor":1},{"not_picked":["Stack","Barrage"],"picked":"Fusion","floor":4},{"not_picked":["Reinforced Body","Rebound"],"picked":"White Noise","floor":5},{"not_picked":["Chaos","Beam Cell"],"picked":"Machine Learning","floor":6},{"not_picked":["BootSequence","Darkness"],"picked":"Streamline","floor":8},{"not_picked":["Chaos","Compile Driver"],"picked":"Steam","floor":12},{"not_picked":["Stack","Reprogram","Streamline"],"picked":"SKIP","floor":14},{"not_picked":["Hyperbeam","All For One"],"picked":"Amplify","floor":16},{"not_picked":["Sweeping Beam","Skim"],"picked":"Beam Cell+1","floor":18},{"not_picked":["Beam Cell","Steam+1","Compile Driver"],"picked":"SKIP","floor":19},{"not_picked":["Recycle","Conserve Battery"],"picked":"Heatsinks","floor":22},{"not_picked":["Fusion","Hyperbeam"],"picked":"Lockon+1","floor":23},{"not_picked":["Hello World","FTL"],"picked":"Defragment","floor":27},{"not_picked":["Sweeping Beam","Barrage+1"],"picked":"Conserve Battery","floor":29},{"not_picked":["Rebound","Go for the Eyes"],"picked":"White Noise","floor":31},{"not_picked":["Meteor Strike","Amplify"],"picked":"Electrodynamics","floor":33},{"not_picked":["Steam","Stack","Sweeping Beam+1"],"picked":"SKIP","floor":35},{"not_picked":["Compile Driver","Barrage+1"],"picked":"Cold Snap","floor":36},{"not_picked":["Fusion+1","Consume"],"picked":"Hologram+1","floor":40}],"player_experience":7782960,"relics_obtained":[{"floor":6,"key":"Mummified Hand"},{"floor":8,"key":"Akabeko"},{"floor":9,"key":"Orichalcum"},{"floor":12,"key":"StrikeDummy"},{"floor":23,"key":"CeramicFish"},{"floor":26,"key":"Nunchaku"},{"floor":27,"key":"Eternal Feather"},{"floor":29,"key":"Boot"},{"floor":36,"key":"Dead Branch"},{"floor":40,"key":"HornCleat"}],"event_choices":[{"damage_healed":0,"gold_gain":0,"player_choice":"Grow","damage_taken":0,"max_hp_gain":0,"max_hp_loss":0,"event_name":"Living Wall","floor":2,"gold_loss":0,"cards_upgraded":["Static Discharge"]},{"damage_healed":0,"gold_gain":75,"player_choice":"Gather Gold","damage_taken":11,"max_hp_gain":0,"max_hp_loss":0,"event_name":"World of Goop","floor":3,"gold_loss":0},{"damage_healed":0,"gold_gain":0,"player_choice":"Bought 2 Potions","damage_taken":0,"max_hp_gain":0,"max_hp_loss":0,"event_name":"The Woman in Blue","floor":11,"gold_loss":0},{"damage_healed":0,"gold_gain":0,"cards_transformed":["Defend_B","Defend_B"],"player_choice":"Became Test Subject","damage_taken":0,"max_hp_gain":0,"max_hp_loss":0,"event_name":"Drug Dealer","floor":20,"gold_loss":0,"cards_obtained":["Reboot","Compile Driver"]},{"damage_healed":0,"gold_gain":0,"player_choice":"Obtained Relic","damage_taken":0,"relics_obtained":["Bag of Preparation"],"max_hp_gain":0,"max_hp_loss":0,"event_name":"Addict","floor":21,"gold_loss":85},{"damage_healed":25,"gold_gain":0,"player_choice":"Heal","damage_taken":0,"max_hp_gain":0,"max_hp_loss":0,"event_name":"The Library","floor":24,"gold_loss":0},{"damage_healed":0,"gold_gain":0,"player_choice":"Ignored","damage_taken":0,"max_hp_gain":0,"max_hp_loss":0,"event_name":"The Mausoleum","floor":25,"gold_loss":0},{"damage_healed":0,"gold_gain":0,"player_choice":"Fight","damage_taken":0,"max_hp_gain":0,"max_hp_loss":0,"event_name":"Mysterious Sphere","floor":36,"gold_loss":0},{"cards_removed":["Compile Driver"],"damage_healed":0,"gold_gain":0,"player_choice":"Removed Attack","damage_taken":0,"max_hp_gain":0,"max_hp_loss":0,"event_name":"Falling","floor":37,"gold_loss":0},{"damage_healed":0,"gold_gain":0,"player_choice":"Embrace Madness","damage_taken":9,"max_hp_gain":0,"max_hp_loss":0,"event_name":"Winding Halls","floor":38,"gold_loss":0,"cards_obtained":["Madness","Madness"]},{"damage_healed":0,"gold_gain":100,"player_choice":"Pray","damage_taken":0,"max_hp_gain":0,"max_hp_loss":0,"event_name":"Golden Shrine","floor":39,"gold_loss":0}],"is_beta":false,"boss_relics":[{"not_picked":["Snecko Eye","Runic Pyramid"],"picked":"Philosopher\u0027s Stone"},{"not_picked":["FrozenCore","Busted Crown"],"picked":"Astrolabe"}],"items_purged_floors":[],"is_endless":false,"potions_floor_spawned":[4,5,6,8,12,22,27,31,33,36],"killed_by":"3 Shapes","ascension_level":3}}