{"host":"5yoj846f700ld8qy","time":1610402579,"event":{"mods":["AchievementEnabler","BaseMod","Better Altar","Better Match","Better Note","Better Sensory Stone","Better Skull","Better Third Choice","Colored Map","Colored Powertips","Minty Spire (QoL Compilation)","StSLib"],"gold_per_floor":[110,185,110,110,34,34,54,54,77,96,126,126,35,46,46,124,124,141,81,81],"floor_reached":19,"playtime":525,"items_purged":["Parasite"],"score":289,"play_id":"960fef1b-8ea3-4fe5-9a58-d8c30ff5bea4","local_time":"20210112000259","is_ascension_mode":true,"campfire_choices":[{"floor":6,"key":"DIG"},{"floor":12,"key":"REST"},{"floor":15,"key":"DIG"}],"circlet_count":0,"master_deck":["AscendersBane","Strike_R","Strike_R","Strike_R","Strike_R","Defend_R","Defend_R","Defend_R","Defend_R","Bash","Rupture","Hemokinesis","Combust","Clothesline","Carnage","Sword Boomerang","Demon Form","CurseOfTheBell","True Grit+1"],"relics":["Burning Blood","Shovel","Bag of Marbles","Happy Flower","Vajra","Blood Vial","Tiny Chest","Calling Bell","Smiling Mask","Question Card","Ice Cream"],"acts_visited":["Exordium","TheCity"],"potions_floor_usage":[16,16],"damage_taken":[{"damage":20,"enemies":"Small Slimes","floor":1,"turns":4},{"damage":9,"enemies":"Jaw Worm","floor":7,"turns":2},{"damage":3,"enemies":"Cultist","floor":10,"turns":3},{"damage":37,"enemies":"3 Sentries","floor":11,"turns":6},{"damage":8,"enemies":"3 Louse","floor":14,"turns":3},{"damage":21,"enemies":"The Guardian","floor":16,"turns":6},{"damage":49,"enemies":"3 Byrds","floor":18,"turns":5},{"damage":27,"enemies":"2 Thieves","floor":19,"turns":3}],"seed_played":"7628176464301457789","potions_obtained":[{"floor":11,"key":"SneckoOil"},{"floor":14,"key":"FearPotion"}],"is_trial":false,"path_per_floor":["M","?","$","?","$","R","M","?","T","M","E","R","$","M","R","B",null,"M","M"],"character_chosen":"IRONCLAD","items_purchased":["Hemokinesis","Carnage","PowerPotion"],"campfire_rested":1,"item_purchase_floors":[5,13,13],"current_hp_per_floor":[54,43,43,43,43,43,40,40,40,43,12,33,33,33,33,20,59,18,0,0],"gold":81,"neow_bonus":"ONE_RARE_RELIC","is_daily":false,"chose_seed":false,"campfire_upgraded":0,"win_rate":0.0,"timestamp":1610402579,"path_taken":["M","?","$","?","$","R","?","?","T","M","E","R","$","?","R","BOSS","M","?"],"items_purchased_type":["Card","Card","Potion"],"build_version":"2020-12-22","purchased_purges":1,"victory":false,"max_hp_per_floor":[75,75,72,72,72,72,72,72,72,72,72,72,72,72,72,72,72,72,72,72],"card_choices":[{"not_picked":["Havoc","Intimidate"],"picked":"Rupture","floor":1},{"not_picked":["Twin Strike","True Grit"],"picked":"Combust","floor":7},{"not_picked":["Twin Strike","Clash","Evolve"],"picked":"SKIP","floor":10},{"not_picked":["Evolve","True Grit"],"picked":"Clothesline","floor":11},{"not_picked":["Anger","Flex"],"picked":"Sword Boomerang","floor":14},{"not_picked":["Immolate","Impervious"],"picked":"Demon Form","floor":16},{"not_picked":["Intimidate","Armaments","Pommel Strike"],"picked":"True Grit+1","floor":18}],"player_experience":391562,"relics_obtained":[{"floor":6,"key":"Bag of Marbles"},{"floor":9,"key":"Vajra"},{"floor":11,"key":"Blood Vial"},{"floor":15,"key":"Tiny Chest"},{"floor":17,"key":"Smiling Mask"},{"floor":17,"key":"Question Card"},{"floor":17,"key":"Ice Cream"}],"event_choices":[{"damage_healed":0,"gold_gain":75,"player_choice":"Gold","damage_taken":11,"max_hp_gain":0,"max_hp_loss":0,"event_name":"betterThird:BetterGoop","floor":2,"gold_loss":0},{"damage_healed":0,"gold_gain":0,"cards_transformed":["Strike_R"],"player_choice":"Transformed","damage_taken":0,"max_hp_gain":0,"max_hp_loss":0,"event_name":"Transmorgrifier","floor":4,"gold_loss":0,"cards_obtained":["Feel No Pain"]},{"cards_removed":["Feel No Pain"],"damage_healed":0,"gold_gain":0,"player_choice":"Gave Card","damage_taken":0,"relics_obtained":["Happy Flower"],"max_hp_gain":0,"max_hp_loss":0,"event_name":"WeMeetAgain","floor":8,"gold_loss":0}],"is_beta":false,"boss_relics":[{"not_picked":["Astrolabe","SlaversCollar"],"picked":"Calling Bell"}],"items_purged_floors":[3],"is_endless":false,"potions_floor_spawned":[11,14],"killed_by":"2 Thieves","ascension_level":15}}