{"host":"yecadp3kwkksam5a","time":1610386960,"event":{"mods":["BaseMod","Minty Spire (QoL Compilation)","StSLib","The Cursed","The Jungle","The Poker Player","WarShipGirlsR/??á´Ò³R mod"],"gold_per_floor":[114,39,57,71,88,120,120,138,138,138,148,160,160,189,189,285,285,298,39,51,51,68,93,109,109,109,126,141,16,16,43,43,140,140,157,157,168,179,29,55,75,94,117,117,150,150,150,166,166,166,166,166,76,110,110],"floor_reached":56,"playtime":2741,"items_purged":["PokerPlayerMod:Club5","PokerPlayerMod:RiskyBet","PokerPlayerMod:ClubsClub","PokerPlayerMod:SpadeStrike"],"score":1563,"play_id":"8bd6268c-46b8-4735-abff-5245238aeee6","local_time":"20210112024240","daily_mods":["Draft"],"is_ascension_mode":false,"metric_token":478,"campfire_choices":[{"data":"PokerPlayerMod:CardPrinter","floor":7.0,"key":"SMITH"},{"data":"PokerPlayerMod:ClubShade","floor":15,"key":"SMITH"},{"data":"PokerPlayerMod:ClubShade","floor":25,"key":"SMITH"},{"floor":32,"key":"RECALL"},{"data":"PokerPlayerMod:GamblerForm","floor":46,"key":"SMITH"},{"data":"PokerPlayerMod:Configure","floor":49,"key":"SMITH"},{"floor":52,"key":"REST"}],"circlet_count":0,"master_deck":["PokerPlayerMod:Club4","PokerPlayerMod:Diamond4","PokerPlayerMod:Heart4","PokerPlayerMod:CardPrinter+1","PokerPlayerMod:CardBurn+1","PokerPlayerMod:ClubShade+1","PokerPlayerMod:Club4","PokerPlayerMod:ClubShade+1","PokerPlayerMod:Configure+1","PokerPlayerMod:Club10+","PokerPlayerMod:Spade4","PokerPlayerMod:Diamond4","PokerPlayerMod:CardBurn+1","PokerPlayerMod:GamblerForm+1","PokerPlayerMod:Spade10+","PokerPlayerMod:Configure+1","PokerPlayerMod:ItsShowtime+1","PokerPlayerMod:Club4","PokerPlayerMod:ClubDance+1","PokerPlayerMod:Club4","Finesse+1"],"relics":["PokerPlayerMod:DeckCase","Happy Flower","PokerPlayerMod:BrokenClock","HornCleat","Toxic Egg 2","Velvet Choker","Question Card","PreservedInsect","SacredBark","Blue Candle","PokerPlayerMod:FairLicense","Whetstone","Mango"],"acts_visited":["Exordium","TheCity","TheBeyond","TheEnding"],"potions_floor_usage":[34,38],"damage_taken":[{"damage":0.0,"enemies":"Cultist","floor":1.0,"turns":2.0},{"damage":11.0,"enemies":"Jaw Worm","floor":3.0,"turns":2.0},{"damage":0.0,"enemies":"Small Slimes","floor":4.0,"turns":1.0},{"damage":17.0,"enemies":"Exordium Wildlife","floor":5.0,"turns":3.0},{"damage":0.0,"enemies":"3 Sentries","floor":6.0,"turns":2.0},{"damage":12.0,"enemies":"Blue Slaver","floor":8.0,"turns":2.0},{"damage":0.0,"enemies":"3 Louse","floor":11.0,"turns":2.0},{"damage":3,"enemies":"Looter","floor":12,"turns":3},{"damage":0,"enemies":"Gremlin Nob","floor":14,"turns":4},{"damage":0,"enemies":"The Guardian","floor":16,"turns":5},{"damage":1,"enemies":"3 Byrds","floor":18,"turns":2},{"damage":0,"enemies":"Spheric Guardian","floor":20,"turns":3},{"damage":0,"enemies":"Chosen and Byrds","floor":22,"turns":3},{"damage":12,"enemies":"Book of Stabbing","floor":23,"turns":4},{"damage":0,"enemies":"Snake Plant","floor":24,"turns":3},{"damage":0,"enemies":"Cultist and Chosen","floor":27,"turns":3},{"damage":0,"enemies":"Snecko","floor":28,"turns":3},{"damage":2,"enemies":"Gremlin Leader","floor":31,"turns":4},{"damage":0,"enemies":"Automaton","floor":33,"turns":5},{"damage":0,"enemies":"3 Darklings","floor":35,"turns":1},{"damage":0,"enemies":"3 Shapes","floor":37,"turns":2},{"damage":0,"enemies":"3 Darklings","floor":38,"turns":4},{"damage":0,"enemies":"Nemesis","floor":40,"turns":3},{"damage":0,"enemies":"4 Shapes","floor":41,"turns":1},{"damage":0,"enemies":"Sphere and 2 Shapes","floor":42,"turns":3},{"damage":16,"enemies":"Reptomancer","floor":45,"turns":3},{"damage":0,"enemies":"Spire Growth","floor":48,"turns":3},{"damage":0,"enemies":"Awakened One","floor":50,"turns":7},{"damage":7,"enemies":"Shield and Spear","floor":54,"turns":3},{"damage":35,"enemies":"The Heart","floor":55,"turns":9}],"seed_played":"-3901761572491537593","potions_obtained":[{"floor":3.0,"key":"SpeedPotion"},{"floor":5.0,"key":"SteroidPotion"},{"floor":6.0,"key":"AttackPotion"},{"floor":18,"key":"GamblersBrew"},{"floor":22,"key":"Fruit Juice"},{"floor":38,"key":"Fruit Juice"},{"floor":42,"key":"LiquidMemories"}],"is_trial":true,"path_per_floor":["M","$","M","M","M","E","R","M","T","?","M","M","T","E","R","B",null,"M","$","M","?","M","E","M","R","T","M","M","$","?","E","R","B",null,"M","?","M","M","$","E","M","M","T","?","E","R","$","M","R","B",null,"R","$","E","B",null],"character_chosen":"THE_POKER_PLAYER","items_purchased":["PokerPlayerMod:Spade10+","Finesse+1"],"campfire_rested":1,"item_purchase_floors":[19,53],"current_hp_per_floor":[52,52,41,49,44,52,52,48,48,48,48,49,49,52,52,52,52,51,51,51,51,52,45,52,52,52,52,52,52,44,50,50,57,67,67,67,67,77,77,77,77,77,77,67,61,61,61,77,77,77,77,77,77,91,59],"gold":110,"neow_bonus":"","is_daily":false,"chose_seed":false,"campfire_upgraded":5,"win_rate":0.0,"timestamp":1610386960,"path_taken":["M","$","M","M","M","E","R","M","T","?","?","M","?","E","R","BOSS","M","$","M","?","M","E","?","R","T","?","M","$","?","E","R","BOSS","M","?","M","M","$","E","M","M","T","?","E","R","$","M","R","BOSS","R","$","E","BOSS"],"items_purchased_type":["Undefined","Card"],"build_version":"2020-12-22","purchased_purges":4,"victory":true,"max_hp_per_floor":[52,52,52,52,52,52,52,52,52,52,52,52,52,52,52,52,52,52,52,52,52,52,52,52,52,52,52,52,52,57,57,57,57,67,67,67,67,77,77,77,77,77,77,77,77,77,77,77,77,77,77,77,77,91,91],"card_choices":[{"not_picked":["PokerPlayerMod:Trickery","PokerPlayerMod:Diamond3"],"picked":"PokerPlayerMod:Club4","floor":0.0},{"not_picked":["PokerPlayerMod:Spade2","PokerPlayerMod:Spade1"],"picked":"PokerPlayerMod:ClubsClub","floor":0.0},{"not_picked":["PokerPlayerMod:Diamond3","PokerPlayerMod:Spade1"],"picked":"PokerPlayerMod:Diamond4","floor":0.0},{"not_picked":["PokerPlayerMod:Diamond3","PokerPlayerMod:Heart7"],"picked":"PokerPlayerMod:Heart4","floor":0.0},{"not_picked":["PokerPlayerMod:Heart3","PokerPlayerMod:Club3"],"picked":"PokerPlayerMod:CardPrinter","floor":0.0},{"not_picked":["PokerPlayerMod:Sharpen","PokerPlayerMod:Trickery"],"picked":"PokerPlayerMod:CardBurn","floor":0.0},{"not_picked":["PokerPlayerMod:ClubStrike","PokerPlayerMod:Trickery"],"picked":"PokerPlayerMod:ClubShade","floor":0.0},{"not_picked":["PokerPlayerMod:Configure","PokerPlayerMod:Fold"],"picked":"PokerPlayerMod:Club4","floor":0.0},{"not_picked":["PokerPlayerMod:Heart1","PokerPlayerMod:Spade1"],"picked":"PokerPlayerMod:RiskyBet","floor":0.0},{"not_picked":["PokerPlayerMod:ClubsClub","PokerPlayerMod:Extraction"],"picked":"PokerPlayerMod:Club5","floor":0.0},{"not_picked":["PokerPlayerMod:DartThrow","PokerPlayerMod:DiamondStrike"],"picked":"PokerPlayerMod:ClubShade","floor":0.0},{"not_picked":["PokerPlayerMod:DartThrow","PokerPlayerMod:JackOfSpades"],"picked":"PokerPlayerMod:Configure","floor":0.0},{"not_picked":["PokerPlayerMod:Club3","PokerPlayerMod:ClubShade"],"picked":"PokerPlayerMod:Club10+","floor":0.0},{"not_picked":["PokerPlayerMod:ClubDance","PokerPlayerMod:Spade1"],"picked":"PokerPlayerMod:Spade4","floor":0.0},{"not_picked":["PokerPlayerMod:SpadeStrike","PokerPlayerMod:Fold"],"picked":"PokerPlayerMod:Diamond4","floor":0.0},{"not_picked":["PokerPlayerMod:Configure","PokerPlayerMod:Heart8","PokerPlayerMod:Sharpen"],"picked":"SKIP","floor":1.0},{"not_picked":["PokerPlayerMod:Diamond1","PokerPlayerMod:Club3","PokerPlayerMod:Diamond6"],"picked":"SKIP","floor":3.0},{"not_picked":["PokerPlayerMod:Heart2","PokerPlayerMod:Club2","PokerPlayerMod:Configure"],"picked":"SKIP","floor":4.0},{"not_picked":["PokerPlayerMod:Diamond2","PokerPlayerMod:HotShotCut","PokerPlayerMod:Configure"],"picked":"SKIP","floor":5.0},{"not_picked":["PokerPlayerMod:Spade4","PokerPlayerMod:DamnStraight"],"picked":"PokerPlayerMod:SpadeStrike","floor":6.0},{"not_picked":["PokerPlayerMod:DiamondStrike","PokerPlayerMod:Raise","PokerPlayerMod:SpadeStrike"],"picked":"SKIP","floor":8.0},{"not_picked":["PokerPlayerMod:Diamond5","PokerPlayerMod:Diamond2","PokerPlayerMod:Diamond4"],"picked":"SKIP","floor":11},{"not_picked":["PokerPlayerMod:Fold","PokerPlayerMod:Diamond6","PokerPlayerMod:HeartStrike"],"picked":"SKIP","floor":12},{"not_picked":["PokerPlayerMod:Diamond7","PokerPlayerMod:RiskyBet+1"],"picked":"PokerPlayerMod:CardBurn+1","floor":14},{"not_picked":["PokerPlayerMod:FakeSymbols","PokerPlayerMod:WildCard+1"],"picked":"PokerPlayerMod:GamblerForm","floor":16},{"not_picked":["PokerPlayerMod:Harden","PokerPlayerMod:Manipulation+1","PokerPlayerMod:Extraction+1"],"picked":"SKIP","floor":18},{"not_picked":["PokerPlayerMod:Diamond1","PokerPlayerMod:Heart1","PokerPlayerMod:ClubsClub"],"picked":"SKIP","floor":20},{"not_picked":["PokerPlayerMod:Fold+1","PokerPlayerMod:Diamond2","PokerPlayerMod:Heart1"],"picked":"SKIP","floor":22},{"not_picked":["PokerPlayerMod:Sharpen+1","PokerPlayerMod:Diamond3"],"picked":"PokerPlayerMod:Configure+1","floor":23},{"not_picked":["PokerPlayerMod:Club5","PokerPlayerMod:ClubsClub+1","PokerPlayerMod:Club2","PokerPlayerMod:Spade4"],"picked":"SKIP","floor":24},{"not_picked":["PokerPlayerMod:Harden","PokerPlayerMod:Sharpen","PokerPlayerMod:Promotion+1","PokerPlayerMod:Extraction+1"],"picked":"SKIP","floor":27},{"not_picked":["PokerPlayerMod:DamnStraight","PokerPlayerMod:SecondChance","PokerPlayerMod:ClubsClub","PokerPlayerMod:Spade5"],"picked":"SKIP","floor":28},{"not_picked":["PokerPlayerMod:VarietyAttack","PokerPlayerMod:Club8","PokerPlayerMod:Manipulation+1","PokerPlayerMod:Heart1"],"picked":"SKIP","floor":31},{"not_picked":["PokerPlayerMod:Club9","PokerPlayerMod:FakeSymbols","PokerPlayerMod:GamblerForm"],"picked":"PokerPlayerMod:ItsShowtime+1","floor":33},{"not_picked":["PokerPlayerMod:Diamond1","PokerPlayerMod:Spade1","PokerPlayerMod:ClubsClub","PokerPlayerMod:CloakAndDiamond+1"],"picked":"SKIP","floor":35},{"not_picked":["PokerPlayerMod:Spade6","PokerPlayerMod:Spade3","PokerPlayerMod:SpadeStrike","PokerPlayerMod:Spade1"],"picked":"SKIP","floor":37},{"not_picked":["PokerPlayerMod:DartThrow+1","PokerPlayerMod:Diamond5","PokerPlayerMod:Fold+1"],"picked":"PokerPlayerMod:Club4","floor":38},{"not_picked":["PokerPlayerMod:Spade2","PokerPlayerMod:Raise+1","PokerPlayerMod:Club3","PokerPlayerMod:Spade1"],"picked":"SKIP","floor":40},{"not_picked":["PokerPlayerMod:DamnStraight","PokerPlayerMod:Spade1","PokerPlayerMod:DiamondStrike"],"picked":"PokerPlayerMod:ClubDance+1","floor":41},{"not_picked":["PokerPlayerMod:Manipulation+1","PokerPlayerMod:Spade5","PokerPlayerMod:Diamond1","PokerPlayerMod:Heart1"],"picked":"SKIP","floor":42},{"not_picked":["PokerPlayerMod:MagicTrick+1","PokerPlayerMod:DartThrow+1","PokerPlayerMod:Overdeal+1"],"picked":"PokerPlayerMod:Club4","floor":45},{"not_picked":["PokerPlayerMod:Heart5","PokerPlayerMod:Heart9","PokerPlayerMod:Spade2","PokerPlayerMod:HotShotCut"],"picked":"SKIP","floor":48},{"not_picked":["PokerPlayerMod:Sharpen","PokerPlayerMod:Spade4","PokerPlayerMod:Diamond5","PokerPlayerMod:DiamondStrike+1"],"picked":"SKIP","floor":54}],"player_experience":505526,"relics_obtained":[{"floor":6.0,"key":"Happy Flower"},{"floor":9.0,"key":"PokerPlayerMod:BrokenClock"},{"floor":13,"key":"HornCleat"},{"floor":14,"key":"Toxic Egg 2"},{"floor":23,"key":"Question Card"},{"floor":31,"key":"PreservedInsect"},{"floor":40,"key":"Blue Candle"},{"floor":43,"key":"PokerPlayerMod:FairLicense"},{"floor":45,"key":"Whetstone"},{"floor":54,"key":"Mango"}],"event_choices":[{"damage_healed":0.0,"max_hp_gain":0.0,"max_hp_loss":0.0,"gold_gain":0.0,"event_name":"Accursed Blacksmith","player_choice":"Forge","floor":10.0,"gold_loss":0.0,"damage_taken":0.0,"cards_upgraded":["PokerPlayerMod:CardBurn"]},{"damage_healed":0,"gold_gain":0,"player_choice":"Ignored","damage_taken":0,"max_hp_gain":0,"max_hp_loss":0,"event_name":"NoteForYourself","floor":21,"gold_loss":0},{"damage_healed":0,"gold_gain":0,"player_choice":"Shed Blood","damage_taken":13,"max_hp_gain":5,"max_hp_loss":0,"event_name":"Forgotten Altar","floor":30,"gold_loss":0},{"damage_healed":0,"gold_gain":0,"player_choice":"Memory 3","damage_taken":10,"max_hp_gain":0,"max_hp_loss":0,"event_name":"SensoryStone","floor":44,"gold_loss":0}],"is_beta":false,"boss_relics":[{"not_picked":["Philosopher\u0027s Stone","Tiny House"],"picked":"Velvet Choker"},{"not_picked":["Cursed Key","Coffee Dripper"],"picked":"SacredBark"}],"items_purged_floors":[2,19,29,39],"is_endless":false,"potions_floor_spawned":[3,5,6,14,16,18,20,22,27,38,42,48],"ascension_level":0}}