{"host":"jnjxzd6rarbui4j8","time":1610408093,"event":{"mods":["AchievementEnabler","BaseMod","Colored Map","Highlight Path","Minty Spire (QoL Compilation)","Relic Stats","StSLib"],"gold_per_floor":[116,136,155,170,10,10,41,116,141,141,160,186,186,204,204,276,276,286,286,306,306,316,316,349,349,349,32,32,45,45,71,71,149,149,169,169,81,99,99,127,127,157,157,157,174,174,174,192,192,192,192,192,192,27,62,62],"floor_reached":57,"playtime":9687,"items_purged":["Strike_G"],"score":2866,"play_id":"1aa7567b-31c8-4fb7-8ad0-11839aabad69","local_time":"20210111183453","is_ascension_mode":true,"campfire_choices":[{"data":"Predator","floor":6.0,"key":"SMITH"},{"data":"Wraith Form v2","floor":10.0,"key":"SMITH"},{"data":"Survivor","floor":13.0,"key":"SMITH"},{"data":"Dagger Spray","floor":15.0,"key":"SMITH"},{"data":"Burst","floor":23.0,"key":"SMITH"},{"data":"Ghostly","floor":28.0,"key":"SMITH"},{"data":"Ghostly","floor":30.0,"key":"SMITH"},{"data":"Terror","floor":32.0,"key":"SMITH"},{"data":"Catalyst","floor":41.0,"key":"SMITH"},{"data":"Bouncing Flask","floor":44.0,"key":"SMITH"},{"floor":46.0,"key":"RECALL"},{"floor":49.0,"key":"REST"},{"floor":53.0,"key":"REST"}],"circlet_count":0,"master_deck":["AscendersBane","Strike_G","Strike_G","Defend_G","Defend_G","Defend_G","Defend_G","Defend_G","Survivor+1","Neutralize+1","Bullet Time","Predator+1","Skewer+1","Dagger Spray+1","Wraith Form v2+1","Catalyst+1","PiercingWail","Burst+1","Well Laid Plans","Ghostly+1","Ghostly+1","Ghostly","Well Laid Plans+1","Wraith Form v2+1","Terror+1","Bouncing Flask+1","Deadly Poison+1","Noxious Fumes","Bane+1","Dark Shackles","Deadly Poison","PiercingWail"],"relics":["Ring of the Snake","Whetstone","Anchor","Orichalcum","Happy Flower","Empty Cage","Nilry\u0027s Codex","Letter Opener","Snake Skull","DollysMirror","Lizard Tail","SlaversCollar","PreservedInsect","Regal Pillow","Nunchaku","Strange Spoon","Art of War"],"acts_visited":["Exordium","TheCity","TheBeyond","TheEnding"],"potions_floor_usage":[56],"damage_taken":[{"damage":1.0,"enemies":"Cultist","floor":1.0,"turns":4.0},{"damage":1.0,"enemies":"Small Slimes","floor":2.0,"turns":3.0},{"damage":0.0,"enemies":"2 Louse","floor":3.0,"turns":3.0},{"damage":3.0,"enemies":"Looter","floor":4.0,"turns":4.0},{"damage":17.0,"enemies":"3 Sentries","floor":7.0,"turns":5.0},{"damage":0.0,"enemies":"Exordium Wildlife","floor":11.0,"turns":2.0},{"damage":0.0,"enemies":"Gremlin Nob","floor":12.0,"turns":4.0},{"damage":5.0,"enemies":"Exordium Thugs","floor":14.0,"turns":5.0},{"damage":11.0,"enemies":"The Guardian","floor":16.0,"turns":9.0},{"damage":1.0,"enemies":"2 Thieves","floor":18.0,"turns":5.0},{"damage":0.0,"enemies":"Shell Parasite","floor":20.0,"turns":7.0},{"damage":0.0,"enemies":"Centurion and Healer","floor":22.0,"turns":9.0},{"damage":0.0,"enemies":"Gremlin Leader","floor":24.0,"turns":8.0},{"damage":0.0,"enemies":"3 Cultists","floor":29.0,"turns":7.0},{"damage":2.0,"enemies":"Book of Stabbing","floor":31.0,"turns":9.0},{"damage":3.0,"enemies":"Automaton","floor":33.0,"turns":14.0},{"damage":6.0,"enemies":"3 Shapes","floor":35.0,"turns":7.0},{"damage":0.0,"enemies":"Orb Walker","floor":38.0,"turns":3.0},{"damage":0.0,"enemies":"Nemesis","floor":40.0,"turns":9.0},{"damage":0.0,"enemies":"Giant Head","floor":42.0,"turns":5.0},{"damage":0.0,"enemies":"Spire Growth","floor":45.0,"turns":7.0},{"damage":2.0,"enemies":"3 Darklings","floor":48.0,"turns":3.0},{"damage":4.0,"enemies":"Time Eater","floor":50.0,"turns":8.0},{"damage":18.0,"enemies":"Awakened One","floor":51.0,"turns":16.0},{"damage":2.0,"enemies":"Shield and Spear","floor":55.0,"turns":6.0},{"damage":51,"enemies":"The Heart","floor":56,"turns":13}],"seed_played":"8504679639556086086","potions_obtained":[{"floor":4.0,"key":"PowerPotion"},{"floor":11.0,"key":"PowerPotion"},{"floor":16.0,"key":"FearPotion"},{"floor":18.0,"key":"PowerPotion"},{"floor":29.0,"key":"Block Potion"},{"floor":33.0,"key":"LiquidBronze"},{"floor":38.0,"key":"Swift Potion"},{"floor":42.0,"key":"DistilledChaos"},{"floor":55.0,"key":"CunningPotion"}],"is_trial":false,"path_per_floor":["M","M","M","M","$","R","E","?","T","R","M","E","R","M","R","B",null,"M","?","M","?","M","R","E","?","T","$","R","M","R","E","R","B",null,"M","?","$","M","T","E","R","E","T","R","M","R","?","M","R","B","B",null,"R","$","E","B",null],"character_chosen":"THE_SILENT","items_purchased":["Whetstone","DollysMirror","Regen Potion","Bouncing Flask","Strange Spoon"],"campfire_rested":2,"item_purchase_floors":[5,27,27,37,54],"current_hp_per_floor":[58,57,57,54,54,54,37,26,26,26,26,26,26,21,21,10,52,51,33,33,12,12,12,12,5,5,5,5,20,20,18,18,15,32,26,26,26,26,26,26,26,26,26,26,26,26,16,14,38,34,16,33,38,38,36,4],"gold":62,"neow_bonus":"ONE_RANDOM_RARE_CARD","is_daily":false,"chose_seed":false,"campfire_upgraded":10,"win_rate":0.0,"timestamp":1610408093,"path_taken":["M","M","M","?","$","R","E","?","T","R","M","E","R","M","R","BOSS","M","?","M","?","M","R","E","?","T","$","R","M","R","E","R","BOSS","M","?","$","M","?","E","R","E","T","R","M","R","?","M","R","BOSS","BOSS","R","$","E","BOSS"],"items_purchased_type":["Relic","Relic","Potion","Card","Relic"],"build_version":"2020-12-22","purchased_purges":1,"victory":true,"max_hp_per_floor":[66,66,66,66,66,66,66,66,66,66,66,66,66,66,66,66,66,66,33,33,33,33,33,33,38,38,38,38,38,38,38,38,38,38,38,38,38,38,38,38,38,38,38,38,38,38,38,38,38,38,38,38,38,38,38,38],"relic_stats":{"Regal Pillow":13,"Happy Flower":[50],"counters":[26,175],"Snake Skull":[150],"PreservedInsect":207,"Whetstone":["Skewer","Neutralize"],"Letter Opener":[261],"Orichalcum":[600],"Strange Spoon":[10],"Lizard Tail":19,"Nunchaku":[4],"Art of War":[8],"obtain_stats":[{"Regal Pillow":42,"Happy Flower":12,"Nilry\u0027s Codex":21,"Snake Skull":26,"PreservedInsect":40,"Whetstone":5,"Letter Opener":24,"Orichalcum":9,"Empty Cage":17,"SlaversCollar":34,"Strange Spoon":54,"Anchor":7,"Lizard Tail":31,"Nunchaku":43,"DollysMirror":27,"Art of War":55,"Ring of the Snake":0},{"Regal Pillow":20,"Happy Flower":7,"Nilry\u0027s Codex":11,"Snake Skull":13,"PreservedInsect":19,"Whetstone":4,"Letter Opener":13,"Orichalcum":5,"Empty Cage":9,"SlaversCollar":16,"Strange Spoon":24,"Anchor":5,"Lizard Tail":15,"Nunchaku":20,"DollysMirror":13,"Art of War":25,"Ring of the Snake":0},{"Regal Pillow":122,"Happy Flower":25,"Nilry\u0027s Codex":51,"Snake Skull":68,"PreservedInsect":117,"Whetstone":14,"Letter Opener":68,"Orichalcum":19,"Empty Cage":39,"SlaversCollar":98,"Strange Spoon":156,"Anchor":19,"Lizard Tail":84,"Nunchaku":122,"DollysMirror":68,"Art of War":162,"Ring of the Snake":0}],"Ring of the Snake":[52]},"card_choices":[{"not_picked":["Underhanded Strike","Prepared","Bane"],"picked":"SKIP","floor":1.0},{"not_picked":["Setup","Dash"],"picked":"Predator","floor":2.0},{"not_picked":["Deflect","Choke"],"picked":"Skewer","floor":3.0},{"not_picked":["Underhanded Strike","Deflect"],"picked":"Dagger Spray","floor":4.0},{"not_picked":["Slice","Backflip"],"picked":"Wraith Form v2","floor":7.0},{"not_picked":["Slice","Dodge and Roll"],"picked":"Catalyst","floor":11.0},{"not_picked":["Dagger Spray","Outmaneuver","Deflect"],"picked":"SKIP","floor":12.0},{"not_picked":["Heel Hook","Infinite Blades"],"picked":"PiercingWail","floor":14.0},{"not_picked":["After Image","A Thousand Cuts"],"picked":"Burst","floor":16.0},{"not_picked":["Terror","Dash"],"picked":"Well Laid Plans","floor":18.0},{"not_picked":["Flying Knee","Expertise","Dagger Throw"],"picked":"SKIP","floor":20.0},{"not_picked":["Flechettes","Dodge and Roll"],"picked":"Well Laid Plans+1","floor":22.0},{"not_picked":["Flying Knee+1","Choke","Masterful Stab"],"picked":"SKIP","floor":24.0},{"not_picked":["PiercingWail","Flying Knee"],"picked":"Blade Dance","floor":29.0},{"not_picked":["Distraction","Prepared"],"picked":"Terror","floor":31.0},{"not_picked":["Finisher","Poisoned Stab","Dagger Throw"],"picked":"SKIP","floor":35.0},{"not_picked":["Concentrate+1","Blade Dance"],"picked":"Deadly Poison+1","floor":38.0},{"not_picked":["Blade Dance","Deadly Poison"],"picked":"Noxious Fumes","floor":40.0},{"not_picked":["Choke+1","Cloak And Dagger","Doppelganger"],"picked":"SKIP","floor":42.0},{"not_picked":["Prepared","Reflex"],"picked":"Bane+1","floor":45.0},{"not_picked":["Chrysalis","Forethought"],"picked":"Dark Shackles","floor":47.0},{"not_picked":["Cloak And Dagger","Sucker Punch+1"],"picked":"Deadly Poison","floor":48.0},{"not_picked":["Concentrate","Dagger Throw"],"picked":"PiercingWail","floor":55.0}],"player_experience":2400394,"relics_obtained":[{"floor":7.0,"key":"Anchor"},{"floor":9.0,"key":"Orichalcum"},{"floor":12.0,"key":"Happy Flower"},{"floor":21.0,"key":"Nilry\u0027s Codex"},{"floor":24.0,"key":"Letter Opener"},{"floor":26.0,"key":"Snake Skull"},{"floor":31.0,"key":"Lizard Tail"},{"floor":40.0,"key":"PreservedInsect"},{"floor":42.0,"key":"Regal Pillow"},{"floor":43.0,"key":"Nunchaku"},{"floor":55.0,"key":"Art of War"}],"event_choices":[{"damage_healed":0.0,"max_hp_gain":0.0,"max_hp_loss":0.0,"gold_gain":75.0,"event_name":"World of Goop","player_choice":"Gather Gold","floor":8.0,"gold_loss":0.0,"damage_taken":11.0},{"damage_healed":0.0,"max_hp_gain":0.0,"max_hp_loss":33.0,"gold_gain":0.0,"event_name":"Ghosts","player_choice":"Became a Ghost","floor":19.0,"gold_loss":0.0,"damage_taken":0.0,"cards_obtained":["Ghostly","Ghostly","Ghostly"]},{"damage_healed":0.0,"max_hp_gain":0.0,"max_hp_loss":0.0,"gold_gain":0.0,"event_name":"Cursed Tome","player_choice":"Obtained Book","floor":21.0,"gold_loss":0.0,"damage_taken":21.0},{"damage_healed":0.0,"max_hp_gain":5.0,"max_hp_loss":0.0,"gold_gain":0.0,"event_name":"Forgotten Altar","player_choice":"Shed Blood","floor":25.0,"gold_loss":0.0,"damage_taken":12.0},{"cards_removed":["Blade Dance"],"damage_healed":0.0,"max_hp_gain":0.0,"max_hp_loss":0.0,"gold_gain":0.0,"event_name":"Falling","player_choice":"Removed Skill","floor":36.0,"gold_loss":0.0,"damage_taken":0.0},{"damage_healed":0.0,"max_hp_gain":0.0,"max_hp_loss":0.0,"gold_gain":0.0,"event_name":"SensoryStone","player_choice":"Memory 3","floor":47.0,"gold_loss":0.0,"damage_taken":10.0}],"is_beta":false,"boss_relics":[{"not_picked":["SacredBark","Busted Crown"],"picked":"Empty Cage"},{"not_picked":["WristBlade","Astrolabe"],"picked":"SlaversCollar"}],"items_purged_floors":[27],"is_endless":false,"potions_floor_spawned":[4,11,16,18,29,33,38,42,48,55],"ascension_level":20}}