{"host":"6ko66ogg91i6g7xq","time":1610400337,"event":{"mods":["AchievementEnabler","Act Like it!","BaseMod","Colored Map","Colored Powertips","Downfall","Hermit","Minty Spire (QoL Compilation)","Quick Restart","Relic Stats","StSLib","The Jungle","everything is the same but u backflip on backflip"],"gold_per_floor":[119,119,136,136,88,88,114,114,114,144,163,176,203,237,237,342,342,356,109,208,123,123,150,161,161,161,92,127,127,158,171,171,274,274,293,263,263,335,385,418,418,448,448,460,492,504,516,574,586,598,610,622,5,32,32],"floor_reached":56,"playtime":2334,"items_purged":[],"score":1474,"play_id":"d474f605-8cad-4773-b1c0-7b517a9bda65","local_time":"20210111162537","is_ascension_mode":true,"campfire_choices":[{"floor":6,"key":"RECALL"},{"data":"Infinite Blades","floor":8,"key":"SMITH"},{"floor":15,"key":"REST"},{"floor":25,"key":"REST"},{"data":"Terror","floor":29,"key":"SMITH"},{"floor":32,"key":"REST"},{"floor":41,"key":"REST"},{"data":"Accuracy","floor":44,"key":"SMITH"},{"data":"Accuracy","floor":46,"key":"SMITH"},{"data":"Caltrops","floor":49,"key":"SMITH"},{"data":"After Image","floor":52,"key":"SMITH"}],"circlet_count":0,"master_deck":["Strike_G","Strike_G","Strike_G","Strike_G","Strike_G","Defend_G","Defend_G","Defend_G","Defend_G","Defend_G+1","Survivor","Neutralize","Dagger Spray","Infinite Blades+1","Dagger Spray","Dagger Spray","Caltrops","Caltrops+1","Dash","Terror+1","Storm of Steel+1","Accuracy+1","Dash","After Image+1","Cloak And Dagger","Noxious Fumes","Blur","Backflip+1","Corpse Explosion","Dash+1","Accuracy+1","Caltrops+1","Cloak And Dagger","Leg Sweep"],"relics":["Ring of the Snake","NeowsBlessing","Blood Vial","Snake Skull","Tiny Chest","Odd Mushroom","Pen Nib","Black Star","Ancient Tea Set","Dream Catcher","White Beast Statue","Strawberry","Eternal Feather","Akabeko","StrikeDummy","Bronze Scales","Nunchaku","SacredBark","Mummified Hand","Paper Crane","Ice Cream","HornCleat","Smiling Mask","Orichalcum","The Courier","MawBank","Oddly Smooth Stone","TwistedFunnel","FossilizedHelix","Centennial Puzzle","Happy Flower","War Paint","Kunai"],"acts_visited":["Exordium","TheCity","TheBeyond","TheEnding"],"potions_floor_usage":[10,13,16,24,28,30,31,33,35,35,40,42,50,55],"damage_taken":[{"damage":0,"enemies":"Jaw Worm","floor":1,"turns":1},{"damage":0,"enemies":"Cultist","floor":3,"turns":1},{"damage":0,"enemies":"Lagavulin","floor":7,"turns":1},{"damage":23,"enemies":"Gremlin Nob","floor":10,"turns":5},{"damage":5,"enemies":"Small Slimes","floor":11,"turns":3},{"damage":2,"enemies":"2 Fungi Beasts","floor":12,"turns":2},{"damage":9,"enemies":"The Mushroom Lair","floor":13,"turns":3},{"damage":28,"enemies":"Lagavulin","floor":14,"turns":7},{"damage":32,"enemies":"The Guardian","floor":16,"turns":10},{"damage":29,"enemies":"2 Thieves","floor":18,"turns":3},{"damage":37,"enemies":"Gremlin Leader","floor":23,"turns":6},{"damage":2,"enemies":"Shell Parasite","floor":24,"turns":5},{"damage":11,"enemies":"Slavers","floor":28,"turns":4},{"damage":7,"enemies":"Gremlin Leader","floor":30,"turns":5},{"damage":22,"enemies":"Snake Plant","floor":31,"turns":3},{"damage":52,"enemies":"Automaton","floor":33,"turns":9},{"damage":18,"enemies":"3 Darklings","floor":35,"turns":4},{"damage":26,"enemies":"Mind Bloom Boss Battle","floor":39,"turns":5},{"damage":20,"enemies":"Giant Head","floor":40,"turns":8},{"damage":3,"enemies":"Nemesis","floor":42,"turns":5},{"damage":12,"enemies":"3 Shapes","floor":45,"turns":1},{"damage":47,"enemies":"Donu and Deca","floor":50,"turns":5},{"damage":0,"enemies":"Shield and Spear","floor":54,"turns":2},{"damage":57,"enemies":"The Heart","floor":55,"turns":6}],"seed_played":"4771968087870207554","potions_obtained":[{"floor":2,"key":"Swift Potion"},{"floor":2,"key":"sneckomod:MuddlingPotion"},{"floor":2,"key":"Poison Potion"},{"floor":7,"key":"ColorlessPotion"},{"floor":10,"key":"Weak Potion"},{"floor":13,"key":"FairyPotion"},{"floor":23,"key":"Swift Potion"},{"floor":24,"key":"DuplicationPotion"},{"floor":28,"key":"AttackPotion"},{"floor":30,"key":"Explosive Potion"},{"floor":31,"key":"Swift Potion"},{"floor":33,"key":"Swift Potion"},{"floor":35,"key":"EssenceOfSteel"},{"floor":36,"key":"Energy Potion"},{"floor":39,"key":"LiquidBronze"},{"floor":40,"key":"Swift Potion"},{"floor":42,"key":"FairyPotion"},{"floor":54,"key":"Ancient Potion"}],"is_trial":false,"path_per_floor":["M","?","M","?","$","R","E","R","T","E","M","M","?","E","R","B",null,"M","$","?","?","T","E","M","R","T","$","E","R","E","M","R","B",null,"M","?","T","T","?","E","R","E","T","R","M","R","$","T","R","B",null,"R","$","E","B",null],"character_chosen":"THE_SILENT","items_purchased":["Dagger Spray","Accuracy","Ancient Tea Set","Dash","Noxious Fumes","TwistedFunnel","FossilizedHelix","Centennial Puzzle","Happy Flower","Cloak And Dagger"],"campfire_rested":4,"item_purchase_floors":[5,19,19,19,27,53,53,53,53,53],"current_hp_per_floor":[70,70,70,70,70,70,70,70,70,47,44,44,37,11,32,2,70,41,41,41,41,41,13,13,51,51,51,42,57,52,32,70,20,77,59,59,59,59,35,17,58,57,57,75,65,77,77,77,77,30,77,77,77,77,20],"gold":32,"neow_bonus":"THREE_ENEMY_KILL","is_daily":false,"chose_seed":false,"campfire_upgraded":6,"win_rate":0.0,"timestamp":1610400337,"path_taken":["M","?","?","?","$","R","E","R","T","E","M","M","?","E","R","BOSS","M","$","?","?","?","E","?","R","T","?","E","R","E","M","R","BOSS","M","?","?","?","?","E","R","E","T","R","M","R","?","?","R","BOSS","R","$","E","BOSS"],"items_purchased_type":["Card","Card","Relic","Card","Card","Relic","Relic","Relic","Relic","Card"],"build_version":"2020-12-22","purchased_purges":0,"victory":true,"max_hp_per_floor":[70,70,70,70,70,70,70,70,70,70,70,70,70,70,70,70,70,70,70,70,70,70,77,77,77,77,77,77,77,77,77,77,77,77,77,77,77,77,77,77,77,77,77,77,77,77,77,77,77,77,77,77,77,77,77],"relic_stats":{"Happy Flower":[2],"counters":[24,104],"Eternal Feather":93,"Snake Skull":[46],"Pen Nib":[22],"Orichalcum":[12],"War Paint":["Defend_G","Storm of Steel"],"Smiling Mask":0,"MawBank":120,"Blood Vial":30,"Dream Catcher":3,"Nunchaku":[14],"Centennial Puzzle":[3],"Mummified Hand":[41],"Bronze Scales":[227],"Tiny Chest":3,"Black Star":6,"Kunai":[6],"obtain_stats":[{"Ice Cream":39,"TwistedFunnel":53,"SacredBark":34,"Snake Skull":9,"Ancient Tea Set":19,"Smiling Mask":40,"Blood Vial":7,"Dream Catcher":21,"Nunchaku":30,"Centennial Puzzle":53,"HornCleat":40,"Mummified Hand":37,"Strawberry":23,"Tiny Chest":10,"Kunai":54,"Ring of the Snake":0,"NeowsBlessing":0,"Happy Flower":53,"Oddly Smooth Stone":48,"Eternal Feather":23,"Pen Nib":14,"The Courier":42,"Odd Mushroom":13,"Paper Crane":38,"Orichalcum":42,"War Paint":54,"MawBank":43,"White Beast Statue":22,"Akabeko":28,"Bronze Scales":30,"Black Star":17,"StrikeDummy":28,"FossilizedHelix":53},{"Ice Cream":18,"TwistedFunnel":22,"SacredBark":16,"Snake Skull":3,"Ancient Tea Set":10,"Smiling Mask":19,"Blood Vial":3,"Dream Catcher":10,"Nunchaku":14,"Centennial Puzzle":22,"HornCleat":19,"Mummified Hand":17,"Strawberry":11,"Tiny Chest":4,"Kunai":23,"Ring of the Snake":0,"NeowsBlessing":0,"Happy Flower":22,"Oddly Smooth Stone":21,"Eternal Feather":11,"Pen Nib":8,"The Courier":20,"Odd Mushroom":7,"Paper Crane":17,"Orichalcum":20,"War Paint":23,"MawBank":20,"White Beast Statue":10,"Akabeko":13,"Bronze Scales":14,"Black Star":9,"StrikeDummy":13,"FossilizedHelix":22},{"Ice Cream":77,"TwistedFunnel":96,"SacredBark":68,"Snake Skull":3,"Ancient Tea Set":36,"Smiling Mask":85,"Blood Vial":3,"Dream Catcher":36,"Nunchaku":56,"Centennial Puzzle":96,"HornCleat":85,"Mummified Hand":72,"Strawberry":42,"Tiny Chest":8,"Kunai":98,"Ring of the Snake":0,"NeowsBlessing":0,"Happy Flower":96,"Oddly Smooth Stone":91,"Eternal Feather":42,"Pen Nib":23,"The Courier":90,"Odd Mushroom":16,"Paper Crane":72,"Orichalcum":90,"War Paint":98,"MawBank":90,"White Beast Statue":36,"Akabeko":51,"Bronze Scales":56,"Black Star":33,"StrikeDummy":51,"FossilizedHelix":96}],"Ring of the Snake":[48]},"card_choices":[{"not_picked":["Dagger Spray","Flying Knee","Dodge and Roll"],"picked":"SKIP","floor":1},{"not_picked":["Flying Knee","Dodge and Roll"],"picked":"Dagger Spray","floor":1},{"not_picked":["Tactician","Backflip"],"picked":"Infinite Blades","floor":3},{"not_picked":["Tactician","Dodge and Roll"],"picked":"Dagger Spray","floor":7},{"not_picked":["Skewer","Prepared"],"picked":"Caltrops","floor":10},{"not_picked":["Acrobatics","Deadly Poison"],"picked":"Caltrops","floor":11},{"not_picked":["Dodge and Roll","Quick Slash","All Out Attack"],"picked":"SKIP","floor":12},{"not_picked":["Slice","Tactician"],"picked":"Dash","floor":13},{"not_picked":["Finisher","Underhanded Strike"],"picked":"Terror","floor":14},{"not_picked":["Night Terror","Unload"],"picked":"Storm of Steel","floor":16},{"not_picked":["Backflip","Acrobatics","Sucker Punch"],"picked":"SKIP","floor":18},{"not_picked":["Heel Hook","Distraction"],"picked":"After Image","floor":23},{"not_picked":["Bane+1","Dodge and Roll+1"],"picked":"Cloak And Dagger","floor":24},{"not_picked":["Quick Slash","Deflect"],"picked":"Blur","floor":28},{"not_picked":["Quick Slash+1","Catalyst","Infinite Blades+1"],"picked":"SKIP","floor":30},{"not_picked":["Underhanded Strike","Deadly Poison","Setup"],"picked":"SKIP","floor":31},{"not_picked":["Outmaneuver","Infinite Blades"],"picked":"Backflip+1","floor":32},{"not_picked":["Burst","Bullet Time"],"picked":"Corpse Explosion","floor":33},{"not_picked":["Dagger Throw+1","All Out Attack+1"],"picked":"Dash+1","floor":35},{"not_picked":["Eviscerate+1","Setup+1","Slice+1"],"picked":"SKIP","floor":40},{"not_picked":["Flying Knee","Crippling Poison+1"],"picked":"Accuracy","floor":42},{"not_picked":["Prepared+1","Predator"],"picked":"Caltrops+1","floor":45},{"not_picked":["All Out Attack","Eviscerate"],"picked":"Leg Sweep","floor":54}],"player_experience":257498,"relics_obtained":[{"floor":7,"key":"Blood Vial"},{"floor":9,"key":"Snake Skull"},{"floor":10,"key":"Tiny Chest"},{"floor":13,"key":"Odd Mushroom"},{"floor":14,"key":"Pen Nib"},{"floor":22,"key":"White Beast Statue"},{"floor":23,"key":"Strawberry"},{"floor":23,"key":"Eternal Feather"},{"floor":28,"key":"Akabeko"},{"floor":28,"key":"StrikeDummy"},{"floor":30,"key":"Bronze Scales"},{"floor":30,"key":"Nunchaku"},{"floor":37,"key":"Mummified Hand"},{"floor":38,"key":"Paper Crane"},{"floor":39,"key":"Ice Cream"},{"floor":40,"key":"HornCleat"},{"floor":40,"key":"Smiling Mask"},{"floor":42,"key":"Orichalcum"},{"floor":42,"key":"The Courier"},{"floor":43,"key":"MawBank"},{"floor":48,"key":"Oddly Smooth Stone"},{"floor":54,"key":"War Paint"},{"floor":54,"key":"Kunai"}],"event_choices":[{"damage_healed":0,"gold_gain":0,"player_choice":"Got Potions","damage_taken":0,"max_hp_gain":0,"max_hp_loss":0,"event_name":"Lab","floor":2,"gold_loss":0},{"damage_healed":0,"gold_gain":0,"player_choice":"Ignored","damage_taken":0,"max_hp_gain":0,"max_hp_loss":0,"event_name":"Golden Wing","floor":4,"gold_loss":0},{"damage_healed":0,"gold_gain":0,"player_choice":"Fought Mushrooms","damage_taken":0,"max_hp_gain":0,"max_hp_loss":0,"event_name":"Mushrooms","floor":13,"gold_loss":0},{"damage_healed":0,"gold_gain":99,"player_choice":"Stole From Cult","damage_taken":0,"max_hp_gain":0,"max_hp_loss":0,"event_name":"Nest","floor":20,"gold_loss":0},{"damage_healed":0,"gold_gain":0,"player_choice":"Obtained Relic","damage_taken":0,"relics_obtained":["Dream Catcher"],"max_hp_gain":0,"max_hp_loss":0,"event_name":"Addict","floor":21,"gold_loss":85},{"damage_healed":0,"gold_gain":0,"player_choice":"Bought 2 Potions","damage_taken":0,"max_hp_gain":0,"max_hp_loss":0,"event_name":"The Woman in Blue","floor":36,"gold_loss":0},{"damage_healed":0,"gold_gain":0,"player_choice":"Fight","damage_taken":0,"max_hp_gain":0,"max_hp_loss":0,"event_name":"MindBloom","floor":39,"gold_loss":0}],"is_beta":false,"boss_relics":[{"not_picked":["HoveringKite","Pandora\u0027s Box"],"picked":"Black Star"},{"not_picked":["Snecko Eye","Coffee Dripper"],"picked":"SacredBark"}],"items_purged_floors":[],"is_endless":false,"potions_floor_spawned":[7,10,13,14,23,24,28,30,31,33,35,39,40,42,45,54],"ascension_level":1}}