{"host":"xcuflocadasoaqda","time":1610325454,"event":{"mods":["BaseMod","Bestiary","Filter the Spire","Minty Spire (QoL Compilation)","Relic Stats"],"gold_per_floor":[114,114,114,148,166,209,229,265,292,292,317,85,125,159,159,252,252,275,275,295,295,308,341,341,374,399,449,181,16,16,54,54,145,145,160,160,174,174,189,189,227,251,275,324,324,348,367,402,402,402,402,402,402,25,25,25],"floor_reached":55,"playtime":2877,"items_purged":["JustLucky","WreathOfFlame","CarveReality"],"score":2366,"play_id":"d7912faf-c958-42c7-8f0c-873b01423bd6","local_time":"20210110183734","is_ascension_mode":true,"campfire_choices":[{"data":"Scrawl","floor":10.0,"key":"SMITH"},{"data":"MentalFortress","floor":15.0,"key":"SMITH"},{"floor":24.0,"key":"REST"},{"data":"WheelKick","floor":30.0,"key":"SMITH"},{"data":"LikeWater","floor":32.0,"key":"SMITH"},{"floor":40.0,"key":"RECALL"},{"floor":45.0,"key":"REST"},{"data":"PathToVictory","floor":49.0,"key":"SMITH"},{"floor":53.0,"key":"REST"}],"circlet_count":0,"master_deck":["AscendersBane","Eruption+1","Vigilance","Evaluate","Scrawl+1","LikeWater+1","Sanctity","FlurryOfBlows+1","Halt+1","InnerPeace","FlurryOfBlows","EmptyBody","MentalFortress+1","WheelKick+1","DevaForm","Crescendo","PathToVictory+1","PathToVictory+1","PathToVictory"],"relics":["Pandora\u0027s Box","Golden Idol","Pen Nib","Nunchaku","Orichalcum","Bronze Scales","Odd Mushroom","Busted Crown","Whetstone","Letter Opener","CeramicFish","TheAbacus","Anchor","HornCleat","Black Star","Darkstone Periapt","Pantograph","Oddly Smooth Stone","Smiling Mask","Blue Candle","Akabeko","Bottled Tornado","InkBottle"],"acts_visited":["Exordium","TheCity","TheBeyond","TheEnding"],"potions_floor_usage":[55],"damage_taken":[{"damage":0.0,"enemies":"2 Louse","floor":1.0,"turns":2.0},{"damage":4.0,"enemies":"Jaw Worm","floor":4.0,"turns":2.0},{"damage":0.0,"enemies":"Cultist","floor":5.0,"turns":3.0},{"damage":0.0,"enemies":"Lagavulin","floor":6.0,"turns":4.0},{"damage":0.0,"enemies":"Large Slime","floor":7.0,"turns":3.0},{"damage":0.0,"enemies":"Gremlin Nob","floor":8.0,"turns":2.0},{"damage":10.0,"enemies":"3 Louse","floor":11.0,"turns":2.0},{"damage":0.0,"enemies":"Lagavulin","floor":13.0,"turns":4.0},{"damage":7.0,"enemies":"The Mushroom Lair","floor":14.0,"turns":3.0},{"damage":13.0,"enemies":"Hexaghost","floor":16.0,"turns":9.0},{"damage":5.0,"enemies":"Spheric Guardian","floor":18.0,"turns":4.0},{"damage":24.0,"enemies":"3 Byrds","floor":20.0,"turns":3.0},{"damage":0.0,"enemies":"Centurion and Healer","floor":22.0,"turns":4.0},{"damage":9.0,"enemies":"Book of Stabbing","floor":23.0,"turns":4.0},{"damage":0.0,"enemies":"Gremlin Leader","floor":25.0,"turns":5.0},{"damage":20.0,"enemies":"Slavers","floor":31.0,"turns":3.0},{"damage":0.0,"enemies":"Collector","floor":33.0,"turns":4.0},{"damage":10.0,"enemies":"3 Darklings","floor":35.0,"turns":4.0},{"damage":0.0,"enemies":"3 Shapes","floor":37.0,"turns":4.0},{"damage":0.0,"enemies":"Spire Growth","floor":39.0,"turns":3.0},{"damage":28.0,"enemies":"Nemesis","floor":41.0,"turns":5.0},{"damage":17.0,"enemies":"Jaw Worm Horde","floor":42.0,"turns":3.0},{"damage":0.0,"enemies":"Giant Head","floor":44.0,"turns":6.0},{"damage":0.0,"enemies":"Maw","floor":46.0,"turns":5.0},{"damage":0.0,"enemies":"Sphere and 2 Shapes","floor":47.0,"turns":3.0},{"damage":3.0,"enemies":"Nemesis","floor":48.0,"turns":7.0},{"damage":25.0,"enemies":"Donu and Deca","floor":50.0,"turns":9.0},{"damage":21.0,"enemies":"Time Eater","floor":51.0,"turns":7.0},{"damage":79,"enemies":"Shield and Spear","floor":55,"turns":4}],"seed_played":"6842005384193632341","potions_obtained":[{"floor":1.0,"key":"LiquidMemories"},{"floor":6.0,"key":"BlessingOfTheForge"},{"floor":11.0,"key":"LiquidBronze"},{"floor":13.0,"key":"Fire Potion"},{"floor":20.0,"key":"ColorlessPotion"},{"floor":23.0,"key":"Explosive Potion"},{"floor":31.0,"key":"PowerPotion"},{"floor":35.0,"key":"Dexterity Potion"},{"floor":41.0,"key":"DuplicationPotion"},{"floor":46.0,"key":"ColorlessPotion"}],"is_trial":false,"path_per_floor":["M","?","?","M","M","E","M","E","T","R","M","$","E","?","R","B",null,"M","?","M","?","M","E","R","E","T","?","$","$","R","E","R","B",null,"M","?","M","?","M","R","E","M","T","E","R","M","M","E","R","B","B",null,"R","$","E"],"character_chosen":"WATCHER","items_purchased":["Orichalcum","TheAbacus","Anchor","InkBottle","PathToVictory"],"campfire_rested":3,"item_purchase_floors":[12,28,29,54,54],"current_hp_per_floor":[61,61,72,68,68,68,68,68,68,68,58,58,58,51,51,38,64,59,59,35,35,35,26,47,47,47,47,47,47,47,27,27,27,61,51,51,51,51,51,51,23,6,6,6,26,26,26,23,23,23,27,58,68,68,0,0],"gold":25,"neow_bonus":"BOSS_RELIC","is_daily":false,"chose_seed":false,"campfire_upgraded":5,"win_rate":0.0,"timestamp":1610325454,"path_taken":["M","?","?","?","M","E","M","E","T","R","M","$","E","?","R","BOSS","M","?","M","?","M","E","R","E","T","?","?","$","R","E","R","BOSS","M","?","?","?","M","R","E","M","T","E","R","M","M","E","R","BOSS","BOSS","R","$","E"],"items_purchased_type":["Relic","Relic","Relic","Relic","Card"],"build_version":"2020-12-22","purchased_purges":3,"victory":false,"max_hp_per_floor":[68,62,72,72,72,72,72,72,72,72,72,72,72,72,72,72,72,72,72,72,72,72,72,72,72,72,72,72,72,72,72,72,72,72,72,72,72,68,68,68,68,68,68,68,68,68,68,68,68,68,68,68,68,68,68,68],"relic_stats":{"Darkstone Periapt":0,"counters":[29,121],"Golden Idol":200,"CeramicFish":27,"Blue Candle":[0],"Pen Nib":[35],"Whetstone":["FlurryOfBlows","Eruption"],"Letter Opener":[226],"Orichalcum":[60],"Smiling Mask":75,"Nunchaku":[33],"Busted Crown":32,"TheAbacus":[210],"Bronze Scales":[278],"Pantograph":50,"Pandora\u0027s Box":["ForeignInfluence","Evaluate","Ragnarok","Scrawl","JustLucky","LikeWater","Sanctity","Vengeance"],"Black Star":3,"obtain_stats":[{"Darkstone Periapt":41,"Golden Idol":2,"CeramicFish":26,"Blue Candle":44,"Oddly Smooth Stone":43,"Pen Nib":6,"Whetstone":23,"Letter Opener":25,"Orichalcum":12,"Odd Mushroom":14,"Bottled Tornado":48,"Smiling Mask":44,"Akabeko":48,"Nunchaku":8,"Anchor":29,"Busted Crown":17,"TheAbacus":28,"HornCleat":31,"Bronze Scales":13,"Pantograph":41,"Pandora\u0027s Box":0,"Black Star":34,"PureWater":0,"InkBottle":54},{"Darkstone Periapt":21,"Golden Idol":1,"CeramicFish":15,"Blue Candle":23,"Oddly Smooth Stone":22,"Pen Nib":4,"Whetstone":14,"Letter Opener":15,"Orichalcum":7,"Odd Mushroom":9,"Bottled Tornado":26,"Smiling Mask":23,"Akabeko":26,"Nunchaku":6,"Anchor":15,"Busted Crown":10,"TheAbacus":15,"HornCleat":16,"Bronze Scales":8,"Pantograph":21,"Pandora\u0027s Box":0,"Black Star":17,"PureWater":0,"InkBottle":28},{"Darkstone Periapt":77,"Golden Idol":2,"CeramicFish":54,"Blue Candle":86,"Oddly Smooth Stone":80,"Pen Nib":11,"Whetstone":49,"Letter Opener":54,"Orichalcum":18,"Odd Mushroom":25,"Bottled Tornado":101,"Smiling Mask":86,"Akabeko":101,"Nunchaku":16,"Anchor":54,"Busted Crown":34,"TheAbacus":54,"HornCleat":57,"Bronze Scales":22,"Pantograph":77,"Pandora\u0027s Box":0,"Black Star":61,"PureWater":0,"InkBottle":117}],"InkBottle":[2]},"card_choices":[{"not_picked":["Evaluate","Halt"],"picked":"FlurryOfBlows","floor":1.0},{"not_picked":["PathToVictory","Sanctity"],"picked":"CarveReality","floor":4.0},{"not_picked":["Study","Vengeance"],"picked":"Halt","floor":5.0},{"not_picked":["ReachHeaven","Alpha"],"picked":"InnerPeace","floor":6.0},{"not_picked":["SignatureMove","FlyingSleeves"],"picked":"FlurryOfBlows","floor":7.0},{"not_picked":["Consecrate","Study"],"picked":"EmptyBody","floor":8.0},{"not_picked":["ThirdEye","Evaluate"],"picked":"MentalFortress","floor":11.0},{"not_picked":["Protect","ClearTheMind"],"picked":"WheelKick","floor":13.0},{"not_picked":["Alpha","Establishment"],"picked":"DevaForm","floor":16.0},{"not_picked":["Crescendo"],"picked":"SKIP","floor":18.0},{"not_picked":["LikeWater"],"picked":"SKIP","floor":20.0},{"not_picked":["Consecrate"],"picked":"SKIP","floor":22.0},{"not_picked":["EmptyBody"],"picked":"SKIP","floor":23.0},{"not_picked":["EmptyBody"],"picked":"SKIP","floor":25.0},{"not_picked":["CarveReality"],"picked":"SKIP","floor":31.0},{"not_picked":["Crescendo+1"],"picked":"SKIP","floor":35.0},{"not_picked":["FollowUp+1"],"picked":"SKIP","floor":37.0},{"not_picked":["EmptyFist"],"picked":"SKIP","floor":39.0},{"not_picked":["FlyingSleeves"],"picked":"SKIP","floor":41.0},{"not_picked":["FollowUp"],"picked":"SKIP","floor":42.0},{"not_picked":[],"picked":"PathToVictory+1","floor":44.0},{"not_picked":[],"picked":"PathToVictory","floor":46.0},{"not_picked":["Collect"],"picked":"SKIP","floor":47.0},{"not_picked":["DeceiveReality"],"picked":"SKIP","floor":48.0}],"player_experience":1893598,"relics_obtained":[{"floor":6.0,"key":"Pen Nib"},{"floor":8.0,"key":"Nunchaku"},{"floor":13.0,"key":"Bronze Scales"},{"floor":14.0,"key":"Odd Mushroom"},{"floor":23.0,"key":"Whetstone"},{"floor":25.0,"key":"Letter Opener"},{"floor":26.0,"key":"CeramicFish"},{"floor":31.0,"key":"HornCleat"},{"floor":41.0,"key":"Darkstone Periapt"},{"floor":41.0,"key":"Pantograph"},{"floor":43.0,"key":"Oddly Smooth Stone"},{"floor":44.0,"key":"Smiling Mask"},{"floor":44.0,"key":"Blue Candle"},{"floor":48.0,"key":"Akabeko"},{"floor":48.0,"key":"Bottled Tornado"}],"event_choices":[{"damage_healed":0.0,"max_hp_gain":0.0,"max_hp_loss":6.0,"gold_gain":0.0,"event_name":"Golden Idol","player_choice":"Lose Max HP","floor":2.0,"gold_loss":0.0,"damage_taken":0.0,"relics_obtained":["Golden Idol"]},{"cards_removed":["Ragnarok"],"damage_healed":1.0,"max_hp_gain":10.0,"max_hp_loss":0.0,"gold_gain":0.0,"event_name":"Bonfire Elementals","player_choice":"Offered Rare","floor":3.0,"gold_loss":0.0,"damage_taken":0.0},{"damage_healed":0.0,"max_hp_gain":0.0,"max_hp_loss":0.0,"gold_gain":0.0,"event_name":"Mushrooms","player_choice":"Fought Mushrooms","floor":14.0,"gold_loss":0.0,"damage_taken":0.0},{"damage_healed":0.0,"max_hp_gain":0.0,"max_hp_loss":0.0,"gold_gain":0.0,"cards_transformed":["Vengeance","ForeignInfluence"],"event_name":"Drug Dealer","player_choice":"Became Test Subject","floor":19.0,"gold_loss":0.0,"damage_taken":0.0,"cards_obtained":["WreathOfFlame","Crescendo"]},{"damage_healed":0.0,"max_hp_gain":0.0,"max_hp_loss":0.0,"gold_gain":0.0,"event_name":"Vampires","player_choice":"Ignored","floor":21.0,"gold_loss":0.0,"damage_taken":0.0},{"damage_healed":0.0,"max_hp_gain":0.0,"max_hp_loss":0.0,"gold_gain":50.0,"event_name":"Nest","player_choice":"Stole From Cult","floor":27.0,"gold_loss":0.0,"damage_taken":0.0},{"damage_healed":0.0,"max_hp_gain":0.0,"max_hp_loss":0.0,"gold_gain":0.0,"event_name":"Accursed Blacksmith","player_choice":"Forge","floor":36.0,"gold_loss":0.0,"damage_taken":0.0,"cards_upgraded":["Halt"]},{"damage_healed":0.0,"max_hp_gain":0.0,"max_hp_loss":4.0,"gold_gain":0.0,"event_name":"Winding Halls","player_choice":"Max HP","floor":38.0,"gold_loss":0.0,"damage_taken":0.0}],"is_beta":false,"boss_relics":[{"not_picked":["SacredBark","Empty Cage"],"picked":"Busted Crown"},{"not_picked":["Cursed Key","Runic Dome"],"picked":"Black Star"}],"items_purged_floors":[12,28,54],"is_endless":false,"potions_floor_spawned":[1,6,11,13,18,20,23,25,31,35,37,41,46],"killed_by":"Shield and Spear","ascension_level":20}}