{"host":"j4g6ia6asvpyu2b0","time":1610323506,"event":{"mods":["BaseMod","Colored Map","Minty Spire (QoL Compilation)","Permanent Neow","Quick Restart","Relic Stats","StSLib","Unceasing Turn Reminder"],"gold_per_floor":[114,127,139,139,156,182,182,38,38,64,75,7,7,7],"floor_reached":13,"playtime":390,"items_purged":[],"score":143,"play_id":"aae5059f-0ec5-49d1-a1f3-6bae86a1abb1","local_time":"20210110170506","is_ascension_mode":true,"campfire_choices":[{"data":"A Thousand Cuts","floor":7,"key":"SMITH"}],"circlet_count":0,"master_deck":["AscendersBane","Strike_G","Strike_G","Strike_G","Strike_G","Strike_G","Defend_G","Defend_G","Defend_G","Defend_G","Defend_G","Survivor","Neutralize","Flying Knee","Flying Knee","Deadly Poison","All Out Attack","A Thousand Cuts+1","Blade Dance","Leg Sweep","Flying Knee","Noxious Fumes","Dagger Spray+1","Crippling Poison"],"relics":["Black Star","FaceOfCleric","Meat on the Bone","Eternal Feather","Molten Egg 2","Regal Pillow","Ancient Tea Set"],"acts_visited":["Exordium"],"potions_floor_usage":[6],"damage_taken":[{"damage":2,"enemies":"Cultist","floor":1,"turns":4},{"damage":8,"enemies":"Small Slimes","floor":2,"turns":4},{"damage":0,"enemies":"2 Louse","floor":3,"turns":3},{"damage":13,"enemies":"Exordium Wildlife","floor":5,"turns":4},{"damage":17,"enemies":"3 Sentries","floor":6,"turns":8},{"damage":32,"enemies":"Gremlin Nob","floor":10,"turns":5},{"damage":12,"enemies":"2 Fungi Beasts","floor":11,"turns":3},{"damage":23,"enemies":"3 Sentries","floor":13,"turns":4}],"seed_played":"2500024922703512224","potions_obtained":[{"floor":3,"key":"AttackPotion"}],"is_trial":false,"path_per_floor":["M","M","M","?","M","E","R","$","T","E","M","$","E"],"character_chosen":"THE_SILENT","items_purchased":["Blade Dance","Leg Sweep","Flying Knee","Crippling Poison"],"campfire_rested":0,"item_purchase_floors":[8,8,8,12],"current_hp_per_floor":[61,53,53,53,41,25,34,34,34,15,16,16,0,0],"gold":7,"neow_bonus":"BOSS_RELIC","is_daily":false,"chose_seed":false,"campfire_upgraded":1,"win_rate":0.0,"timestamp":1610323506,"path_taken":["M","M","?","?","M","E","R","$","T","E","M","$","E"],"items_purchased_type":["Card","Card","Card","Card"],"build_version":"2020-12-22","purchased_purges":0,"victory":false,"max_hp_per_floor":[70,70,70,70,71,72,72,72,72,73,74,74,74,74],"relic_stats":{"Regal Pillow":0,"FaceOfCleric":4,"counters":[8,35],"Eternal Feather":9,"Black Star":2,"obtain_stats":[{"Regal Pillow":10,"FaceOfCleric":4,"Eternal Feather":6,"Molten Egg 2":9,"Black Star":0,"Ancient Tea Set":10,"Ring of the Snake":0,"Meat on the Bone":6},{"Regal Pillow":6,"FaceOfCleric":3,"Eternal Feather":5,"Molten Egg 2":5,"Black Star":0,"Ancient Tea Set":6,"Ring of the Snake":0,"Meat on the Bone":5},{"Regal Pillow":28,"FaceOfCleric":11,"Eternal Feather":23,"Molten Egg 2":23,"Black Star":0,"Ancient Tea Set":28,"Ring of the Snake":0,"Meat on the Bone":23}],"Meat on the Bone":24},"card_choices":[{"not_picked":["Blur","Cloak And Dagger"],"picked":"Flying Knee","floor":1},{"not_picked":["Dagger Throw","Sucker Punch"],"picked":"Flying Knee","floor":2},{"not_picked":["Prepared","Acrobatics"],"picked":"Deadly Poison","floor":3},{"not_picked":["Dodge and Roll","Underhanded Strike"],"picked":"All Out Attack","floor":5},{"not_picked":["Riddle With Holes","Dodge and Roll"],"picked":"A Thousand Cuts","floor":6},{"not_picked":["Deflect","Catalyst"],"picked":"Noxious Fumes","floor":10},{"not_picked":["Flying Knee+1","Underhanded Strike+1"],"picked":"Dagger Spray+1","floor":11}],"player_experience":799896,"relics_obtained":[{"floor":6,"key":"Meat on the Bone"},{"floor":6,"key":"Eternal Feather"},{"floor":9,"key":"Molten Egg 2"},{"floor":10,"key":"Regal Pillow"},{"floor":10,"key":"Ancient Tea Set"}],"event_choices":[{"damage_healed":0,"gold_gain":0,"player_choice":"Trade","damage_taken":0,"relics_obtained":["FaceOfCleric"],"max_hp_gain":0,"max_hp_loss":0,"event_name":"FaceTrader","floor":4,"gold_loss":0}],"is_beta":false,"boss_relics":[],"items_purged_floors":[],"is_endless":false,"potions_floor_spawned":[3],"killed_by":"3 Sentries","ascension_level":10}}