{"host":"9kesdg97wkrx2bva","time":1610387074,"event":{"mods":["AchievementEnabler","BaseMod","Colored Map","Downfall","GifTheSpireLib","Infinite Spire","Minty Spire (QoL Compilation)","Replay The Spire","StSLib"],"gold_per_floor":[112,123,143,218,229,229,260,260,310,310,310,310,310,322,340,211,211,211,211],"floor_reached":18,"playtime":396,"items_purged":["Strike_B"],"score":202,"play_id":"602aa20f-2dce-49ce-ac27-bc2242ae3b32","local_time":"20210111124434","is_ascension_mode":true,"campfire_choices":[{"data":"Zap","floor":6,"key":"SMITH"},{"data":"Chaos","floor":8,"key":"SMITH"},{"data":"ReplayGash","floor":10,"key":"SMITH"},{"data":"Streamline","floor":17,"key":"SMITH"}],"circlet_count":0,"master_deck":["AscendersBane","Strike_B","Strike_B","Defend_B","Defend_B","Defend_B","Defend_B","Zap+1","Dualcast+1","ReplayGash+1","Conserve Battery","Chaos+1","Rebound","Self Repair","All For One","Leap","Conserve Battery","Streamline+1"],"relics":["Cracked Core","Chameleon Ring","Vajra"],"acts_visited":["Exordium"],"potions_floor_usage":[7,7,18],"damage_taken":[{"damage":0,"enemies":"Small Slimes","floor":1,"turns":3},{"damage":9,"enemies":"Jaw Worm","floor":2,"turns":4},{"damage":0,"enemies":"Cultist","floor":3,"turns":3},{"damage":2,"enemies":"3 Louse","floor":5,"turns":4},{"damage":16,"enemies":"3 Sentries","floor":7,"turns":7},{"damage":3,"enemies":"Blue Slaver","floor":14,"turns":4},{"damage":18,"enemies":"Exordium Thugs","floor":15,"turns":4},{"damage":20,"enemies":"The Guardian","floor":18,"turns":5}],"seed_played":"7314115607471863531","potions_obtained":[{"floor":2,"key":"Adrenaline Potion"},{"floor":5,"key":"Adrenaline Potion"},{"floor":14,"key":"LifebloodPotion"}],"is_trial":false,"path_per_floor":["M","M","M","?","M","R","E","R","T","R","?","PTL","PTL","M","M","$","R","B"],"character_chosen":"DEFECT","items_purchased":["Streamline"],"campfire_rested":0,"item_purchase_floors":[16],"current_hp_per_floor":[64,55,55,44,42,42,33,33,33,33,33,33,33,30,19,19,19,0,0],"gold":211,"neow_bonus":"TRANSFORM_CARD","is_daily":false,"chose_seed":false,"campfire_upgraded":4,"win_rate":0.0,"timestamp":1610387074,"path_taken":["M","M","M","?","M","R","E","R","T","R","?","PTL","PTL","?","M","$","R","BOSS"],"items_purchased_type":["Card"],"build_version":"2020-12-22","purchased_purges":1,"victory":false,"max_hp_per_floor":[71,71,71,71,71,71,71,71,71,71,71,71,71,71,71,71,71,71,71],"card_choices":[{"not_picked":["Panic Button","Coolheaded"],"picked":"Conserve Battery","floor":1},{"not_picked":["Stack","Consume"],"picked":"Chaos","floor":2},{"not_picked":["Beam Cell","Recycle"],"picked":"Rebound","floor":3},{"not_picked":["Steam","Barrage"],"picked":"Self Repair","floor":5},{"not_picked":["Coolheaded","Panic Button"],"picked":"All For One","floor":7},{"not_picked":["Ball Lightning","Hologram"],"picked":"Leap","floor":14},{"not_picked":["ReplayTheSpireMod:Omega Cannon","Rip and Tear"],"picked":"Conserve Battery","floor":15}],"player_experience":923360,"relics_obtained":[{"floor":7,"key":"Chameleon Ring"},{"floor":9,"key":"Vajra"}],"event_choices":[{"damage_healed":0,"gold_gain":75,"player_choice":"Gather Gold","damage_taken":11,"max_hp_gain":0,"max_hp_loss":0,"event_name":"World of Goop","floor":4,"gold_loss":0},{"damage_healed":0,"gold_gain":0,"player_choice":"Upgraded","damage_taken":0,"max_hp_gain":0,"max_hp_loss":0,"event_name":"Upgrade Shrine","floor":11,"gold_loss":0,"cards_upgraded":["Dualcast"]}],"is_beta":false,"boss_relics":[],"items_purged_floors":[16],"is_endless":false,"potions_floor_spawned":[2,5,14],"killed_by":"The Guardian","ascension_level":16}}