{"host":"lklj3eidp7g5an38","time":1610402263,"event":{"mods":["BaseMod","Minty Spire (QoL Compilation)","Relic Stats","StSLib"],"gold_per_floor":[117,37,37,47,47,77,77,87,87,120,120,120,120,45,45,118,118,128,160,160,160,176,205,205,240,291,310,52,82,95,108,108,180,180,190,208,221,2,17,43,60,60,60,60,60,60],"floor_reached":45,"playtime":4527,"items_purged":["Regret","Strike_R+1","Wild Strike+1"],"score":1010,"play_id":"744e7b09-a190-4396-853a-e96462fa4a4e","local_time":"20210111215743","is_ascension_mode":true,"campfire_choices":[{"data":"Bash","floor":7,"key":"SMITH"},{"data":"Armaments","floor":11,"key":"SMITH"},{"data":"Clothesline","floor":13,"key":"SMITH"},{"data":"Wild Strike","floor":15,"key":"SMITH"},{"data":"Battle Trance","floor":24,"key":"SMITH"},{"data":"Carnage","floor":32,"key":"SMITH"},{"floor":44,"key":"REST"}],"circlet_count":0,"master_deck":["AscendersBane","Defend_R+1","Defend_R+1","Defend_R+1","Defend_R+1","Bash+1","Infernal Blade","Shrug It Off","Headbutt","Armaments+1","Clothesline+1","Brutality","True Grit+1","Battle Trance+1","Dark Embrace","Inflame","Cleave","Dropkick","Clothesline","Carnage+1","Feed","Whirlwind+1","Reckless Charge+1","Bludgeon+1","Iron Wave"],"relics":["Busted Crown","Ice Cream","Pen Nib","Thread and Needle","Happy Flower","Mark of Pain","Red Mask","Bottled Lightning","Smiling Mask","Anchor","Astrolabe","Membership Card","Mercury Hourglass","InkBottle"],"acts_visited":["Exordium","TheCity","TheBeyond"],"potions_floor_usage":[8,10,10,19,23,25,25,25,37,39],"damage_taken":[{"damage":0,"enemies":"Cultist","floor":1,"turns":3},{"damage":1,"enemies":"Small Slimes","floor":4,"turns":4},{"damage":39,"enemies":"3 Sentries","floor":6,"turns":10},{"damage":0,"enemies":"2 Louse","floor":8,"turns":2},{"damage":3,"enemies":"Gremlin Nob","floor":10,"turns":3},{"damage":9,"enemies":"Hexaghost","floor":16,"turns":8},{"damage":0,"enemies":"3 Byrds","floor":18,"turns":4},{"damage":16,"enemies":"Masked Bandits","floor":19,"turns":5},{"damage":0,"enemies":"Spheric Guardian","floor":22,"turns":3},{"damage":5,"enemies":"Gremlin Leader","floor":23,"turns":6},{"damage":0,"enemies":"Slavers","floor":25,"turns":6},{"damage":10,"enemies":"3 Cultists","floor":27,"turns":5},{"damage":23,"enemies":"Book of Stabbing","floor":29,"turns":5},{"damage":2,"enemies":"Snake Plant","floor":30,"turns":4},{"damage":0,"enemies":"Cultist and Chosen","floor":31,"turns":3},{"damage":63,"enemies":"Collector","floor":33,"turns":8},{"damage":0,"enemies":"3 Darklings","floor":35,"turns":7},{"damage":0,"enemies":"3 Shapes","floor":36,"turns":6},{"damage":6,"enemies":"Jaw Worm Horde","floor":37,"turns":5},{"damage":5,"enemies":"Writhing Mass","floor":39,"turns":7},{"damage":27,"enemies":"Reptomancer","floor":40,"turns":6},{"damage":18,"enemies":"Spire Growth","floor":41,"turns":4},{"damage":46,"enemies":"Nemesis","floor":45,"turns":6}],"seed_played":"8366796451846799574","potions_obtained":[{"floor":1,"key":"SteroidPotion"},{"floor":4,"key":"BloodPotion"},{"floor":8,"key":"Fire Potion"},{"floor":12,"key":"DuplicationPotion"},{"floor":12,"key":"Weak Potion"},{"floor":18,"key":"BloodPotion"},{"floor":22,"key":"EssenceOfSteel"},{"floor":23,"key":"EntropicBrew"},{"floor":30,"key":"Block Potion"},{"floor":35,"key":"DistilledChaos"},{"floor":39,"key":"Swift Potion"}],"is_trial":false,"path_per_floor":["M","$","?","M","$","E","R","M","T","E","R","?","R","$","R","B",null,"M","?","?","?","M","E","R","E","T","M","$","E","M","M","R","B",null,"M","M","M","$","M","E","M","?","T","R","E"],"character_chosen":"IRONCLAD","items_purchased":["Shrug It Off","Headbutt","Inflame","Cleave","Dropkick","Membership Card"],"campfire_rested":1,"item_purchase_floors":[2,2,28,28,28,38],"current_hp_per_floor":[68,68,68,67,67,28,28,43,43,40,40,40,40,40,40,31,64,64,48,48,48,48,58,58,73,73,63,63,40,38,38,38,21,62,62,65,62,62,61,34,16,16,16,41,0,0],"gold":60,"neow_bonus":"BOSS_RELIC","is_daily":false,"chose_seed":false,"campfire_upgraded":6,"win_rate":0.0,"timestamp":1610402263,"path_taken":["M","?","?","M","$","E","R","M","T","E","R","?","R","$","R","BOSS","M","?","?","?","?","E","R","E","T","M","$","E","M","M","R","BOSS","M","M","M","$","?","E","M","?","T","R","E"],"items_purchased_type":["Card","Card","Card","Card","Card","Relic"],"build_version":"2020-12-22","purchased_purges":3,"victory":false,"max_hp_per_floor":[75,75,75,75,75,75,75,75,75,75,75,75,75,75,75,75,75,75,75,75,75,75,75,75,75,75,75,75,75,75,75,75,75,75,75,78,81,81,85,85,85,85,85,85,85,85],"relic_stats":{"Busted Crown":44,"Happy Flower":[32],"counters":[23,120],"Astrolabe":["Whirlwind","Reckless Charge","Bludgeon"],"Pen Nib":[23],"Smiling Mask":63,"obtain_stats":[{"Ice Cream":3,"Happy Flower":10,"Astrolabe":34,"Thread and Needle":9,"Pen Nib":6,"Smiling Mask":25,"Burning Blood":0,"Mercury Hourglass":40,"Anchor":29,"Busted Crown":0,"Mark of Pain":17,"Red Mask":19,"Bottled Lightning":23,"Membership Card":38,"InkBottle":43},{"Ice Cream":1,"Happy Flower":5,"Astrolabe":16,"Thread and Needle":4,"Pen Nib":3,"Smiling Mask":11,"Burning Blood":0,"Mercury Hourglass":21,"Anchor":13,"Busted Crown":0,"Mark of Pain":6,"Red Mask":8,"Bottled Lightning":10,"Membership Card":19,"InkBottle":22},{"Ice Cream":3,"Happy Flower":22,"Astrolabe":79,"Thread and Needle":19,"Pen Nib":17,"Smiling Mask":54,"Burning Blood":0,"Mercury Hourglass":110,"Anchor":64,"Busted Crown":0,"Mark of Pain":30,"Red Mask":39,"Bottled Lightning":48,"Membership Card":97,"InkBottle":114}],"InkBottle":[1],"Mercury Hourglass":[24]},"card_choices":[{"not_picked":[],"picked":"Infernal Blade","floor":1},{"not_picked":["Feel No Pain"],"picked":"SKIP","floor":4},{"not_picked":[],"picked":"Wild Strike","floor":6},{"not_picked":[],"picked":"Armaments","floor":8},{"not_picked":[],"picked":"Clothesline","floor":10},{"not_picked":[],"picked":"Brutality","floor":16},{"not_picked":[],"picked":"True Grit+1","floor":18},{"not_picked":["Rampage"],"picked":"SKIP","floor":22},{"not_picked":["Flex"],"picked":"SKIP","floor":23},{"not_picked":["Thunderclap"],"picked":"SKIP","floor":25},{"not_picked":[],"picked":"Dark Embrace","floor":27},{"not_picked":[],"picked":"Clothesline","floor":29},{"not_picked":[],"picked":"Carnage","floor":30},{"not_picked":["Clash"],"picked":"SKIP","floor":31},{"not_picked":[],"picked":"Feed","floor":33},{"not_picked":["Blood for Blood"],"picked":"SKIP","floor":35},{"not_picked":["Body Slam"],"picked":"SKIP","floor":36},{"not_picked":["Thunderclap"],"picked":"SKIP","floor":37},{"not_picked":["Thunderclap"],"picked":"SKIP","floor":39},{"not_picked":["Clash"],"picked":"SKIP","floor":40},{"not_picked":["Wild Strike"],"picked":"SKIP","floor":41}],"player_experience":911035,"relics_obtained":[{"floor":6,"key":"Pen Nib"},{"floor":9,"key":"Thread and Needle"},{"floor":10,"key":"Happy Flower"},{"floor":19,"key":"Red Mask"},{"floor":23,"key":"Bottled Lightning"},{"floor":25,"key":"Smiling Mask"},{"floor":29,"key":"Anchor"},{"floor":40,"key":"Mercury Hourglass"},{"floor":43,"key":"InkBottle"}],"event_choices":[{"damage_healed":0,"gold_gain":0,"player_choice":"Box","damage_taken":0,"relics_obtained":["Ice Cream"],"max_hp_gain":0,"max_hp_loss":0,"event_name":"Big Fish","floor":3,"gold_loss":0,"cards_obtained":["Regret"]},{"damage_healed":0,"gold_gain":0,"player_choice":"Got Potions","damage_taken":0,"max_hp_gain":0,"max_hp_loss":0,"event_name":"Lab","floor":12,"gold_loss":0},{"damage_healed":0,"gold_gain":0,"player_choice":"Fought Bandits","damage_taken":0,"max_hp_gain":0,"max_hp_loss":0,"event_name":"Masked Bandits","floor":19,"gold_loss":0},{"damage_healed":0,"gold_gain":0,"player_choice":"Read","damage_taken":0,"max_hp_gain":0,"max_hp_loss":0,"event_name":"The Library","floor":20,"gold_loss":0,"cards_obtained":["Battle Trance"]},{"damage_healed":0,"gold_gain":0,"player_choice":"Simplicity","damage_taken":0,"max_hp_gain":0,"max_hp_loss":0,"event_name":"Back to Basics","floor":21,"gold_loss":0,"cards_upgraded":["Strike_R","Strike_R","Strike_R","Strike_R","Strike_R","Defend_R","Defend_R","Defend_R","Defend_R"]},{"damage_healed":0,"gold_gain":0,"cards_transformed":["Strike_R"],"player_choice":"Transformed","damage_taken":0,"max_hp_gain":0,"max_hp_loss":0,"event_name":"Transmorgrifier","floor":42,"gold_loss":0,"cards_obtained":["Iron Wave"]}],"is_beta":false,"boss_relics":[{"not_picked":["Coffee Dripper","SacredBark"],"picked":"Mark of Pain"},{"not_picked":["Empty Cage","Snecko Eye"],"picked":"Astrolabe"}],"items_purged_floors":[14,28,38],"is_endless":false,"potions_floor_spawned":[1,4,8,18,22,23,30,35,39],"killed_by":"Nemesis","ascension_level":16}}