{"host":"x6tlfgqpy55vgxdn","time":1610331174,"event":{"mods":["AchievementEnabler","BaseMod","DeckTracker","Minty Spire (QoL Compilation)","Permanent Neow","Quick Restart","StSLib","SuperFastMode"],"gold_per_floor":[118,43,93,368,385,385,397,397,467,490,490,490,490,516,516,588,588,608,533,513,438,28,53,70,70,70,70,90,140,140,140,140,218,218,234,252,252,252,263,295,313,66,66,82,99,129,148,148,148,148,148,148,48,78,78],"floor_reached":56,"playtime":2856,"items_purged":["Strike_B","Strike_B","Defend_B"],"score":2407,"play_id":"9fb97978-9a37-46ab-82bf-93b4514b3831","local_time":"20210111111254","is_ascension_mode":true,"campfire_choices":[{"data":"Double Energy","floor":6.0,"key":"SMITH"},{"data":"Streamline","floor":8.0,"key":"SMITH"},{"data":"Hologram","floor":11.0,"key":"SMITH"},{"data":"Dualcast","floor":13.0,"key":"SMITH"},{"data":"Zap","floor":15.0,"key":"SMITH"},{"floor":27.0,"key":"REST"},{"floor":32.0,"key":"RECALL"},{"floor":49.0,"key":"REST"},{"floor":52.0,"key":"REST"}],"circlet_count":0,"master_deck":["AscendersBane","Defend_B","Zap+1","Dualcast+1","Double Energy+1","Hologram+1","Streamline+1","Fission+1","Seek+1","Cold Snap","Force Field+1","Auto Shields+1","Recycle+1","Skim+1","Seek+1","Coolheaded+1","Deep Breath+1","Finesse+1","Loop+1"],"relics":["Cracked Core","Juzu Bracelet","The Courier","Lantern","Toxic Egg 2","Fusion Hammer","OrangePellets","DataDisk","Sundial","Vajra","Omamori","Molten Egg 2","Cursed Key","Blood Vial","Orrery","Ice Cream","Oddly Smooth Stone","Cables"],"acts_visited":["Exordium","TheCity","TheBeyond","TheEnding"],"potions_floor_usage":[55,55],"damage_taken":[{"damage":0.0,"enemies":"2 Louse","floor":1.0,"turns":3.0},{"damage":14.0,"enemies":"Small Slimes","floor":5.0,"turns":3.0},{"damage":4.0,"enemies":"Cultist","floor":7.0,"turns":3.0},{"damage":9.0,"enemies":"Gremlin Nob","floor":14.0,"turns":3.0},{"damage":29.0,"enemies":"Hexaghost","floor":16.0,"turns":8.0},{"damage":23.0,"enemies":"3 Byrds","floor":18.0,"turns":5.0},{"damage":1.0,"enemies":"Slavers","floor":23.0,"turns":6.0},{"damage":0.0,"enemies":"Spheric Guardian","floor":24.0,"turns":1.0},{"damage":0.0,"enemies":"Chosen and Byrds","floor":28.0,"turns":2.0},{"damage":0.0,"enemies":"Champ","floor":33.0,"turns":1.0},{"damage":0.0,"enemies":"3 Darklings","floor":35.0,"turns":1.0},{"damage":0.0,"enemies":"3 Shapes","floor":36.0,"turns":1.0},{"damage":0.0,"enemies":"Spire Growth","floor":39.0,"turns":1.0},{"damage":0.0,"enemies":"Giant Head","floor":40.0,"turns":2.0},{"damage":0.0,"enemies":"4 Shapes","floor":41.0,"turns":1.0},{"damage":0.0,"enemies":"Transient","floor":44.0,"turns":2.0},{"damage":19.0,"enemies":"Jaw Worm Horde","floor":45.0,"turns":2.0},{"damage":0.0,"enemies":"Reptomancer","floor":46.0,"turns":1.0},{"damage":0.0,"enemies":"Maw","floor":47.0,"turns":1.0},{"damage":0.0,"enemies":"Donu and Deca","floor":50.0,"turns":1.0},{"damage":0.0,"enemies":"Shield and Spear","floor":54.0,"turns":1.0},{"damage":42,"enemies":"The Heart","floor":55,"turns":7}],"seed_played":"8464261861660808567","potions_obtained":[{"floor":7.0,"key":"EssenceOfSteel"},{"floor":14.0,"key":"FocusPotion"},{"floor":20.0,"key":"EssenceOfDarkness"},{"floor":38.0,"key":"Ancient Potion"},{"floor":47.0,"key":"SpeedPotion"}],"is_trial":false,"path_per_floor":["M","?","?","?","M","R","M","R","T","T","R","?","R","E","R","B",null,"M","?","?","?","$","E","M","?","T","R","M","?","?","?","R","B",null,"M","M","?","?","M","E","M","$","T","M","M","E","M","?","R","B",null,"R","$","E","B",null],"character_chosen":"DEFECT","items_purchased":["OrangePellets","DataDisk","Recycle+1","Skim+1","Sundial","Orrery","Ice Cream"],"campfire_rested":3,"item_purchase_floors":[22,22,22,22,22,42,42],"current_hp_per_floor":[64,64,57,57,43,43,39,39,39,39,39,39,39,30,30,1,54,31,31,31,31,31,30,30,30,30,51,51,51,51,51,51,51,66,66,66,56,56,56,56,58,58,58,60,43,45,47,47,68,70,71,71,71,71,29],"gold":78,"neow_bonus":"RANDOM_COMMON_RELIC","is_daily":false,"chose_seed":false,"campfire_upgraded":5,"win_rate":0.0,"timestamp":1610331174,"path_taken":["M","?","?","?","M","R","M","R","T","?","R","?","R","E","R","BOSS","M","?","?","?","?","E","M","?","T","R","M","?","?","?","R","BOSS","M","M","?","?","M","E","M","$","T","M","M","E","M","?","R","BOSS","R","$","E","BOSS"],"items_purchased_type":["Relic","Relic","Card","Card","Relic","Relic","Relic"],"build_version":"2020-12-22","purchased_purges":3,"victory":true,"max_hp_per_floor":[71,71,71,71,71,71,71,71,71,71,71,71,71,71,71,71,71,71,71,71,71,71,71,71,71,71,71,71,71,71,71,71,71,71,71,71,71,71,71,71,71,71,71,71,71,71,71,71,71,71,71,71,71,71,71],"card_choices":[{"not_picked":["Redo","Auto Shields"],"picked":"Double Energy","floor":1.0},{"not_picked":["Reprogram","Steam"],"picked":"Hologram","floor":5.0},{"not_picked":["Steam","Beam Cell"],"picked":"Streamline","floor":7.0},{"not_picked":["Force Field+1","Beam Cell"],"picked":"Fission+1","floor":14.0},{"not_picked":["Multi-Cast+1","Creative AI"],"picked":"Seek+1","floor":16.0},{"not_picked":["Hologram+1","Reinforced Body+1"],"picked":"Cold Snap","floor":18.0},{"not_picked":["Gash","Darkness+1"],"picked":"Seek+1","floor":23.0},{"not_picked":["Ball Lightning","Steam+1"],"picked":"Coolheaded+1","floor":24.0},{"not_picked":["Turbo+1","Sweeping Beam+1","Blizzard+1"],"picked":"SKIP","floor":28.0},{"not_picked":["Leap+1","Go for the Eyes+1","Force Field+1"],"picked":"SKIP","floor":35.0},{"not_picked":["Recycle+1","Cold Snap+1","Beam Cell+1"],"picked":"SKIP","floor":36.0},{"not_picked":["Thinking Ahead+1","Panache"],"picked":"Deep Breath+1","floor":37.0},{"not_picked":["Transmutation+1","Blind+1"],"picked":"Finesse+1","floor":37.0},{"not_picked":["Self Repair+1","Compile Driver+1","Sweeping Beam+1"],"picked":"SKIP","floor":39.0},{"not_picked":["Static Discharge+1","Consume+1","Turbo+1"],"picked":"SKIP","floor":40.0},{"not_picked":["Conserve Battery+1","Coolheaded+1","Beam Cell+1"],"picked":"SKIP","floor":41.0},{"not_picked":["Cold Snap+1","Gash+1"],"picked":"Loop+1","floor":42.0},{"not_picked":["Turbo+1","Streamline+1","Reprogram+1"],"picked":"SKIP","floor":44.0},{"not_picked":["Hologram+1","Defragment","Double Energy+1"],"picked":"SKIP","floor":45.0},{"not_picked":["Skim+1","Fission+1","Scrape+1"],"picked":"SKIP","floor":46.0},{"not_picked":["Coolheaded+1","BootSequence+1","Sweeping Beam+1"],"picked":"SKIP","floor":47.0},{"not_picked":["Force Field+1","Leap+1","Consume+1"],"picked":"SKIP","floor":54.0}],"player_experience":244598,"relics_obtained":[{"floor":9.0,"key":"The Courier"},{"floor":10.0,"key":"Lantern"},{"floor":14.0,"key":"Toxic Egg 2"},{"floor":23.0,"key":"Vajra"},{"floor":26.0,"key":"Molten Egg 2"},{"floor":40.0,"key":"Blood Vial"},{"floor":46.0,"key":"Oddly Smooth Stone"},{"floor":54.0,"key":"Cables"}],"event_choices":[{"cards_removed":["Strike_B"],"damage_healed":0.0,"max_hp_gain":0.0,"max_hp_loss":0.0,"gold_gain":0.0,"event_name":"The Cleric","player_choice":"Card Removal","floor":2.0,"gold_loss":75.0,"damage_taken":0.0},{"damage_healed":0.0,"max_hp_gain":0.0,"max_hp_loss":0.0,"gold_gain":50.0,"event_name":"FaceTrader","player_choice":"Touch","floor":3.0,"gold_loss":0.0,"damage_taken":7.0},{"damage_healed":0.0,"max_hp_gain":0.0,"max_hp_loss":0.0,"gold_gain":275.0,"event_name":"Golden Shrine","player_choice":"Desecrate","floor":4.0,"gold_loss":0.0,"damage_taken":0.0,"cards_obtained":["Regret"]},{"cards_removed":["Regret"],"damage_healed":0.0,"max_hp_gain":0.0,"max_hp_loss":0.0,"gold_gain":0.0,"event_name":"Fountain of Cleansing","player_choice":"Removed Curses","floor":12.0,"gold_loss":0.0,"damage_taken":0.0},{"cards_removed":["Strike_B"],"damage_healed":0.0,"max_hp_gain":0.0,"max_hp_loss":0.0,"gold_gain":0.0,"event_name":"Beggar","player_choice":"Gave Gold","floor":19.0,"gold_loss":75.0,"damage_taken":0.0},{"damage_healed":0.0,"max_hp_gain":0.0,"max_hp_loss":0.0,"gold_gain":0.0,"event_name":"The Woman in Blue","player_choice":"Bought 1 Potion","floor":20.0,"gold_loss":0.0,"damage_taken":0.0},{"damage_healed":0.0,"max_hp_gain":0.0,"max_hp_loss":0.0,"gold_gain":0.0,"cards_transformed":["Defend_B","Defend_B"],"event_name":"Designer","player_choice":"Transformed Cards","floor":21.0,"gold_loss":75.0,"damage_taken":0.0,"cards_obtained":["Force Field","Auto Shields"]},{"damage_healed":0.0,"max_hp_gain":0.0,"max_hp_loss":0.0,"gold_gain":0.0,"event_name":"Addict","player_choice":"Stole Relic","floor":25.0,"gold_loss":0.0,"damage_taken":0.0,"relics_obtained":["Omamori"],"cards_obtained":["Shame"]},{"damage_healed":0.0,"max_hp_gain":0.0,"max_hp_loss":0.0,"gold_gain":50.0,"event_name":"Nest","player_choice":"Stole From Cult","floor":29.0,"gold_loss":0.0,"damage_taken":0.0},{"cards_removed":["Shame"],"damage_healed":0.0,"max_hp_gain":0.0,"max_hp_loss":0.0,"gold_gain":0.0,"event_name":"Back to Basics","player_choice":"Elegance","floor":30.0,"gold_loss":0.0,"damage_taken":0.0},{"damage_healed":0.0,"max_hp_gain":0.0,"max_hp_loss":0.0,"gold_gain":0.0,"event_name":"Vampires","player_choice":"Ignored","floor":31.0,"gold_loss":0.0,"damage_taken":0.0},{"damage_healed":0.0,"max_hp_gain":0.0,"max_hp_loss":0.0,"gold_gain":0.0,"event_name":"SensoryStone","player_choice":"Memory 3","floor":37.0,"gold_loss":0.0,"damage_taken":10.0},{"damage_healed":0.0,"max_hp_gain":0.0,"max_hp_loss":0.0,"gold_gain":0.0,"event_name":"Lab","player_choice":"Got Potions","floor":38.0,"gold_loss":0.0,"damage_taken":0.0},{"damage_healed":0.0,"max_hp_gain":0.0,"max_hp_loss":0.0,"gold_gain":0.0,"event_name":"Tomb of Lord Red Mask","player_choice":"Ignored","floor":48.0,"gold_loss":0.0,"damage_taken":0.0}],"is_beta":false,"boss_relics":[{"not_picked":["Sozu","Runic Pyramid"],"picked":"Fusion Hammer"},{"not_picked":["SlaversCollar","Empty Cage"],"picked":"Cursed Key"}],"items_purged_floors":[22,42,53],"is_endless":false,"potions_floor_spawned":[7,14,24,40,41,44,47],"ascension_level":18}}