{"host":"lyzyr6cv4ove76ms","time":1610331090,"event":{"mods":["BaseMod","Colored Map","Infinite Spire","Minty Spire (QoL Compilation)","Replay The Spire","StSLib"],"gold_per_floor":[112,130,130,146,146,181,196,228,254,354,205,234,247,103,103,103,103],"floor_reached":16,"playtime":909,"items_purged":[],"score":126,"play_id":"ef298602-0de3-4b10-a29c-b48fba8bead3","local_time":"20210111031130","is_ascension_mode":true,"campfire_choices":[{"floor":15,"key":"REST"}],"circlet_count":0,"master_deck":["Strike_G","Strike_G","Strike_G","Strike_G","Strike_G","Defend_G","Defend_G","Defend_G","Defend_G","Defend_G","Survivor","Neutralize","Dagger Spray+1"],"relics":["Ring of the Snake","NeowsBlessing","Dream Catcher","infinitespire:PuzzleCube","Anchor","Sling","Replay:Mystery Machine","Vajra"],"acts_visited":["Exordium"],"potions_floor_usage":[6,12,12],"damage_taken":[{"damage":0,"enemies":"Small Slimes","floor":1,"turns":1},{"damage":0,"enemies":"Cultist","floor":2,"turns":1},{"damage":0,"enemies":"2 Louse","floor":4,"turns":1},{"damage":30,"enemies":"Gremlin Nob","floor":6,"turns":5},{"damage":0,"enemies":"Red Slaver","floor":7,"turns":4},{"damage":17,"enemies":"3 Sentries","floor":8,"turns":8},{"damage":14,"enemies":"Gremlin Nob","floor":12,"turns":3},{"damage":0,"enemies":"Looter","floor":13,"turns":3},{"damage":27,"enemies":"Hexaghost","floor":16,"turns":10}],"seed_played":"-9186710137821733346","potions_obtained":[{"floor":4,"key":"EntropicBrew"},{"floor":12,"key":"SteroidPotion"},{"floor":13,"key":"Reflective Coating"}],"is_trial":false,"path_per_floor":["M","M","?","M","?","E","M","E","T","?","$","E","M","$","R","B"],"character_chosen":"THE_SILENT","items_purchased":["Sling","Vajra"],"campfire_rested":1,"item_purchase_floors":[11,14],"current_hp_per_floor":[70,70,70,70,70,40,40,23,23,23,23,9,9,9,30,3,3],"gold":103,"neow_bonus":"THREE_ENEMY_KILL","is_daily":false,"chose_seed":false,"campfire_upgraded":0,"win_rate":0.0,"timestamp":1610331090,"path_taken":["M","M","?","?","?","E","?","E","T","?","$","E","?","$","R","BOSS"],"items_purchased_type":["Relic","Relic"],"build_version":"2020-12-22","purchased_purges":0,"victory":false,"max_hp_per_floor":[70,70,70,70,70,70,70,70,70,70,70,70,70,70,70,70,70],"card_choices":[{"not_picked":["Dagger Throw","Calculated Gamble"],"picked":"Dagger Spray","floor":1},{"not_picked":["Dagger Throw","ReplayTheSpireMod:Exploit Weakness","Escape Plan"],"picked":"SKIP","floor":2},{"not_picked":["Deflect","Setup","Acrobatics"],"picked":"SKIP","floor":4},{"not_picked":["ReplayTheSpireMod:Scrap Shanks","ReplayTheSpireMod:The Works","Sucker Punch"],"picked":"SKIP","floor":6},{"not_picked":["Hidden Blade","Catalyst","ReplayTheSpireMod:From All Sides"],"picked":"SKIP","floor":7},{"not_picked":["Sucker Punch","Dagger Spray","Choke"],"picked":"SKIP","floor":8},{"not_picked":["Acrobatics","Dagger Throw","PiercingWail"],"picked":"SKIP","floor":12},{"not_picked":["Sucker Punch","Outmaneuver","Underhanded Strike"],"picked":"SKIP","floor":13}],"player_experience":585649,"relics_obtained":[{"floor":6,"key":"Dream Catcher"},{"floor":8,"key":"infinitespire:PuzzleCube"},{"floor":9,"key":"Anchor"},{"floor":12,"key":"Replay:Mystery Machine"}],"event_choices":[{"damage_healed":0,"gold_gain":0,"player_choice":"Upgraded","damage_taken":0,"max_hp_gain":0,"max_hp_loss":0,"event_name":"Upgrade Shrine","floor":3,"gold_loss":0,"cards_upgraded":["Dagger Spray"]},{"damage_healed":0,"gold_gain":0,"player_choice":"0 cards matched","damage_taken":0,"max_hp_gain":0,"max_hp_loss":0,"event_name":"Match and Keep!","floor":5,"gold_loss":0,"cards_obtained":[]},{"damage_healed":0,"gold_gain":100,"player_choice":"Gold","damage_taken":0,"max_hp_gain":0,"max_hp_loss":0,"event_name":"Wheel of Change","floor":10,"gold_loss":0}],"is_beta":false,"boss_relics":[],"items_purged_floors":[],"is_endless":false,"potions_floor_spawned":[4,8,12,13],"killed_by":"Hexaghost","ascension_level":1}}