{"host":"lzzv50t0ea3gz1kk","time":1610354183,"event":{"mods":["Act Like it!","BaseMod","Downfall","Gensokyo","Hallownest","Hermit","Marisa£®ÏF”Í°°ƒß¿Ì…≥£©","Minty Spire (QoL Compilation)","Replay The Spire","StSLib","The Animator","The Bug Knight","The Marked"],"gold_per_floor":[113,113,54,69,86,86,183,201,224,224,253,272,283,295,295,391,391,408,408,418,438,438,438],"floor_reached":22,"playtime":2864,"items_purged":[],"score":190,"play_id":"397d5b4c-7985-4edb-a26a-ece98721f967","local_time":"20210111163623","is_ascension_mode":false,"campfire_choices":[{"data":"theMarked:ComboAttacks","floor":6,"key":"SMITH"},{"floor":10,"key":"REST"},{"floor":15,"key":"REST"}],"circlet_count":0,"master_deck":["theMarked:Strike","theMarked:Strike","theMarked:Strike","theMarked:Defend","theMarked:Defend","theMarked:Defend","theMarked:SoldierOfQuellstein","theMarked:EmpowerWeapon","theMarked:ComboAttacks+1","theMarked:ElementalBlade","theMarked:Aftermath","theMarked:HeightenedSenses","theMarked:EternalStudent","theMarked:Indomitable+1","theMarked:LightningStrikesTwice"],"relics":["theMarked:ArtifactOfAir","MealTicket","HollowMod:PaleOreRelic","FossilizedHelix","Empty Cage"],"acts_visited":["Exordium","TheCity"],"potions_floor_usage":[11,14,18],"damage_taken":[{"damage":4,"enemies":"Jaw Worm","floor":1,"turns":5},{"damage":1,"enemies":"Cultist","floor":4,"turns":3},{"damage":5,"enemies":"Small Slimes","floor":5,"turns":3},{"damage":17,"enemies":"Gremlin Gang","floor":8,"turns":6},{"damage":16,"enemies":"Lagavulin","floor":11,"turns":5},{"damage":4,"enemies":"Exordium Wildlife","floor":12,"turns":4},{"damage":0,"enemies":"3 Louse","floor":13,"turns":2},{"damage":0,"enemies":"Looter","floor":14,"turns":3},{"damage":42,"enemies":"Fading Forest","floor":16,"turns":11},{"damage":0,"enemies":"Spheric Guardian","floor":18,"turns":3},{"damage":39,"enemies":"Centurion and Healer","floor":20,"turns":6},{"damage":16,"enemies":"Cultist and Chosen","floor":21,"turns":5},{"damage":32,"enemies":"Chosen and Byrds","floor":22,"turns":5}],"seed_played":"-1021544128787275773","potions_obtained":[{"floor":5,"key":"Energy Potion"},{"floor":12,"key":"Swift Potion"},{"floor":13,"key":"Swift Potion"},{"floor":20,"key":"Fire Potion"}],"is_trial":false,"path_per_floor":["M","$","?","M","M","R","?","M","T","R","E","M","M","M","R","B",null,"M","?","M","M","M"],"character_chosen":"THE_DEFAULT","items_purchased":[],"campfire_rested":2,"item_purchase_floors":[],"current_hp_per_floor":[73,73,73,72,67,67,37,20,20,43,27,23,23,23,46,14,77,77,77,38,22,0,0],"gold":438,"neow_bonus":"TEN_PERCENT_HP_BONUS","is_daily":false,"chose_seed":false,"campfire_upgraded":1,"win_rate":0.0,"timestamp":1610354183,"path_taken":["M","$","?","M","?","R","?","M","T","R","E","?","M","M","R","BOSS","M","?","M","?","M"],"items_purchased_type":[],"build_version":"2020-12-22","purchased_purges":0,"victory":false,"max_hp_per_floor":[77,77,77,77,77,77,77,77,77,77,77,77,77,77,77,77,77,77,77,77,77,77,77],"card_choices":[{"not_picked":["theMarked:RepellingDischarge","theMarked:PowerFlow"],"picked":"theMarked:EmpowerWeapon","floor":1},{"not_picked":["theMarked:ShockingTouch","theMarked:WastefulAttack"],"picked":"theMarked:ComboAttacks","floor":4},{"not_picked":["theMarked:AttractMetal","theMarked:EmpowerWeapon"],"picked":"theMarked:ElementalBlade","floor":5},{"not_picked":["theMarked:WardOff","theMarked:Frustration"],"picked":"theMarked:Aftermath","floor":7},{"not_picked":["theMarked:MysticalArsenal","theMarked:StartUp"],"picked":"theMarked:HeightenedSenses","floor":7},{"not_picked":["theMarked:Aftermath","theMarked:ComboAttacks","theMarked:Static"],"picked":"SKIP","floor":8},{"not_picked":["theMarked:ThrowWeapon","theMarked:TwofoldDefense"],"picked":"theMarked:EternalStudent","floor":11},{"not_picked":["theMarked:HeightenedSenses","theMarked:Polarize","theMarked:Improvise"],"picked":"SKIP","floor":12},{"not_picked":["theMarked:Aftermath","theMarked:ReduceFriction","theMarked:BanishingStrike"],"picked":"SKIP","floor":13},{"not_picked":["theMarked:BanishingStrike","theMarked:ElectricStrings","theMarked:Overthink"],"picked":"SKIP","floor":14},{"not_picked":["theMarked:Standoff","theMarked:WardOff"],"picked":"theMarked:Indomitable+1","floor":18},{"not_picked":["theMarked:BanishingStrike+1","theMarked:HeritageOfTheMarked","theMarked:Aftermath"],"picked":"SKIP","floor":20},{"not_picked":["theMarked:Improvise","theMarked:Aftermath+1","theMarked:ResourceFulStrike"],"picked":"SKIP","floor":21}],"player_experience":371641,"relics_obtained":[{"floor":9,"key":"HollowMod:PaleOreRelic"},{"floor":11,"key":"FossilizedHelix"}],"event_choices":[{"damage_healed":0,"gold_gain":0,"player_choice":"Paid Gold","damage_taken":0,"relics_obtained":["MealTicket"],"max_hp_gain":0,"max_hp_loss":0,"event_name":"WeMeetAgain","floor":3,"gold_loss":59},{"damage_healed":0,"gold_gain":0,"cards_transformed":["theMarked:Defend"],"player_choice":"Transformed","damage_taken":0,"max_hp_gain":0,"max_hp_loss":0,"event_name":"Transmorgrifier","floor":19,"gold_loss":0,"cards_obtained":["theMarked:LightningStrikesTwice"]}],"is_beta":false,"boss_relics":[{"not_picked":["Sozu","Busted Crown"],"picked":"Empty Cage"}],"items_purged_floors":[],"is_endless":false,"potions_floor_spawned":[5,12,13,20],"killed_by":"Chosen and Byrds","ascension_level":0}}