{"host":"fjaupvxe7fzqrf4j","time":1610349663,"event":{"mods":["ATMod(°¢èªMod)","BaseMod","Minty Spire (QoL Compilation)","StSLib"],"gold_per_floor":[111,186,186,186,21,49,82,114,114,114,148,183,213,213,213,292,292,305,305,305,329,329,356,383,417,417,445,477,69,195,327,327,504,504,524,577,158,158,33,160,160,294,366,293,419,549,674,689,689,889,989,989,989,206,436,536],"floor_reached":57,"playtime":907,"items_purged":["Prepared","Dagger Throw","Underhanded Strike"],"score":4761,"play_id":"66aef636-6f20-425d-8078-188451754d0e","local_time":"20210111152103","daily_mods":["SealedDeck","Heirloom","Time Dilation","Flight","Elite Swarm"],"is_ascension_mode":true,"campfire_choices":[{"data":"AT_ShadowStep","floor":10.0,"key":"SMITH"},{"data":"Grand Finale","floor":15.0,"key":"SMITH"},{"floor":32,"key":"RECALL"},{"data":"Adrenaline","floor":41,"key":"SMITH"},{"data":"Expertise","floor":49,"key":"SMITH"},{"data":"Acrobatics","floor":53,"key":"SMITH"}],"circlet_count":0,"master_deck":["AscendersBane","Acrobatics+1","Eviscerate","Expertise+1","Prepared+1","Backflip+1","AT_ShadowStep+1","Grand Finale+1","After Image","Adrenaline+1","Doppelganger"],"relics":["Ring of the Snake","AT_ATBox","AT_Manta","AT_RedNoBalance","Gambling Chip","StrikeDummy","Meat on the Bone","AT_EbonyIvory","Juzu Bracelet","HoveringKite","MutagenicStrength","Lantern","Enchiridion","Bronze Scales","Pocketwatch","Torii","TungstenRod","Anchor","AT_TheCollector","Omamori","Strawberry","Unceasing Top","FossilizedHelix","SacredBark","AT_LudenTempest","Bag of Marbles","Chemical X","Ginger","AT_ChloranthyRing","Pantograph","AT_ImmortalShieldbow","Orichalcum","The Specimen","Oddly Smooth Stone","Medical Kit","AT_ArchangelStaff","HornCleat","War Paint"],"acts_visited":["Exordium","TheCity","TheBeyond","TheEnding"],"potions_floor_usage":[54,56,56],"damage_taken":[{"damage":0.0,"enemies":"2 Louse","floor":1.0,"turns":1.0},{"damage":0.0,"enemies":"3 Sentries","floor":6.0,"turns":1.0},{"damage":0.0,"enemies":"Lagavulin","floor":7.0,"turns":1.0},{"damage":0.0,"enemies":"Gremlin Nob","floor":8.0,"turns":1.0},{"damage":0.0,"enemies":"3 Sentries","floor":11.0,"turns":1.0},{"damage":0.0,"enemies":"Gremlin Nob","floor":12.0,"turns":1.0},{"damage":0.0,"enemies":"3 Sentries","floor":13.0,"turns":1.0},{"damage":0.0,"enemies":"Hexaghost","floor":16.0,"turns":1.0},{"damage":0.0,"enemies":"3 Byrds","floor":18.0,"turns":1.0},{"damage":0.0,"enemies":"Slavers","floor":23.0,"turns":1.0},{"damage":0.0,"enemies":"Book of Stabbing","floor":24.0,"turns":1.0},{"damage":0.0,"enemies":"Slavers","floor":25.0,"turns":1.0},{"damage":0.0,"enemies":"Gremlin Leader","floor":27.0,"turns":1.0},{"damage":0.0,"enemies":"Slavers","floor":28.0,"turns":1.0},{"damage":0,"enemies":"Gremlin Leader","floor":30,"turns":1},{"damage":0,"enemies":"Book of Stabbing","floor":31,"turns":1},{"damage":0,"enemies":"Automaton","floor":33,"turns":1},{"damage":0,"enemies":"Orb Walker","floor":35,"turns":1},{"damage":0,"enemies":"2 Orb Walkers","floor":36,"turns":1},{"damage":0,"enemies":"Nemesis","floor":40,"turns":1},{"damage":0,"enemies":"Reptomancer","floor":42,"turns":1},{"damage":0,"enemies":"Giant Head","floor":45,"turns":1},{"damage":0,"enemies":"Reptomancer","floor":46,"turns":1},{"damage":0,"enemies":"Nemesis","floor":47,"turns":1},{"damage":0,"enemies":"3 Shapes","floor":48,"turns":1},{"damage":0,"enemies":"Donu and Deca","floor":50,"turns":1},{"damage":0,"enemies":"Time Eater","floor":51,"turns":1},{"damage":0,"enemies":"Shield and Spear","floor":55,"turns":1},{"damage":0,"enemies":"The Heart","floor":56,"turns":4}],"seed_played":"7486842473409604102","potions_obtained":[{"floor":1.0,"key":"Fire Potion"},{"floor":8.0,"key":"BlessingOfTheForge"},{"floor":31,"key":"DuplicationPotion"}],"is_trial":true,"path_per_floor":["M","?","?","?","$","E","E","E","T","R","E","E","E","?","R","B",null,"M","?","?","T","?","E","E","E","T","E","E","$","E","E","R","B",null,"M","?","$","?","$","E","R","E","T","?","E","E","E","M","R","B","B",null,"R","$","E","B",null],"character_chosen":"THE_SILENT","items_purchased":["Grand Finale","Omamori","Strawberry","Bag of Marbles","Chemical X","Medical Kit","Fruit Juice","DistilledChaos","AT_ArchangelStaff","HornCleat"],"campfire_rested":0,"item_purchase_floors":[5,29,29,37,37,54,54,54,54,54],"current_hp_per_floor":[59,48,41,46,46,46,33,33,33,33,33,45,45,50,50,47,65,47,47,47,47,26,38,38,38,38,38,38,45,45,45,45,45,70,70,70,70,70,70,70,70,70,70,70,70,70,70,70,70,78,78,78,78,88,88,88],"gold":536,"neow_bonus":"","is_daily":false,"chose_seed":false,"campfire_upgraded":5,"win_rate":0.0,"timestamp":1610349663,"path_taken":["M","?","?","?","$","E","E","E","T","R","E","E","E","?","R","BOSS","M","?","?","?","?","E","E","E","T","E","E","$","E","E","R","BOSS","M","?","$","?","?","E","R","E","T","?","E","E","E","M","R","BOSS","BOSS","R","$","E","BOSS"],"items_purchased_type":["Card","Relic","Relic","Relic","Relic","Relic","Potion","Potion","Relic","Relic"],"build_version":"2020-12-22","purchased_purges":3,"victory":true,"max_hp_per_floor":[66,66,66,66,66,66,66,66,66,66,66,66,66,71,71,71,71,71,71,71,71,71,71,71,71,71,71,71,78,78,78,78,78,78,78,78,78,78,78,78,78,78,78,78,78,78,78,78,78,78,78,78,78,88,88,88],"card_choices":[{"not_picked":["Underhanded Strike","Bane"],"picked":"AT_ShadowStep","floor":1.0},{"not_picked":["AT_MyraUnstableElement","AT_EssenceShift","Malaise"],"picked":"SKIP","floor":6.0},{"not_picked":["Bullet Time","Envenom","Unload"],"picked":"SKIP","floor":7.0},{"not_picked":["AT_MyraUnstableElement","AT_EssenceShift","Malaise"],"picked":"SKIP","floor":8.0},{"not_picked":["Glass Knife","Storm of Steel","Die Die Die"],"picked":"SKIP","floor":11.0},{"not_picked":["Grand Finale","Tools of the Trade","AT_KingSlayer"],"picked":"SKIP","floor":12.0},{"not_picked":["Envenom","Unload","Grand Finale"],"picked":"SKIP","floor":13.0},{"not_picked":["Cloak And Dagger","Quick Slash","Dodge and Roll+1"],"picked":"SKIP","floor":18.0},{"not_picked":["AT_MyraUnstableElement","Storm of Steel"],"picked":"After Image","floor":23.0},{"not_picked":["Storm of Steel","AT_MyraUnstableElement","A Thousand Cuts"],"picked":"SKIP","floor":24.0},{"not_picked":["Envenom","Night Terror"],"picked":"Adrenaline","floor":25.0},{"not_picked":["Die Die Die","Unload","AT_KingSlayer"],"picked":"SKIP","floor":27.0},{"not_picked":["Envenom","A Thousand Cuts","Venomology"],"picked":"SKIP","floor":28.0},{"not_picked":["Corpse Explosion","Burst","Storm of Steel"],"picked":"SKIP","floor":30},{"not_picked":["Venomology","Unload","Wraith Form v2"],"picked":"SKIP","floor":31},{"not_picked":["Underhanded Strike+1","Acrobatics","Catalyst+1"],"picked":"SKIP","floor":35},{"not_picked":["AT_EssenceShift","Malaise","A Thousand Cuts"],"picked":"SKIP","floor":40},{"not_picked":["Unload","AT_KingSlayer","AT_EssenceShift"],"picked":"SKIP","floor":42},{"not_picked":["Wraith Form v2","Malaise","Unload"],"picked":"SKIP","floor":45},{"not_picked":["AT_EssenceShift","After Image","AT_KingSlayer"],"picked":"SKIP","floor":46},{"not_picked":["After Image","Grand Finale","Glass Knife"],"picked":"SKIP","floor":47},{"not_picked":["Prepared","Acrobatics","Cloak And Dagger"],"picked":"SKIP","floor":48},{"not_picked":["Tools of the Trade","Night Terror"],"picked":"Doppelganger","floor":55}],"player_experience":393556,"relics_obtained":[{"floor":6.0,"key":"AT_SilverBalance"},{"floor":7.0,"key":"Gambling Chip"},{"floor":8.0,"key":"StrikeDummy"},{"floor":11.0,"key":"Meat on the Bone"},{"floor":12.0,"key":"AT_EbonyIvory"},{"floor":13.0,"key":"Juzu Bracelet"},{"floor":21.0,"key":"Lantern"},{"floor":22.0,"key":"Enchiridion"},{"floor":23.0,"key":"Bronze Scales"},{"floor":24.0,"key":"Pocketwatch"},{"floor":25.0,"key":"Torii"},{"floor":26.0,"key":"TungstenRod"},{"floor":27.0,"key":"Anchor"},{"floor":28.0,"key":"AT_TheCollector"},{"floor":30,"key":"Unceasing Top"},{"floor":31,"key":"FossilizedHelix"},{"floor":36,"key":"AT_LudenTempest"},{"floor":40,"key":"Ginger"},{"floor":42,"key":"AT_ChloranthyRing"},{"floor":43,"key":"Pantograph"},{"floor":45,"key":"Orichalcum"},{"floor":46,"key":"The Specimen"},{"floor":47,"key":"Oddly Smooth Stone"},{"floor":55,"key":"War Paint"}],"event_choices":[{"damage_healed":0.0,"max_hp_gain":0.0,"max_hp_loss":0.0,"gold_gain":75.0,"event_name":"World of Goop","player_choice":"Gather Gold","floor":2.0,"gold_loss":0.0,"damage_taken":11.0},{"cards_removed":["Quick Slash"],"damage_healed":0.0,"max_hp_gain":0.0,"max_hp_loss":0.0,"gold_gain":0.0,"event_name":"Golden Wing","player_choice":"Card Removal","floor":3.0,"gold_loss":0.0,"damage_taken":7.0},{"cards_removed":["Backflip"],"damage_healed":5.0,"max_hp_gain":0.0,"max_hp_loss":0.0,"gold_gain":0.0,"event_name":"Bonfire Elementals","player_choice":"Offered Common","floor":4.0,"gold_loss":0.0,"damage_taken":0.0},{"cards_removed":["Backflip"],"damage_healed":5.0,"max_hp_gain":0.0,"max_hp_loss":0.0,"gold_gain":0.0,"event_name":"Bonfire Elementals","player_choice":"Offered Special","floor":4.0,"gold_loss":0.0,"damage_taken":0.0},{"damage_healed":0.0,"max_hp_gain":5.0,"max_hp_loss":0.0,"gold_gain":0.0,"event_name":"Big Fish","player_choice":"Donut","floor":14.0,"gold_loss":0.0,"damage_taken":0.0},{"damage_healed":0.0,"max_hp_gain":0.0,"max_hp_loss":0.0,"gold_gain":0.0,"event_name":"Drug Dealer","player_choice":"Inject Mutagens","floor":19.0,"gold_loss":0.0,"damage_taken":0.0,"relics_obtained":["MutagenicStrength"]},{"damage_healed":0.0,"max_hp_gain":0.0,"max_hp_loss":0.0,"gold_gain":0.0,"event_name":"Vampires","player_choice":"Ignored","floor":20.0,"gold_loss":0.0,"damage_taken":0.0},{"damage_healed":0.0,"max_hp_gain":0.0,"max_hp_loss":0.0,"gold_gain":0.0,"event_name":"Cursed Tome","player_choice":"Obtained Book","floor":22.0,"gold_loss":0.0,"damage_taken":21.0},{"damage_healed":0,"gold_gain":0,"player_choice":"Fight","damage_taken":0,"max_hp_gain":0,"max_hp_loss":0,"event_name":"Mysterious Sphere","floor":36,"gold_loss":0},{"damage_healed":0,"gold_gain":0,"player_choice":"Ignored","damage_taken":0,"max_hp_gain":0,"max_hp_loss":0,"event_name":"Tomb of Lord Red Mask","floor":38,"gold_loss":0},{"damage_healed":0,"gold_gain":0,"player_choice":"Paid Gold","damage_taken":0,"relics_obtained":["AT_ImmortalShieldbow"],"max_hp_gain":0,"max_hp_loss":0,"event_name":"WeMeetAgain","floor":44,"gold_loss":73}],"is_beta":false,"boss_relics":[{"not_picked":["Cursed Key","Busted Crown"],"picked":"HoveringKite"},{"not_picked":["Tiny House","WristBlade"],"picked":"SacredBark"}],"items_purged_floors":[29,37,39],"is_endless":false,"potions_floor_spawned":[1,8,12,13,16,18,23,25,27,31,33,42,45,46,47],"ascension_level":20}}