{"host":"38maufg2dcy7va3m","time":1610342279,"event":{"mods":["Act Like it!","BaseMod","Downfall","GifTheSpireLib","Hubris","Infinite Spire","Minty Spire (QoL Compilation)","Replay The Spire","StSLib","The Construct","The Cursed","The Hierophant","The Necromancer","The Poker Player","The Runesmith","everything is the same but u backflip on backflip"],"gold_per_floor":[114,129,129,129,140,140,152,152,233,233,252,252,267,43,43,141,141,151,164,164,164,15,15,42,42,67,92,92,92,106,106,106,204,204,217,229,146,146,157,157,184,184,210,210,237,251,108,119,119,119],"floor_reached":51,"playtime":2595,"items_purged":["Looming Evil"],"score":683,"play_id":"1bc55c28-d828-4671-8419-0f8324e42fb9","local_time":"20210110211759","is_ascension_mode":false,"campfire_choices":[{"data":"Bone_Wall","floor":6,"key":"SMITH"},{"data":"Thousand_Bone_Knives","floor":6,"key":"SMITH"},{"data":"Bone_Spikes","floor":8,"key":"SMITH"},{"data":"Negative_Energy_Arrows","floor":8,"key":"SMITH"},{"data":"Discovery","floor":15,"key":"SMITH"},{"data":"Negative_Energy_Mist","floor":15,"key":"SMITH"},{"data":"Cloudkill","floor":23,"key":"SMITH"},{"data":"Bone_Armor","floor":23,"key":"SMITH"},{"data":"Deaths_Shadow","floor":25,"key":"SMITH"},{"data":"Siphon_Strength","floor":25,"key":"SMITH"},{"data":"Summon_Undead_Army","floor":29,"key":"SMITH"},{"floor":32,"key":"REST"},{"data":"Toxic_Smoke_Screen","floor":40,"key":"SMITH"},{"data":"infinitespire:Starlight","floor":40,"key":"SMITH"},{"data":"Bone_Bullets","floor":42,"key":"SMITH"},{"data":"Negative_Energy_Shield","floor":42,"key":"SMITH"},{"data":"Uncharnel","floor":49,"key":"SMITH"},{"data":"Negative_Energy_Burst","floor":49,"key":"SMITH"}],"circlet_count":0,"master_deck":["Strike_W+1","Strike_W+1","Strike_W+1","Strike_W+1","Defend_W+1","Defend_W+1","Defend_W+1","Defend_W+1","Negative_Energy_Arrows+1","Bone_Wall+1","Negative_Energy_Mist+1","Death_Coil+1","Thousand_Bone_Knives+1","Bone_Spikes+1","Siphon_Strength+1","Deaths_Shadow+1","Negative_Energy_Burst+1","Discovery+1","Cloudkill+1","Bone_Armor+1","Vampiric_Strike+1","Summon_Undead_Army+1","Bone_Bullets+1","infinitespire:Starlight+1","Hellfire","Toxic_Smoke_Screen+1","Flesh_Made_Foul+1","Shackles_Of_Pain","Summon_Undead_Army","Negative_Energy_Burst+1","Negative_Energy_Shield+1","Blood_Curse+1","Uncharnel+1"],"relics":["Vampire_Amulet","NeowsBlessing","Replay:Arrowhead","Quantum Egg","Ring of Peace","ReplayTheSpireMod:Ring of Challenge","SacredBark","hubris:Icosahedron","TheAbacus","Omamori","Ancient Tea Set","hubris:FunFungus","Velvet Choker","Incense Burner","Nunchaku","Orichalcum","Sling"],"acts_visited":["Exordium","TheCity","TheBeyond"],"potions_floor_usage":[16,18,19,27,41,46,50],"damage_taken":[{"damage":0,"enemies":"2 Louse","floor":1,"turns":1},{"damage":0,"enemies":"Jaw Worm","floor":2,"turns":1},{"damage":0,"enemies":"Small Slimes","floor":5,"turns":1},{"damage":3,"enemies":"2 Fungi Beasts","floor":7,"turns":3},{"damage":5,"enemies":"Blue Slaver","floor":11,"turns":3},{"damage":0,"enemies":"Red Slaver","floor":13,"turns":4},{"damage":38,"enemies":"Fading Forest","floor":16,"turns":11},{"damage":2,"enemies":"Chosen","floor":18,"turns":6},{"damage":5,"enemies":"2 Thieves","floor":19,"turns":4},{"damage":19,"enemies":"Slavers","floor":27,"turns":7},{"damage":13,"enemies":"3 Cultists","floor":30,"turns":4},{"damage":79,"enemies":"Collector","floor":33,"turns":11},{"damage":0,"enemies":"Orb Walker","floor":35,"turns":4},{"damage":25,"enemies":"3 Darklings","floor":36,"turns":5},{"damage":32,"enemies":"Spire Growth","floor":39,"turns":5},{"damage":3,"enemies":"R_Hoarder","floor":41,"turns":9},{"damage":0,"enemies":"Jaw Worm Horde","floor":46,"turns":5},{"damage":0,"enemies":"4 Shapes","floor":48,"turns":4},{"damage":69,"enemies":"Time Eater","floor":50,"turns":11}],"seed_played":"5674334488622993920","potions_obtained":[{"floor":11,"key":"Block Potion"},{"floor":13,"key":"FearPotion"},{"floor":16,"key":"Explosive Potion"},{"floor":19,"key":"LiquidMemories"},{"floor":33,"key":"FairyPotion"},{"floor":39,"key":"SkillPotion"},{"floor":41,"key":"AttackPotion"},{"floor":46,"key":"SteroidPotion"}],"is_trial":false,"path_per_floor":["M","M","?","T","M","R","M","R","T","?","M","?","M","$","R","B",null,"M","M","?","?","$","R","T","R","T","E","?","R","M","AVR","R","B",null,"M","M","$","?","M","R","E","R","T","?","T","M","$","M","R","B",null],"character_chosen":"NECROMANCER","items_purchased":["Negative_Energy_Burst+1","Discovery","TheAbacus","Shackles_Of_Pain","Summon_Undead_Army","Sling"],"campfire_rested":1,"item_purchase_floors":[14,14,22,37,37,47],"current_hp_per_floor":[75,75,75,75,75,75,74,74,74,74,71,71,73,73,73,63,75,75,72,72,72,72,72,72,72,72,59,59,59,52,52,74,16,75,75,62,62,62,46,46,63,63,63,63,63,75,75,75,75,31],"gold":119,"neow_bonus":"THREE_ENEMY_KILL","is_daily":false,"chose_seed":false,"campfire_upgraded":17,"win_rate":0.0,"timestamp":1610342279,"path_taken":["M","M","?","?","M","R","M","R","T","?","M","?","?","$","R","BOSS","M","M","?","?","$","R","?","R","T","E","?","R","?","AVR","R","BOSS","M","M","$","?","M","R","E","R","T","?","?","M","$","M","R","BOSS"],"items_purchased_type":["Card","Card","Relic","Card","Card","Relic"],"build_version":"2020-12-22","purchased_purges":1,"victory":true,"max_hp_per_floor":[75,75,75,75,75,75,75,75,75,75,75,75,75,75,75,75,75,75,75,75,75,75,75,75,75,75,75,75,75,75,75,75,75,75,75,75,75,75,75,75,75,75,75,75,75,75,75,75,75,75],"card_choices":[{"not_picked":["Bone_Shift","Bone_Armory"],"picked":"Negative_Energy_Mist","floor":1},{"not_picked":["Siphon_Strength","Corrupt"],"picked":"Death_Coil","floor":2},{"not_picked":["Negative_Energy_Shield","Epidemic"],"picked":"Thousand_Bone_Knives","floor":5},{"not_picked":["Life_Tap","Negative_Energy_Shield"],"picked":"Bone_Spikes","floor":7},{"not_picked":["Negative_Energy_Mist","Epidemic"],"picked":"Siphon_Strength","floor":11},{"not_picked":["Bone_Shift","Bone_Spikes"],"picked":"Deaths_Shadow","floor":13},{"not_picked":["Skeleton_Dragon","Blood_Wake"],"picked":"Cloudkill","floor":16},{"not_picked":["Stop_Heart","Epidemic","Corrupt+1"],"picked":"SKIP","floor":18},{"not_picked":["Death_Knell","Necromantic_Selection"],"picked":"Bone_Armor","floor":19},{"not_picked":["Bone_Shift","Death_March_Dance"],"picked":"Vampiric_Strike+1","floor":27},{"not_picked":["Exploit","Uncharnel+1"],"picked":"Bone_Bullets","floor":30},{"not_picked":["Requiem","Skeleton_Dragon"],"picked":"Hellfire","floor":33},{"not_picked":["Scare","Uncharnel"],"picked":"Toxic_Smoke_Screen","floor":35},{"not_picked":["Consume_Illness","Chill_Blood+1"],"picked":"Flesh_Made_Foul+1","floor":36},{"not_picked":["Vampiric_Strike+1","Death_Coil"],"picked":"Negative_Energy_Burst","floor":39},{"not_picked":["Epidemic+1","Deaths_Shadow"],"picked":"Negative_Energy_Shield","floor":41},{"not_picked":["Consume_Illness+1","Negative_Energy_Javelin"],"picked":"Blood_Curse+1","floor":46},{"not_picked":["Negative_Energy_Bomb","Stop_Heart+1"],"picked":"Uncharnel","floor":48}],"player_experience":241524,"relics_obtained":[{"floor":4,"key":"Replay:Arrowhead"},{"floor":9,"key":"Quantum Egg"},{"floor":12,"key":"Ring of Peace"},{"floor":12,"key":"ReplayTheSpireMod:Ring of Challenge"},{"floor":24,"key":"Omamori"},{"floor":26,"key":"Ancient Tea Set"},{"floor":27,"key":"hubris:FunFungus"},{"floor":41,"key":"Incense Burner"},{"floor":43,"key":"Nunchaku"},{"floor":45,"key":"Orichalcum"}],"event_choices":[{"damage_healed":0,"gold_gain":0,"player_choice":"Grow","damage_taken":0,"max_hp_gain":0,"max_hp_loss":0,"event_name":"Living Wall","floor":3,"gold_loss":0,"cards_upgraded":["Death_Coil"]},{"damage_healed":0,"gold_gain":0,"player_choice":"Simplicity","damage_taken":0,"max_hp_gain":0,"max_hp_loss":0,"event_name":"Back to Basics","floor":21,"gold_loss":0,"cards_upgraded":["Strike_W","Strike_W","Strike_W","Defend_W","Defend_W","Defend_W","Defend_W"]},{"damage_healed":0,"gold_gain":0,"player_choice":"Read","damage_taken":0,"max_hp_gain":0,"max_hp_loss":0,"event_name":"The Library","floor":28,"gold_loss":0,"cards_obtained":["Summon_Undead_Army"]},{"damage_healed":0,"gold_gain":0,"player_choice":"Ignored","damage_taken":0,"max_hp_gain":0,"max_hp_loss":0,"event_name":"Mysterious Sphere","floor":38,"gold_loss":0},{"damage_healed":0,"gold_gain":0,"player_choice":"Ignored","damage_taken":0,"max_hp_gain":0,"max_hp_loss":0,"event_name":"Tomb of Lord Red Mask","floor":44,"gold_loss":0}],"is_beta":false,"boss_relics":[{"not_picked":["Runesmith:UraniumAnvil","Replay:Grab Bag"],"picked":"SacredBark"},{"not_picked":["hubris:RunicObelisk","Runic Pyramid"],"picked":"Velvet Choker"}],"items_purged_floors":[14],"is_endless":false,"potions_floor_spawned":[11,13,16,19,33,39,41,46],"ascension_level":0}}