{"host":"fhq3k2nq5elnbks3","time":1610326096,"event":{"mods":["100% Spire Juice","2.2 Compatiblity","AchievementEnabler","Act Like it!","AlwaysNeverKeys","Aspiration","BaseMod","Better-Laid Plans","Block Reminder","CCEM","Card Filter","Colored Powertips","Displayed Cursed Tome","GifTheSpireLib","Gremlin Skip","HololiveMod","Lobotomy","LobotomyExtend","Marisa????????","Minty Spire (QoL Compilation)","Permanent Neow","Prisma Mod","Quick Restart","Reimu??????","Relic Filter","Shop Mod","Spikes Relics","StSLib","SuperFastMode","The Animator","The Gatherer","The Wild Card","TheBandit","Transform Curses","Uncapped","Unknown Chances","thorton","vexMod"],"gold_per_floor":[114,127,127,142,157,157,176,190,190,206,240,258,258,277,277,218,218,218,7,7],"floor_reached":19,"playtime":4161,"items_purged":[],"score":198,"play_id":"34dfa6ca-13df-4995-84b6-030ca724a5cd","local_time":"20210110184816","is_ascension_mode":false,"campfire_choices":[{"data":"NonDirectionalLaser","floor":6,"key":"SMITH"},{"data":"PropBag","floor":13,"key":"SMITH"},{"data":"UpSweep","floor":15,"key":"SMITH"}],"circlet_count":0,"master_deck":["Strike_MRS","Strike_MRS","Strike_MRS","Strike_MRS","Defend_MRS","Defend_MRS","Defend_MRS","Defend_MRS","MasterSpark","UpSweep+1","Freischutz","6A","Bloodbath","OSAHOGD","NonDirectionalLaser+1","Funeral","GalaxyChild","NakedNest","FairyFestival","HeroicMonk","DreamingCurrent","Scarecrow","Mercenary"],"relics":["MiniHakkero","CogitoBucket","RabbitCall","LetterFromLob","LuminousBracelet","ZombieTooth","Pantograph","aspiration:SilentSkillbook","Moonlight_r"],"acts_visited":["Exordium","TheCity"],"potions_floor_usage":[8,8,16,16],"damage_taken":[{"damage":6,"enemies":"Cultist","floor":1,"turns":3},{"damage":0,"enemies":"Small Slimes","floor":2,"turns":4},{"damage":0,"enemies":"2 Louse","floor":4,"turns":2},{"damage":25,"enemies":"Exordium Wildlife","floor":5,"turns":5},{"damage":5,"enemies":"Looter","floor":7,"turns":3},{"damage":20,"enemies":"Large Slime","floor":8,"turns":9},{"damage":5,"enemies":"Lots of Slimes","floor":10,"turns":3},{"damage":29,"enemies":"Lagavulin","floor":11,"turns":7},{"damage":12,"enemies":"3 Louse","floor":12,"turns":3},{"damage":24,"enemies":"Exordium Thugs","floor":14,"turns":6},{"damage":45,"enemies":"Hexaghost","floor":16,"turns":7},{"damage":79,"enemies":"Shell Parasite","floor":19,"turns":4}],"seed_played":"-4331513026324057019","potions_obtained":[{"floor":1,"key":"Strength Potion"},{"floor":5,"key":"PowerPotion"},{"floor":12,"key":"BlessingOfTheForge"},{"floor":14,"key":"Fire Potion"}],"is_trial":false,"path_per_floor":["M","M","?","M","M","R","M","M","T","M","E","M","R","M","R","B",null,"M","M"],"character_chosen":"MARISA","items_purchased":[],"campfire_rested":0,"item_purchase_floors":[],"current_hp_per_floor":[69,69,69,70,46,46,43,43,43,40,18,10,10,32,32,75,90,37,0,0],"gold":7,"neow_bonus":"","is_daily":false,"chose_seed":false,"campfire_upgraded":3,"win_rate":0.0,"timestamp":1610326096,"path_taken":["M","M","?","M","?","R","M","M","T","M","E","M","R","M","R","BOSS","M","M"],"items_purchased_type":[],"build_version":"2020-12-22","purchased_purges":0,"victory":false,"max_hp_per_floor":[75,75,75,75,75,75,75,90,90,90,90,90,90,90,90,90,90,90,90,90],"card_choices":[{"not_picked":["Bloodbath","Wellcheers"],"picked":"Freischutz","floor":1},{"not_picked":["UnstableBomb","IllusionStar"],"picked":"6A","floor":1},{"not_picked":["WallGazer","OSAHOGD"],"picked":"Bloodbath","floor":2},{"not_picked":["GasGiant","MagicChant","ShootingEcho"],"picked":"SKIP","floor":2},{"not_picked":["VoidDream","SpiderBud"],"picked":"OSAHOGD","floor":4},{"not_picked":["StarlightTyphoon","WitchOfGreed"],"picked":"NonDirectionalLaser","floor":4},{"not_picked":["LongBird","Scorched"],"picked":"Funeral","floor":5},{"not_picked":["MilkyWay","StarlightTyphoon","MysteriousBeam"],"picked":"SKIP","floor":5},{"not_picked":["ShyLook","PunishingBird"],"picked":"GalaxyChild","floor":7},{"not_picked":["UnstableBomb","ShootingEcho","DragonMeteor"],"picked":"SKIP","floor":7},{"not_picked":["UnstableBomb","ShootingEcho","DragonMeteor"],"picked":"SKIP","floor":7},{"not_picked":["CrumblingArmor","WallGazer"],"picked":"NakedNest","floor":8},{"not_picked":["GalacticHalo","Orbital","GrandCross"],"picked":"SKIP","floor":8},{"not_picked":["DreamingCurrent","ShyLook"],"picked":"FairyFestival","floor":10},{"not_picked":["WitchLeyline","EnergyRecoil","SporeBomb"],"picked":"SKIP","floor":10},{"not_picked":["LaLuna","PunishingBird"],"picked":"HeroicMonk","floor":11},{"not_picked":["LuminesStrike","NonDirectionalLaser","TreasureHunter"],"picked":"SKIP","floor":11},{"not_picked":["MHz","UniverseFragment"],"picked":"DreamingCurrent","floor":12},{"not_picked":["OpenUniverse","WitchLeyline"],"picked":"PropBag","floor":12},{"not_picked":["Murderer","CherryBlossoms"],"picked":"Scarecrow","floor":14},{"not_picked":["DoubleSpark","WitchOfGreed","GrandCross"],"picked":"SKIP","floor":14},{"not_picked":["Murderer","PunishingBird"],"picked":"Mercenary","floor":16}],"player_experience":489484,"relics_obtained":[{"floor":1,"key":"LetterFromLob"},{"floor":9,"key":"ZombieTooth"},{"floor":11,"key":"Pantograph"}],"event_choices":[{"damage_healed":0,"gold_gain":0,"player_choice":"Ignored","damage_taken":0,"max_hp_gain":0,"max_hp_loss":0,"event_name":"NoteForYourself","floor":3,"gold_loss":0}],"is_beta":false,"boss_relics":[{"not_picked":["CCEMRelics:GreenEgg","Hololive_TopUpMoneyS"],"picked":"aspiration:SilentSkillbook"}],"items_purged_floors":[],"is_endless":false,"potions_floor_spawned":[1,5,12,14],"killed_by":"Shell Parasite","ascension_level":0}}