{"host":"2tgyrzvaa7l04o2e","time":1610396410,"event":{"mods":["BaseMod","Highlight Path","Minty Spire (QoL Compilation)","Permanent Neow","Relic Stats"],"gold_per_floor":[114,189,189,33,33,33,33,33,83,83,103,14,39,80,80,80,80],"floor_reached":16,"playtime":617,"items_purged":[],"score":192,"play_id":"2ebe5ce4-1205-4c71-8a80-c9562ab8cfac","local_time":"20210111212010","is_ascension_mode":true,"campfire_choices":[{"data":"Neutralize","floor":6,"key":"SMITH"},{"data":"Well Laid Plans","floor":8,"key":"SMITH"},{"data":"Blade Dance","floor":10,"key":"SMITH"},{"data":"Footwork","floor":15,"key":"SMITH"}],"circlet_count":0,"master_deck":["AscendersBane","Strike_G","Strike_G","Strike_G","Strike_G","Strike_G","Defend_G","Defend_G","Defend_G","Defend_G","Defend_G","Survivor","Neutralize+1","All Out Attack+1","Backflip","Blade Dance+1","Well Laid Plans+1","Finisher","Footwork+1","Leg Sweep"],"relics":["Ring of the Snake","Juzu Bracelet","Golden Idol","Smiling Mask","Akabeko"],"acts_visited":["Exordium"],"potions_floor_usage":[14],"damage_taken":[{"damage":0,"enemies":"2 Louse","floor":1,"turns":4},{"damage":4,"enemies":"Small Slimes","floor":11,"turns":3},{"damage":0,"enemies":"Cultist","floor":13,"turns":1},{"damage":8,"enemies":"Gremlin Nob","floor":14,"turns":4},{"damage":38,"enemies":"Hexaghost","floor":16,"turns":15}],"seed_played":"5074165290373063636","potions_obtained":[{"floor":11,"key":"GhostInAJar"}],"is_trial":false,"path_per_floor":["M","?","?","$","?","R","?","R","T","R","M","$","M","E","R","B"],"character_chosen":"THE_SILENT","items_purchased":["Backflip","Blade Dance","Well Laid Plans","Footwork"],"campfire_rested":0,"item_purchase_floors":[4,4,4,12],"current_hp_per_floor":[59,48,48,48,48,48,48,48,48,48,44,44,44,36,36,0,0],"gold":80,"neow_bonus":"RANDOM_COMMON_RELIC","is_daily":false,"chose_seed":false,"campfire_upgraded":4,"win_rate":0.0,"timestamp":1610396410,"path_taken":["M","?","?","$","?","R","?","R","T","R","M","?","M","E","R","BOSS"],"items_purchased_type":["Card","Card","Card","Card"],"build_version":"2020-12-22","purchased_purges":0,"victory":false,"max_hp_per_floor":[66,66,66,66,66,66,60,60,60,60,60,60,60,60,60,60,60],"relic_stats":{"counters":[5,27],"Golden Idol":17,"Juzu Bracelet":1,"Smiling Mask":0,"obtain_stats":[{"Golden Idol":7,"Juzu Bracelet":0,"Smiling Mask":9,"Akabeko":14,"Ring of the Snake":0},{"Golden Idol":1,"Juzu Bracelet":0,"Smiling Mask":1,"Akabeko":4,"Ring of the Snake":0},{"Golden Idol":4,"Juzu Bracelet":0,"Smiling Mask":4,"Akabeko":12,"Ring of the Snake":0}],"Ring of the Snake":[10]},"card_choices":[{"not_picked":["Dodge and Roll","Riddle With Holes"],"picked":"All Out Attack","floor":1},{"not_picked":["Blade Dance","Flechettes"],"picked":"Finisher","floor":11},{"not_picked":["Setup","Catalyst"],"picked":"Leg Sweep","floor":13},{"not_picked":["Well Laid Plans","Dagger Throw","Bane"],"picked":"SKIP","floor":14}],"player_experience":591250,"relics_obtained":[{"floor":9,"key":"Smiling Mask"},{"floor":14,"key":"Akabeko"}],"event_choices":[{"damage_healed":0,"gold_gain":75,"player_choice":"Gather Gold","damage_taken":11,"max_hp_gain":0,"max_hp_loss":0,"event_name":"World of Goop","floor":2,"gold_loss":0},{"damage_healed":0,"gold_gain":0,"player_choice":"Upgraded","damage_taken":0,"max_hp_gain":0,"max_hp_loss":0,"event_name":"Upgrade Shrine","floor":3,"gold_loss":0,"cards_upgraded":["All Out Attack"]},{"damage_healed":0,"gold_gain":0,"player_choice":"Fled","damage_taken":0,"max_hp_gain":0,"max_hp_loss":0,"event_name":"Scrap Ooze","floor":5,"gold_loss":0},{"damage_healed":0,"gold_gain":0,"player_choice":"Lose Max HP","damage_taken":0,"relics_obtained":["Golden Idol"],"max_hp_gain":0,"max_hp_loss":6,"event_name":"Golden Idol","floor":7,"gold_loss":0}],"is_beta":false,"boss_relics":[],"items_purged_floors":[],"is_endless":false,"potions_floor_spawned":[11],"killed_by":"Hexaghost","ascension_level":20}}