{"host":"ss2ocoam53r2lno0","time":1610399653,"event":{"mods":["Act Like it!","BaseMod","ChefMod","Clockwork Mod","Colored Powertips","Curses Come First","Displayed Cursed Tome","Downfall","Evolution","Googly Eyes","Hallownest","Highlight Path","Minty Spire (QoL Compilation)","Poor People Problems","Rare Cards Sparkle","Robot Space Explorer","Shade Mod","Shop Mod","Spicy Shops","StSLib","The Marked"],"gold_per_floor":[119,194,206,156,168,168,203,203,228,228,262,10,10,38,38,135,135,149,24,24,38,38,63,63,98,177,177,195,195,45,79,79,182,182,202,202,91,143,143,178,178,205,205,205,205,222,222,222,222,222],"floor_reached":51,"playtime":3855,"items_purged":["Clockwork:Shield","Clockwork:Shield","Clockwork:CogToss+1","Clockwork:CogToss+1"],"score":783,"play_id":"c261e966-8d80-46a0-89be-dc0f8ccc9a3d","local_time":"20210111221413","is_ascension_mode":true,"campfire_choices":[{"data":"Clockwork:CogToss","floor":6.0,"key":"SMITH"},{"data":"Clockwork:CogToss","floor":8.0,"key":"SMITH"},{"data":"Clockwork:AssemblyLine","floor":13.0,"key":"SMITH"},{"data":"Clockwork:CogToss","floor":15.0,"key":"SMITH"},{"data":"Clockwork:CraftCopperScales","floor":24,"key":"SMITH"},{"data":"Clockwork:AssemblyLine","floor":27,"key":"SMITH"},{"floor":29,"key":"REST"},{"data":"Clockwork:CraftCopperScales","floor":32,"key":"SMITH"},{"data":"Madness","floor":41,"key":"SMITH"},{"floor":44,"key":"REST"},{"data":"Madness","floor":47,"key":"SMITH"},{"floor":49,"key":"REST"}],"circlet_count":0,"master_deck":["Clockwork:CogToss+1","Clockwork:CogToss+1","Clockwork:ReserveSystems+1","Clockwork:Tinker","Clockwork:WarmUp+1","Clockwork:OccamsRazor","Clockwork:AssemblyLine+1","Clockwork:KaliMa","Clockwork:RevUp","Clockwork:AssemblyLine+1","Madness+1","Madness+1","Clockwork:RampUp+1","Clockwork:SystemHardening+1","Bandage Up"],"relics":["Clockwork:MomentumEngine","EVO:Axolotl","MealTicket","Clockwork:GoldenCog","Anchor","sneckomod:BlankCard","Girya","HornCleat","sneckomod:SneckoTalon","Clockwork:BeatingHeart","Molten Egg 2","Guardian:GemstoneGun","Letter Opener","Clockwork:CopperScales","Potion Belt","Clockwork:PerpetualMotionMachine","Torii","Meat on the Bone","Vajra","Frozen Egg 2"],"acts_visited":["Exordium","TheCity","TheBeyond"],"potions_floor_usage":[23,38,50,50,50],"damage_taken":[{"damage":0.0,"enemies":"Jaw Worm","floor":1.0,"turns":5.0},{"damage":0.0,"enemies":"2 Louse","floor":3.0,"turns":4.0},{"damage":0.0,"enemies":"Small Slimes","floor":5.0,"turns":3.0},{"damage":10.0,"enemies":"3 Sentries","floor":7.0,"turns":6.0},{"damage":8.0,"enemies":"Lagavulin","floor":11.0,"turns":4.0},{"damage":16.0,"enemies":"3 Sentries","floor":14.0,"turns":6.0},{"damage":1.0,"enemies":"Slime Boss","floor":16.0,"turns":5.0},{"damage":0.0,"enemies":"Spheric Guardian","floor":18.0,"turns":4.0},{"damage":2.0,"enemies":"Shell Parasite","floor":21.0,"turns":4.0},{"damage":31,"enemies":"Gremlin Leader","floor":23,"turns":5},{"damage":22,"enemies":"Slavers","floor":25,"turns":3},{"damage":9,"enemies":"Snake Plant","floor":28,"turns":3},{"damage":2,"enemies":"Gremlin Leader","floor":31,"turns":3},{"damage":24,"enemies":"Champ","floor":33,"turns":5},{"damage":0,"enemies":"3 Darklings","floor":35,"turns":2},{"damage":27,"enemies":"2 Orb Walkers","floor":38,"turns":3},{"damage":22,"enemies":"Nemesis","floor":40,"turns":5},{"damage":45,"enemies":"Reptomancer","floor":42,"turns":5},{"damage":0,"enemies":"3 Shapes","floor":46,"turns":1},{"damage":21,"enemies":"Donu and Deca","floor":50,"turns":5}],"seed_played":"-8389622485281029023","potions_obtained":[{"floor":3.0,"key":"Guardian:BlockOnCardUsePotion"},{"floor":5.0,"key":"Guardian:BlockOnCardUsePotion"},{"floor":11.0,"key":"LiquidBronze"},{"floor":31,"key":"DuplicationPotion"},{"floor":33,"key":"Dexterity Potion"},{"floor":42,"key":"SteroidPotion"}],"is_trial":false,"path_per_floor":["M","?","M","?","M","R","E","R","T","?","E","$","R","E","R","B",null,"M","$","?","M","?","E","R","E","T","R","M","R","$","E","R","B",null,"M","?","$","?","$","E","R","E","T","R","?","M","R","?","R","B",null],"character_chosen":"CLOCKWORK","items_purchased":["Clockwork:AssemblyLine","Clockwork:CraftCopperScales"],"campfire_rested":3,"item_purchase_floors":[12,37],"current_hp_per_floor":[85,74,74,74,74,74,64,64,64,47,39,54,54,38,38,37,85,85,85,85,83,83,52,52,30,30,30,21,46,61,59,59,35,85,85,74,85,58,73,51,51,18,18,43,43,47,47,47,72,55],"gold":222,"neow_bonus":"RANDOM_COMMON_RELIC","is_daily":false,"chose_seed":false,"campfire_upgraded":9,"win_rate":0.0,"timestamp":1610399653,"path_taken":["M","?","M","?","M","R","E","R","T","?","E","$","R","E","R","BOSS","M","$","?","M","?","E","R","E","T","R","M","R","$","E","R","BOSS","M","?","$","?","?","E","R","E","T","R","?","M","R","?","R","BOSS"],"items_purchased_type":["Card","Card"],"build_version":"2020-12-22","purchased_purges":4,"victory":true,"max_hp_per_floor":[85,85,85,85,85,85,85,85,85,85,85,85,85,85,85,85,85,85,85,85,85,85,85,85,85,85,85,85,85,85,85,85,85,85,85,85,85,85,85,85,85,85,85,85,85,85,85,85,85,85],"card_choices":[{"not_picked":["Clockwork:CogBarrier","Clockwork:Redundancy","Clockwork:MechanicalBulk"],"picked":"SKIP","floor":1.0},{"not_picked":["Clockwork:ChargingBlade","Clockwork:Redundancy","Clockwork:CogBarrier"],"picked":"SKIP","floor":3.0},{"not_picked":["Clockwork:Halt","Clockwork:Friction","Clockwork:CogShield"],"picked":"SKIP","floor":5.0},{"not_picked":["Clockwork:ReserveSystems","Clockwork:MechanicalMass","Clockwork:ChargingShield"],"picked":"SKIP","floor":7.0},{"not_picked":["Clockwork:PerfectForm","Clockwork:CogBarrier"],"picked":"Clockwork:OccamsRazor","floor":11.0},{"not_picked":["Clockwork:MechanicalBulk","Clockwork:ForgeStrike","Clockwork:Improve"],"picked":"SKIP","floor":14.0},{"not_picked":["Clockwork:Randomization","Clockwork:SiegeStrike"],"picked":"Clockwork:KaliMa","floor":16.0},{"not_picked":["Clockwork:HoardingStrike","Clockwork:Minimalism"],"picked":"Clockwork:RevUp","floor":18.0},{"not_picked":["Clockwork:Roundhouse+1","Clockwork:SpringShield","Clockwork:CogBarrier"],"picked":"SKIP","floor":21.0},{"not_picked":["Clockwork:MechanicalBulk+1","Clockwork:Clone"],"picked":"Clockwork:CraftCopperScales","floor":23},{"not_picked":["Clockwork:OccamsRazor","Clockwork:ChargingShield+1"],"picked":"Clockwork:AssemblyLine","floor":25},{"not_picked":["Clockwork:ChargingBlade+1","Clockwork:ForgeStrike+1","Clockwork:Minimalism"],"picked":"SKIP","floor":28},{"not_picked":["Clockwork:ReserveSystems","Clockwork:RitualDaggerMk0+1"],"picked":"Clockwork:CraftCopperScales","floor":31},{"not_picked":["Clockwork:SearingStrike+1","Clockwork:Clone+1","Clockwork:SystemScan+1"],"picked":"SKIP","floor":35},{"not_picked":["Clockwork:Randomization+1","Clockwork:SnapKeep+1"],"picked":"Clockwork:RampUp+1","floor":40},{"not_picked":["Clockwork:CogBarrier","Clockwork:Inspiration"],"picked":"Clockwork:SystemHardening+1","floor":42},{"not_picked":["Secret Weapon","expansioncontent:FaceSlap+1"],"picked":"Bandage Up","floor":45},{"not_picked":["Clockwork:QuantumStrike+1","Clockwork:SearchingStrike+1","Clockwork:AdaptiveShield"],"picked":"SKIP","floor":46}],"player_experience":672953,"relics_obtained":[{"floor":7.0,"key":"Anchor"},{"floor":9.0,"key":"sneckomod:BlankCard"},{"floor":11.0,"key":"Girya"},{"floor":14.0,"key":"HornCleat"},{"floor":23,"key":"Molten Egg 2"},{"floor":25,"key":"Guardian:GemstoneGun"},{"floor":26,"key":"Letter Opener"},{"floor":31,"key":"Potion Belt"},{"floor":38,"key":"Torii"},{"floor":40,"key":"Meat on the Bone"},{"floor":42,"key":"Vajra"},{"floor":43,"key":"Frozen Egg 2"}],"event_choices":[{"damage_healed":0.0,"max_hp_gain":0.0,"max_hp_loss":0.0,"gold_gain":75.0,"event_name":"World of Goop","player_choice":"Gather Gold","floor":2.0,"gold_loss":0.0,"damage_taken":11.0},{"cards_removed":["Clockwork:Shield"],"damage_healed":0.0,"max_hp_gain":0.0,"max_hp_loss":0.0,"gold_gain":0.0,"event_name":"The Cleric","player_choice":"Card Removal","floor":4.0,"gold_loss":50.0,"damage_taken":0.0},{"damage_healed":0.0,"max_hp_gain":0.0,"max_hp_loss":0.0,"gold_gain":0.0,"event_name":"Shining Light","player_choice":"Entered Light","floor":10.0,"gold_loss":0.0,"damage_taken":17.0,"cards_upgraded":["Clockwork:CogToss","Clockwork:WarmUp"]},{"damage_healed":0.0,"max_hp_gain":0.0,"max_hp_loss":0.0,"gold_gain":0.0,"event_name":"Ghosts","player_choice":"Ignored","floor":20.0,"gold_loss":0.0,"damage_taken":0.0},{"damage_healed":0,"gold_gain":0,"player_choice":"Ignored","damage_taken":0,"max_hp_gain":0,"max_hp_loss":0,"event_name":"Cursed Tome","floor":22,"gold_loss":0},{"damage_healed":0,"gold_gain":0,"player_choice":"Embrace Madness","damage_taken":11,"max_hp_gain":0,"max_hp_loss":0,"event_name":"Winding Halls","floor":36,"gold_loss":0,"cards_obtained":["Madness","Madness"]},{"damage_healed":0,"gold_gain":0,"player_choice":"Fight","damage_taken":0,"max_hp_gain":0,"max_hp_loss":0,"event_name":"Mysterious Sphere","floor":38,"gold_loss":0},{"damage_healed":0,"gold_gain":0,"player_choice":"Memory 1","damage_taken":0,"max_hp_gain":0,"max_hp_loss":0,"event_name":"SensoryStone","floor":45,"gold_loss":0},{"damage_healed":0,"gold_gain":0,"player_choice":"Upgraded","damage_taken":0,"max_hp_gain":0,"max_hp_loss":0,"event_name":"Upgrade Shrine","floor":48,"gold_loss":0,"cards_upgraded":["Clockwork:ReserveSystems"]}],"is_beta":false,"boss_relics":[{"not_picked":["Ectoplasm","expansioncontent:StudyCardRelic"],"picked":"sneckomod:SneckoTalon"},{"not_picked":["Runic Pyramid","Sozu"],"picked":"Clockwork:PerpetualMotionMachine"}],"items_purged_floors":[12,12,19,30],"is_endless":false,"potions_floor_spawned":[3,5,11,14,18,31,33,42],"ascension_level":1}}