{"host":"ELF","time":1610343021,"event":{"mods":["BaseMod","Minty Spire (QoL Compilation)"],"gold_per_floor":[115,190,340,351,72,72,99,99,99,112,112,145,160,180,180,257,257,268,268,278,278,42,42,42,42],"floor_reached":24,"playtime":946,"items_purged":["Doubt"],"score":398,"play_id":"290bdc08-532e-42fe-abb7-635d0739ac07","local_time":"20210110233021","is_ascension_mode":true,"campfire_choices":[{"floor":6,"key":"REST"},{"floor":8,"key":"REST"},{"floor":11,"key":"REST"},{"data":"Streamline","floor":15,"key":"SMITH"},{"floor":23,"key":"REST"}],"circlet_count":0,"master_deck":["AscendersBane","Strike_B","Strike_B","Strike_B","Strike_B","Defend_B","Defend_B","Defend_B","Defend_B","Zap","Dualcast","Streamline+1","Cold Snap","Ball Lightning","Biased Cognition","Leap","Doom and Gloom","BootSequence","Biased Cognition","Hologram","Writhe","Self Repair"],"relics":["SlaversCollar","HornCleat","Bag of Marbles","Blood Vial","Lizard Tail","Velvet Choker","Nunchaku","Nilry\u0027s Codex","Runic Capacitor"],"acts_visited":["Exordium","TheCity"],"potions_floor_usage":[12,16,16],"damage_taken":[{"damage":4,"enemies":"Jaw Worm","floor":1,"turns":4},{"damage":1,"enemies":"2 Louse","floor":4,"turns":4},{"damage":54,"enemies":"Gremlin Nob","floor":7,"turns":5},{"damage":0,"enemies":"Small Slimes","floor":10,"turns":3},{"damage":13,"enemies":"Lagavulin","floor":12,"turns":4},{"damage":1,"enemies":"Looter","floor":13,"turns":4},{"damage":11,"enemies":"Blue Slaver","floor":14,"turns":4},{"damage":50,"enemies":"Hexaghost","floor":16,"turns":12},{"damage":11,"enemies":"Chosen","floor":18,"turns":4},{"damage":30,"enemies":"2 Thieves","floor":20,"turns":4},{"damage":35,"enemies":"Sentry and Sphere","floor":24,"turns":7}],"seed_played":"-4388125251057796694","potions_obtained":[{"floor":1,"key":"SkillPotion"},{"floor":7,"key":"SkillPotion"},{"floor":10,"key":"ColorlessPotion"},{"floor":14,"key":"LiquidMemories"},{"floor":16,"key":"ColorlessPotion"},{"floor":20,"key":"PotionOfCapacity"}],"is_trial":false,"path_per_floor":["M","?","?","M","$","R","E","R","T","M","R","E","M","M","R","B",null,"M","?","M","?","$","R","M"],"character_chosen":"DEFECT","items_purchased":["HornCleat","Runic Capacitor"],"campfire_rested":4,"item_purchase_floors":[5,22],"current_hp_per_floor":[60,49,49,48,48,69,15,36,36,38,59,48,49,40,40,29,61,52,52,24,3,3,24,0,0],"gold":42,"neow_bonus":"BOSS_RELIC","is_daily":false,"chose_seed":false,"campfire_upgraded":1,"win_rate":0.0,"timestamp":1610343021,"path_taken":["M","?","?","M","$","R","E","R","T","M","R","E","M","M","R","BOSS","M","?","M","?","$","R","M"],"items_purchased_type":["Relic","Relic"],"build_version":"2020-12-18","purchased_purges":1,"victory":false,"max_hp_per_floor":[71,71,71,71,71,71,71,71,71,71,71,71,71,71,71,71,71,71,71,71,71,71,71,71,71],"card_choices":[{"not_picked":["Static Discharge","Coolheaded"],"picked":"Streamline","floor":1},{"not_picked":["Hologram","Blizzard"],"picked":"Cold Snap","floor":4},{"not_picked":["Hologram","Streamline"],"picked":"Ball Lightning","floor":7},{"not_picked":["Skim","Undo"],"picked":"Biased Cognition","floor":10},{"not_picked":["Redo","Machine Learning"],"picked":"Leap","floor":12},{"not_picked":["Gash","Darkness"],"picked":"Doom and Gloom","floor":13},{"not_picked":["Cold Snap","Stack"],"picked":"BootSequence","floor":14},{"not_picked":["Thunder Strike","Amplify"],"picked":"Biased Cognition","floor":16},{"not_picked":["Go for the Eyes","Storm"],"picked":"Hologram","floor":18},{"not_picked":["Blizzard","Ball Lightning"],"picked":"Self Repair","floor":20}],"player_experience":3166558,"relics_obtained":[{"floor":7,"key":"Bag of Marbles"},{"floor":9,"key":"Blood Vial"},{"floor":12,"key":"Lizard Tail"},{"floor":21,"key":"Nilry\u0027s Codex"}],"event_choices":[{"damage_healed":0,"gold_gain":75,"player_choice":"Gather Gold","damage_taken":11,"max_hp_gain":0,"max_hp_loss":0,"event_name":"World of Goop","floor":2,"gold_loss":0},{"damage_healed":0,"gold_gain":150,"player_choice":"AGREE","damage_taken":0,"max_hp_gain":0,"max_hp_loss":0,"event_name":"Liars Game","floor":3,"gold_loss":0,"cards_obtained":["Doubt"]},{"damage_healed":0,"gold_gain":0,"player_choice":"Opened","damage_taken":0,"relics_obtained":["Nunchaku"],"max_hp_gain":0,"max_hp_loss":0,"event_name":"The Mausoleum","floor":19,"gold_loss":0,"cards_obtained":["Writhe"]},{"damage_healed":0,"gold_gain":0,"player_choice":"Obtained Book","damage_taken":21,"max_hp_gain":0,"max_hp_loss":0,"event_name":"Cursed Tome","floor":21,"gold_loss":0}],"is_beta":true,"boss_relics":[{"not_picked":["SacredBark","Pandora\u0027s Box"],"picked":"Velvet Choker"}],"items_purged_floors":[22],"is_endless":false,"potions_floor_spawned":[1,7,10,14,16,20],"killed_by":"Sentry and Sphere","ascension_level":19}}