{"host":"5x08nt64u3vxxcfi","time":1610363045,"event":{"mods":["BaseMod","Minty Spire (QoL Compilation)","StSLib","SuperFastMode"],"gold_per_floor":[116,291,311,311,3,3,33,33,33,33,44,44,73,84,84,179,179,192,117,32,51,51,51,83,95,172,186,214,214,232,44,44,44,44],"floor_reached":33,"playtime":767,"items_purged":["Strike_G"],"score":494,"play_id":"9a5d62f5-5658-49ba-8ff3-8475c9b7d846","local_time":"20210111200405","is_ascension_mode":true,"campfire_choices":[{"data":"Dagger Throw","floor":6.0,"key":"SMITH"},{"data":"Neutralize","floor":8.0,"key":"SMITH"},{"data":"Leg Sweep","floor":10.0,"key":"SMITH"},{"data":"Finisher","floor":15,"key":"SMITH"},{"floor":23,"key":"REST"},{"floor":32,"key":"REST"}],"circlet_count":0,"master_deck":["AscendersBane","Defend_G","Defend_G","Defend_G","Defend_G","Defend_G","Survivor","Neutralize+1","Leg Sweep+1","Doubt","Dagger Throw+1","Outmaneuver","Finisher+1","Cloak And Dagger","Quick Slash","Die Die Die","Dodge and Roll","Dodge and Roll","Night Terror","Backflip+1","Poisoned Stab","Finisher+1","Accuracy+1","Riddle With Holes+1","Dagger Throw+1","Reflex","Slice+1","Slice+1","Deflect","Dagger Throw+1","Footwork","Flash of Steel+1"],"relics":["Ring of the Snake","Du-Vu Doll","Prayer Wheel","Boot","Meat on the Bone","Ginger","Empty Cage","Molten Egg 2","Akabeko","The Courier","Matryoshka","Nloth\u0027s Gift"],"acts_visited":["Exordium","TheCity"],"potions_floor_usage":[16,16,24,30,33],"damage_taken":[{"damage":2.0,"enemies":"2 Louse","floor":1.0,"turns":3.0},{"damage":2.0,"enemies":"Cultist","floor":3.0,"turns":4.0},{"damage":20.0,"enemies":"3 Sentries","floor":7.0,"turns":12.0},{"damage":0.0,"enemies":"Jaw Worm","floor":11.0,"turns":5.0},{"damage":20.0,"enemies":"Lagavulin","floor":13.0,"turns":8.0},{"damage":0,"enemies":"Red Slaver","floor":14,"turns":3},{"damage":26,"enemies":"Hexaghost","floor":16,"turns":10},{"damage":8,"enemies":"2 Thieves","floor":18,"turns":3},{"damage":21,"enemies":"Spheric Guardian","floor":21,"turns":6},{"damage":34,"enemies":"Slavers","floor":24,"turns":2},{"damage":13,"enemies":"3 Cultists","floor":25,"turns":5},{"damage":6,"enemies":"Centurion and Healer","floor":27,"turns":3},{"damage":43,"enemies":"Gremlin Leader","floor":28,"turns":5},{"damage":12,"enemies":"Snake Plant","floor":30,"turns":3},{"damage":59,"enemies":"Automaton","floor":33,"turns":6}],"seed_played":"-1346791755495208073","potions_obtained":[{"floor":1.0,"key":"Regen Potion"},{"floor":3.0,"key":"GhostInAJar"},{"floor":14,"key":"FearPotion"},{"floor":16,"key":"SkillPotion"},{"floor":24,"key":"Swift Potion"},{"floor":30,"key":"Poison Potion"}],"is_trial":false,"path_per_floor":["M","?","M","?","$","R","E","R","T","R","M","T","E","M","R","B",null,"M","?","?","M","?","R","E","M","T","M","E","?","M","$","R","B"],"character_chosen":"THE_SILENT","items_purchased":["Prayer Wheel","Footwork","Flash of Steel+1"],"campfire_rested":2,"item_purchase_floors":[5,31,31],"current_hp_per_floor":[43,43,41,41,41,41,36,36,46,46,46,46,38,50,50,36,69,61,61,61,52,37,62,40,39,39,45,14,14,14,14,39,0,0],"gold":44,"neow_bonus":"ONE_RARE_RELIC","is_daily":false,"chose_seed":false,"campfire_upgraded":4,"win_rate":0.0,"timestamp":1610363045,"path_taken":["M","?","M","?","$","R","E","R","T","R","?","?","E","M","R","BOSS","M","?","?","M","?","R","E","M","T","M","E","?","M","$","R","BOSS"],"items_purchased_type":["Relic","Card","Card"],"build_version":"2020-12-22","purchased_purges":1,"victory":false,"max_hp_per_floor":[70,70,70,70,70,70,70,70,80,80,80,80,80,80,80,80,80,80,80,80,80,85,85,85,85,85,85,85,85,85,85,85,85,85],"card_choices":[{"not_picked":["Eviscerate","Prepared"],"picked":"Leg Sweep","floor":1.0},{"not_picked":["Blur","PiercingWail"],"picked":"Dagger Throw","floor":3.0},{"not_picked":["Dodge and Roll","Sucker Punch"],"picked":"Finisher","floor":7.0},{"not_picked":["Distraction","Deflect"],"picked":"Cloak And Dagger","floor":11.0},{"not_picked":["Calculated Gamble","Skewer"],"picked":"Quick Slash","floor":11.0},{"not_picked":["Backstab","Tactician"],"picked":"Die Die Die","floor":13},{"not_picked":["Dagger Throw","Well Laid Plans"],"picked":"Dodge and Roll","floor":14},{"not_picked":["Quick Slash","Dagger Throw"],"picked":"Dodge and Roll","floor":14},{"not_picked":["Burst","Venomology"],"picked":"Night Terror","floor":16},{"not_picked":["Slice+1","PiercingWail"],"picked":"Backflip+1","floor":18},{"not_picked":["Deflect","Sucker Punch"],"picked":"Poisoned Stab","floor":18},{"not_picked":["Deadly Poison","Quick Slash+1"],"picked":"Finisher+1","floor":21},{"not_picked":["Outmaneuver","Sucker Punch+1"],"picked":"Accuracy+1","floor":21},{"not_picked":["Expertise","Setup"],"picked":"Riddle With Holes+1","floor":24},{"not_picked":["Bane+1","Flechettes+1"],"picked":"Dagger Throw+1","floor":25},{"not_picked":["Predator+1","Corpse Explosion"],"picked":"Reflex","floor":25},{"not_picked":["Crippling Poison","Reflex"],"picked":"Slice+1","floor":27},{"not_picked":["Sucker Punch+1","Masterful Stab+1"],"picked":"Slice+1","floor":27},{"not_picked":["Deadly Poison","Quick Slash+1","Dagger Throw+1"],"picked":"SKIP","floor":28},{"not_picked":["Finisher+1","Quick Slash+1"],"picked":"Deflect","floor":30},{"not_picked":["Acrobatics","Masterful Stab+1"],"picked":"Dagger Throw+1","floor":30}],"player_experience":91874,"relics_obtained":[{"floor":7.0,"key":"Boot"},{"floor":9.0,"key":"Pear"},{"floor":12.0,"key":"Meat on the Bone"},{"floor":13,"key":"Ginger"},{"floor":24,"key":"Akabeko"},{"floor":26,"key":"The Courier"},{"floor":28,"key":"Matryoshka"}],"event_choices":[{"damage_healed":0.0,"max_hp_gain":0.0,"max_hp_loss":0.0,"gold_gain":175.0,"event_name":"Liars Game","player_choice":"AGREE","floor":2.0,"gold_loss":0.0,"damage_taken":0.0,"cards_obtained":["Doubt"]},{"damage_healed":0.0,"max_hp_gain":0.0,"max_hp_loss":0.0,"gold_gain":0.0,"cards_transformed":["Strike_G"],"event_name":"Transmorgrifier","player_choice":"Transformed","floor":4.0,"gold_loss":0.0,"damage_taken":0.0,"cards_obtained":["Outmaneuver"]},{"cards_removed":["Strike_G"],"damage_healed":0,"gold_gain":0,"player_choice":"Gave Gold","damage_taken":0,"max_hp_gain":0,"max_hp_loss":0,"event_name":"Beggar","floor":19,"gold_loss":75},{"damage_healed":0,"gold_gain":0,"player_choice":"Obtained Relic","damage_taken":0,"relics_obtained":["Molten Egg 2"],"max_hp_gain":0,"max_hp_loss":0,"event_name":"Addict","floor":20,"gold_loss":85},{"damage_healed":0,"gold_gain":0,"player_choice":"Shed Blood","damage_taken":20,"max_hp_gain":5,"max_hp_loss":0,"event_name":"Forgotten Altar","floor":22,"gold_loss":0},{"damage_healed":0,"gold_gain":0,"player_choice":"Traded Relic","damage_taken":0,"relics_obtained":["Nloth\u0027s Gift"],"max_hp_gain":0,"max_hp_loss":0,"event_name":"N\u0027loth","floor":29,"relics_lost":["Pear"],"gold_loss":0}],"is_beta":false,"boss_relics":[{"not_picked":["Black Star","Astrolabe"],"picked":"Empty Cage"}],"items_purged_floors":[31],"is_endless":false,"potions_floor_spawned":[1,3,14,16,18,24,30],"killed_by":"Automaton","ascension_level":12}}