{"host":"bpkhhmvsfrvlto2l","time":1610396112,"event":{"mods":["2.2 Compatiblity","AchievementEnabler","Act Like it!","AlwaysNeverKeys","Aspiration","BaseMod","Better Silent Start","Challenge The Spire","Colored Map","Colored Powertips","Custom Start","Downfall","Energized Spire","Friendly Minions","GifTheSpireLib","Halation","Hubris","Infinite Spire","Ironclad Rager","Mimic Mod","Minty Spire (QoL Compilation)","Permanent Neow","Quick Restart","Random Character Button","Relic Sorter","Replay The Spire","Spikes Relics","StSLib","Stuff the Spire","Swap Starting Deck Mod","Trackpad"],"gold_per_floor":[114,114,114,114,188,213,159,159,184,184,115,115,125,140,140,240,240,253,263,296,296,296,296],"floor_reached":22,"playtime":424,"items_purged":[],"score":275,"play_id":"4464ae1a-8ccf-4885-9c1e-e8fa43dc7f0b","local_time":"20210111151512","is_ascension_mode":true,"campfire_choices":[{"data":"Rip and Tear","floor":8,"key":"SMITH"},{"data":"Gash","floor":10,"key":"SMITH"},{"data":"Gash","floor":12,"key":"SMITH"},{"data":"Hologram","floor":15,"key":"SMITH"}],"circlet_count":0,"master_deck":["Gash","Gash","Gash","Gash+1","Rip and Tear+1","Reprogram","Steam","Steam","Steam","Steam","Gash+1","Rip and Tear+1","Reprogram","Hologram+1","Echo Form","Steam+1"],"relics":["champ:ChampionCrown","infinitespire:Cubic Diamond","StuffTheSpire:Nightcore","Akabeko","Red Mask"],"acts_visited":["Exordium","TheCity"],"potions_floor_usage":[19,19],"damage_taken":[{"damage":0,"enemies":"2 Louse","floor":1,"turns":2},{"damage":11,"enemies":"Lagavulin","floor":6,"turns":5},{"damage":0,"enemies":"Jaw Worm","floor":13,"turns":1},{"damage":0,"enemies":"Cultist","floor":14,"turns":1},{"damage":16,"enemies":"Hexaghost","floor":16,"turns":7},{"damage":7,"enemies":"2 Thieves","floor":18,"turns":3},{"damage":6,"enemies":"3 Byrds","floor":19,"turns":4},{"damage":29,"enemies":"Masked Bandits","floor":20,"turns":4},{"damage":11,"enemies":"Centurion and Healer","floor":22,"turns":1}],"seed_played":"6547557761736041643","potions_obtained":[{"floor":13,"key":"FocusPotion"},{"floor":16,"key":"Block Potion"},{"floor":18,"key":"Flashbang"},{"floor":20,"key":"sneckomod:MuddlingPotion"}],"is_trial":false,"path_per_floor":["M","?","$","?","T","E","$","R","T","R","$","R","M","M","R","B",null,"M","M","?","?","M"],"character_chosen":"DEFECT","items_purchased":["Rip and Tear+1","Reprogram"],"campfire_rested":0,"item_purchase_floors":[7,11],"current_hp_per_floor":[57,57,57,57,57,46,46,46,46,46,46,46,46,46,46,30,50,43,37,8,8,0,0],"gold":296,"neow_bonus":"","is_daily":false,"chose_seed":false,"campfire_upgraded":4,"win_rate":0.0,"timestamp":1610396112,"path_taken":["M","?","$","?","?","E","$","R","T","R","?","R","?","M","R","BOSS","M","M","?","?","M"],"items_purchased_type":["Card","Card"],"build_version":"2020-12-22","purchased_purges":0,"victory":false,"max_hp_per_floor":[57,57,57,57,57,57,57,57,57,57,57,57,57,57,57,57,57,57,57,57,57,57,57],"card_choices":[{"not_picked":["Steam","Compile Driver"],"picked":"Gash","floor":6},{"not_picked":["Static Discharge","StuffTheSpire:EventHorizon"],"picked":"Hologram","floor":13},{"not_picked":["Leap","Loop","DiskWipe"],"picked":"SKIP","floor":14},{"not_picked":["Core Surge","StuffTheSpire:ForEach"],"picked":"Echo Form","floor":16},{"not_picked":["Compile Driver","StuffTheSpire:LoadUp"],"picked":"Steam+1","floor":18},{"not_picked":["Rip and Tear","DiskWipe","Skim"],"picked":"SKIP","floor":19}],"player_experience":68994,"relics_obtained":[{"floor":6,"key":"StuffTheSpire:Nightcore"},{"floor":9,"key":"Akabeko"},{"floor":20,"key":"Red Mask"}],"event_choices":[{"damage_healed":0,"gold_gain":0,"player_choice":"Fought Bandits","damage_taken":0,"max_hp_gain":0,"max_hp_loss":0,"event_name":"Masked Bandits","floor":20,"gold_loss":0}],"is_beta":false,"boss_relics":[{"not_picked":["halation:Risk","halation:HeavySnake","halation:Yufonium"]}],"items_purged_floors":[],"is_endless":false,"potions_floor_spawned":[13,16,18,20],"killed_by":"Centurion and Healer","ascension_level":5}}