{"host":"cjhtzh7tp54jdfyv","time":1610375020,"event":{"mods":["AchievementEnabler","BaseMod","Colored Map","Colored Powertips","Curses Come First","DeckTracker","Filter the Spire","Minty Spire (QoL Compilation)","RNG Fix","Relic Sorter","Relic Stats","StSLib","UnlockEverythingMod","ojb\u0027s Better Paths Mod","ojb\u0027s Info Mod"],"gold_per_floor":[112,122,122,122,140,140,152,180,180,180,211,211,232,272,272,366,366,366,256,181,161,161,161,161,161,161,161,161,161,161,161,161,161,161,161,161,161,81,81,81,81,81,81,81,81,81,81,81,81,81,81,81,81,5,5,5,5],"floor_reached":56,"playtime":4962,"items_purged":["Swivel","Protect"],"score":2605,"play_id":"53672908-4fae-46b1-a863-68e6fa1ce893","local_time":"20210111092340","is_ascension_mode":true,"campfire_choices":[{"data":"SignatureMove","floor":6.0,"key":"SMITH"},{"data":"TalkToTheHand","floor":10.0,"key":"SMITH"},{"data":"CrushJoints","floor":15.0,"key":"SMITH"},{"data":"JustLucky","floor":24.0,"key":"SMITH"},{"data":"CutThroughFate","floor":32.0,"key":"SMITH"},{"floor":46.0,"key":"RECALL"}],"circlet_count":0,"master_deck":["AscendersBane","Eruption+1","Vigilance+1","CrushJoints+1","SignatureMove+1","JustLucky+1","CutThroughFate+1","TalkToTheHand+1","Scrawl+1","InnerPeace+1","DeusExMachina+1","Sanctity+1","Madness+1","Madness+1","MentalFortress","Prostrate"],"relics":["Pandora\u0027s Box","Anchor","Bag of Marbles","Prayer Wheel","Golden Idol","StoneCalendar","Ectoplasm","StrikeDummy","The Courier","Strawberry","Gambling Chip","Singing Bowl","Coffee Dripper","Centennial Puzzle","Gremlin Horn","Mark of the Bloom","Lantern","Potion Belt","Pantograph"],"acts_visited":["Exordium","TheCity","TheBeyond","TheEnding"],"potions_floor_usage":[56],"damage_taken":[{"damage":0.0,"enemies":"Small Slimes","floor":1.0,"turns":2.0},{"damage":0.0,"enemies":"Cultist","floor":2.0,"turns":2.0},{"damage":0.0,"enemies":"2 Louse","floor":5.0,"turns":1.0},{"damage":0.0,"enemies":"2 Fungi Beasts","floor":7.0,"turns":2.0},{"damage":10.0,"enemies":"3 Sentries","floor":8.0,"turns":7.0},{"damage":18.0,"enemies":"Lagavulin","floor":11.0,"turns":4.0},{"damage":1.0,"enemies":"Looter","floor":13.0,"turns":3.0},{"damage":8.0,"enemies":"Gremlin Nob","floor":14.0,"turns":3.0},{"damage":4.0,"enemies":"The Guardian","floor":16.0,"turns":8.0},{"damage":0.0,"enemies":"Spheric Guardian","floor":18.0,"turns":2.0},{"damage":4.0,"enemies":"2 Thieves","floor":21.0,"turns":2.0},{"damage":0.0,"enemies":"Snecko","floor":22.0,"turns":2.0},{"damage":0.0,"enemies":"Gremlin Leader","floor":23.0,"turns":3.0},{"damage":2.0,"enemies":"Slavers","floor":25.0,"turns":3.0},{"damage":0.0,"enemies":"Cultist and Chosen","floor":27.0,"turns":2.0},{"damage":0.0,"enemies":"Centurion and Healer","floor":28.0,"turns":2.0},{"damage":0.0,"enemies":"Book of Stabbing","floor":29.0,"turns":3.0},{"damage":2.0,"enemies":"Snecko","floor":30.0,"turns":3.0},{"damage":0.0,"enemies":"Colosseum Slavers","floor":31.0,"turns":1.0},{"damage":4.0,"enemies":"Colosseum Nobs","floor":31.0,"turns":2.0},{"damage":0.0,"enemies":"Collector","floor":33.0,"turns":2.0},{"damage":0.0,"enemies":"3 Darklings","floor":35.0,"turns":1.0},{"damage":0.0,"enemies":"Orb Walker","floor":37.0,"turns":1.0},{"damage":0.0,"enemies":"Giant Head","floor":40.0,"turns":3.0},{"damage":0.0,"enemies":"4 Shapes","floor":41.0,"turns":1.0},{"damage":0.0,"enemies":"Reptomancer","floor":45.0,"turns":1.0},{"damage":0.0,"enemies":"Sphere and 2 Shapes","floor":47.0,"turns":1.0},{"damage":0.0,"enemies":"Nemesis","floor":48.0,"turns":1.0},{"damage":0.0,"enemies":"Awakened One","floor":50.0,"turns":3.0},{"damage":16.0,"enemies":"Time Eater","floor":51.0,"turns":4.0},{"damage":0.0,"enemies":"Shield and Spear","floor":55.0,"turns":2.0},{"damage":51,"enemies":"The Heart","floor":56,"turns":2}],"seed_played":"3541820635792684194","potions_obtained":[{"floor":1.0,"key":"Dexterity Potion"},{"floor":2.0,"key":"GamblersBrew"},{"floor":8.0,"key":"Swift Potion"},{"floor":14.0,"key":"Fire Potion"},{"floor":21.0,"key":"Explosive Potion"},{"floor":27.0,"key":"BottledMiracle"},{"floor":55.0,"key":"AttackPotion"}],"is_trial":false,"path_per_floor":["M","M","?","?","M","R","M","E","T","R","E","?","M","E","R","B",null,"M","?","$","M","M","E","R","E","T","M","M","E","M","?","R","B",null,"M","?","M","$","?","E","M","?","T","?","E","R","M","E","R","B","B",null,"R","$","E","B"],"character_chosen":"WATCHER","items_purchased":["BottledMiracle","MentalFortress"],"campfire_rested":0,"item_purchase_floors":[54,54],"current_hp_per_floor":[61,61,61,66,66,66,66,56,56,56,38,38,37,29,29,25,56,56,56,56,52,52,52,52,50,50,50,50,57,55,53,53,53,70,74,74,78,78,78,78,82,66,66,66,66,66,66,66,66,66,50,50,50,50,50,0,0],"gold":5,"neow_bonus":"BOSS_RELIC","is_daily":false,"chose_seed":false,"campfire_upgraded":5,"win_rate":0.0,"timestamp":1610375020,"path_taken":["M","?","?","?","M","R","?","E","T","R","E","?","M","E","R","BOSS","M","?","$","?","M","E","R","E","T","M","M","E","M","?","R","BOSS","M","?","M","$","?","E","M","?","T","?","E","R","M","E","R","BOSS","BOSS","R","$","E","BOSS"],"items_purchased_type":["Potion","Card"],"build_version":"2020-12-22","purchased_purges":2,"victory":false,"max_hp_per_floor":[68,68,68,73,73,73,73,73,73,73,73,66,66,66,66,66,66,66,66,66,66,66,66,66,66,66,66,66,73,73,75,75,75,75,79,79,83,83,83,83,87,87,87,87,89,89,93,95,95,95,95,95,95,95,95,95,95],"relic_stats":{"Mark of the Bloom":67,"Singing Bowl":22,"Gremlin Horn":[6,6],"counters":[32,79],"Golden Idol":214,"StoneCalendar":[52],"Centennial Puzzle":[6],"Gambling Chip":[36],"Pantograph":0,"Pandora\u0027s Box":["LikeWater","CrushJoints","SignatureMove","CarveReality","JustLucky","Protect","Swivel","CutThroughFate"],"Prayer Wheel":11,"Ectoplasm":694,"obtain_stats":[{"Potion Belt":48,"Mark of the Bloom":44,"Lantern":45,"Singing Bowl":31,"Gremlin Horn":43,"Golden Idol":12,"StoneCalendar":14,"The Courier":25,"Anchor":8,"Centennial Puzzle":40,"Strawberry":29,"Gambling Chip":31,"Pantograph":55,"Pandora\u0027s Box":0,"Prayer Wheel":11,"Ectoplasm":17,"Bag of Marbles":9,"Coffee Dripper":34,"PureWater":0,"StrikeDummy":23},{"Potion Belt":28,"Mark of the Bloom":25,"Lantern":26,"Singing Bowl":20,"Gremlin Horn":25,"Golden Idol":6,"StoneCalendar":8,"The Courier":14,"Anchor":5,"Centennial Puzzle":24,"Strawberry":17,"Gambling Chip":20,"Pantograph":31,"Pandora\u0027s Box":0,"Prayer Wheel":6,"Ectoplasm":9,"Bag of Marbles":5,"Coffee Dripper":21,"PureWater":0,"StrikeDummy":13},{"Potion Belt":68,"Mark of the Bloom":65,"Lantern":66,"Singing Bowl":57,"Gremlin Horn":65,"Golden Idol":18,"StoneCalendar":24,"The Courier":44,"Anchor":14,"Centennial Puzzle":64,"Strawberry":51,"Gambling Chip":57,"Pantograph":77,"Pandora\u0027s Box":0,"Prayer Wheel":18,"Ectoplasm":32,"Bag of Marbles":14,"Coffee Dripper":59,"PureWater":0,"StrikeDummy":41}]},"card_choices":[{"not_picked":["PathToVictory","JustLucky","FollowUp"],"picked":"SKIP","floor":1.0},{"not_picked":["ForeignInfluence","MentalFortress"],"picked":"TalkToTheHand","floor":2.0},{"not_picked":["EmptyBody","Prostrate","ClearTheMind"],"picked":"SKIP","floor":5.0},{"not_picked":["FlurryOfBlows","ThirdEye","Conclude"],"picked":"SKIP","floor":7.0},{"not_picked":["FlyingSleeves","Prostrate","Alpha"],"picked":"SKIP","floor":8.0},{"not_picked":["Ragnarok","BowlingBash","FlurryOfBlows"],"picked":"SKIP","floor":11.0},{"not_picked":["Wireheading","Indignation","Conclude"],"picked":"SKIP","floor":13.0},{"not_picked":["Prostrate","BowlingBash","Vengeance"],"picked":"SKIP","floor":13.0},{"not_picked":["ThirdEye","Ragnarok","CutThroughFate"],"picked":"SKIP","floor":14.0},{"not_picked":["LessonLearned","ConjureBlade"],"picked":"Scrawl","floor":16.0},{"not_picked":["FlurryOfBlows","ClearTheMind","Conclude"],"picked":"SKIP","floor":18.0},{"not_picked":["Worship","ThirdEye","Crescendo"],"picked":"SKIP","floor":18.0},{"not_picked":["CarveReality","ClearTheMind","Consecrate"],"picked":"SKIP","floor":21.0},{"not_picked":["ThirdEye","CrushJoints","ClearTheMind"],"picked":"SKIP","floor":21.0},{"not_picked":["Prostrate+1","CutThroughFate","Conclude"],"picked":"SKIP","floor":22.0},{"not_picked":["FlyingSleeves","Conclude","FlurryOfBlows"],"picked":"SKIP","floor":22.0},{"not_picked":["Sanctity","Judgement"],"picked":"InnerPeace+1","floor":23.0},{"not_picked":["FearNoEvil","Study","BowlingBash+1"],"picked":"SKIP","floor":25.0},{"not_picked":["Perseverance","Crescendo","WreathOfFlame"],"picked":"SKIP","floor":27.0},{"not_picked":["Evaluate","JustLucky","EmptyBody"],"picked":"SKIP","floor":27.0},{"not_picked":["Ragnarok","CrushJoints+1","Crescendo"],"picked":"SKIP","floor":28.0},{"not_picked":["LikeWater+1","Wireheading","Indignation"],"picked":"SKIP","floor":28.0},{"not_picked":["ThirdEye+1","FlurryOfBlows","Evaluate"],"picked":"SKIP","floor":29.0},{"not_picked":["Wireheading","Meditate","EmptyFist"],"picked":"SKIP","floor":30.0},{"not_picked":["BowlingBash","Vengeance","Prostrate"],"picked":"SKIP","floor":30.0},{"not_picked":["FollowUp+1","Collect","LessonLearned"],"picked":"Singing Bowl","floor":31.0},{"not_picked":["Omniscience","LessonLearned"],"picked":"DeusExMachina","floor":33.0},{"not_picked":["SignatureMove","BowlingBash","SashWhip+1"],"picked":"Singing Bowl","floor":35.0},{"not_picked":["SashWhip","Evaluate","EmptyBody+1"],"picked":"Singing Bowl","floor":35.0},{"not_picked":["ClearTheMind","EmptyFist","CutThroughFate"],"picked":"Singing Bowl","floor":37.0},{"not_picked":["Halt+1","FearNoEvil","PathToVictory"],"picked":"Singing Bowl","floor":37.0},{"not_picked":["Protect","Collect"],"picked":"Sanctity","floor":40.0},{"not_picked":["Pray","Protect","Crescendo"],"picked":"Singing Bowl","floor":41.0},{"not_picked":["SashWhip+1","FollowUp","JustLucky"],"picked":"Singing Bowl","floor":41.0},{"not_picked":["Omniscience","Wireheading","ForeignInfluence"],"picked":"Singing Bowl","floor":45.0},{"not_picked":["BowlingBash","MentalFortress","EmptyFist"],"picked":"Singing Bowl","floor":47.0},{"not_picked":["FlyingSleeves+1","TalkToTheHand","EmptyFist"],"picked":"Singing Bowl","floor":47.0},{"not_picked":["Wallop","LikeWater+1","Brilliance"],"picked":"Singing Bowl","floor":48.0},{"not_picked":["CrushJoints","Vengeance"],"picked":"Prostrate","floor":55.0}],"player_experience":4450257,"relics_obtained":[{"floor":8.0,"key":"Anchor"},{"floor":9.0,"key":"Bag of Marbles"},{"floor":11.0,"key":"Prayer Wheel"},{"floor":14.0,"key":"StoneCalendar"},{"floor":23.0,"key":"StrikeDummy"},{"floor":25.0,"key":"The Courier"},{"floor":29.0,"key":"Strawberry"},{"floor":31.0,"key":"Gambling Chip"},{"floor":31.0,"key":"Singing Bowl"},{"floor":40.0,"key":"Centennial Puzzle"},{"floor":43.0,"key":"Gremlin Horn"},{"floor":45.0,"key":"Lantern"},{"floor":48.0,"key":"Potion Belt"},{"floor":55.0,"key":"Pantograph"}],"event_choices":[{"damage_healed":0.0,"max_hp_gain":0.0,"max_hp_loss":0.0,"gold_gain":0.0,"event_name":"Upgrade Shrine","player_choice":"Upgraded","floor":3.0,"gold_loss":0.0,"damage_taken":0.0,"cards_upgraded":["Eruption"]},{"damage_healed":0.0,"max_hp_gain":5.0,"max_hp_loss":0.0,"gold_gain":0.0,"event_name":"Big Fish","player_choice":"Donut","floor":4.0,"gold_loss":0.0,"damage_taken":0.0},{"damage_healed":0.0,"max_hp_gain":0.0,"max_hp_loss":7.0,"gold_gain":0.0,"event_name":"Golden Idol","player_choice":"Lose Max HP","floor":12.0,"gold_loss":0.0,"damage_taken":0.0,"relics_obtained":["Golden Idol"]},{"cards_removed":["CarveReality"],"damage_healed":0.0,"max_hp_gain":0.0,"max_hp_loss":0.0,"gold_gain":0.0,"event_name":"Designer","player_choice":"Upgrade and Remove","floor":19.0,"gold_loss":110.0,"damage_taken":0.0,"cards_upgraded":["Scrawl"]},{"damage_healed":0.0,"max_hp_gain":0.0,"max_hp_loss":0.0,"gold_gain":0.0,"event_name":"Colosseum","player_choice":"Fight","floor":31.0,"gold_loss":0.0,"damage_taken":0.0},{"damage_healed":0.0,"max_hp_gain":0.0,"max_hp_loss":0.0,"gold_gain":0.0,"event_name":"Colosseum","player_choice":"Fought Nobs","floor":31.0,"gold_loss":0.0,"damage_taken":0.0},{"cards_removed":["LikeWater"],"damage_healed":0.0,"max_hp_gain":0.0,"max_hp_loss":0.0,"gold_gain":0.0,"event_name":"Falling","player_choice":"Removed Power","floor":36.0,"gold_loss":0.0,"damage_taken":0.0},{"damage_healed":0.0,"max_hp_gain":0.0,"max_hp_loss":0.0,"gold_gain":0.0,"event_name":"Match and Keep!","player_choice":"0 cards matched","floor":39.0,"gold_loss":0.0,"damage_taken":0.0,"cards_obtained":[]},{"damage_healed":0.0,"max_hp_gain":0.0,"max_hp_loss":0.0,"gold_gain":0.0,"event_name":"Winding Halls","player_choice":"Embrace Madness","floor":42.0,"gold_loss":0.0,"damage_taken":16.0,"cards_obtained":["Madness","Madness"]},{"damage_healed":0.0,"max_hp_gain":0.0,"max_hp_loss":0.0,"gold_gain":0.0,"event_name":"MindBloom","player_choice":"Upgrade","floor":44.0,"gold_loss":0.0,"damage_taken":0.0,"cards_upgraded":["Vigilance","DeusExMachina","Sanctity","Madness","Madness"],"relics_obtained":["Mark of the Bloom"]}],"is_beta":false,"boss_relics":[{"not_picked":["Calling Bell","VioletLotus"],"picked":"Ectoplasm"},{"not_picked":["SlaversCollar","Busted Crown"],"picked":"Coffee Dripper"}],"items_purged_floors":[20,38],"is_endless":false,"potions_floor_spawned":[1,2,8,11,14,21,22,27,31,31,33,40,45,55],"killed_by":"The Heart","ascension_level":20}}