{"host":"k67zwea37tbl4jhz","time":1610405164,"event":{"mods":["AchievementEnabler","Aspiration","BaseMod","Better Altar","Better Match","Better Sensory Stone","Better Skull","Better Third Choice","BetterRewards","CCEM","Clawfect","Colored Map","Conspire","Downfall","GifTheSpireLib","Googly Eyes","Halation","Highlight Path","Hubris","Mimic Mod","Minty Spire (QoL Compilation)","Permanent Neow","Replay The Spire","Shop Mod","Spicy Shops","StSLib","Stuff the Spire","Unceasing Turn Reminder","everything is the same but u backflip on backflip"],"gold_per_floor":[99,110,210,224,224,241,241,241,241,241],"floor_reached":8,"playtime":415,"items_purged":[],"score":46,"play_id":"9cbf70c5-7681-44fc-813f-4f98e5598765","local_time":"20210111174604","is_ascension_mode":false,"campfire_choices":[{"floor":1,"key":"RECALL"}],"circlet_count":0,"master_deck":["champ:Strike","champ:Strike","champ:Strike","champ:Strike","champ:Defend","champ:Defend","champ:Defend","champ:Defend","champ:Execute","champ:Taunt","expansioncontent:Chronoboost","champ:ViciousMockery","champ:ShieldSlam"],"relics":["champ:ChampionCrown","Replay:Mystery Machine"],"acts_visited":["Exordium"],"potions_floor_usage":[],"damage_taken":[{"damage":6,"enemies":"2 Louse","floor":2,"turns":3},{"damage":9,"enemies":"Jaw Worm","floor":4,"turns":7},{"damage":19,"enemies":"Cultist","floor":6,"turns":4},{"damage":82,"enemies":"Lagavulin","floor":8,"turns":11}],"seed_played":"8502760585863091775","potions_obtained":[{"floor":2,"key":"SkillPotion"},{"floor":6,"key":"DuplicationPotion"}],"is_trial":false,"path_per_floor":["R","M","?","M","T","M","T","E"],"character_chosen":"THE_CHAMP","items_purchased":[],"campfire_rested":0,"item_purchase_floors":[],"current_hp_per_floor":[90,84,84,78,78,69,69,0,0,0],"gold":241,"neow_bonus":"RANDOM_COLORLESS","is_daily":false,"chose_seed":false,"campfire_upgraded":0,"win_rate":0.0,"timestamp":1610405164,"path_taken":["R","M","?","M","?","M","T","E"],"items_purchased_type":[],"build_version":"2020-12-22","purchased_purges":0,"victory":false,"max_hp_per_floor":[90,90,90,90,90,90,90,90,90,90],"card_choices":[{"not_picked":["expansioncontent:LastStand","StuffTheSpire:PlasmaPulse"],"picked":"expansioncontent:Chronoboost","floor":0},{"not_picked":["champ:RageSigil","champ:GutPunch"],"picked":"champ:ViciousMockery","floor":2},{"not_picked":["champ:Backstep","champ:BringItOn"],"picked":"champ:ShieldSlam","floor":4},{"not_picked":["champ:FalseCounter","champ:ShieldSigil","champ:RageSigil"],"picked":"SKIP","floor":6}],"player_experience":204150,"relics_obtained":[{"floor":7,"key":"Replay:Mystery Machine"}],"event_choices":[],"is_beta":false,"boss_relics":[],"items_purged_floors":[],"is_endless":false,"potions_floor_spawned":[2,6],"killed_by":"Lagavulin","ascension_level":0}}