{"host":"pno9h1fupbyz205f","time":1610396351,"event":{"mods":["Aspiration","BaseMod","Better Altar","Better Match","Better Note","Better Sensory Stone","Better Skull","Better Third Choice","Colored Map","Colored Powertips","Hubris","Infinite Spire","Jedi Mod","Mad Scientist","Marisa????????","Minty Spire (QoL Compilation)","Permanent Neow","Potionbrewer","Replay The Spire","Shop Mod","Spicy Shops","StSLib","Td1madao Mod","The Blackbeard","The Gatherer","The Hierophant","The Poker Player","The Runesmith","The Servant 0.9.4","thorton","vexMod"],"gold_per_floor":[119,133,133,133,1,32,48,97,97,113,113,133,133,133,133],"floor_reached":16,"playtime":794,"items_purged":["MadScienceMod:HideBehindJunk"],"score":100,"play_id":"23556b91-9d72-408a-8f63-fd26f4bf89d0","local_time":"20210111121911","daily_mods":["Heirloom"],"is_ascension_mode":false,"campfire_choices":[{"data":"MadScienceMod:Generator","floor":10,"key":"SMITH"},{"floor":12,"key":"REST"},{"floor":15,"key":"REST"}],"circlet_count":0,"master_deck":["infinitespire:NeuralNetwork+1","MadScienceMod:Strike_MadScience","MadScienceMod:Strike_MadScience+1","MadScienceMod:Strike_MadScience","MadScienceMod:Strike_MadScience","MadScienceMod:Defend_MadScience","MadScienceMod:Defend_MadScience","MadScienceMod:Defend_MadScience","MadScienceMod:Defend_MadScience","MadScienceMod:PoweredStrike","MadScienceMod:ShrinkRay","MadScienceMod:Refuel+1","MadScienceMod:PowerArmor","MadScienceMod:PowerArmor","MadScienceMod:EnergyBarrier","MadScienceMod:Generator+1","MadScienceMod:Lightbulb","MadScienceMod:EnergyBarrier"],"relics":["MadScienceMod:FuelTank","replay:Trail_Library","hubris:Teleporter","Art of War","vexMod:PlasmaPancake","Bronze Scales"],"acts_visited":["Exordium"],"potions_floor_usage":[6,6,12],"damage_taken":[{"damage":10,"enemies":"2 Louse","floor":1,"turns":3},{"damage":2,"enemies":"Jaw Worm","floor":2,"turns":5},{"damage":25,"enemies":"Replay:BlueRogue","floor":6,"turns":10},{"damage":0,"enemies":"Cultist","floor":8,"turns":4},{"damage":0,"enemies":"3 Louse","floor":11,"turns":1},{"damage":8,"enemies":"Gremlin Gang","floor":13,"turns":4},{"damage":85,"enemies":"Slime Boss","floor":16,"turns":18}],"seed_played":"1804084569818085622","potions_obtained":[{"floor":1,"key":"potionbrewer:FreezingPotion"},{"floor":2,"key":"MadScienceMod:TrinketPotion"},{"floor":11,"key":"potionbrewer:BlacksmithPotion"}],"is_trial":true,"path_per_floor":["M","M","?","?","$","E","M","T","R","M","R","M","R_BF","B"],"character_chosen":"MAD_SCIENTIST","items_purchased":["MadScienceMod:PowerArmor"],"campfire_rested":2,"item_purchase_floors":[5],"current_hp_per_floor":[65,63,56,56,56,37,37,37,37,37,61,53,77,0,0],"gold":133,"neow_bonus":"","is_daily":false,"chose_seed":false,"campfire_upgraded":1,"win_rate":0.0,"timestamp":1610396351,"path_taken":["M","M","?","?","$","E","M","T","R","?","R","M","R_BF","BOSS"],"items_purchased_type":["Card"],"build_version":"2020-12-22","purchased_purges":1,"victory":false,"max_hp_per_floor":[75,75,75,75,75,81,81,81,81,81,81,81,81,81,81],"card_choices":[{"not_picked":["MadScienceMod:AntimatterBomb","MadScienceMod:FragmentationGrenade"],"picked":"MadScienceMod:ShrinkRay","floor":1},{"not_picked":["MadScienceMod:MechanicalClaw","MadScienceMod:ImposingConstruct"],"picked":"MadScienceMod:Refuel","floor":2},{"not_picked":["MadScienceMod:Inflate","MadScienceMod:LightOnFire"],"picked":"MadScienceMod:EnergyBarrier","floor":6},{"not_picked":["MadScienceMod:RecyclingStation","MadScienceMod:AutoStrike"],"picked":"MadScienceMod:Generator","floor":8},{"not_picked":["MadScienceMod:AutoStrike","MadScienceMod:Tune"],"picked":"MadScienceMod:EnergyBarrier","floor":11},{"not_picked":["MadScienceMod:Inflate","MadScienceMod:SoftenUp","MadScienceMod:AutoStrike"],"picked":"SKIP","floor":13}],"player_experience":152443,"relics_obtained":[{"floor":6,"key":"vexMod:PlasmaPancake"},{"floor":9,"key":"Bronze Scales"}],"event_choices":[{"damage_healed":0,"gold_gain":0,"player_choice":"Relic ","damage_taken":7,"max_hp_gain":0,"max_hp_loss":0,"event_name":"betterThird:BetterScrap","floor":3,"gold_loss":0,"cards_obtained":["Night Terror"]},{"damage_healed":0,"gold_gain":0,"player_choice":"Upgraded","damage_taken":0,"max_hp_gain":0,"max_hp_loss":0,"event_name":"Upgrade Shrine","floor":4,"gold_loss":0,"cards_upgraded":["MadScienceMod:Refuel"]}],"is_beta":false,"boss_relics":[],"items_purged_floors":[5],"is_endless":false,"potions_floor_spawned":[1,2,11],"killed_by":"Slime Boss","ascension_level":0}}