{"host":"6a06qhlf17v5rcww","time":1610395341,"event":{"mods":["Act Like it!","Aspiration","BaseMod","Beaked The Cultist","Better Altar","Better Match","Better Note","Better Sensory Stone","Better Skull","Better Third Choice","Better Vampires","BetterRewards","Block Reminder","Colored Powertips","Downfall","Gensokyo","Infinite Spire","Minty Spire (QoL Compilation)","Pale of the Ancients","Poor People Problems","Prisma Mod","Rare Cards Sparkle","Replay The Spire","Shade Mod","Slumbering Mod","StSLib","The Bug Knight","The Jungle","The Marked"],"gold_per_floor":[119,82,257,134,134,134,166,236,236,251,251,217,250,264,264,362,362,381,396,396,414,434,434,434,468,468,478,478,478,489,506,506,640,640,697,420,511,454,479,479,549,605,656,710,778,805,805,873,873,873,950,1041,1041,1007,1007,1091,1091,303,303,303],"floor_reached":61,"playtime":7413,"items_purged":["ReplayTheSpireMod:Splinters","Doubt","Pain"],"score":2032,"play_id":"e04f8d86-82e2-4f3c-98de-06d38557682e","local_time":"20210111150221","is_ascension_mode":true,"campfire_choices":[{"data":"theSlumbering:Yawn","floor":6.0,"key":"SMITH"},{"data":"theSlumbering:BasicDefend","floor":11.0,"key":"SMITH"},{"data":"Concentrate","floor":15.0,"key":"SMITH"},{"data":"Concentrate","floor":23.0,"key":"SMITH"},{"data":"theSlumbering:DrowsyDefend","floor":28.0,"key":"SMITH"},{"data":"Writhe","floor":32.0,"key":"PURGE"},{"data":"Capacitor","floor":40.0,"key":"SMITH"},{"data":"Consume","floor":40.0,"key":"SMITH"},{"data":"BasicCrystalCard","floor":55.0,"key":"SMITH"},{"data":"theSlumbering:WokeAttack","floor":55.0,"key":"SMITH"},{"data":"Consume","floor":57.0,"key":"SMITH"},{"data":"Mirror Shield","floor":57.0,"key":"SMITH"}],"circlet_count":0,"master_deck":["theSlumbering:Strike_Slumbering+1","theSlumbering:Invigorate+1","theSlumbering:DreamEater+1","theSlumbering:FocusedStrike+1","theSlumbering:Defend_Slumbering","theSlumbering:Stretch+1","theSlumbering:Stretch+1","theSlumbering:Yawn+1","Die Die Die+1","Flying Knee+1","theSlumbering:GuardedSwipe+1","Concentrate+1","theSlumbering:Yawn+1","theSlumbering:CustomDream","theSlumbering:Yawn+1","theSlumbering:Yawn+1","theSlumbering:NocturnalGifts+1","Hologram+1","infinitespire:SevenWalls+1","theSlumbering:Stretch","theSlumbering:Jab+1","Mirror Shield+1","theSlumbering:Sloth","theSlumbering:WokeAttack+1","theSlumbering:WokeDefend+1","theSlumbering:WokeAttack+1","theSlumbering:WokeDefend+1","Capacitor+1","Core Surge","Redo+1","Consume+1","Pot Of Greed","Pot Of Greed","Pot Of Greed","Capacitor","theSlumbering:NocturnalGifts+1","expansioncontent:Flail","expansioncontent:Corrupt","Pot Of Greed","Coolheaded+1","BasicCrystalCard+1","Consume+1","Consume","Barrage+1","Redo","Buffer"],"relics":["theSlumbering:SlumberingRelic","theSlumbering:HeartCollector","ReplayTheSpireMod:CursedCoin","infinitespire:CursedDice","Letter Opener","aspiration:FrozenJewel","aspiration:HummingbirdHeart","aspiration:DefectSkillbook","OrangePellets","theSlumbering:CursedAnvil","aspiration:RitualStick","Tiny Chest","FossilizedHelix","Replay:Arrowhead","infinitespire:EvilPickle","Replay:Ancient Bell","Lantern","aspiration:FaultyCoupler","Unceasing Top","Grinning Jar","CeramicFish","Guardian:PocketSentry","paleoftheancients:Timepiece","CultistMask","infinitespire:ShieldingShard","paleoftheancients:SoulOfTheDefect","Replay:Towering Pillar of Hats","Calipers"],"acts_visited":["Exordium","TheCity","TheBeyond","TheBeyond"],"potions_floor_usage":[60,60],"damage_taken":[{"damage":0.0,"enemies":"Cultist","floor":1.0,"turns":4.0},{"damage":0.0,"enemies":"Lagavulin","floor":7.0,"turns":5.0},{"damage":0.0,"enemies":"Small Slimes","floor":10.0,"turns":2.0},{"damage":0.0,"enemies":"3 Sentries","floor":13.0,"turns":5.0},{"damage":0.0,"enemies":"2 Louse","floor":14.0,"turns":2.0},{"damage":0.0,"enemies":"Fading Forest","floor":16.0,"turns":11.0},{"damage":0.0,"enemies":"3 Byrds","floor":18.0,"turns":4.0},{"damage":0.0,"enemies":"Spheric Guardian","floor":19.0,"turns":3.0},{"damage":0.0,"enemies":"Snecko","floor":21.0,"turns":4.0},{"damage":0.0,"enemies":"Chosen and Byrds","floor":22.0,"turns":3.0},{"damage":0.0,"enemies":"Replay:Snechameleon","floor":25.0,"turns":8.0},{"damage":0.0,"enemies":"Cultist and Chosen","floor":27.0,"turns":5.0},{"damage":0.0,"enemies":"Snake Plant","floor":30.0,"turns":4.0},{"damage":0.0,"enemies":"Shelled Parasite and Fungi","floor":31.0,"turns":3.0},{"damage":0.0,"enemies":"Pondfish","floor":33.0,"turns":14.0},{"damage":0.0,"enemies":"Orb Walker","floor":35.0,"turns":3.0},{"damage":0.0,"enemies":"3 Shapes","floor":38.0,"turns":5.0},{"damage":0.0,"enemies":"Reptomancer","floor":41.0,"turns":5.0},{"damage":0.0,"enemies":"Maw","floor":42.0,"turns":5.0},{"damage":0.0,"enemies":"Spire Growth","floor":44.0,"turns":4.0},{"damage":0.0,"enemies":"Jaw Worm Horde","floor":45.0,"turns":3.0},{"damage":0.0,"enemies":"3 Darklings","floor":48.0,"turns":3.0},{"damage":0.0,"enemies":"Donu and Deca","floor":50.0,"turns":7.0},{"damage":32.0,"enemies":"Donu and Deca","floor":51.0,"turns":10.0},{"damage":0.0,"enemies":"","floor":52.0,"turns":25.0},{"damage":0.0,"enemies":"","floor":56.0,"turns":9.0},{"damage":0,"enemies":"paleoftheancients:N","floor":60,"turns":11}],"seed_played":"-9081190916514896683","potions_obtained":[{"floor":10.0,"key":"Weak Potion"},{"floor":14.0,"key":"SteroidPotion"},{"floor":21.0,"key":"Flashbang"},{"floor":22.0,"key":"Adrenaline Potion"},{"floor":31.0,"key":"theSlumbering:NewPotion"},{"floor":35.0,"key":"BlessingOfTheForge"},{"floor":49.0,"key":"Doom Potion"}],"is_trial":false,"path_per_floor":["M","$","?","$","?","R","E","T","T","M","R","$","E","M","R","B",null,"M","M","AVR","M","M","R","?","E","T","M","R","?","M","M","R","B",null,"M","$","?","M","T","R","E","M","T","M","M","?","?","M","R","B","M","M","T","$","R","M","R","$","?","B",null],"character_chosen":"THE_SLUMBERING","items_purchased":["ReplayTheSpireMod:CursedCoin","theSlumbering:FocusedStrike+1","theSlumbering:Stretch+1","theSlumbering:Yawn","theSlumbering:Yawn","Core Surge","Consume","Redo","Replay:Towering Pillar of Hats","Calipers","PowerPotion","Buffer"],"campfire_rested":0,"item_purchase_floors":[0,0,2,4,12,36,54,58,58,58,58,58],"current_hp_per_floor":[1,1,1,1,1,1,1,1,1,1,1,1,1,1,1,1,1,1,1,1,1,1,1,1,1,1,1,1,1,1,1,1,1,1,1,1,1,1,1,1,1,1,1,1,1,1,1,1,1,1,1,1,1,1,1,1,1,1,1,1],"gold":303,"neow_bonus":"","is_daily":false,"chose_seed":false,"campfire_upgraded":11,"win_rate":0.0,"timestamp":1610395341,"path_taken":["M","?","?","$","?","R","E","?","T","?","R","$","E","M","R","BOSS","M","M","AVR","M","M","R","?","E","T","M","R","?","?","M","R","BOSS","M","$","?","M","?","R","E","M","T","M","?","?","?","M","R","BOSS","M","M","?","$","R","M","R","$","?","BOSS"],"items_purchased_type":["Relic","Card","Card","Card","Card","Card","Card","Card","Relic","Relic","Potion","Card"],"build_version":"2020-12-22","purchased_purges":3,"victory":true,"max_hp_per_floor":[1,1,1,1,1,1,1,1,1,1,1,1,1,1,1,1,1,1,1,1,1,1,1,1,1,1,1,1,1,1,1,1,1,1,1,1,1,1,1,1,1,1,1,1,1,1,1,1,1,1,1,1,1,1,1,1,1,1,1,1],"card_choices":[{"not_picked":["theSlumbering:FocusedStrike","theSlumbering:RecklessBlow"],"picked":"theSlumbering:Stretch","floor":1.0},{"not_picked":["theSlumbering:WakeUpSlap","theSlumbering:Jab"],"picked":"theSlumbering:GuardedSwipe","floor":7.0},{"not_picked":["theSlumbering:TrialsofHypnos","theSlumbering:CurlUp"],"picked":"theSlumbering:Yawn","floor":10.0},{"not_picked":["theSlumbering:RunTheGamut","theSlumbering:FalseNap","theSlumbering:Taunt"],"picked":"SKIP","floor":13.0},{"not_picked":["theSlumbering:Yawn","theSlumbering:InducedMemory"],"picked":"theSlumbering:NocturnalGifts","floor":14.0},{"not_picked":["theSlumbering:Insomnia","theSlumbering:Wake"],"picked":"theSlumbering:CustomDream","floor":16.0},{"not_picked":["Aggregate","Fusion","theSlumbering:Jab"],"picked":"Hologram","floor":18.0},{"not_picked":["Consume","theSlumbering:NightTerror","Stack","theSlumbering:ForcedThought"],"picked":"SKIP","floor":19.0},{"not_picked":["Force Field+1","theSlumbering:SleepParalysis","Darkness+1"],"picked":"theSlumbering:Stretch","floor":21.0},{"not_picked":["theSlumbering:RecklessBlow","Steam+1","Rebound","Ball Lightning"],"picked":"SKIP","floor":22.0},{"not_picked":["theSlumbering:SoundBarrier+1","Compile Driver","theSlumbering:CurlUp+1"],"picked":"theSlumbering:Jab+1","floor":25.0},{"not_picked":["theSlumbering:CurlUp","theSlumbering:Sleepwalk","Loop+1","Panic Button"],"picked":"SKIP","floor":27.0},{"not_picked":["Time Bomb","theSlumbering:SleepParalysis","theSlumbering:NocturnalMyoclonus","theSlumbering:HeavySleeper"],"picked":"SKIP","floor":30.0},{"not_picked":["Rebound","Force Field","Skim","theSlumbering:RecklessBlow"],"picked":"SKIP","floor":31.0},{"not_picked":["theSlumbering:RecurringDream","theSlumbering:Nightmare","ReplayTheSpireMod:Fabricate Wheel"],"picked":"Mirror Shield","floor":33.0},{"not_picked":["Replay:UnknownCurse","CommonCold","Gensokyo:AllTheWorldsEvil"],"picked":"theSlumbering:Sloth","floor":34.0},{"not_picked":["Spreading Infection","Delirium","Pain"],"picked":"ReplayTheSpireMod:IOU","floor":34.0},{"not_picked":["Regret","ReplayTheSpireMod:Restless Dread","Amnesia"],"picked":"Pain","floor":34.0},{"not_picked":["theSlumbering:NarcolepticEpisode","theSlumbering:Yawn+1","theSlumbering:Stretch"],"picked":"Capacitor","floor":35.0},{"not_picked":["Tempest","Steam","FTL"],"picked":"Redo+1","floor":37.0},{"not_picked":["Gash","theSlumbering:Reflect","theSlumbering:Jab+1"],"picked":"Consume","floor":37.0},{"not_picked":["Darkness+1","Steam+1","theSlumbering:SoundBarrier","Panic Button+1"],"picked":"SKIP","floor":38.0},{"not_picked":["Redo","Compile Driver","Steam Power"],"picked":"Capacitor","floor":41.0},{"not_picked":["theSlumbering:AlarmedStrike+1","Stack","theSlumbering:RestedPunch+1","Steam"],"picked":"SKIP","floor":42.0},{"not_picked":["Consume","Chaos","theSlumbering:HeavySleeper","ReplayTheSpireMod:Reroute Power"],"picked":"SKIP","floor":44.0},{"not_picked":["Ball Lightning+1","theSlumbering:StumblingBlow+1","Turbo"],"picked":"theSlumbering:NocturnalGifts+1","floor":45.0},{"not_picked":["Panache","expansioncontent:Sear","Forethought"],"picked":"expansioncontent:Flail","floor":46.0},{"not_picked":["Crow Ritual","ReplayTheSpireMod:Uncanny Aura","The Bomb"],"picked":"expansioncontent:Corrupt","floor":46.0},{"not_picked":["Barrage","Hello World+1","Lockon","theSlumbering:CurlUp+1"],"picked":"SKIP","floor":48.0},{"not_picked":["Barrage","Conserve Battery","ReplayTheSpireMod:System Scan"],"picked":"Coolheaded+1","floor":51.0},{"not_picked":["theSlumbering:WakeUpSlap+1","theSlumbering:Mulligan","Leap"],"picked":"BasicCrystalCard","floor":52.0},{"not_picked":["FTL+1","Hello World","theSlumbering:EnergyShift+1"],"picked":"Barrage+1","floor":56.0}],"player_experience":737413,"relics_obtained":[{"floor":7.0,"key":"infinitespire:CursedDice"},{"floor":8.0,"key":"Letter Opener"},{"floor":9.0,"key":"aspiration:FrozenJewel"},{"floor":13.0,"key":"aspiration:HummingbirdHeart"},{"floor":25.0,"key":"Tiny Chest"},{"floor":26.0,"key":"FossilizedHelix"},{"floor":39.0,"key":"Grinning Jar"},{"floor":41.0,"key":"CeramicFish"},{"floor":43.0,"key":"Guardian:PocketSentry"},{"floor":53.0,"key":"infinitespire:ShieldingShard"},{"floor":56.0,"key":"paleoftheancients:SoulOfTheDefect"}],"event_choices":[{"damage_healed":0.0,"max_hp_gain":0.0,"max_hp_loss":0.0,"gold_gain":175.0,"event_name":"betterThird:BetterSerpent","player_choice":"AGREE","floor":3.0,"gold_loss":0.0,"damage_taken":82.0},{"damage_healed":0.0,"max_hp_gain":0.0,"max_hp_loss":0.0,"gold_gain":0.0,"event_name":"The Mausoleum","player_choice":"Opened","floor":29.0,"gold_loss":0.0,"damage_taken":0.0,"relics_obtained":["Replay:Arrowhead"],"cards_obtained":["Writhe"]},{"damage_healed":0.0,"max_hp_gain":0.0,"max_hp_loss":0.0,"gold_gain":3.0,"event_name":"betterStone:BetterStone","player_choice":"1","floor":46.0,"gold_loss":0.0,"damage_taken":0.0},{"damage_healed":0.0,"max_hp_gain":0.0,"max_hp_loss":0.0,"gold_gain":0.0,"event_name":"Tomb of Lord Red Mask","player_choice":"Ignored","floor":47.0,"gold_loss":0.0,"damage_taken":0.0}],"is_beta":false,"boss_relics":[{"not_picked":["Abe\u0027s Treasure","ReplayTheSpireMod:DimensionalGlitch"],"picked":"aspiration:DefectSkillbook"},{"not_picked":["Tiny House","Fusion Hammer"],"picked":"Replay:Ancient Bell"},{"not_picked":["Potion Belt","Replay:Wax Seal"],"picked":"Lantern"},{"not_picked":["Mummified Hand","Onion Ring"],"picked":"aspiration:FaultyCoupler"},{"not_picked":["Counterbalance","Replay:PocketPolymizer"],"picked":"Unceasing Top"}],"items_purged_floors":[0,4,36],"is_endless":false,"potions_floor_spawned":[10,14,21,22,27,31,35,44],"ascension_level":1}}