{"host":"qfskrnw3pl1q86j0","time":1610379667,"event":{"mods":["BaseMod","Block Reminder","Hermit","Marisa????????","Minty Spire (QoL Compilation)","Quick Restart","Random Character Button","Relic Stats","StSLib","The Poker Player","slay the spire mod where everything is the same but ironclad has a cowboy hat"],"gold_per_floor":[13,31,45,56,70,70,70,90,90,90,116,116,144,144,144,249,249,261,277,376,158,158,172,172,205,205,105,105,121,121,146,146,244,244,261,90,140,187,201,201,201,201,201,201,228,243,258,76,76,76],"floor_reached":51,"playtime":2557,"items_purged":["Acrobatics","Outmaneuver"],"score":798,"play_id":"68aada7c-d4b4-4e7f-b467-2ff9457d2ded","local_time":"20210111164107","is_ascension_mode":false,"campfire_choices":[{"data":"Neutralize","floor":6.0,"key":"SMITH"},{"data":"Quick Slash","floor":10.0,"key":"SMITH"},{"data":"Footwork","floor":12.0,"key":"SMITH"},{"data":"Doppelganger","floor":15.0,"key":"SMITH"},{"data":"Noxious Fumes","floor":24,"key":"SMITH"},{"data":"Malaise","floor":28,"key":"SMITH"},{"data":"Malaise","floor":30,"key":"SMITH"},{"data":"Poisoned Stab","floor":32,"key":"SMITH"},{"data":"Corpse Explosion","floor":40,"key":"SMITH"},{"data":"Dagger Spray","floor":41,"key":"SMITH"},{"data":"Flying Knee","floor":42,"key":"SMITH"},{"data":"Terror","floor":49,"key":"SMITH"}],"circlet_count":0,"master_deck":["Survivor","Neutralize+1","Quick Slash+1","Flying Knee+1","Leg Sweep","Dodge and Roll","Escape Plan","Footwork+1","Doppelganger+1","Malaise+1","Corpse Explosion+1","Poisoned Stab+1","Deflect","Noxious Fumes+1","Dagger Spray+1","Malaise+1","Doppelganger+1","Bane+1","Escape Plan","Bullet Time","Dodge and Roll","Backflip+1","Blade Dance+1","Terror+1"],"relics":["Ring of the Snake","WingedGreaves","InkBottle","Centennial Puzzle","Darkstone Periapt","Pandora\u0027s Box","DollysMirror","MutagenicStrength","Meat on the Bone","Sundial","Kunai","Sozu","Akabeko","Dead Branch","CatCart","Gremlin Horn","Pen Nib","Snake Skull"],"acts_visited":["Exordium","TheCity","TheBeyond"],"potions_floor_usage":[25,31,33,38],"damage_taken":[{"damage":0.0,"enemies":"Jaw Worm","floor":1.0,"turns":4.0},{"damage":0.0,"enemies":"Small Slimes","floor":2.0,"turns":3.0},{"damage":0.0,"enemies":"Cultist","floor":3.0,"turns":3.0},{"damage":9.0,"enemies":"3 Louse","floor":4.0,"turns":6.0},{"damage":3.0,"enemies":"Exordium Wildlife","floor":5.0,"turns":5.0},{"damage":13.0,"enemies":"Lots of Slimes","floor":8.0,"turns":6.0},{"damage":17.0,"enemies":"Gremlin Nob","floor":11.0,"turns":5.0},{"damage":0.0,"enemies":"Lagavulin","floor":13.0,"turns":8.0},{"damage":13.0,"enemies":"The Guardian","floor":16.0,"turns":19.0},{"damage":13,"enemies":"2 Thieves","floor":18,"turns":2},{"damage":0,"enemies":"Chosen","floor":19,"turns":6},{"damage":5,"enemies":"Snake Plant","floor":23,"turns":6},{"damage":0,"enemies":"Gremlin Leader","floor":25,"turns":5},{"damage":7,"enemies":"Centurion and Healer","floor":29,"turns":4},{"damage":12,"enemies":"Slavers","floor":31,"turns":3},{"damage":9,"enemies":"Champ","floor":33,"turns":12},{"damage":3,"enemies":"3 Shapes","floor":35,"turns":2},{"damage":0,"enemies":"Mind Bloom Boss Battle","floor":37,"turns":7},{"damage":0,"enemies":"Orin","floor":38,"turns":11},{"damage":1,"enemies":"Orb Walker","floor":39,"turns":4},{"damage":44,"enemies":"Nemesis","floor":45,"turns":8},{"damage":0,"enemies":"4 Shapes","floor":46,"turns":2},{"damage":0,"enemies":"Sphere and 2 Shapes","floor":47,"turns":1},{"damage":17,"enemies":"Awakened One","floor":50,"turns":16}],"seed_played":"-5869257681379605301","potions_obtained":[{"floor":2.0,"key":"AttackPotion"},{"floor":5.0,"key":"Regen Potion"},{"floor":11.0,"key":"FearPotion"},{"floor":13.0,"key":"FairyPotion"},{"floor":16.0,"key":"LiquidMemories"},{"floor":19,"key":"Poison Potion"},{"floor":29,"key":"Block Potion"},{"floor":31,"key":"PowerPotion"}],"is_trial":false,"path_per_floor":["M","M","M","M","M","R","$","M","T","R","E","R","E","?","R","B",null,"M","M","?","$","?","M","R","E","T","$","R","M","R","E","R","B",null,"M","$","?","?","M","R","R","R","T","?","E","M","M","$","R","B",null],"character_chosen":"THE_SILENT","items_purchased":["DollysMirror","Dodge and Roll","Akabeko","Snake Skull","Terror"],"campfire_rested":0,"item_purchase_floors":[21,36,36,48,48],"current_hp_per_floor":[70,70,70,61,58,58,58,45,45,45,42,42,42,35,35,22,70,57,57,57,57,57,52,52,52,52,52,52,45,45,45,45,36,70,67,67,67,67,66,66,66,66,66,66,34,46,46,46,46,41],"gold":76,"neow_bonus":"ONE_RARE_RELIC","is_daily":false,"chose_seed":false,"campfire_upgraded":12,"win_rate":0.0,"timestamp":1610379667,"path_taken":["M","M","M","M","M","R","$","M","T","R","E","R","E","?","R","BOSS","M","M","?","$","?","M","R","E","T","?","R","M","R","E","R","BOSS","M","$","?","?","M","R","R","R","T","?","E","M","M","$","R","BOSS"],"items_purchased_type":["Relic","Card","Relic","Relic","Card"],"build_version":"2020-12-22","purchased_purges":2,"victory":true,"max_hp_per_floor":[70,70,70,70,70,70,70,70,70,70,70,70,70,70,70,70,70,70,70,70,70,70,70,70,70,70,70,70,70,70,70,70,70,70,70,70,70,70,70,70,70,70,70,70,70,70,70,70,70,70],"relic_stats":{"Darkstone Periapt":0,"Gremlin Horn":[3,6],"counters":[24,148],"Dead Branch":[57],"Pen Nib":[4],"Snake Skull":[23],"Sozu":4,"Centennial Puzzle":[30],"Sundial":[14],"Pandora\u0027s Box":["Corpse Explosion","Poisoned Stab","Deflect","Calculated Gamble","Noxious Fumes","Dagger Spray","Acrobatics","Outmaneuver","Malaise"],"Kunai":[29],"obtain_stats":[{"Darkstone Periapt":13,"Gremlin Horn":43,"Dead Branch":37,"Pen Nib":45,"Snake Skull":48,"Akabeko":36,"Sozu":34,"Centennial Puzzle":11,"DollysMirror":21,"Sundial":26,"MutagenicStrength":22,"Pandora\u0027s Box":17,"WingedGreaves":0,"Kunai":31,"CatCart":38,"InkBottle":9,"Ring of the Snake":0,"Meat on the Bone":25},{"Darkstone Periapt":8,"Gremlin Horn":20,"Dead Branch":18,"Pen Nib":21,"Snake Skull":23,"Akabeko":17,"Sozu":16,"Centennial Puzzle":7,"DollysMirror":11,"Sundial":13,"MutagenicStrength":11,"Pandora\u0027s Box":9,"WingedGreaves":0,"Kunai":15,"CatCart":19,"InkBottle":6,"Ring of the Snake":0,"Meat on the Bone":13},{"Darkstone Periapt":40,"Gremlin Horn":121,"Dead Branch":106,"Pen Nib":129,"Snake Skull":132,"Akabeko":99,"Sozu":97,"Centennial Puzzle":32,"DollysMirror":67,"Sundial":78,"MutagenicStrength":67,"Pandora\u0027s Box":59,"WingedGreaves":0,"Kunai":85,"CatCart":117,"InkBottle":27,"Ring of the Snake":0,"Meat on the Bone":78}],"InkBottle":[51],"Ring of the Snake":[48],"Meat on the Bone":48},"card_choices":[{"not_picked":["Flying Knee","Riddle With Holes"],"picked":"Quick Slash","floor":1.0},{"not_picked":["Blur","Underhanded Strike"],"picked":"Flying Knee","floor":2.0},{"not_picked":["Acrobatics","Flying Knee"],"picked":"Leg Sweep","floor":3.0},{"not_picked":["Venomology","Eviscerate"],"picked":"Dodge and Roll","floor":4.0},{"not_picked":["Quick Slash","Underhanded Strike","Cloak And Dagger"],"picked":"SKIP","floor":5.0},{"not_picked":["Cloak And Dagger","Masterful Stab"],"picked":"Escape Plan","floor":8.0},{"not_picked":["Quick Slash","Dagger Spray"],"picked":"Footwork","floor":11.0},{"not_picked":["Night Terror","Riddle With Holes"],"picked":"Doppelganger","floor":13.0},{"not_picked":["Unload","Adrenaline"],"picked":"Malaise","floor":16.0},{"not_picked":["Slice","Catalyst","Dodge and Roll"],"picked":"SKIP","floor":18},{"not_picked":["Reflex","Cloak And Dagger+1","Blade Dance+1"],"picked":"SKIP","floor":19},{"not_picked":["Flechettes","Quick Slash"],"picked":"Bane+1","floor":23},{"not_picked":["Underhanded Strike","Flying Knee"],"picked":"Escape Plan","floor":25},{"not_picked":["Concentrate","Eviscerate","Quick Slash"],"picked":"SKIP","floor":29},{"not_picked":["Dagger Spray","PiercingWail","Dagger Throw"],"picked":"SKIP","floor":31},{"not_picked":["A Thousand Cuts","Burst"],"picked":"Bullet Time","floor":33},{"not_picked":["Cloak And Dagger","Predator+1","Acrobatics"],"picked":"SKIP","floor":35},{"not_picked":["Dagger Spray+1","Crippling Poison","Outmaneuver"],"picked":"SKIP","floor":39},{"not_picked":["Choke","Poisoned Stab"],"picked":"Backflip+1","floor":45},{"not_picked":["Deflect+1","Caltrops","Deadly Poison"],"picked":"SKIP","floor":46},{"not_picked":["Riddle With Holes+1","Quick Slash+1"],"picked":"Blade Dance+1","floor":47}],"player_experience":949845,"relics_obtained":[{"floor":9.0,"key":"InkBottle"},{"floor":11.0,"key":"Centennial Puzzle"},{"floor":13.0,"key":"Darkstone Periapt"},{"floor":25,"key":"Meat on the Bone"},{"floor":26,"key":"Sundial"},{"floor":31,"key":"Kunai"},{"floor":37,"key":"Dead Branch"},{"floor":38,"key":"CatCart"},{"floor":43,"key":"Gremlin Horn"},{"floor":45,"key":"Pen Nib"}],"event_choices":[{"cards_removed":["Strike_G"],"damage_healed":0.0,"max_hp_gain":0.0,"max_hp_loss":0.0,"gold_gain":0.0,"event_name":"Golden Wing","player_choice":"Card Removal","floor":14.0,"gold_loss":0.0,"damage_taken":7.0},{"damage_healed":0,"gold_gain":99,"player_choice":"Stole From Cult","damage_taken":0,"max_hp_gain":0,"max_hp_loss":0,"event_name":"Nest","floor":20,"gold_loss":0},{"damage_healed":0,"gold_gain":0,"player_choice":"Inject Mutagens","damage_taken":0,"relics_obtained":["MutagenicStrength"],"max_hp_gain":0,"max_hp_loss":0,"event_name":"Drug Dealer","floor":22,"gold_loss":0},{"damage_healed":0,"gold_gain":0,"player_choice":"Fight","damage_taken":0,"max_hp_gain":0,"max_hp_loss":0,"event_name":"MindBloom","floor":37,"gold_loss":0},{"damage_healed":0,"gold_gain":0,"player_choice":"Fight","damage_taken":0,"max_hp_gain":0,"max_hp_loss":0,"event_name":"OrinTheCat","floor":38,"gold_loss":0},{"cards_removed":["Calculated Gamble"],"damage_healed":0,"gold_gain":0,"player_choice":"Purged","damage_taken":0,"max_hp_gain":0,"max_hp_loss":0,"event_name":"Purifier","floor":44,"gold_loss":0}],"is_beta":false,"boss_relics":[{"not_picked":["Runic Pyramid","Philosopher\u0027s Stone"],"picked":"Pandora\u0027s Box"},{"not_picked":["SacredBark","Calling Bell"],"picked":"Sozu"}],"items_purged_floors":[21,27],"is_endless":false,"potions_floor_spawned":[2,5,11,13,16,19,29,31,35,38,39,46],"ascension_level":0}}