{"host":"acw864156wjp8gcv","time":1610400550,"event":{"mods":["2.2 Compatiblity","AchievementEnabler","Ascension Reborn","Aspiration","BaseMod","Beaked The Cultist","Better Altar","Better Match","Better Note","Better Sensory Stone","Better Silent Start","Better Skull","Better Third Choice","Better Vampires","BetterRewards","Challenge The Spire","Colored Map","Colored Powertips","Conspire","Curses Come First","Downfall","Energized Spire","GifTheSpireLib","Halation","Hubris","Infinite Spire","Ironclad Rager","Jedi Mod","Mimic Mod","Minty Spire (QoL Compilation)","Permanent Neow","Relic Sorter","Replay The Spire","Shop Mod","Spicy Shops","Spikes Relics","StSLib","Stuff the Spire","The Blue Laboratory","The Construct","The Jungle","Wandering Minibosses","everything is the same but u backflip on backflip","vexMod"],"gold_per_floor":[123,15,15,15,15,15,46,46,46,46,46,46,88,107,107,232,952,969,986,986,1003,1003,1003,1128,1128,1128,1152,1166,1166,939,955,955,1075,1075,1099,1117,1117,1139,1156,1156,1178,1178,1178,1272,1428,1583,1659,1659,1659,1789],"floor_reached":51,"playtime":2092,"items_purged":["construct:Defend_Gold+1"],"score":250,"play_id":"c70ba807-1747-4102-ba36-6f8249a44e66","local_time":"20210111152910","is_ascension_mode":true,"campfire_choices":[{"data":"construct:VentSteam","floor":6.0,"key":"SMITH"},{"data":"construct:VentSteam+1","floor":8.0,"key":"SMITH"},{"data":"construct:Defend_Gold+1","floor":10.0,"key":"SMITH"},{"data":"construct:Strike_Gold+1","floor":15.0,"key":"SMITH"},{"data":"construct:MemoryTap","floor":23,"key":"SMITH"},{"data":"construct:MemoryTap+1","floor":25,"key":"SMITH"},{"data":"construct:SweepLaser","floor":29,"key":"SMITH"},{"data":"construct:SweepLaser+1","floor":32,"key":"SMITH"},{"data":"construct:Strike_Gold+1","floor":40,"key":"SMITH"},{"data":"construct:GuardCore","floor":42,"key":"SMITH"},{"data":"construct:GuardCore+1","floor":49,"key":"SMITH"}],"circlet_count":0,"master_deck":["construct:Strike_Gold+2","construct:Strike_Gold+2","construct:Strike_Gold+2","construct:Strike_Gold+1","construct:Strike_Gold+2","construct:Defend_Gold+2","construct:Defend_Gold+1","construct:Defend_Gold+2","construct:Defend_Gold+1","construct:AttackMode+2","construct:VentSteam+2","StuffTheSpire:Rapture+1","construct:MemoryTap+2","construct:Reserves","construct:SweepLaser+2","Flash of Steel+1","construct:FlakBarrage+2","construct:GuardCore+2","construct:ScopeCore+1"],"relics":["construct:ClockworkPhoenix","jedi:matchstick","CherryCoatedStake","StuffTheSpire:BottledEssence","halation:BlackBeret","Whetstone","StuffTheSpire:TintedRock","Replay:Wanted Poster","infinitespire:Satchel","StuffTheSpire:Barrel","vexMod:Dragonfruit","construct:MasterCore","Sozu","Chameleon Ring","hubris:CuriousFeather","Burning Blood","Replay:Bandana","StuffTheSpire:PointBlank","wanderingMiniBosses:OtherGremlinHorn","aspiration:HiddenCompartment"],"acts_visited":["Exordium","TheCity","TheBeyond"],"potions_floor_usage":[],"damage_taken":[{"damage":0.0,"enemies":"Small Slimes","floor":1.0,"turns":1.0},{"damage":0.0,"enemies":"Gremlin Nob","floor":7.0,"turns":2.0},{"damage":0.0,"enemies":"Lagavulin","floor":13.0,"turns":2.0},{"damage":0.0,"enemies":"conspire:RoseBush","floor":14.0,"turns":1.0},{"damage":0.0,"enemies":"Slime Boss","floor":16.0,"turns":2.0},{"damage":0,"enemies":"Spheric Guardian","floor":18,"turns":3},{"damage":0,"enemies":"3 Byrds","floor":19,"turns":2},{"damage":0,"enemies":"Snake Plant","floor":21,"turns":1},{"damage":0,"enemies":"Gremlin Leader","floor":24,"turns":3},{"damage":0,"enemies":"Centurion and Healer","floor":27,"turns":2},{"damage":0,"enemies":"3 Cultists","floor":28,"turns":2},{"damage":2,"enemies":"conspire:HollyBat","floor":31,"turns":3},{"damage":0,"enemies":"hubris:MusketHawk","floor":33,"turns":1},{"damage":5,"enemies":"3 Shapes","floor":35,"turns":2},{"damage":0,"enemies":"Orb Walker","floor":36,"turns":1},{"damage":0,"enemies":"Writhing Mass","floor":38,"turns":2},{"damage":0,"enemies":"Spire Growth","floor":39,"turns":2},{"damage":0,"enemies":"Maw","floor":41,"turns":2},{"damage":6,"enemies":"4 Shapes","floor":44,"turns":2},{"damage":0,"enemies":"Sphere and 2 Shapes","floor":45,"turns":5},{"damage":0,"enemies":"Nemesis","floor":46,"turns":2},{"damage":0,"enemies":"Jaw Worm Horde","floor":47,"turns":2},{"damage":28,"enemies":"Awakened One","floor":50,"turns":4}],"seed_played":"827549841984858573","potions_obtained":[{"floor":1.0,"key":"Venom Potion"},{"floor":7.0,"key":"Energy Potion"},{"floor":7.0,"key":"infinitespire:BlackPotion"},{"floor":21,"key":"FairyPotion"}],"is_trial":false,"path_per_floor":["M","$","?","?","$","R","E","R","T","R","?","$","E","M","R","B",null,"M","M","?","M","?","R","E","R","T","M","M","R","$","M","R","B",null,"M","M","?","M","M","R","M","R","T","M","M","E","M","$","R","B",null],"character_chosen":"THE_CONSTRUCT_MOD","items_purchased":["StuffTheSpire:BottledEssence","Flash of Steel","construct:MasterCore"],"campfire_rested":0,"item_purchase_floors":[2,30,30],"current_hp_per_floor":[90,90,90,95,95,95,95,95,95,95,95,95,95,95,95,100,100,100,100,100,100,100,100,100,100,100,105,105,105,105,103,103,110,110,105,105,20,20,28,28,36,36,36,44,69,77,105,105,105,103],"gold":1789,"neow_bonus":"UPGRADE_CARD","is_daily":false,"chose_seed":false,"campfire_upgraded":11,"win_rate":0.0,"timestamp":1610400550,"path_taken":["M","$","?","?","$","R","E","R","T","R","?","$","E","M","R","BOSS","M","M","?","M","?","R","E","R","T","M","M","R","$","?","R","BOSS","M","M","?","M","M","R","M","R","T","M","?","E","M","?","R","BOSS"],"items_purchased_type":["Relic","Card","Relic"],"build_version":"2020-12-22","purchased_purges":1,"victory":true,"max_hp_per_floor":[90,90,90,95,95,95,95,95,95,95,95,95,95,95,95,100,100,100,100,100,100,100,100,100,100,100,105,105,105,105,105,105,110,110,110,110,110,110,110,110,110,110,110,110,110,110,110,110,110,115],"card_choices":[{"not_picked":["construct:Missile","construct:Autoturret"],"picked":"construct:VentSteam","floor":1.0},{"not_picked":["construct:Tumble","construct:HeavyBolt"],"picked":"construct:Backfire","floor":7.0},{"not_picked":["construct:SuppressiveFire","construct:Backup","construct:Reinforce"],"picked":"SKIP","floor":7.0},{"not_picked":["StuffTheSpire:Harmony","StuffTheSpire:BrainWave"],"picked":"StuffTheSpire:Rapture","floor":11.0},{"not_picked":["construct:Versatility","construct:Backfire","construct:ScrapCannon"],"picked":"SKIP","floor":13.0},{"not_picked":["construct:CripplingShot","construct:ElectricArmor","construct:Stasis"],"picked":"SKIP","floor":13.0},{"not_picked":["construct:Boost","construct:Autoturret","construct:ScrapCannon+1"],"picked":"SKIP","floor":14.0},{"not_picked":["construct:ClockworkEgg","construct:PanicFire"],"picked":"construct:MemoryTap","floor":16.0},{"not_picked":["construct:Versatility+1","construct:Analyze+1","construct:SuppressiveFire+1"],"picked":"SKIP","floor":18},{"not_picked":["construct:Backfire","construct:Versatility+1","construct:HardReboot"],"picked":"SKIP","floor":19},{"not_picked":["construct:MetalShell+1","construct:OneWayMirror","construct:Boost+1"],"picked":"SKIP","floor":21},{"not_picked":["construct:Dampening","construct:HeavyBolt+1"],"picked":"construct:Reserves","floor":24},{"not_picked":["construct:Boost+1","construct:HardReboot+1","construct:Overcharge+1"],"picked":"SKIP","floor":27},{"not_picked":["construct:ClusterMines+1","construct:Anticipate+1"],"picked":"construct:SweepLaser","floor":28},{"not_picked":["construct:SuppressiveFire","construct:Overcharge","construct:Disrupt"],"picked":"SKIP","floor":31},{"not_picked":["construct:FlakBarrage+1","construct:Accumulate","construct:Boost"],"picked":"SKIP","floor":35},{"not_picked":["construct:Accumulate","construct:Boost"],"picked":"construct:FlakBarrage+1","floor":35},{"not_picked":["construct:VentSteam","construct:MemoryTap","construct:FocusedBeam+1"],"picked":"SKIP","floor":36},{"not_picked":["construct:HardReboot+1","construct:Enhance","construct:Reinforce+1"],"picked":"SKIP","floor":38},{"not_picked":["construct:Versatility+1","construct:VentSteam","construct:Forcefield+1"],"picked":"SKIP","floor":39},{"not_picked":["construct:SweepLaser","construct:FierceBash+1"],"picked":"construct:GuardCore","floor":41},{"not_picked":["construct:Anticipate+1","construct:VentSteam+1","construct:SuppressiveFire"],"picked":"SKIP","floor":44},{"not_picked":["construct:ReactiveShield+1","construct:SyphonStrike+1","construct:ModeShift+1"],"picked":"SKIP","floor":45},{"not_picked":["construct:HeavyBolt+1","construct:ModeShift","construct:SaveState+1"],"picked":"SKIP","floor":46},{"not_picked":["construct:SaveState+1","construct:Failsafe"],"picked":"construct:ScopeCore+1","floor":47}],"player_experience":150470,"relics_obtained":[{"floor":7.0,"key":"halation:BlackBeret"},{"floor":9.0,"key":"Replay:Rubber Ducky"},{"floor":9.0,"key":"Whetstone"},{"floor":13.0,"key":"StuffTheSpire:TintedRock"},{"floor":16.0,"key":"jedi:matchstick"},{"floor":24,"key":"infinitespire:Satchel"},{"floor":26,"key":"StuffTheSpire:Barrel"},{"floor":27,"key":"vexMod:Dragonfruit"},{"floor":33,"key":"CherryCoatedStake"},{"floor":35,"key":"Chameleon Ring"},{"floor":38,"key":"hubris:CuriousFeather"},{"floor":43,"key":"Replay:Bandana"},{"floor":43,"key":"StuffTheSpire:PointBlank"},{"floor":45,"key":"wanderingMiniBosses:OtherGremlinHorn"},{"floor":46,"key":"aspiration:HiddenCompartment"}],"event_choices":[{"cards_removed":["construct:DefenseMode"],"damage_healed":0.0,"max_hp_gain":0.0,"max_hp_loss":0.0,"gold_gain":0.0,"event_name":"Living Wall","player_choice":"Forget","floor":3.0,"gold_loss":0.0,"damage_taken":0.0},{"damage_healed":0.0,"max_hp_gain":5.0,"max_hp_loss":0.0,"gold_gain":0.0,"event_name":"Big Fish","player_choice":"Donut","floor":4.0,"gold_loss":0.0,"damage_taken":0.0},{"damage_healed":0,"gold_gain":0,"player_choice":"Ignored","damage_taken":0,"max_hp_gain":0,"max_hp_loss":0,"event_name":"betterNote:BetterNote","floor":20,"gold_loss":0,"cards_obtained":["hubris:InfiniteBlow"]},{"damage_healed":0,"gold_gain":0,"player_choice":"Bought 0 Potions","damage_taken":0,"max_hp_gain":0,"max_hp_loss":0,"event_name":"The Woman in Blue","floor":22,"gold_loss":0},{"damage_healed":0,"gold_gain":0,"player_choice":"UP UP UP UP ","damage_taken":93,"relics_obtained":[],"max_hp_gain":0,"max_hp_loss":0,"event_name":"betterSkull:BetterSkull","floor":37,"gold_loss":0,"cards_upgraded":["construct:Defend_Gold","Flash of Steel","StuffTheSpire:Rapture","construct:FlakBarrage"]}],"is_beta":false,"boss_relics":[{"not_picked":["aspiration:DefectSkillbook","Philosopher\u0027s Stone"],"picked":"Replay:Wanted Poster"},{"not_picked":["halation:Risk","aspiration:PoetsPen_weak"],"picked":"StuffTheSpire:RunicConfusion"}],"items_purged_floors":[30],"is_endless":false,"potions_floor_spawned":[7,13,27,28,33,39,44,46,47],"ascension_level":-20}}