{"host":"bpkhhmvsfrvlto2l","time":1610381723,"event":{"mods":["2.2 Compatiblity","AchievementEnabler","Act Like it!","AlwaysNeverKeys","Aspiration","BaseMod","Better Silent Start","Challenge The Spire","Colored Map","Colored Powertips","Custom Start","Downfall","Energized Spire","Friendly Minions","GifTheSpireLib","Halation","Hubris","Infinite Spire","Ironclad Rager","Mimic Mod","Minty Spire (QoL Compilation)","Permanent Neow","Quick Restart","Random Character Button","Relic Sorter","Replay The Spire","Spikes Relics","StSLib","Stuff the Spire","Swap Starting Deck Mod","Trackpad"],"gold_per_floor":[115,115,115,115,133,133,147,147,190,46,46,98,141,161,161,292,292,306,319,319,12,35,35,35,50,95,118,118,118,141,141,141,264,264,285,0,0,0,15,15,15,50,98,98,138,163,197,210,210,210,210,210,20,61,104],"floor_reached":56,"playtime":1252,"items_purged":["Injury"],"score":1595,"play_id":"85c238e7-bb07-44b4-baac-b135317d5ea7","local_time":"20210111111523","is_ascension_mode":true,"campfire_choices":[{"floor":6,"key":"REST"},{"data":"ReachHeaven","floor":8,"key":"SMITH"},{"floor":28,"key":"RECALL"},{"floor":32,"key":"DIG"},{"data":"StuffTheSpire:WarGroove","floor":41,"key":"SMITH"},{"floor":44,"key":"REST"},{"data":"infinitespire:NeuralNetwork","floor":49,"key":"SMITH"},{"data":"Brilliance","floor":52,"key":"SMITH"}],"circlet_count":0,"master_deck":["ReachHeaven+1","ReachHeaven","ReachHeaven","ReachHeaven","Prostrate","Prostrate","Prostrate","Prostrate","Prostrate","Pray","Pray","MasterReality","Brilliance+1","infinitespire:Gouge","infinitespire:NeuralNetwork+1","StuffTheSpire:WarGroove+1","Parasite"],"relics":["PureWater","Golden Idol","halation:EternalFortune","aspiration:ArtOfWarUpgrade","Blue Doll","Potion Belt","halation:WeightlessCrab","Replay:Baseball","Replay:Kaleidoscope","Philosopher\u0027s Stone","Damaru","hubris:Towel","Oddly Smooth Stone","Ring of Chaos","Red Mask","RetroEgg","SuspiciousGoo","CaptainsWheel","trackpad:CultistFigurine","Ancient Tea Set","Membership Card","halation:IllGainedPizza"],"acts_visited":["Exordium","TheCity","TheBeyond","TheEnding"],"potions_floor_usage":[16,22,33,35,42,48,48,54],"damage_taken":[{"damage":2,"enemies":"Small Slimes","floor":1,"turns":2},{"damage":0,"enemies":"2 Louse","floor":5,"turns":2},{"damage":0,"enemies":"Cultist","floor":7,"turns":3},{"damage":0,"enemies":"3 Louse","floor":9,"turns":3},{"damage":0,"enemies":"Lagavulin","floor":13,"turns":2},{"damage":0,"enemies":"3 Louse","floor":14,"turns":3},{"damage":0,"enemies":"Fading Forest","floor":16,"turns":9},{"damage":0,"enemies":"Spheric Guardian","floor":18,"turns":3},{"damage":12,"enemies":"Shell Parasite","floor":19,"turns":3},{"damage":4,"enemies":"Snake Plant","floor":22,"turns":2},{"damage":0,"enemies":"Sentry and Sphere","floor":25,"turns":2},{"damage":2,"enemies":"3 Cultists","floor":26,"turns":3},{"damage":3,"enemies":"3 Cultists","floor":27,"turns":3},{"damage":10,"enemies":"Centurion and Healer","floor":30,"turns":2},{"damage":8,"enemies":"hubris:MusketHawk","floor":33,"turns":3},{"damage":24,"enemies":"3 Shapes","floor":35,"turns":3},{"damage":4,"enemies":"Orb Walker","floor":39,"turns":2},{"damage":29,"enemies":"Reptomancer","floor":42,"turns":4},{"damage":0,"enemies":"Spire Growth","floor":43,"turns":2},{"damage":82,"enemies":"Nemesis","floor":45,"turns":7},{"damage":4,"enemies":"Spire Growth","floor":46,"turns":2},{"damage":0,"enemies":"Giant Head","floor":47,"turns":4},{"damage":0,"enemies":"Writhing Mass","floor":48,"turns":2},{"damage":20,"enemies":"Donu and Deca","floor":50,"turns":4},{"damage":42,"enemies":"Shield and Spear","floor":54,"turns":3},{"damage":76,"enemies":"The Heart","floor":55,"turns":5}],"seed_played":"3396066135732955792","potions_obtained":[{"floor":1,"key":"Strength Potion"},{"floor":7,"key":"hexamod:EctoCoolerPotion"},{"floor":19,"key":"Block Potion"},{"floor":22,"key":"BottledMiracle"},{"floor":30,"key":"DistilledChaos"},{"floor":39,"key":"SkillPotion"},{"floor":42,"key":"SmokeBomb"},{"floor":45,"key":"AttackPotion"},{"floor":46,"key":"Ancient Potion"}],"is_trial":false,"path_per_floor":["M","?","?","?","M","R","M","R","MIM","$","?","T","E","M","R","B",null,"M","M","?","$","M","R","AVR","M","MIM","M","R","?","M","?","R_BF","B",null,"M","?","AVR","?","M","$","R","E","MIM","R","E","M","E","M","R","B",null,"R","$","E","B",null],"character_chosen":"WATCHER","items_purchased":["Blue Doll","Replay:Kaleidoscope","Membership Card","EssenceOfSteel"],"campfire_rested":2,"item_purchase_floors":[10,21,53,53],"current_hp_per_floor":[34,41,41,44,44,66,69,69,69,69,69,69,69,69,69,69,78,78,66,66,66,65,65,65,65,63,60,60,60,50,30,30,22,81,57,57,57,57,53,53,53,24,24,48,43,39,39,39,39,61,81,81,81,84,60],"gold":104,"neow_bonus":"","is_daily":false,"chose_seed":false,"campfire_upgraded":4,"win_rate":0.0,"timestamp":1610381723,"path_taken":["M","?","?","?","M","R","M","R","MIM","$","?","?","E","M","R","BOSS","M","M","?","$","M","R","AVR","M","MIM","M","R","?","M","?","R_BF","BOSS","M","?","AVR","?","M","$","R","E","MIM","R","E","M","E","M","R","BOSS","R","$","E","BOSS"],"items_purchased_type":["Relic","Relic","Relic","Potion"],"build_version":"2020-12-22","purchased_purges":1,"victory":true,"max_hp_per_floor":[72,72,72,75,75,75,78,78,78,78,78,78,78,78,78,78,78,78,78,78,78,81,81,81,81,81,81,81,81,81,81,81,81,81,81,81,81,81,81,81,81,81,81,81,81,81,81,81,81,81,81,81,81,84,84],"card_choices":[{"not_picked":["FlyingSleeves","WreathOfFlame"],"picked":"Pray","floor":5},{"not_picked":["DeceiveReality","Evaluate"],"picked":"MasterReality","floor":13},{"not_picked":["Vault","Ragnarok"],"picked":"Brilliance","floor":16},{"not_picked":["Alpha","JustLucky","Weave+1"],"picked":"SKIP","floor":39}],"player_experience":63900,"relics_obtained":[{"floor":7,"key":"halation:EternalFortune"},{"floor":9,"key":"Art of War"},{"floor":12,"key":"Potion Belt"},{"floor":13,"key":"halation:WeightlessCrab"},{"floor":22,"key":"halation:EternalFortune"},{"floor":32,"key":"Oddly Smooth Stone"},{"floor":42,"key":"RetroEgg"},{"floor":43,"key":"SuspiciousGoo"},{"floor":43,"key":"CaptainsWheel"},{"floor":45,"key":"trackpad:CultistFigurine"},{"floor":47,"key":"Ancient Tea Set"},{"floor":54,"key":"halation:EternalFortune"},{"floor":54,"key":"halation:IllGainedPizza"}],"event_choices":[{"damage_healed":0,"gold_gain":0,"player_choice":"Take Wound","damage_taken":0,"relics_obtained":["Golden Idol"],"max_hp_gain":0,"max_hp_loss":0,"event_name":"Golden Idol","floor":3,"gold_loss":0,"cards_obtained":["Injury"]},{"damage_healed":0,"gold_gain":0,"player_choice":"Gave Potion","damage_taken":0,"relics_obtained":["Replay:Baseball"],"max_hp_gain":0,"max_hp_loss":0,"event_name":"WeMeetAgain","floor":20,"gold_loss":0},{"damage_healed":0,"gold_gain":0,"player_choice":"Paid","damage_taken":0,"relics_obtained":["Red Mask"],"max_hp_gain":0,"max_hp_loss":0,"event_name":"Tomb of Lord Red Mask","floor":36,"gold_loss":285},{"damage_healed":0,"gold_gain":0,"player_choice":"Ignored","damage_taken":0,"max_hp_gain":0,"max_hp_loss":0,"event_name":"Transmorgrifier","floor":38,"gold_loss":0}],"is_beta":false,"boss_relics":[{"not_picked":["Fusion Hammer","halation:PinkAlligatorPlush","Runic Pyramid"]},{"not_picked":["StuffTheSpire:RunicHypercube","halation:CatFaceCupcake"],"picked":"Ring of Chaos"}],"items_purged_floors":[24],"is_endless":false,"potions_floor_spawned":[1,7,19,22,30,39,42,45,46],"ascension_level":3}}