{"host":"g7trc0x2teqyd8ye","time":1610386017,"event":{"mods":["BaseMod","Key Reminder","Minty Spire (QoL Compilation)","Relic Stats"],"gold_per_floor":[119,132,132,147,226,258,258,283,308,308,324,341,353,383,383,482,482,500,500,204,223,223,223],"floor_reached":22,"playtime":1044,"items_purged":[],"score":330,"play_id":"1ba1340d-3484-4986-9102-e0bfa63f938b","local_time":"20210111182657","is_ascension_mode":true,"campfire_choices":[{"floor":7,"key":"REST"},{"floor":10,"key":"REST"},{"floor":15,"key":"REST"}],"circlet_count":0,"master_deck":["AscendersBane","Strike_B","Strike_B","Strike_B","Strike_B","Defend_B","Defend_B","Defend_B","Defend_B","Zap","Dualcast","Machine Learning","Streamline","Cold Snap","Barrage","Dark Shackles","Sweeping Beam","Blizzard","Loop","Streamline","Cold Snap","Auto Shields","Capacitor","Echo Form","Compile Driver+1","BootSequence"],"relics":["Cracked Core","Sundial","Toy Ornithopter","Potion Belt","Boot","Blue Candle","keyreminder:keyreminder","Fusion Hammer","TungstenRod"],"acts_visited":["Exordium","TheCity"],"potions_floor_usage":[6,14,21,21],"damage_taken":[{"damage":2,"enemies":"Jaw Worm","floor":1,"turns":4},{"damage":0,"enemies":"Cultist","floor":2,"turns":3},{"damage":3,"enemies":"Small Slimes","floor":4,"turns":3},{"damage":33,"enemies":"3 Sentries","floor":6,"turns":7},{"damage":28,"enemies":"Gremlin Nob","floor":8,"turns":4},{"damage":1,"enemies":"3 Louse","floor":11,"turns":3},{"damage":11,"enemies":"Large Slime","floor":12,"turns":5},{"damage":9,"enemies":"Looter","floor":13,"turns":3},{"damage":14,"enemies":"Lagavulin","floor":14,"turns":8},{"damage":26,"enemies":"Hexaghost","floor":16,"turns":10},{"damage":28,"enemies":"Spheric Guardian","floor":18,"turns":5},{"damage":20,"enemies":"3 Byrds","floor":21,"turns":5},{"damage":27,"enemies":"Shelled Parasite and Fungi","floor":22,"turns":3}],"seed_played":"5123199652780976883","potions_obtained":[{"floor":4,"key":"EssenceOfDarkness"},{"floor":6,"key":"GamblersBrew"},{"floor":13,"key":"SteroidPotion"},{"floor":16,"key":"PotionOfCapacity"},{"floor":18,"key":"DistilledChaos"}],"is_trial":false,"path_per_floor":["M","M","?","M","T","E","R","E","T","R","M","M","M","E","R","B",null,"M","?","$","M","M"],"character_chosen":"DEFECT","items_purchased":["TungstenRod"],"campfire_rested":3,"item_purchase_floors":[20],"current_hp_per_floor":[66,66,66,63,63,30,52,24,24,46,45,34,25,16,38,12,59,31,17,17,7,0,0],"gold":223,"neow_bonus":"ONE_RANDOM_RARE_CARD","is_daily":false,"chose_seed":false,"campfire_upgraded":0,"win_rate":0.0,"timestamp":1610386017,"path_taken":["M","M","?","?","?","E","R","E","T","R","M","M","M","E","R","BOSS","M","?","$","M","M"],"items_purchased_type":["Relic"],"build_version":"2020-12-22","purchased_purges":0,"victory":false,"max_hp_per_floor":[75,75,75,75,75,75,75,75,75,75,75,75,75,75,75,75,75,75,80,80,80,80,80],"relic_stats":{"counters":[13,63],"Sundial":[6],"Blue Candle":[0],"Boot":[60],"obtain_stats":[{"Potion Belt":8,"keyreminder:keyreminder":14,"Sundial":5,"Blue Candle":14,"Fusion Hammer":17,"Cracked Core":0,"Boot":9,"Toy Ornithopter":6,"TungstenRod":20},{"Potion Belt":5,"keyreminder:keyreminder":9,"Sundial":3,"Blue Candle":9,"Fusion Hammer":10,"Cracked Core":0,"Boot":5,"Toy Ornithopter":4,"TungstenRod":11},{"Potion Belt":21,"keyreminder:keyreminder":40,"Sundial":10,"Blue Candle":40,"Fusion Hammer":50,"Cracked Core":0,"Boot":21,"Toy Ornithopter":17,"TungstenRod":55}],"Toy Ornithopter":15,"TungstenRod":15},"card_choices":[{"not_picked":["Barrage","Heatsinks"],"picked":"Streamline","floor":1},{"not_picked":["Redo","Go for the Eyes"],"picked":"Cold Snap","floor":2},{"not_picked":["Conserve Battery","Reinforced Body"],"picked":"Sweeping Beam","floor":4},{"not_picked":["Go for the Eyes","Stack"],"picked":"Blizzard","floor":6},{"not_picked":["Coolheaded","Hologram"],"picked":"Loop","floor":8},{"not_picked":["Beam Cell","Stack"],"picked":"Streamline","floor":11},{"not_picked":["Aggregate","Consume"],"picked":"Cold Snap","floor":12},{"not_picked":["Lockon","Beam Cell"],"picked":"Auto Shields","floor":13},{"not_picked":["Heatsinks","Rip and Tear"],"picked":"Capacitor","floor":14},{"not_picked":["Meteor Strike","Fission"],"picked":"Echo Form","floor":16},{"not_picked":["Rebound","Sweeping Beam"],"picked":"Compile Driver+1","floor":18},{"not_picked":["Gash","Leap"],"picked":"BootSequence","floor":21}],"player_experience":903000,"relics_obtained":[{"floor":5,"key":"Sundial"},{"floor":6,"key":"Toy Ornithopter"},{"floor":8,"key":"Potion Belt"},{"floor":9,"key":"Boot"},{"floor":14,"key":"Blue Candle"}],"event_choices":[{"damage_healed":0,"gold_gain":0,"player_choice":"2 cards matched","damage_taken":0,"max_hp_gain":0,"max_hp_loss":0,"event_name":"Match and Keep!","floor":3,"gold_loss":0,"cards_obtained":["Barrage","Dark Shackles"]},{"damage_healed":0,"gold_gain":0,"player_choice":"Shed Blood","damage_taken":19,"max_hp_gain":5,"max_hp_loss":0,"event_name":"Forgotten Altar","floor":19,"gold_loss":0}],"is_beta":false,"boss_relics":[{"not_picked":["Cursed Key","Inserter"],"picked":"Fusion Hammer"}],"items_purged_floors":[],"is_endless":false,"potions_floor_spawned":[4,6,13,16,18],"killed_by":"Shelled Parasite and Fungi","ascension_level":12}}