{"host":"f5y45f7z7ziu0smp","time":1610366912,"event":{"mods":["AchievementEnabler","Ascension Reborn","BaseMod","Koishi","Marisa£¨Ùöéë¡¡Øª×âÞÞ£©","Minty Spire (QoL Compilation)","StSLib","SuperFastMode"],"gold_per_floor":[115,115,1,21,43,77,77,89,89,89,89,103,313,325,325,439,439,458,458,470,385,399,413,451,465,479,195,195,215,237,259,259,381,381,404,22,22,36,100,136,136,136,232,249,249,266,266,172,172,172,172,172,59,93,93],"floor_reached":56,"playtime":1840,"items_purged":["Doubt","Perseverance","Consecrate"],"score":1552,"play_id":"051d954b-dfbc-4a99-a3d4-8f65bf46699b","local_time":"20210111210832","is_ascension_mode":true,"campfire_choices":[{"floor":7,"key":"RECALL"},{"data":"WheelKick","floor":11,"key":"SMITH"},{"data":"CutThroughFate","floor":15,"key":"SMITH"},{"data":"FollowUp","floor":23,"key":"SMITH"},{"data":"Weave","floor":25,"key":"SMITH"},{"data":"FlurryOfBlows","floor":32,"key":"SMITH"},{"data":"ThirdEye","floor":41,"key":"SMITH"},{"data":"Scrawl","floor":45,"key":"SMITH"},{"data":"WindmillStrike","floor":49,"key":"SMITH"},{"data":"Weave","floor":52,"key":"SMITH"}],"circlet_count":0,"master_deck":["Eruption+1","Vigilance+1","WheelKick+1","WindmillStrike+1","FollowUp+1","BowlingBash+1","Tantrum+1","Crescendo+1","Adaptation+1","JustLucky","Vengeance","CutThroughFate+1","EmptyBody+1","FollowUp+1","Weave+1","Master of Strategy","BowlingBash+1","FlurryOfBlows+1","Scrawl+1","ThirdEye+1","Weave+1","BowlingBash","DevaForm+1","ClearTheMind+1","MentalFortress+1","Finesse","FearNoEvil+1","Nirvana+1","MentalFortress+1","Wireheading+1","ThirdEye+1","Devotion+1","Devotion+1"],"relics":["PureWater","NeowsBlessing","Orrery","Pantograph","MealTicket","GoldenEye","Runic Dome","Regal Pillow","MawBank","Centennial Puzzle","Calipers","Tiny Chest","Shuriken","Frozen Egg 2","Sling","FossilizedHelix","Torii","Pandora\u0027s Box","Yang","WingedGreaves","TungstenRod","White Beast Statue","Darkstone Periapt","Bronze Scales","Bottled Lightning","Toxic Egg 2","Lantern","CaptainsWheel"],"acts_visited":["Exordium","TheCity","TheBeyond","TheEnding"],"potions_floor_usage":[16,20,33,40,40,50,55],"damage_taken":[{"damage":0,"enemies":"Small Slimes","floor":1,"turns":1},{"damage":0,"enemies":"2 Louse","floor":4,"turns":1},{"damage":0,"enemies":"Jaw Worm","floor":5,"turns":1},{"damage":0,"enemies":"Gremlin Nob","floor":6,"turns":2},{"damage":0,"enemies":"Looter","floor":8,"turns":1},{"damage":0,"enemies":"Blue Slaver","floor":12,"turns":1},{"damage":0,"enemies":"Exordium Thugs","floor":14,"turns":1},{"damage":0,"enemies":"Hexaghost","floor":16,"turns":2},{"damage":0,"enemies":"Spheric Guardian","floor":18,"turns":1},{"damage":0,"enemies":"Chosen","floor":20,"turns":2},{"damage":4,"enemies":"Centurion and Healer","floor":24,"turns":2},{"damage":0,"enemies":"Sentry and Sphere","floor":29,"turns":1},{"damage":0,"enemies":"3 Cultists","floor":30,"turns":2},{"damage":0,"enemies":"Snecko","floor":31,"turns":3},{"damage":0,"enemies":"Automaton","floor":33,"turns":2},{"damage":15,"enemies":"3 Shapes","floor":35,"turns":1},{"damage":0,"enemies":"Orb Walker","floor":38,"turns":2},{"damage":0,"enemies":"2 Orb Walkers","floor":39,"turns":3},{"damage":0,"enemies":"Nemesis","floor":40,"turns":3},{"damage":0,"enemies":"Transient","floor":44,"turns":5},{"damage":6,"enemies":"4 Shapes","floor":46,"turns":1},{"damage":0,"enemies":"Donu and Deca","floor":50,"turns":3},{"damage":0,"enemies":"Shield and Spear","floor":54,"turns":2},{"damage":26,"enemies":"The Heart","floor":55,"turns":5}],"seed_played":"-7627585174938638955","potions_obtained":[{"floor":1,"key":"PowerPotion"},{"floor":1,"key":"SkillPotion"},{"floor":4,"key":"Strength Potion"},{"floor":6,"key":"Ambrosia"},{"floor":16,"key":"SteroidPotion"},{"floor":18,"key":"Dexterity Potion"},{"floor":20,"key":"Block Potion"},{"floor":29,"key":"StancePotion"},{"floor":31,"key":"LiquidMemories"},{"floor":33,"key":"Swift Potion"},{"floor":38,"key":"DistilledChaos"},{"floor":39,"key":"StancePotion"},{"floor":40,"key":"Fire Potion"},{"floor":44,"key":"DuplicationPotion"},{"floor":54,"key":"Energy Potion"},{"floor":54,"key":"PowerPotion"}],"is_trial":false,"path_per_floor":["M","?","$","M","M","E","R","M","T","?","R","M","?","M","R","B",null,"M","?","M","?","T","R","M","R","T","$","?","M","M","M","R","B",null,"M","$","?","M","?","E","R","T","T","M","R","M","?","$","R","B",null,"R","$","E","B",null],"character_chosen":"WATCHER","items_purchased":["Orrery","Master of Strategy","Sling","MentalFortress+1","Yang","Finesse","Devotion+1"],"campfire_rested":0,"item_purchase_floors":[3,27,27,36,36,36,53],"current_hp_per_floor":[76,76,76,76,76,76,76,76,76,81,81,81,81,81,81,85,85,85,85,85,85,85,85,81,81,81,85,85,85,85,85,85,89,89,74,89,89,89,89,89,89,89,89,89,89,83,83,85,85,89,89,89,89,89,69],"gold":93,"neow_bonus":"THREE_ENEMY_KILL","is_daily":false,"chose_seed":false,"campfire_upgraded":9,"win_rate":0.0,"timestamp":1610366912,"path_taken":["M","?","$","M","M","E","R","M","T","?","R","M","?","M","R","BOSS","M","?","M","?","?","R","?","R","T","$","?","M","M","M","R","BOSS","M","$","?","M","?","E","R","?","T","M","R","M","?","$","R","BOSS","R","$","E","BOSS"],"items_purchased_type":["Relic","Card","Relic","Card","Relic","Card","Card"],"build_version":"2020-12-22","purchased_purges":3,"victory":true,"max_hp_per_floor":[76,76,76,76,76,76,76,76,76,81,81,81,81,81,81,85,85,85,85,85,85,85,85,85,85,85,85,85,85,85,85,85,89,89,89,89,89,89,89,89,89,89,89,89,89,89,85,85,85,89,89,89,89,89,93],"card_choices":[{"not_picked":["Nirvana","Weave"],"picked":"WheelKick","floor":1},{"not_picked":["Sanctity","LikeWater"],"picked":"FollowUp","floor":3},{"not_picked":["SashWhip","Worship+1"],"picked":"BowlingBash+1","floor":3},{"not_picked":["Evaluate","Prostrate+1"],"picked":"Tantrum+1","floor":3},{"not_picked":["BowlingBash","FollowUp"],"picked":"Crescendo+1","floor":3},{"not_picked":["ThirdEye","CrushJoints"],"picked":"Adaptation+1","floor":3},{"not_picked":["Swivel","Brilliance"],"picked":"JustLucky","floor":4},{"not_picked":["JustLucky+1","SashWhip","Swivel"],"picked":"SKIP","floor":5},{"not_picked":["Protect+1","TalkToTheHand"],"picked":"Vengeance","floor":6},{"not_picked":["Wireheading","Collect","SashWhip"],"picked":"SKIP","floor":6},{"not_picked":["SashWhip+1","Consecrate"],"picked":"CutThroughFate","floor":8},{"not_picked":["Perseverance","Swivel+1"],"picked":"EmptyBody+1","floor":12},{"not_picked":["Consecrate","FollowUp","JustLucky"],"picked":"SKIP","floor":14},{"not_picked":["Worship","JustLucky+1","Adaptation+1"],"picked":"SKIP","floor":18},{"not_picked":["Evaluate","EmptyMind"],"picked":"FollowUp+1","floor":20},{"not_picked":["Crescendo+1","ReachHeaven"],"picked":"Weave","floor":24},{"not_picked":["TalkToTheHand+1","SashWhip+1"],"picked":"BowlingBash+1","floor":29},{"not_picked":["Pray","WreathOfFlame","PathToVictory+1"],"picked":"SKIP","floor":30},{"not_picked":["EmptyMind+1","SashWhip+1"],"picked":"FlurryOfBlows","floor":31},{"not_picked":["Wish","ConjureBlade"],"picked":"Scrawl","floor":33},{"not_picked":["ThirdEye+1","Consecrate+1"],"picked":"ClearTheMind+1","floor":35},{"not_picked":["Fasting2+1","LikeWater+1"],"picked":"FearNoEvil+1","floor":38},{"not_picked":["Prostrate+1","SashWhip+1"],"picked":"Nirvana+1","floor":39},{"not_picked":["Conclude","Sanctity"],"picked":"MentalFortress+1","floor":40},{"not_picked":["SashWhip","EmptyMind+1"],"picked":"Wireheading+1","floor":44},{"not_picked":["Wallop+1","Prostrate+1"],"picked":"ThirdEye+1","floor":46},{"not_picked":["BowlingBash","DeusExMachina+1"],"picked":"Devotion+1","floor":54}],"player_experience":93806,"relics_obtained":[{"floor":6,"key":"Pantograph"},{"floor":9,"key":"MealTicket"},{"floor":16,"key":"GoldenEye"},{"floor":18,"key":"Regal Pillow"},{"floor":22,"key":"Centennial Puzzle"},{"floor":22,"key":"Calipers"},{"floor":24,"key":"Tiny Chest"},{"floor":26,"key":"Shuriken"},{"floor":26,"key":"Frozen Egg 2"},{"floor":29,"key":"FossilizedHelix"},{"floor":33,"key":"Torii"},{"floor":39,"key":"WingedGreaves"},{"floor":40,"key":"TungstenRod"},{"floor":42,"key":"White Beast Statue"},{"floor":42,"key":"Darkstone Periapt"},{"floor":43,"key":"Bronze Scales"},{"floor":43,"key":"Bottled Lightning"},{"floor":44,"key":"Toxic Egg 2"},{"floor":46,"key":"Lantern"},{"floor":54,"key":"CaptainsWheel"}],"event_choices":[{"damage_healed":0,"gold_gain":0,"cards_transformed":["Defend_P"],"player_choice":"Change","damage_taken":0,"max_hp_gain":0,"max_hp_loss":0,"event_name":"Living Wall","floor":2,"gold_loss":0,"cards_obtained":["WindmillStrike"]},{"damage_healed":0,"gold_gain":0,"player_choice":"Donut","damage_taken":0,"max_hp_gain":5,"max_hp_loss":0,"event_name":"Big Fish","floor":10,"gold_loss":0},{"damage_healed":0,"gold_gain":175,"player_choice":"AGREE","damage_taken":0,"max_hp_gain":0,"max_hp_loss":0,"event_name":"Liars Game","floor":13,"gold_loss":0,"cards_obtained":["Doubt"]},{"damage_healed":0,"gold_gain":0,"player_choice":"Ignored","damage_taken":0,"max_hp_gain":0,"max_hp_loss":0,"event_name":"Vampires","floor":19,"gold_loss":0},{"damage_healed":0,"gold_gain":0,"player_choice":"Obtained Relic","damage_taken":0,"relics_obtained":["MawBank"],"max_hp_gain":0,"max_hp_loss":0,"event_name":"Addict","floor":21,"gold_loss":85},{"damage_healed":0,"gold_gain":0,"player_choice":"Ignored","damage_taken":0,"max_hp_gain":0,"max_hp_loss":0,"event_name":"Ghosts","floor":28,"gold_loss":0},{"cards_removed":["SpiritShield"],"damage_healed":0,"gold_gain":0,"player_choice":"Removed Skill","damage_taken":0,"max_hp_gain":0,"max_hp_loss":0,"event_name":"Falling","floor":37,"gold_loss":0},{"damage_healed":0,"gold_gain":0,"player_choice":"Fight","damage_taken":0,"max_hp_gain":0,"max_hp_loss":0,"event_name":"Mysterious Sphere","floor":39,"gold_loss":0},{"damage_healed":0,"gold_gain":0,"player_choice":"Max HP","damage_taken":0,"max_hp_gain":0,"max_hp_loss":4,"event_name":"Winding Halls","floor":47,"gold_loss":0}],"is_beta":false,"boss_relics":[{"not_picked":["Ectoplasm","Busted Crown"],"picked":"Runic Dome"},{"not_picked":["Velvet Choker","Tiny House"],"picked":"Pandora\u0027s Box"}],"items_purged_floors":[27,36,48],"is_endless":false,"potions_floor_spawned":[1,12,14,16,29,30,39,44,46,54],"ascension_level":0}}