{"host":"pl1fbpkom0aq337f","time":1610365094,"event":{"mods":["AchievementEnabler","BaseMod","Colored Map","Minty Spire (QoL Compilation)"],"gold_per_floor":[114,114,137,137,137,137,168,93,118,95,116,116,139,154,154,154,280,280,299,199,218,218,218,249,249,265,265,288,304,229,229,328,328,454,454,472,805,884,903,915,915,925,925,979,1031,1031,605,605,605],"floor_reached":48,"playtime":1055,"items_purged":["Defend_R","Strike_R","Defend_R"],"score":473,"play_id":"99cd6744-9920-443d-86f9-f3af0f581ace","local_time":"20210111123814","is_ascension_mode":false,"campfire_choices":[{"data":"Bash","floor":6.0,"key":"SMITH"},{"data":"Sword Boomerang","floor":12.0,"key":"SMITH"},{"data":"Strike_R","floor":15.0,"key":"SMITH"},{"floor":16.0,"key":"REST"},{"data":"Spot Weakness","floor":25,"key":"SMITH"},{"data":"Strike_R","floor":31,"key":"SMITH"},{"floor":33,"key":"REST"},{"floor":41,"key":"REST"},{"floor":43,"key":"REST"}],"circlet_count":0,"master_deck":["Strike_R+1","Strike_R+1","Defend_R","Bash+1","Sword Boomerang+1","Spot Weakness+1","Flex+1"],"relics":["Burning Blood","Vajra","Calipers","Bag of Marbles","Black Star","MutagenicStrength","Letter Opener","Kunai","Self Forming Clay","Empty Cage","Shuriken","Toy Ornithopter","Happy Flower","Centennial Puzzle"],"acts_visited":["Exordium","TheCity","TheBeyond"],"potions_floor_usage":[24,26,39],"damage_taken":[{"damage":13.0,"enemies":"Jaw Worm","floor":1.0,"turns":3.0},{"damage":2.0,"enemies":"Small Slimes","floor":3.0,"turns":4.0},{"damage":36.0,"enemies":"Lagavulin","floor":7.0,"turns":6.0},{"damage":0.0,"enemies":"2 Louse","floor":11.0,"turns":2.0},{"damage":0.0,"enemies":"2 Fungi Beasts","floor":13.0,"turns":2.0},{"damage":6.0,"enemies":"Exordium Wildlife","floor":14.0,"turns":2.0},{"damage":29.0,"enemies":"The Guardian","floor":17.0,"turns":7.0},{"damage":19.0,"enemies":"Shell Parasite","floor":19.0,"turns":4.0},{"damage":10.0,"enemies":"Chosen","floor":21.0,"turns":3.0},{"damage":13,"enemies":"Gremlin Leader","floor":24,"turns":3},{"damage":0,"enemies":"Snecko","floor":26,"turns":2},{"damage":0,"enemies":"Centurion and Healer","floor":28,"turns":5},{"damage":24,"enemies":"3 Cultists","floor":29,"turns":5},{"damage":57,"enemies":"Champ","floor":34,"turns":12},{"damage":15,"enemies":"Orb Walker","floor":36,"turns":2},{"damage":16,"enemies":"3 Shapes","floor":39,"turns":3},{"damage":33,"enemies":"Maw","floor":40,"turns":6},{"damage":37,"enemies":"3 Darklings","floor":42,"turns":4},{"damage":0,"enemies":"Writhing Mass","floor":48,"turns":1}],"seed_played":"-7228901195955095093","potions_obtained":[{"floor":7.0,"key":"PowerPotion"},{"floor":11.0,"key":"LiquidMemories"},{"floor":14.0,"key":"Energy Potion"},{"floor":17.0,"key":"DistilledChaos"},{"floor":19.0,"key":"BlessingOfTheForge"},{"floor":26,"key":"Fire Potion"},{"floor":40,"key":"EssenceOfSteel"}],"is_trial":false,"path_per_floor":["M","?","M","?","?","R","E","$","T","?","M","R","M","M","R","R","B",null,"M","$","M","?","?","E","R","M","T","M","M","?","R","?","R","B",null,"M","?","T","M","M","R","M","R","T","T","?","$","M"],"character_chosen":"IRONCLAD","items_purchased":["Block Potion","Centennial Puzzle","Dexterity Potion","Dexterity Potion"],"campfire_rested":4,"item_purchase_floors":[47,47,47,47],"current_hp_per_floor":[81,59,63,60,65,65,35,35,35,35,41,41,47,47,47,74,51,93,80,80,76,76,76,69,69,75,75,81,63,63,63,63,90,39,93,84,84,84,74,47,74,43,70,70,70,70,70,70,70],"gold":605,"neow_bonus":"TEN_PERCENT_HP_BONUS","is_daily":false,"chose_seed":false,"campfire_upgraded":5,"win_rate":0.0,"timestamp":1610365094,"path_taken":["M","?","M","?","?","R","E","$","T","?","M","R","M","M","R","R","BOSS","M","$","M","?","?","E","R","M","T","M","M","?","R","?","R","BOSS","M","?","?","M","M","R","M","R","T","T","?","$","M"],"items_purchased_type":["Potion","Relic","Potion","Potion"],"build_version":"2020-12-22","purchased_purges":3,"victory":false,"max_hp_per_floor":[88,88,88,88,93,93,93,93,93,93,93,93,93,93,93,93,93,93,93,93,93,93,93,93,93,93,93,93,93,93,93,93,93,93,93,93,93,93,93,93,93,93,93,93,93,88,88,88,88],"card_choices":[{"not_picked":["Havoc","Uppercut","Intimidate"],"picked":"SKIP","floor":1.0},{"not_picked":["Body Slam","Shrug It Off","Feel No Pain"],"picked":"SKIP","floor":3.0},{"not_picked":["Clash","Infernal Blade","Wild Strike"],"picked":"SKIP","floor":7.0},{"not_picked":["Clothesline","Twin Strike"],"picked":"Sword Boomerang","floor":11.0},{"not_picked":["Thunderclap","Intimidate","Heavy Blade"],"picked":"SKIP","floor":13.0},{"not_picked":["Anger","Clash","Entrench"],"picked":"SKIP","floor":14.0},{"not_picked":["Burning Pact+1","Headbutt+1","Reckless Charge+1"],"picked":"SKIP","floor":19.0},{"not_picked":["Thunderclap+1","Fire Breathing+1","Perfected Strike+1"],"picked":"SKIP","floor":21.0},{"not_picked":["Headbutt","Sever Soul","Battle Trance+1"],"picked":"SKIP","floor":24},{"not_picked":["Flex","Shockwave+1","Rupture+1"],"picked":"SKIP","floor":26},{"not_picked":["Flex","Blood for Blood","Infernal Blade+1"],"picked":"SKIP","floor":28},{"not_picked":["Ghostly Armor","Anger","Reckless Charge"],"picked":"SKIP","floor":29},{"not_picked":["Havoc+1","Body Slam+1"],"picked":"Flex+1","floor":36},{"not_picked":["Pommel Strike+1","Hemokinesis","Clash"],"picked":"SKIP","floor":39},{"not_picked":["Headbutt","Infernal Blade+1","Rampage"],"picked":"SKIP","floor":40},{"not_picked":["Headbutt","Clash+1","Armaments+1"],"picked":"SKIP","floor":42}],"player_experience":450240,"relics_obtained":[{"floor":7.0,"key":"Calipers"},{"floor":9.0,"key":"Bag of Marbles"},{"floor":24,"key":"Letter Opener"},{"floor":24,"key":"Kunai"},{"floor":27,"key":"Self Forming Clay"},{"floor":38,"key":"Shuriken"},{"floor":44,"key":"Toy Ornithopter"},{"floor":45,"key":"Happy Flower"}],"event_choices":[{"damage_healed":0.0,"max_hp_gain":0.0,"max_hp_loss":0.0,"gold_gain":0.0,"event_name":"Golden Idol","player_choice":"Take Damage","floor":2.0,"gold_loss":0.0,"damage_taken":22.0,"relics_obtained":["Golden Idol"]},{"damage_healed":0.0,"max_hp_gain":0.0,"max_hp_loss":0.0,"gold_gain":0.0,"event_name":"Scrap Ooze","player_choice":"Success","floor":4.0,"gold_loss":0.0,"damage_taken":3.0,"relics_obtained":["Vajra"]},{"damage_healed":0.0,"max_hp_gain":5.0,"max_hp_loss":0.0,"gold_gain":0.0,"event_name":"Big Fish","player_choice":"Donut","floor":5.0,"gold_loss":0.0,"damage_taken":0.0},{"damage_healed":0.0,"max_hp_gain":0.0,"max_hp_loss":0.0,"gold_gain":0.0,"event_name":"World of Goop","player_choice":"Left Gold","floor":10.0,"gold_loss":23.0,"damage_taken":0.0},{"damage_healed":0,"gold_gain":0,"player_choice":"Inject Mutagens","damage_taken":0,"relics_obtained":["MutagenicStrength"],"max_hp_gain":0,"max_hp_loss":0,"event_name":"Drug Dealer","floor":22,"gold_loss":0},{"damage_healed":0,"gold_gain":0,"player_choice":"Read","damage_taken":0,"max_hp_gain":0,"max_hp_loss":0,"event_name":"The Library","floor":23,"gold_loss":0,"cards_obtained":["Spot Weakness"]},{"cards_removed":["Strike_R"],"damage_healed":0,"gold_gain":0,"player_choice":"Gave Gold","damage_taken":0,"max_hp_gain":0,"max_hp_loss":0,"event_name":"Beggar","floor":30,"gold_loss":75},{"damage_healed":0,"gold_gain":99,"player_choice":"Stole From Cult","damage_taken":0,"max_hp_gain":0,"max_hp_loss":0,"event_name":"Nest","floor":32,"gold_loss":0},{"damage_healed":0,"gold_gain":333,"player_choice":"Gave Idol","damage_taken":0,"max_hp_gain":0,"max_hp_loss":0,"event_name":"The Moai Head","floor":37,"relics_lost":["Golden Idol"],"gold_loss":0},{"damage_healed":0,"gold_gain":0,"player_choice":"Max HP","damage_taken":0,"max_hp_gain":0,"max_hp_loss":5,"event_name":"Winding Halls","floor":46,"gold_loss":0}],"is_beta":false,"boss_relics":[{"not_picked":["Fusion Hammer","Mark of Pain"],"picked":"Black Star"},{"not_picked":["Black Blood","Cursed Key"],"picked":"Empty Cage"}],"items_purged_floors":[8,20,47],"is_endless":false,"potions_floor_spawned":[7,11,14,17,19,26,40],"killed_by":"Writhing Mass","ascension_level":0}}