{"host":"kev6uqotw4tlyx8l","time":1610324503,"event":{"mods":["Act Like it!","Aspiration","BaseMod","Colored Powertips","Dota2Spire","Downfall","Hallownest","Infinite Spire","Marisa????????","Minty Spire (QoL Compilation)","Quick Restart","Remilia??????","Replay The Spire","StSLib","The Cursed","The Jungle","The Marked","The Mystic","The Servant 0.9.4"],"gold_per_floor":[114,126,140,140,140,140,152,232,232,247,247,247,247,247,247,348,448,461,407,407,407,407,407,426,426,452,211,226,246,246,246,246,266,266,371,371,390,390,390,400,413,413,413],"floor_reached":42,"playtime":939,"items_purged":[],"score":436,"play_id":"6d627ecf-827c-4ce5-b0f9-9e0267d7d738","local_time":"20210111072143","is_ascension_mode":false,"campfire_choices":[{"floor":6,"key":"REST"},{"floor":12,"key":"REST"},{"data":"ReachHeaven","floor":15,"key":"SMITH"},{"floor":23,"key":"REST"},{"floor":25,"key":"REST"},{"data":"Ragnarok","floor":32,"key":"SMITH"},{"floor":34,"key":"REST"}],"circlet_count":0,"master_deck":["Defend_S","Defend_S","Defend_S","KidneyShot","Exchange","ReachHeaven+1","BottledTime","EmptyFist","Moonlight","ShatteredReality","infinitespire:Starlight","Collapse+1","Ragnarok+1","TimeWarp","BottledTime","Slimebound:Tackle+1","Slimebound:Tackle+1","Slimebound:Tackle+1","TimeWarp","theMarked:RepellingDischarge","theMarked:ChainLightning+1","NonDirectionalLaser","Underhanded Strike","MastersStateliness+1","Inflame+1"],"relics":["Uniform","aspiration:Nostalgia","Replay:M_SmolderingBlood","Happy Flower","infinitespire:Eraser","Replay:Wanted Poster","PrismaticShard","aspiration:Stabinomicon","Dota2Spire:PowerTreads","Gremlin Horn","Dota2Spire:RefresherOrb","ReplayTheSpireMod:Ring of Exchange"],"acts_visited":["Exordium","TheCity","TheBeyond"],"potions_floor_usage":[16,28,35,35,41,42,42],"damage_taken":[{"damage":1,"enemies":"Cultist","floor":1,"turns":4},{"damage":14,"enemies":"Small Slimes","floor":2,"turns":4},{"damage":11,"enemies":"2 Louse","floor":3,"turns":2},{"damage":0,"enemies":"Blue Slaver","floor":7,"turns":3},{"damage":13,"enemies":"3 Louse","floor":10,"turns":3},{"damage":24,"enemies":"Hexaghost","floor":16,"turns":6},{"damage":24,"enemies":"2 Thieves","floor":18,"turns":3},{"damage":13,"enemies":"Shell Parasite","floor":24,"turns":3},{"damage":10,"enemies":"Cultist and Chosen","floor":28,"turns":3},{"damage":2,"enemies":"Chosen and Byrds","floor":29,"turns":3},{"damage":25,"enemies":"Centurion and Healer","floor":33,"turns":2},{"damage":0,"enemies":"Collector","floor":35,"turns":2},{"damage":16,"enemies":"3 Shapes","floor":37,"turns":2},{"damage":6,"enemies":"3 Darklings","floor":40,"turns":2},{"damage":29,"enemies":"Sphere and 2 Shapes","floor":41,"turns":3},{"damage":42,"enemies":"Nightmare","floor":42,"turns":4}],"seed_played":"-1792127858832198450","potions_obtained":[{"floor":2,"key":"GamblersBrew"},{"floor":10,"key":"LiquidMemories"},{"floor":16,"key":"EssenceOfSteel"},{"floor":33,"key":"FearPotion"},{"floor":35,"key":"Dexterity Potion"},{"floor":37,"key":"Fire Potion"},{"floor":41,"key":"Block Potion"}],"is_trial":false,"path_per_floor":["M","M","M","?","?","R","M","?","T","M","?","R","?","?","R","B",null,"M","$","?","?","?","R","M","R","T","$","M","M","PTL","PTL","R","M","R","B",null,"M","?","?","M","M","NM"],"character_chosen":"THE_SERVANT","items_purchased":["BottledTime","Gremlin Horn"],"campfire_rested":5,"item_purchase_floors":[19,27],"current_hp_per_floor":[64,50,39,36,36,55,55,55,55,42,26,45,45,45,45,31,65,41,41,41,33,17,36,33,52,52,52,42,40,40,40,40,15,34,34,65,49,56,56,50,31,0,0],"gold":413,"neow_bonus":"NOSTALGIA","is_daily":false,"chose_seed":false,"campfire_upgraded":2,"win_rate":0.0,"timestamp":1610324503,"path_taken":["M","M","M","?","?","R","?","?","T","M","?","R","?","?","R","BOSS","M","$","?","?","?","R","M","R","T","?","M","M","PTL","PTL","R","M","R","BOSS","M","?","?","M","M","NM"],"items_purchased_type":["Card","Relic"],"build_version":"2020-12-22","purchased_purges":0,"victory":false,"max_hp_per_floor":[65,65,65,65,65,65,65,65,65,65,65,65,65,65,65,65,65,65,65,65,65,65,65,65,65,65,65,65,65,65,65,65,65,65,65,65,65,65,65,65,65,65,65],"card_choices":[{"not_picked":["Defy","Rearm"],"picked":"ReachHeaven","floor":1},{"not_picked":["Spin","Rewind"],"picked":"BottledTime","floor":2},{"not_picked":["Contraction","SpecialFormula"],"picked":"EmptyFist","floor":3},{"not_picked":["Rearm","Comet"],"picked":"Moonlight","floor":7},{"not_picked":["BottledTime","Halt"],"picked":"ShatteredReality","floor":10},{"not_picked":["infinitespire:Oblivion","infinitespire:FinalStrike"],"picked":"infinitespire:Starlight","floor":11},{"not_picked":["Deny","Initiator"],"picked":"Ragnarok","floor":16},{"not_picked":["Sabotage","Ricochet"],"picked":"TimeWarp","floor":18},{"not_picked":["StarChef+1","SurpressingFire+1"],"picked":"TimeWarp","floor":21},{"not_picked":["Guardian:Gem_Green","Slimebound:GoopSpray+1"],"picked":"theMarked:RepellingDischarge","floor":24},{"not_picked":["Stigmanizer","TheCursedMod:Stretching"],"picked":"theMarked:ChainLightning+1","floor":28},{"not_picked":["Hidden Blade","hexamod:SearingWound"],"picked":"NonDirectionalLaser","floor":29},{"not_picked":["Accuracy","NightDance","PathToVictory"],"picked":"SKIP","floor":33},{"not_picked":["mysticmod:HeavyStrike+1","hexamod:NightmareGuise"],"picked":"Underhanded Strike","floor":37},{"not_picked":["hexamod:RainOfEmbers","Slimebound:ItLooksTasty+1"],"picked":"MastersStateliness+1","floor":40},{"not_picked":["champ:AdrenalArmor","mysticmod:SuddenClarity"],"picked":"Inflame+1","floor":41}],"player_experience":100643,"relics_obtained":[{"floor":9,"key":"infinitespire:Eraser"},{"floor":21,"key":"PrismaticShard"},{"floor":22,"key":"aspiration:Stabinomicon"},{"floor":26,"key":"Dota2Spire:PowerTreads"},{"floor":39,"key":"ReplayTheSpireMod:Ring of Exchange"}],"event_choices":[{"damage_healed":0,"gold_gain":0,"player_choice":"Success","damage_taken":3,"relics_obtained":["Happy Flower"],"max_hp_gain":0,"max_hp_loss":0,"event_name":"Scrap Ooze","floor":4,"gold_loss":0},{"cards_removed":["Strike_S"],"damage_healed":0,"gold_gain":0,"player_choice":"Purged","damage_taken":0,"max_hp_gain":0,"max_hp_loss":0,"event_name":"Purifier","floor":5,"gold_loss":0},{"damage_healed":0,"gold_gain":80,"player_choice":"Gained Gold","damage_taken":0,"max_hp_gain":0,"max_hp_loss":0,"event_name":"Golden Wing","floor":8,"gold_loss":0},{"damage_healed":0,"gold_gain":0,"player_choice":"Obtained Book","damage_taken":16,"max_hp_gain":0,"max_hp_loss":0,"event_name":"Cursed Tome","floor":22,"gold_loss":0}],"is_beta":false,"boss_relics":[{"not_picked":["Snecko Eye","Runic Dome"],"picked":"Replay:Wanted Poster"},{"not_picked":["aspiration:PoetsPen_weak","aspiration:WatcherSkillbook"],"picked":"Dota2Spire:RefresherOrb"}],"items_purged_floors":[],"is_endless":false,"potions_floor_spawned":[2,10,16,33,35,37,41],"killed_by":"Nightmare","ascension_level":0}}