{"host":"wonp23fsqqcu31ie","time":1610328488,"event":{"mods":["2.2 Compatiblity","AchievementEnabler","Aspiration","BaseMod","Bestiary","Better Altar","Better Match","Better Sensory Stone","Better Skull","Better Third Choice","BetterRewards","Block Reminder","Colored Map","Colored Powertips","Conspire","Curses Come First","DeckTracker","Displayed Cursed Tome","Downfall","Evolution","Hermit","Highlight Path","Hubris","Marisa????????","Minty Spire (QoL Compilation)","Permanent Neow","Prisma Mod","Quick Restart","Rare Cards Sparkle","Relic Stats","Replay The Spire","Robot Space Explorer","Shade Mod","Shop Mod","StSLib","SuperFastMode","The Animator","The Bug Knight","The Construct","The Cursed","The Dragon Tamer","The Gatherer","The Marked","The Necromancer","The Runesmith","The Servant 0.9.4"],"gold_per_floor":[128,128,128,179,179,179,249,249,276,326,28,58,455,461,461],"floor_reached":14,"playtime":261,"items_purged":[],"score":84,"play_id":"e87581b8-5be7-4edf-8a43-545678c25461","local_time":"20210111122808","is_ascension_mode":true,"campfire_choices":[{"floor":6,"key":"REST"},{"floor":8,"key":"RECALL"}],"circlet_count":0,"master_deck":["animator:Ara","animator:Shinoa","animator:Ara","animator:Strike","animator:Strike","animator:Defend","animator:Defend","animator:Defend","animator:Alexander","animator:Rider","animator:Priestess","BattleHymn+1","animator:CowGirl","animator:RoyMustang","animator:Alexander","animator:Priestess"],"relics":["animator:LivingPicture","animator:TheMissingPiece","EVO:Axolotl","Replay:Bandana","aspiration:BabyByrd","SsserpentHead","Akabeko","Boot","hubris:FruitBowl","MerchantsRug","Bag of Marbles","Old Coin"],"acts_visited":["Exordium"],"potions_floor_usage":[13,13],"damage_taken":[{"damage":21,"enemies":"Jaw Worm","floor":1,"turns":6},{"damage":0,"enemies":"2 Louse","floor":7,"turns":2},{"damage":0,"enemies":"Cultist","floor":12,"turns":3},{"damage":8,"enemies":"conspire:MimicChest","floor":13,"turns":7},{"damage":4,"enemies":"Gremlin Nob","floor":14,"turns":2}],"seed_played":"6182769066092544494","potions_obtained":[{"floor":7,"key":"Toxic Potion"},{"floor":12,"key":"sneckomod:MuddlingPotion"},{"floor":13,"key":"animator:FalseLifePotion"}],"is_trial":false,"path_per_floor":["M","?","?","T","?","R","M","R","T","$","$","M","?","E"],"character_chosen":"THE_ANIMATOR","items_purchased":["Boot","hubris:FruitBowl","MerchantsRug","Bag of Marbles","animator:RoyMustang"],"campfire_rested":1,"item_purchase_floors":[10,10,11,11,11],"current_hp_per_floor":[36,20,20,20,20,39,40,40,40,11,11,11,3,0,0],"gold":461,"neow_bonus":"","is_daily":false,"chose_seed":false,"campfire_upgraded":0,"win_rate":0.0,"timestamp":1610328488,"path_taken":["M","?","?","?","?","R","?","R","T","?","$","M","?","E"],"items_purchased_type":["Relic","Relic","Relic","Relic","Card"],"build_version":"2020-12-22","purchased_purges":0,"victory":false,"max_hp_per_floor":[66,66,66,66,66,66,67,67,67,67,67,67,67,67,67],"relic_stats":{"SsserpentHead":150,"counters":[21,93],"Boot":[11],"obtain_stats":[{"conspire:RoyalGoblet":17,"Singing Bowl":25,"animator:TheMissingPiece":0,"Juzu Bracelet":23,"EVO:Axolotl":0,"Boot":10,"conspire:TopHat":22,"Old Coin":13,"SsserpentHead":5,"Replay:Bandana":2,"aspiration:BabyByrd":3,"MealTicket":12,"WingedGreaves":0,"aspiration:DSix":29,"MerchantsRug":11,"ReplayTheSpireMod:CursedCoin":14,"hubris:FruitBowl":10,"animator:WornHelmet":20,"Paper Crane":26,"Akabeko":9,"Onion Ring":11,"animator:LivingPicture":0,"Snack Pack":9,"ReplayTheSpireMod:TigerMarble":14,"Bag of Marbles":11},{"conspire:RoyalGoblet":8,"Singing Bowl":13,"animator:TheMissingPiece":0,"Juzu Bracelet":12,"EVO:Axolotl":0,"Boot":18,"conspire:TopHat":11,"Old Coin":20,"SsserpentHead":17,"Replay:Bandana":17,"aspiration:BabyByrd":17,"MealTicket":6,"WingedGreaves":16,"aspiration:DSix":14,"MerchantsRug":18,"ReplayTheSpireMod:CursedCoin":7,"hubris:FruitBowl":18,"animator:WornHelmet":10,"Paper Crane":13,"Akabeko":18,"Onion Ring":6,"animator:LivingPicture":0,"Snack Pack":4,"ReplayTheSpireMod:TigerMarble":7,"Bag of Marbles":18},{"conspire:RoyalGoblet":34,"Singing Bowl":62,"animator:TheMissingPiece":0,"Juzu Bracelet":56,"EVO:Axolotl":0,"Boot":81,"conspire:TopHat":46,"Old Coin":91,"SsserpentHead":79,"Replay:Bandana":79,"aspiration:BabyByrd":79,"MealTicket":21,"WingedGreaves":73,"aspiration:DSix":67,"MerchantsRug":81,"ReplayTheSpireMod:CursedCoin":25,"hubris:FruitBowl":81,"animator:WornHelmet":42,"Paper Crane":62,"Akabeko":81,"Onion Ring":21,"animator:LivingPicture":0,"Snack Pack":13,"ReplayTheSpireMod:TigerMarble":25,"Bag of Marbles":81}]},"card_choices":[{"not_picked":["animator:Kazuma","animator:Scar"],"picked":"animator:Priestess","floor":1},{"not_picked":["animator:MumenRider","animator:Geryuganshoop"],"picked":"animator:CowGirl","floor":7},{"not_picked":["animator:Geryuganshoop","animator:ElricAlphonse"],"picked":"animator:Alexander","floor":12},{"not_picked":["animator:Sonic","animator:Geryuganshoop"],"picked":"animator:Priestess","floor":13}],"player_experience":494259,"relics_obtained":[{"floor":9,"key":"Akabeko"},{"floor":13,"key":"Old Coin"}],"event_choices":[{"damage_healed":0,"gold_gain":0,"player_choice":"Trade","damage_taken":0,"relics_obtained":["SsserpentHead"],"max_hp_gain":0,"max_hp_loss":0,"event_name":"FaceTrader","floor":5,"gold_loss":0}],"is_beta":false,"boss_relics":[],"items_purged_floors":[],"is_endless":false,"potions_floor_spawned":[7,12,13],"killed_by":"Gremlin Nob","ascension_level":2}}