{"host":"2yqfi47fogfu1ic4","time":1610353754,"event":{"mods":["AchievementEnabler","BaseMod","Colored Map","Colored Powertips","Highlight Path","Minty Spire (QoL Compilation)","Permanent Neow","Relic Stats","StSLib"],"gold_per_floor":[115,127,144,162,179,179,205,205,228,253,38,73,23,41,41,113,113,133,83,103,121,71,106,106,106,106,132,132,132,160,178,178,252,252,272,290,320,270,270,270,282,282,282,309,320,7,7,34,34,34,34,34,34,59,59,59],"floor_reached":55,"playtime":4368,"items_purged":["Strike_G","Strike_G","Strike_G","Strike_G","Pain","Neutralize"],"score":1674,"play_id":"07889970-a42b-48a3-ae4d-222391587668","local_time":"20210111092914","is_ascension_mode":true,"campfire_choices":[{"data":"Die Die Die","floor":6.0,"key":"SMITH"},{"data":"Predator","floor":15.0,"key":"SMITH"},{"data":"Burst","floor":28.0,"key":"SMITH"},{"data":"Leg Sweep","floor":32.0,"key":"SMITH"},{"floor":40.0,"key":"RECALL"},{"data":"Leg Sweep","floor":42.0,"key":"SMITH"},{"data":"Footwork","floor":47,"key":"SMITH"},{"data":"Malaise","floor":49,"key":"SMITH"},{"data":"Tactician","floor":52,"key":"SMITH"}],"circlet_count":0,"master_deck":["AscendersBane","Defend_G","Defend_G","Defend_G","Defend_G","Defend_G","Survivor","Quick Slash","Riddle With Holes","Predator+1","Leg Sweep+1","Die Die Die+1","Venomology","Bullet Time","Predator+1","Underhanded Strike","Burst+1","PiercingWail","Dagger Throw+1","Terror+1","Leg Sweep+1","Underhanded Strike","Tools of the Trade","Tactician+1","Leg Sweep+1","Backflip","Malaise+1","Footwork+1","PiercingWail","Blur"],"relics":["Snecko Eye","Vajra","Smiling Mask","Centennial Puzzle","Blood Vial","Coffee Dripper","Question Card","PreservedInsect","Eternal Feather","Turnip","WarpedTongs","MealTicket","Philosopher\u0027s Stone","Ninja Scroll","Lantern","Potion Belt","Snake Skull"],"acts_visited":["Exordium","TheCity","TheBeyond","TheEnding"],"potions_floor_usage":[48,54,55,55,55,55],"damage_taken":[{"damage":2.0,"enemies":"Cultist","floor":1.0,"turns":5.0},{"damage":8.0,"enemies":"Jaw Worm","floor":2.0,"turns":5.0},{"damage":3.0,"enemies":"2 Louse","floor":3.0,"turns":6.0},{"damage":0.0,"enemies":"Large Slime","floor":4.0,"turns":3.0},{"damage":2.0,"enemies":"Gremlin Gang","floor":5.0,"turns":4.0},{"damage":5.0,"enemies":"3 Sentries","floor":7.0,"turns":4.0},{"damage":2.0,"enemies":"Gremlin Nob","floor":10.0,"turns":3.0},{"damage":15.0,"enemies":"Lagavulin","floor":12.0,"turns":6.0},{"damage":1.0,"enemies":"Looter","floor":14.0,"turns":2.0},{"damage":0.0,"enemies":"Slime Boss","floor":16.0,"turns":4.0},{"damage":12.0,"enemies":"2 Thieves","floor":18.0,"turns":3.0},{"damage":0.0,"enemies":"Chosen","floor":20.0,"turns":3.0},{"damage":0.0,"enemies":"Centurion and Healer","floor":21.0,"turns":4.0},{"damage":2.0,"enemies":"Slavers","floor":23.0,"turns":4.0},{"damage":0.0,"enemies":"Book of Stabbing","floor":27.0,"turns":2.0},{"damage":33.0,"enemies":"Gremlin Leader","floor":30.0,"turns":6.0},{"damage":2.0,"enemies":"Snecko","floor":31.0,"turns":2.0},{"damage":31.0,"enemies":"Automaton","floor":33.0,"turns":10.0},{"damage":1.0,"enemies":"Orb Walker","floor":35.0,"turns":2.0},{"damage":1.0,"enemies":"3 Darklings","floor":36.0,"turns":4.0},{"damage":27.0,"enemies":"Spire Growth","floor":37.0,"turns":4.0},{"damage":0.0,"enemies":"Writhing Mass","floor":41.0,"turns":5.0},{"damage":0.0,"enemies":"Reptomancer","floor":44.0,"turns":4.0},{"damage":0.0,"enemies":"Transient","floor":45.0,"turns":5.0},{"damage":0,"enemies":"Nemesis","floor":48,"turns":5},{"damage":0,"enemies":"Awakened One","floor":50,"turns":13},{"damage":2,"enemies":"Shield and Spear","floor":54,"turns":5},{"damage":66,"enemies":"The Heart","floor":55,"turns":6}],"seed_played":"-3955270450907238632","potions_obtained":[{"floor":1.0,"key":"Regen Potion"},{"floor":2.0,"key":"BlessingOfTheForge"},{"floor":3.0,"key":"Poison Potion"},{"floor":5.0,"key":"SteroidPotion"},{"floor":12.0,"key":"GhostInAJar"},{"floor":27.0,"key":"EssenceOfSteel"}],"is_trial":false,"path_per_floor":["M","M","M","M","M","R","E","?","T","E","$","E","$","M","R","B",null,"M","$","M","M","$","E","?","?","T","E","R","?","E","M","R","B",null,"M","M","M","$","?","R","M","R","T","E","M","$","R","E","R","B",null,"R","$","E","B"],"character_chosen":"THE_SILENT","items_purchased":["Bullet Time","Footwork","Lantern","PiercingWail"],"campfire_rested":0,"item_purchase_floors":[11,46,46,46],"current_hp_per_floor":[57,49,61,61,59,59,54,54,54,52,52,37,37,38,38,40,60,58,58,60,62,62,62,62,62,62,64,66,66,33,33,48,19,54,55,56,31,46,46,61,63,66,66,66,66,66,66,66,66,66,66,66,66,64,0,0],"gold":59,"neow_bonus":"BOSS_RELIC","is_daily":false,"chose_seed":false,"campfire_upgraded":8,"win_rate":0.0,"timestamp":1610353754,"path_taken":["M","M","?","M","M","R","E","?","T","E","$","E","$","M","R","BOSS","M","$","M","M","$","E","?","?","T","E","R","?","E","M","R","BOSS","M","M","?","$","?","R","M","R","T","E","M","$","R","E","R","BOSS","R","$","E","BOSS"],"items_purchased_type":["Card","Card","Relic","Card"],"build_version":"2020-12-22","purchased_purges":6,"victory":false,"max_hp_per_floor":[66,66,66,66,66,66,66,66,66,66,66,66,66,66,66,66,66,66,66,66,66,66,66,66,66,66,66,66,66,66,66,66,66,66,66,66,66,66,66,66,66,66,66,66,66,66,66,66,66,66,66,66,66,66,66,66],"relic_stats":{"counters":[28,129],"Eternal Feather":35,"PreservedInsect":280,"Snake Skull":[0],"Smiling Mask":525,"Question Card":12,"WarpedTongs":[70],"Blood Vial":28,"Centennial Puzzle":[33],"Snecko Eye":[277,271,256,273],"MealTicket":15,"Turnip":[2],"obtain_stats":[{"Potion Belt":48,"Lantern":46,"Vajra":7,"Eternal Feather":26,"PreservedInsect":24,"Snake Skull":54,"Smiling Mask":9,"Question Card":23,"WarpedTongs":29,"Blood Vial":12,"Centennial Puzzle":10,"Ninja Scroll":44,"Snecko Eye":0,"MealTicket":30,"Philosopher\u0027s Stone":34,"Turnip":27,"Coffee Dripper":17,"Ring of the Snake":0},{"Potion Belt":25,"Lantern":24,"Vajra":6,"Eternal Feather":14,"PreservedInsect":14,"Snake Skull":27,"Smiling Mask":6,"Question Card":14,"WarpedTongs":15,"Blood Vial":8,"Centennial Puzzle":7,"Ninja Scroll":23,"Snecko Eye":0,"MealTicket":16,"Philosopher\u0027s Stone":18,"Turnip":15,"Coffee Dripper":10,"Ring of the Snake":0},{"Potion Belt":105,"Lantern":100,"Vajra":27,"Eternal Feather":56,"PreservedInsect":56,"Snake Skull":123,"Smiling Mask":27,"Question Card":56,"WarpedTongs":58,"Blood Vial":36,"Centennial Puzzle":30,"Ninja Scroll":95,"Snecko Eye":0,"MealTicket":64,"Philosopher\u0027s Stone":76,"Turnip":58,"Coffee Dripper":42,"Ring of the Snake":0}]},"card_choices":[{"not_picked":["Escape Plan","Quick Slash","Backstab"],"picked":"SKIP","floor":1.0},{"not_picked":["Escape Plan","Backstab"],"picked":"Quick Slash","floor":1.0},{"not_picked":["PiercingWail","Slice"],"picked":"Riddle With Holes","floor":2.0},{"not_picked":["Acrobatics","Outmaneuver"],"picked":"Predator","floor":3.0},{"not_picked":["Crippling Poison","All Out Attack"],"picked":"Leg Sweep","floor":4.0},{"not_picked":["Dodge and Roll","Endless Agony"],"picked":"Die Die Die","floor":5.0},{"not_picked":["Quick Slash","Deflect","Dodge and Roll"],"picked":"SKIP","floor":7.0},{"not_picked":["Malaise","Slice"],"picked":"Venomology","floor":10.0},{"not_picked":["Backstab","Reflex"],"picked":"Predator","floor":12.0},{"not_picked":["Prepared","Escape Plan"],"picked":"Underhanded Strike","floor":14.0},{"not_picked":["Malaise","Venomology"],"picked":"Burst","floor":16.0},{"not_picked":["Quick Slash","Choke"],"picked":"PiercingWail","floor":18.0},{"not_picked":["Finisher","Flying Knee"],"picked":"Dagger Throw+1","floor":20.0},{"not_picked":["PiercingWail","Backstab+1"],"picked":"Terror+1","floor":21.0},{"not_picked":["Masterful Stab","Expertise"],"picked":"Leg Sweep","floor":23.0},{"not_picked":["Flechettes+1","Quick Slash","Sucker Punch"],"picked":"Underhanded Strike","floor":27.0},{"not_picked":["Dagger Spray","Distraction","Flying Knee","Outmaneuver"],"picked":"SKIP","floor":30.0},{"not_picked":["Infinite Blades","Expertise","Dagger Spray","Distraction"],"picked":"SKIP","floor":31.0},{"not_picked":["Grand Finale","Storm of Steel","Die Die Die"],"picked":"Tools of the Trade","floor":33.0},{"not_picked":["Blade Dance","Quick Slash","Setup"],"picked":"Tactician","floor":35.0},{"not_picked":["Distraction","Dodge and Roll","Well Laid Plans","Dagger Throw+1"],"picked":"SKIP","floor":36.0},{"not_picked":["Cloak And Dagger","Bane","Outmaneuver+1"],"picked":"Leg Sweep+1","floor":37.0},{"not_picked":["Dagger Throw","Slice","Dodge and Roll"],"picked":"Backflip","floor":41.0},{"not_picked":["Backflip","Infinite Blades+1","Finisher"],"picked":"Malaise","floor":44.0},{"not_picked":["Dagger Spray","Riddle With Holes","Infinite Blades+1","Outmaneuver+1"],"picked":"SKIP","floor":45.0},{"not_picked":["Slice+1","Escape Plan+1","Prepared+1"],"picked":"Blur","floor":48},{"not_picked":["Cloak And Dagger+1","Outmaneuver+1","Underhanded Strike","Deadly Poison+1"],"picked":"SKIP","floor":54}],"player_experience":1523184,"relics_obtained":[{"floor":7.0,"key":"Vajra"},{"floor":9.0,"key":"Smiling Mask"},{"floor":10.0,"key":"Centennial Puzzle"},{"floor":12.0,"key":"Blood Vial"},{"floor":23.0,"key":"Question Card"},{"floor":26.0,"key":"Eternal Feather"},{"floor":27.0,"key":"Turnip"},{"floor":30.0,"key":"MealTicket"},{"floor":44.0,"key":"Ninja Scroll"},{"floor":48,"key":"Potion Belt"},{"floor":54,"key":"Snake Skull"}],"event_choices":[{"damage_healed":0.0,"max_hp_gain":0.0,"max_hp_loss":0.0,"gold_gain":0.0,"event_name":"Upgrade Shrine","player_choice":"Upgraded","floor":8.0,"gold_loss":0.0,"damage_taken":0.0,"cards_upgraded":["Predator"]},{"damage_healed":0.0,"max_hp_gain":0.0,"max_hp_loss":0.0,"gold_gain":0.0,"event_name":"The Mausoleum","player_choice":"Opened","floor":24.0,"gold_loss":0.0,"damage_taken":0.0,"relics_obtained":["PreservedInsect"],"cards_obtained":["Writhe"]},{"cards_removed":["Writhe"],"damage_healed":0.0,"max_hp_gain":0.0,"max_hp_loss":0.0,"gold_gain":0.0,"event_name":"Back to Basics","player_choice":"Elegance","floor":25.0,"gold_loss":0.0,"damage_taken":0.0},{"damage_healed":0.0,"max_hp_gain":0.0,"max_hp_loss":0.0,"gold_gain":0.0,"event_name":"Accursed Blacksmith","player_choice":"Rummage","floor":29.0,"gold_loss":0.0,"damage_taken":0.0,"relics_obtained":["WarpedTongs"],"cards_obtained":["Pain"]},{"cards_removed":["Strike_G"],"damage_healed":0.0,"max_hp_gain":0.0,"max_hp_loss":0.0,"gold_gain":0.0,"event_name":"Purifier","player_choice":"Purged","floor":39.0,"gold_loss":0.0,"damage_taken":0.0}],"is_beta":false,"boss_relics":[{"not_picked":["SlaversCollar","Sozu"],"picked":"Coffee Dripper"},{"not_picked":["HoveringKite","Velvet Choker"],"picked":"Philosopher\u0027s Stone"}],"items_purged_floors":[11,13,19,22,38,46],"is_endless":false,"potions_floor_spawned":[1,2,3,5,12,18,21,27,37,44],"killed_by":"The Heart","ascension_level":16}}