{"host":"ga4s3hj9m6nkn6gp","time":1610376924,"event":{"mods":["AchievementEnabler","BaseMod","Bestiary","Colored Powertips","Highlight Path","Minty Spire (QoL Compilation)","Relic Stats","everything is the same but u backflip on backflip"],"gold_per_floor":[110,110,126,126,145,170,170,170,170],"floor_reached":8,"playtime":225,"items_purged":[],"score":112,"play_id":"036f378e-a236-4a85-b994-703099557ed8","local_time":"20210111155524","is_ascension_mode":true,"campfire_choices":[{"data":"Noxious Fumes","floor":7,"key":"SMITH"}],"circlet_count":0,"master_deck":["AscendersBane","Strike_G","Strike_G","Strike_G","Strike_G","Defend_G","Defend_G","Defend_G","Defend_G","Defend_G","Survivor","Neutralize","Blade Dance","Bullet Time","Eviscerate","Deadly Poison","Noxious Fumes+1"],"relics":["Ring of the Snake","NeowsBlessing","Torii"],"acts_visited":["Exordium"],"potions_floor_usage":[6,8],"damage_taken":[{"damage":0,"enemies":"2 Louse","floor":1,"turns":1},{"damage":0,"enemies":"Jaw Worm","floor":3,"turns":1},{"damage":0,"enemies":"Cultist","floor":5,"turns":1},{"damage":30,"enemies":"3 Sentries","floor":6,"turns":6},{"damage":75,"enemies":"Gremlin Nob","floor":8,"turns":4}],"seed_played":"-7725443873221768575","potions_obtained":[{"floor":3,"key":"Poison Potion"},{"floor":4,"key":"FairyPotion"},{"floor":4,"key":"DuplicationPotion"},{"floor":6,"key":"SneckoOil"}],"is_trial":false,"path_per_floor":["M","?","M","?","M","E","R","E"],"character_chosen":"THE_SILENT","items_purchased":[],"campfire_rested":0,"item_purchase_floors":[],"current_hp_per_floor":[59,59,59,59,59,29,29,0,0],"gold":170,"neow_bonus":"THREE_ENEMY_KILL","is_daily":false,"chose_seed":false,"campfire_upgraded":1,"win_rate":0.0,"timestamp":1610376924,"path_taken":["M","?","M","?","?","E","R","E"],"items_purchased_type":[],"build_version":"2020-12-22","purchased_purges":0,"victory":false,"max_hp_per_floor":[66,66,66,66,66,66,66,66,66],"relic_stats":{"Torii":0,"counters":[5,13],"obtain_stats":[{"NeowsBlessing":0,"Torii":6,"Ring of the Snake":0},{"NeowsBlessing":0,"Torii":4,"Ring of the Snake":0},{"NeowsBlessing":0,"Torii":9,"Ring of the Snake":0}],"Ring of the Snake":[10]},"card_choices":[{"not_picked":["Crippling Poison","Sucker Punch"],"picked":"Blade Dance","floor":1},{"not_picked":["Dodge and Roll","Footwork"],"picked":"Eviscerate","floor":3},{"not_picked":["Prepared","PiercingWail"],"picked":"Deadly Poison","floor":5},{"not_picked":["Backflip","Slice"],"picked":"Noxious Fumes","floor":6}],"player_experience":609652,"relics_obtained":[{"floor":6,"key":"Torii"}],"event_choices":[{"damage_healed":0,"gold_gain":0,"cards_transformed":["Strike_G"],"player_choice":"Change","damage_taken":0,"max_hp_gain":0,"max_hp_loss":0,"event_name":"Living Wall","floor":2,"gold_loss":0,"cards_obtained":["Bullet Time"]},{"damage_healed":0,"gold_gain":0,"player_choice":"Got Potions","damage_taken":0,"max_hp_gain":0,"max_hp_loss":0,"event_name":"Lab","floor":4,"gold_loss":0}],"is_beta":false,"boss_relics":[],"items_purged_floors":[],"is_endless":false,"potions_floor_spawned":[3,6],"killed_by":"Gremlin Nob","ascension_level":20}}