{"host":"cg4v982k2u4fkmak","time":1610367238,"event":{"mods":["BaseMod","Colored Map","Marisa£®ÏF”Í°°ƒß¿Ì…≥£©","Minty Spire (QoL Compilation)","Shop Mod","StSLib","The Servant 0.9.4","UnlockEverythingMod"],"gold_per_floor":[111,126,140,140,65,65,100,113,138,138,38,38,38,57,57,188,188,203,227,33,33,48,86,86,86],"floor_reached":24,"playtime":1312,"items_purged":["Strike_G","Defend_G","Strike_G"],"score":218,"play_id":"a3519388-c697-4192-b8ca-5477d69d84ae","local_time":"20210111201358","is_ascension_mode":false,"campfire_choices":[{"data":"Neutralize","floor":6,"key":"SMITH"},{"data":"Quick Slash","floor":12,"key":"SMITH"},{"floor":15,"key":"REST"}],"circlet_count":0,"master_deck":["Strike_G","Strike_G","Defend_G","Defend_G","Defend_G","Defend_G","Survivor","Neutralize+1","Quick Slash+1","Acrobatics","Poisoned Stab+1","Deadly Poison","Tactician","Dagger Throw","Unload","Poisoned Stab","Noxious Fumes","Catalyst","Bouncing Flask","Bane","Dagger Throw+1"],"relics":["Ring of the Snake","Orichalcum","Potion Belt","Golden Idol","HoveringKite","Tiny Chest"],"acts_visited":["Exordium","TheCity"],"potions_floor_usage":[7,16,22],"damage_taken":[{"damage":8,"enemies":"Jaw Worm","floor":1,"turns":4},{"damage":0,"enemies":"Cultist","floor":2,"turns":5},{"damage":0,"enemies":"Small Slimes","floor":3,"turns":4},{"damage":10,"enemies":"Lagavulin","floor":7,"turns":7},{"damage":4,"enemies":"3 Louse","floor":8,"turns":4},{"damage":7,"enemies":"Blue Slaver","floor":14,"turns":3},{"damage":28,"enemies":"Hexaghost","floor":16,"turns":9},{"damage":2,"enemies":"Shell Parasite","floor":18,"turns":3},{"damage":15,"enemies":"2 Thieves","floor":19,"turns":3},{"damage":14,"enemies":"Centurion and Healer","floor":21,"turns":4},{"damage":15,"enemies":"Snake Plant","floor":22,"turns":3},{"damage":23,"enemies":"Book of Stabbing","floor":23,"turns":4},{"damage":3,"enemies":"Cultist and Chosen","floor":24,"turns":4}],"seed_played":"508673247442358643","potions_obtained":[{"floor":3,"key":"Weak Potion"},{"floor":7,"key":"PowerPotion"},{"floor":19,"key":"AttackPotion"}],"is_trial":false,"path_per_floor":["M","M","M","?","$","R","E","M","T","?","$","R","?","M","R","B",null,"M","M","$","M","M","E","M"],"character_chosen":"THE_SILENT","items_purchased":["Catalyst"],"campfire_rested":1,"item_purchase_floors":[20],"current_hp_per_floor":[69,69,69,69,69,69,59,55,55,55,55,55,48,41,62,34,71,69,54,54,40,25,2,0,0],"gold":86,"neow_bonus":"TEN_PERCENT_HP_BONUS","is_daily":false,"chose_seed":false,"campfire_upgraded":2,"win_rate":0.0,"timestamp":1610367238,"path_taken":["M","M","M","?","?","R","E","M","T","?","$","R","?","M","R","BOSS","M","M","$","M","M","E","M"],"items_purchased_type":["Card"],"build_version":"2020-12-22","purchased_purges":3,"victory":false,"max_hp_per_floor":[77,77,77,77,77,77,77,77,77,71,71,71,71,71,71,71,71,71,71,71,71,71,71,71,71],"card_choices":[{"not_picked":["Bane","Escape Plan"],"picked":"Quick Slash","floor":1},{"not_picked":["Slice","Venomology"],"picked":"Acrobatics","floor":2},{"not_picked":["Cloak And Dagger","Tactician"],"picked":"Poisoned Stab","floor":3},{"not_picked":["Night Terror","Dodge and Roll"],"picked":"Deadly Poison","floor":7},{"not_picked":["Dash","Cloak And Dagger"],"picked":"Tactician","floor":8},{"not_picked":["Blade Dance","Backflip"],"picked":"Dagger Throw","floor":14},{"not_picked":["Wraith Form v2","Venomology"],"picked":"Unload","floor":16},{"not_picked":["Finisher","Dagger Spray"],"picked":"Poisoned Stab","floor":18},{"not_picked":["Acrobatics+1","Blur"],"picked":"Noxious Fumes","floor":19},{"not_picked":["Acrobatics","Quick Slash"],"picked":"Bouncing Flask","floor":21},{"not_picked":["Backstab","Deflect+1"],"picked":"Bane","floor":22},{"not_picked":["Glass Knife","Dagger Spray"],"picked":"Dagger Throw+1","floor":23}],"player_experience":36438,"relics_obtained":[{"floor":7,"key":"Orichalcum"},{"floor":9,"key":"Potion Belt"},{"floor":23,"key":"Tiny Chest"}],"event_choices":[{"damage_healed":0,"gold_gain":0,"player_choice":"Forge","damage_taken":0,"max_hp_gain":0,"max_hp_loss":0,"event_name":"Accursed Blacksmith","floor":4,"gold_loss":0,"cards_upgraded":["Poisoned Stab"]},{"damage_healed":0,"gold_gain":0,"player_choice":"Lose Max HP","damage_taken":0,"relics_obtained":["Golden Idol"],"max_hp_gain":0,"max_hp_loss":6,"event_name":"Golden Idol","floor":10,"gold_loss":0},{"cards_removed":["Strike_G"],"damage_healed":0,"gold_gain":0,"player_choice":"Card Removal","damage_taken":7,"max_hp_gain":0,"max_hp_loss":0,"event_name":"Golden Wing","floor":13,"gold_loss":0}],"is_beta":false,"boss_relics":[{"not_picked":["SacredBark","Coffee Dripper"],"picked":"HoveringKite"}],"items_purged_floors":[5,11,20],"is_endless":false,"potions_floor_spawned":[3,7,19],"killed_by":"Cultist and Chosen","ascension_level":0}}