{"host":"61xbmbtf5zrn7rzc","time":1610338882,"event":{"mods":["BaseMod","Challenge The Spire","Hubris","Minty Spire (QoL Compilation)","Replay The Spire","StSLib","SuperFastMode","The Bug Knight"],"gold_per_floor":[113,113,93,112,127,161,161,172,172,172,186,186,186,186],"floor_reached":13,"playtime":503,"items_purged":[],"score":89,"play_id":"aabf8c3b-c8ff-4fcb-b9b3-2cabd8d0e7e1","local_time":"20210110232122","is_ascension_mode":true,"campfire_choices":[{"data":"HollowMod:FocusHealStart","floor":10,"key":"SMITH"},{"data":"HollowMod:ChannelNail","floor":12,"key":"SMITH"}],"circlet_count":0,"master_deck":["HollowMod:NailStrikeStart","HollowMod:NailStrikeStart","HollowMod:NailStrikeStart","HollowMod:QuickDashStart","HollowMod:QuickDashStart","HollowMod:QuickDashStart","HollowMod:QuickDashStart","HollowMod:FocusHealStart+1","HollowMod:VengefulVoid","hubris:DuctTapeCard","HollowMod:BaldurShell","HollowMod:ChannelNail+1"],"relics":["HollowMod:VesselMask","NeowsBlessing","hubris:DuctTape","hubris:Icosahedron","Question Card"],"acts_visited":["Exordium"],"potions_floor_usage":[13],"damage_taken":[{"damage":0,"enemies":"Small Slimes","floor":1,"turns":1},{"damage":0,"enemies":"Cultist","floor":4,"turns":1},{"damage":0,"enemies":"Jaw Worm","floor":5,"turns":1},{"damage":14,"enemies":"Replay:BlueRogue","floor":6,"turns":7},{"damage":9,"enemies":"Looter","floor":8,"turns":4},{"damage":16,"enemies":"Blue Slaver","floor":11,"turns":6},{"damage":70,"enemies":"Lagavulin","floor":13,"turns":11}],"seed_played":"-7860064937821530474","potions_obtained":[{"floor":1,"key":"FearPotion"},{"floor":3,"key":"Doom Potion"}],"is_trial":false,"path_per_floor":["M","?","?","M","M","E","?","M","T","R","M","R","E"],"character_chosen":"THE_BUGKNIGHT","items_purchased":[],"campfire_rested":0,"item_purchase_floors":[],"current_hp_per_floor":[75,75,75,75,75,67,67,58,58,58,54,54,0,0],"gold":186,"neow_bonus":"THREE_ENEMY_KILL","is_daily":false,"chose_seed":false,"campfire_upgraded":2,"win_rate":0.0,"timestamp":1610338882,"path_taken":["M","?","?","M","?","E","?","M","T","R","M","R","E"],"items_purchased_type":[],"build_version":"2020-12-22","purchased_purges":0,"victory":false,"max_hp_per_floor":[75,75,75,75,75,75,75,75,75,75,75,75,75,75],"card_choices":[{"not_picked":["HollowMod:DungDefenderAura","HollowMod:FastStrike","HollowMod:SoulSplash"],"picked":"SKIP","floor":1},{"not_picked":["HollowMod:CornifersMapStart","HollowMod:SoulShaman"],"picked":"HollowMod:VengefulVoid","floor":4},{"not_picked":["HollowMod:NewGlowingWomb","HollowMod:CornifersMapStart"],"picked":"HollowMod:HeavyBlow","floor":5},{"not_picked":["HollowMod:ShapeofUnn","HollowMod:GoodIntentions","HollowMod:LifebloodCocoon"],"picked":"SKIP","floor":6},{"not_picked":["HollowMod:CycloneSlash","HollowMod:MawleksShell"],"picked":"HollowMod:BaldurShell","floor":8},{"not_picked":["HollowMod:DoubleDash","HollowMod:WraithStrike","HollowMod:HeavyBlow"],"picked":"HollowMod:ChannelNail","floor":11}],"player_experience":94705,"relics_obtained":[{"floor":6,"key":"hubris:DuctTape"},{"floor":9,"key":"Question Card"}],"event_choices":[{"damage_healed":0,"gold_gain":0,"player_choice":"Bought 1 Potion","damage_taken":0,"max_hp_gain":0,"max_hp_loss":0,"event_name":"The Woman in Blue","floor":3,"gold_loss":0}],"is_beta":false,"boss_relics":[],"items_purged_floors":[],"is_endless":false,"potions_floor_spawned":[1],"killed_by":"Lagavulin","ascension_level":1}}