{"host":"ylxam20yo7j5dy26","time":1610351364,"event":{"mods":["ATMod(∞¢Ë™Mod)","Act Like it!","BaseMod","BetterRewards","Conspire","Defuse TimeMaze Blight","Downfall","Energized Spire","Gensokyo","GungeonMod","Hallownest","Hubris","Infinite Spire","Marisa£®ÏF”Í°°ƒß¿Ì…≥£©","Minty Spire (QoL Compilation)","MostiFishMod","Quarter Circle Forward PUNCH!","Quick Restart","Remilia£®¿Ÿ√◊¿Ú—«£©","Replay The Spire","Robot Space Explorer","Spicy Shops","StSLib","The Runesmith","UnlockEverythingMod","vexMod","°æ“≈ŒÔø®≈∆°øREMEMod"],"gold_per_floor":[118,118,118,134,38,73,87,121,121,146,146,156,169,18,18,115,115,129,140,155,165,177,177,207,207,207,223,243,276,276,276,276,376,376,396,396,413,413,413,413,447,463,463,476,476,12,25,25,25,25,25,25,25,50,80],"floor_reached":56,"playtime":3934,"items_purged":["Runesmith:Strike_RS","Runesmith:Strike_RS"],"score":1629,"play_id":"bdc0e8e8-31a0-42d7-947e-ac6b529f683e","local_time":"20210111154924","is_ascension_mode":false,"campfire_choices":[{"data":"Runesmith:Reinforce","floor":11.0,"key":"SMITH"},{"data":"Runesmith:Firestorm","floor":23.0,"key":"SMITH"},{"data":"Runesmith:PoweredAnvil","floor":25.0,"key":"SMITH"},{"floor":32.0,"key":"DIG"},{"floor":40.0,"key":"RECALL"},{"data":"Runesmith:CraftIndustria","floor":45,"key":"SMITH"},{"data":"Runesmith:CraftIndustria","floor":49,"key":"SMITH"},{"data":"Runesmith:CreatorForm","floor":52,"key":"SMITH"}],"circlet_count":0,"master_deck":["Runesmith:Strike_RS","Runesmith:Strike_RS","Runesmith:Defend_RS","Runesmith:Defend_RS","Runesmith:Defend_RS","Runesmith:Defend_RS","Runesmith:CraftFirestone","Runesmith:Fortify","AT_FamilyPortrait","MostiFishMod:Confrontation","Runesmith:UnstableHammer","Runesmith:Reinforce+1","Runesmith:Firewall","Runesmith:CraftProtectio","Runesmith:Firestorm+1","Runesmith:Empowerment","Runesmith:CraftMagma","Runesmith:PoweredAnvil+1","Runesmith:CreatorForm+1","MostiFishMod:Neptune","MostiFishMod:SparklingWater","MostiFishMod:FantasySummer","MostiFishMod:NightSea","Runesmith:CraftIncendium","Runesmith:FrozenChisel+1","Runesmith:ShiftingStrike","Runesmith:CraftIndustria+1","Runesmith:OneForEveryone","Runesmith:Firewall","Runesmith:CraftProtectio","Runesmith:UnlimitedPower","Runesmith:CraftIndustria+1","Iron Wave","Runesmith:RuneHurl+1","Runesmith:PoweredAnvil+1"],"relics":["Runesmith:BrokenRuby","AT_ATBox","REME_ComplimentaryCards","DaveBox","BionicSphere","NeowsBlessing","SynthV:TestCard","ReplayTheSpireMod:Ring of Collecting","DemoMod:GlassGuonStoneRelic","Potion Belt","vexMod:HeadHunter","vexMod:InvisibilityCloak","Ring of Fury","AT_BladeRuinedKing","Ring of Searing","vexMod:Cooldron","MoonlightInvasionPlan","ReplayFunnel","ReplayTheSpireMod:Shallot","Ring of Fangs","Shovel","Omamori","FeatherPendant","hubris:Towel","Toy Ornithopter","DianPoetry","infinitespire:CheckeredPen"],"acts_visited":["Exordium","TheCity","TheBeyond","TheEnding"],"potions_floor_usage":[55,55,55,55,55],"damage_taken":[{"damage":0.0,"enemies":"Small Slimes","floor":1.0,"turns":2.0},{"damage":0.0,"enemies":"conspire:RoseBush","floor":4.0,"turns":1.0},{"damage":0.0,"enemies":"Lagavulin","floor":6.0,"turns":2.0},{"damage":0.0,"enemies":"Jaw Worm","floor":7.0,"turns":4.0},{"damage":0.0,"enemies":"Gremlin Nob","floor":8.0,"turns":6.0},{"damage":10.0,"enemies":"Lots of Slimes","floor":12.0,"turns":3.0},{"damage":10.0,"enemies":"Exordium Thugs","floor":13.0,"turns":3.0},{"damage":0.0,"enemies":"Hexaghost","floor":16.0,"turns":6.0},{"damage":20.0,"enemies":"Shell Parasite","floor":18.0,"turns":6.0},{"damage":0.0,"enemies":"conspire:FuzzyDice","floor":19.0,"turns":3.0},{"damage":0.0,"enemies":"Snake Plant","floor":20.0,"turns":4.0},{"damage":0.0,"enemies":"Cultist and Chosen","floor":21.0,"turns":4.0},{"damage":0.0,"enemies":"conspire:HollyBat","floor":22.0,"turns":7.0},{"damage":0.0,"enemies":"conspire:SneckoGhost","floor":24.0,"turns":6.0},{"damage":0.0,"enemies":"Snecko","floor":27.0,"turns":2.0},{"damage":0.0,"enemies":"Centurion and Healer","floor":28.0,"turns":4.0},{"damage":0.0,"enemies":"Gremlin Leader","floor":29.0,"turns":3.0},{"damage":5.0,"enemies":"Collector","floor":33.0,"turns":6.0},{"damage":5.0,"enemies":"Orb Walker","floor":35.0,"turns":2.0},{"damage":10.0,"enemies":"3 Shapes","floor":37.0,"turns":3.0},{"damage":5.0,"enemies":"Nemesis","floor":41.0,"turns":5.0},{"damage":0.0,"enemies":"Transient","floor":42.0,"turns":5.0},{"damage":0,"enemies":"Sphere and 2 Shapes","floor":44,"turns":3},{"damage":0,"enemies":"Spire Growth","floor":47,"turns":4},{"damage":5,"enemies":"Time Eater","floor":50,"turns":5},{"damage":10,"enemies":"Shield and Spear","floor":54,"turns":3},{"damage":25,"enemies":"The Heart","floor":55,"turns":5}],"seed_played":"8015863068700019465","potions_obtained":[{"floor":6.0,"key":"Energy Potion"},{"floor":12.0,"key":"Swift Potion"},{"floor":15.0,"key":"FairyPotion"},{"floor":15.0,"key":"hexamod:EctoCoolerPotion"},{"floor":16.0,"key":"EntropicBrew"},{"floor":22.0,"key":"EntropicBrew"},{"floor":24.0,"key":"EntropicBrew"},{"floor":28.0,"key":"EntropicBrew"}],"is_trial":false,"path_per_floor":["M","?","?","M","$","E","M","E","T","T","R","M","M","$","R","B",null,"M","M","M","M","M","R","E","R","T","M","M","E","?","?","R","B",null,"M","?","M","?","?","R","E","M","T","M","R","$","M","?","R","B",null,"R","$","E","B",null],"character_chosen":"RUNESMITH_CLASS","items_purchased":["Runesmith:Firewall","vexMod:Cooldron","DianPoetry"],"campfire_rested":0,"item_purchase_floors":[5,14,46],"current_hp_per_floor":[70,70,70,70,70,70,70,70,70,70,70,60,50,50,50,50,70,50,50,50,50,50,50,50,50,50,50,50,50,50,50,50,45,70,65,65,55,55,55,55,50,50,50,50,50,50,50,50,50,45,66,66,66,56,41],"gold":80,"neow_bonus":"THREE_ENEMY_KILL","is_daily":false,"chose_seed":false,"campfire_upgraded":6,"win_rate":0.0,"timestamp":1610351364,"path_taken":["M","?","?","M","$","E","M","E","T","?","R","M","?","$","R","BOSS","M","?","M","M","M","R","E","R","T","M","M","E","?","?","R","BOSS","M","?","M","?","?","R","E","M","T","?","R","$","?","?","R","BOSS","R","$","E","BOSS"],"items_purchased_type":["Card","Relic","Relic"],"build_version":"2020-12-22","purchased_purges":2,"victory":true,"max_hp_per_floor":[70,70,70,70,70,70,70,70,70,70,70,70,70,70,70,70,70,70,70,70,70,70,70,70,70,70,70,70,70,70,70,70,70,70,70,70,70,70,70,70,70,70,70,70,70,70,70,66,66,66,66,66,66,66,66],"card_choices":[{"not_picked":["Runesmith:Accelerate","Runesmith:MakeshiftArmor"],"picked":"Runesmith:UnstableHammer","floor":1.0},{"not_picked":["Runesmith:Attraction","Runesmith:Malloc","Runesmith:FieryHammer","Runesmith:CraftMagma"],"picked":"Runesmith:Reinforce","floor":4.0},{"not_picked":["Runesmith:CraftReservo","Runesmith:UnstableHammer","Runesmith:Prism","Runesmith:HammerThrow"],"picked":"Runesmith:CraftProtectio","floor":6.0},{"not_picked":["Runesmith:ChiselStab","Runesmith:StaticCage","Runesmith:CraftProtectio","Runesmith:HammerTime"],"picked":"Runesmith:Firestorm","floor":7.0},{"not_picked":["Runesmith:EarthShield","Runesmith:Supernova","Runesmith:Augment","Runesmith:EnergizedChisel"],"picked":"Runesmith:Empowerment","floor":8.0},{"not_picked":["Runesmith:CraftProtectio","Runesmith:MakeshiftArmor","Runesmith:Overpower","Runesmith:Prism"],"picked":"Runesmith:CraftMagma","floor":12.0},{"not_picked":["Runesmith:EarthShield","Runesmith:Permafrost","Runesmith:CraftObretio","Runesmith:EnergizedChisel"],"picked":"Runesmith:PoweredAnvil","floor":13.0},{"not_picked":["Runesmith:CraftPrismatica","Runesmith:Duplicate","Runesmith:GenerateForcefield","Runesmith:UnlimitedPower"],"picked":"Runesmith:CreatorForm","floor":16.0},{"not_picked":["Runesmith:WhiteBalance","Runesmith:ChiselStab","Runesmith:Discharge","Runesmith:Grindstone"],"picked":"Runesmith:CraftIncendium","floor":18.0},{"not_picked":["Runesmith:Repurpose","Runesmith:RuneHurl+1","Runesmith:ShiftingStrike","Runesmith:ChiselStab"],"picked":"Runesmith:FrozenChisel+1","floor":19.0},{"not_picked":["Runesmith:HammerAndChisel+1","Runesmith:Attraction","Runesmith:StaticCage","Runesmith:MakeshiftArmor+1"],"picked":"Runesmith:HammerThrow","floor":20.0},{"not_picked":["Runesmith:Overpower","Runesmith:CraftReservo","Runesmith:HeatedChisel+1","Runesmith:Accelerate","Runesmith:ChiselStab"],"picked":"SKIP","floor":21.0},{"not_picked":["Runesmith:Firestorm","Runesmith:Empowerment","Runesmith:Accelerate","Runesmith:BackupBattery"],"picked":"Runesmith:ShiftingStrike","floor":22.0},{"not_picked":["Runesmith:CraftMedicinae","Runesmith:GenerateForcefield"],"picked":"Runesmith:CraftIndustria","floor":24.0},{"not_picked":["Runesmith:BackupBattery+1","Runesmith:Augment","Runesmith:EarthShield","Runesmith:Repurpose"],"picked":"Runesmith:OneForEveryone","floor":24.0},{"not_picked":["Runesmith:Repurpose+1","Runesmith:OneForEveryone","Runesmith:LastStand","Runesmith:RuneHurl"],"picked":"Runesmith:Firewall","floor":27.0},{"not_picked":["Runesmith:UnstableHammer+1","Runesmith:EnergizedChisel","Runesmith:BackupBattery","Runesmith:MakeshiftArmor"],"picked":"Runesmith:CraftProtectio","floor":28.0},{"not_picked":["Runesmith:FissionHammer","Runesmith:Supernova"],"picked":"Runesmith:UnlimitedPower","floor":29.0},{"not_picked":["Runesmith:Prism","Runesmith:FieryHammer+1","Runesmith:EarthShield","Runesmith:ShiftingStrike+1","Runesmith:Empowerment+1"],"picked":"SKIP","floor":29.0},{"not_picked":["Runesmith:DuctTape","Runesmith:LastStand","Runesmith:FissionHammer","Runesmith:CreatorForm"],"picked":"Runesmith:CraftIndustria","floor":33.0},{"not_picked":["Runesmith:Reinforce+1","Runesmith:HammerThrow","Runesmith:Discharge+1","Runesmith:ChiselStab","Runesmith:Permafrost"],"picked":"SKIP","floor":35.0},{"not_picked":["Runesmith:HeatedChisel+1","Runesmith:UnstableHammer+1","Runesmith:Prism+1","Runesmith:Supernova","Runesmith:NanitesCloud+1"],"picked":"SKIP","floor":37.0},{"not_picked":["Runesmith:LastStand","Runesmith:Supernova","Runesmith:UnlimitedPower"],"picked":"SKIP","floor":41.0},{"not_picked":["Runesmith:FrozenChisel+1","Runesmith:BackupBattery","Runesmith:NanitesCloud","Runesmith:WhiteBalance+1","Runesmith:CraftMagma"],"picked":"SKIP","floor":41.0},{"not_picked":["Runesmith:CraftIncendium","Runesmith:EarthShield+1","Runesmith:HeatedChisel+1","Runesmith:MakeshiftArmor+1","Runesmith:NegativeSpace"],"picked":"SKIP","floor":42.0},{"not_picked":["Runesmith:ShiftingStrike","Runesmith:EarthShield","Runesmith:FieryHammer","Runesmith:Reinforce+1"],"picked":"Runesmith:RuneHurl+1","floor":44},{"not_picked":["Runesmith:HeatedChisel","Runesmith:ShiftingStrike","Runesmith:EarthShield","Runesmith:Prism+1"],"picked":"Runesmith:PoweredAnvil+1","floor":47},{"not_picked":["Runesmith:FissionHammer","Runesmith:Duplicate","Runesmith:ArcReactor"],"picked":"SKIP","floor":54},{"not_picked":["Runesmith:CraftObretio","Runesmith:MakeshiftArmor+1","Runesmith:CraftMagma","Runesmith:HeatExchange+1","Runesmith:LastStand"],"picked":"SKIP","floor":54}],"player_experience":144207,"relics_obtained":[{"floor":1.0,"key":"SynthV:TestCard"},{"floor":2.0,"key":"ReplayTheSpireMod:Ring of Collecting"},{"floor":6.0,"key":"Potion Belt"},{"floor":8.0,"key":"vexMod:HeadHunter"},{"floor":9.0,"key":"vexMod:InvisibilityCloak"},{"floor":9.0,"key":"Ring of Fury"},{"floor":10.0,"key":"AT_BladeRuinedKing"},{"floor":10.0,"key":"Ring of Searing"},{"floor":24.0,"key":"ReplayFunnel"},{"floor":26.0,"key":"ReplayTheSpireMod:Shallot"},{"floor":26.0,"key":"Ring of Fangs"},{"floor":29.0,"key":"Shovel"},{"floor":32.0,"key":"Omamori"},{"floor":41.0,"key":"Toy Ornithopter"},{"floor":54,"key":"infinitespire:CheckeredPen"}],"event_choices":[{"cards_removed":["Looming Evil"],"damage_healed":0.0,"max_hp_gain":0.0,"max_hp_loss":0.0,"gold_gain":0.0,"event_name":"Living Wall","player_choice":"Forget","floor":3.0,"gold_loss":0.0,"damage_taken":0.0},{"cards_removed":["Sloth_TH"],"damage_healed":0.0,"max_hp_gain":0.0,"max_hp_loss":0.0,"gold_gain":0.0,"event_name":"Back to Basics","player_choice":"Elegance","floor":31.0,"gold_loss":0.0,"damage_taken":0.0},{"cards_removed":["Runesmith:HammerThrow"],"damage_healed":0.0,"max_hp_gain":0.0,"max_hp_loss":0.0,"gold_gain":0.0,"event_name":"Falling","player_choice":"Removed Attack","floor":38.0,"gold_loss":0.0,"damage_taken":0.0},{"cards_removed":["MostiFishMod:TheEndOfMoonlight"],"damage_healed":0.0,"max_hp_gain":0.0,"max_hp_loss":0.0,"gold_gain":0.0,"event_name":"NoteForYourself","player_choice":"Took Card","floor":39.0,"gold_loss":0.0,"damage_taken":0.0,"cards_obtained":["Iron Wave"]},{"damage_healed":0,"gold_gain":0,"player_choice":"Max HP","damage_taken":0,"max_hp_gain":0,"max_hp_loss":4,"event_name":"Winding Halls","floor":48,"gold_loss":0}],"is_beta":false,"boss_relics":[{"not_picked":["Transparent","hubris:TerracottaHorce"],"picked":"MoonlightInvasionPlan"},{"not_picked":["hubris:GrandSneckoEye","TakeMeEscape"],"picked":"FeatherPendant"}],"items_purged_floors":[46,46],"is_endless":false,"potions_floor_spawned":[6,12,16,22,24,28,33,35,37,47,54],"ascension_level":0}}