{"host":"873t0y8ybyo38pfq","time":1610405490,"event":{"mods":["BaseMod","Bestiary","Colored Map","Colored Powertips","Highlight Path","Minty Spire (QoL Compilation)","Quick Restart","RNG Fix","Rare Cards Sparkle","Relic Stats","StSLib"],"gold_per_floor":[115,127,141,141,141,141,160,170,221,221,233,261,9,24,24,96,96,108,108,121,121,121,121,138,138,138],"floor_reached":25,"playtime":2258,"items_purged":[],"score":410,"play_id":"5bd035c9-43cd-4244-ae25-19df45a4e266","local_time":"20210111175130","is_ascension_mode":true,"campfire_choices":[{"data":"Zap","floor":6,"key":"SMITH"},{"data":"White Noise","floor":15,"key":"SMITH"},{"floor":23,"key":"REST"}],"circlet_count":0,"master_deck":["AscendersBane","Strike_B","Strike_B","Defend_B","Defend_B","Defend_B","Defend_B","Zap+1","Dualcast","Redo+1","Stack","Reinforced Body+1","White Noise+1","Capacitor","Conserve Battery","Creative AI","Coolheaded","Ghostly","Ghostly","Ghostly","Self Repair","Writhe"],"relics":["Cracked Core","NeowsBlessing","Bag of Marbles","Pantograph","Lee\u0027s Waffle","Nuclear Battery","DataDisk","Nilry\u0027s Codex"],"acts_visited":["Exordium","TheCity"],"potions_floor_usage":[12,12,16,25],"damage_taken":[{"damage":0,"enemies":"Cultist","floor":1,"turns":1},{"damage":0,"enemies":"Jaw Worm","floor":2,"turns":1},{"damage":0,"enemies":"Small Slimes","floor":3,"turns":1},{"damage":14,"enemies":"2 Fungi Beasts","floor":7,"turns":4},{"damage":0,"enemies":"Exordium Wildlife","floor":8,"turns":4},{"damage":0,"enemies":"Large Slime","floor":11,"turns":3},{"damage":6,"enemies":"3 Sentries","floor":12,"turns":7},{"damage":1,"enemies":"3 Louse","floor":14,"turns":2},{"damage":18,"enemies":"Slime Boss","floor":16,"turns":10},{"damage":39,"enemies":"Spheric Guardian","floor":18,"turns":9},{"damage":5,"enemies":"Chosen","floor":20,"turns":7},{"damage":18,"enemies":"Snake Plant","floor":24,"turns":7},{"damage":21,"enemies":"Cultist and Chosen","floor":25,"turns":5}],"seed_played":"-246522617365546335","potions_obtained":[{"floor":3,"key":"Swift Potion"},{"floor":7,"key":"Explosive Potion"},{"floor":12,"key":"Fire Potion"},{"floor":14,"key":"Explosive Potion"}],"is_trial":false,"path_per_floor":["M","M","M","?","?","R","M","M","T","?","M","E","$","M","R","B",null,"M","?","M","?","?","R","M","M"],"character_chosen":"DEFECT","items_purchased":["Lee\u0027s Waffle","Capacitor"],"campfire_rested":1,"item_purchase_floors":[13,13],"current_hp_per_floor":[64,64,64,64,57,57,43,43,43,22,22,16,78,77,77,60,74,35,35,30,30,9,20,9,0,0],"gold":138,"neow_bonus":"THREE_ENEMY_KILL","is_daily":false,"chose_seed":false,"campfire_upgraded":2,"win_rate":0.0,"timestamp":1610405490,"path_taken":["M","M","M","?","?","R","?","M","T","?","M","E","$","M","R","BOSS","M","?","M","?","?","R","M","M"],"items_purchased_type":["Relic","Card"],"build_version":"2020-12-22","purchased_purges":0,"victory":false,"max_hp_per_floor":[71,71,71,71,71,71,71,71,71,71,71,71,78,78,78,78,78,78,39,39,39,39,39,39,39,39],"relic_stats":{"Lee\u0027s Waffle":62,"counters":[13,61],"Pantograph":1,"obtain_stats":[{"Lee\u0027s Waffle":13,"DataDisk":21,"NeowsBlessing":0,"Nilry\u0027s Codex":22,"Pantograph":12,"Bag of Marbles":9,"Cracked Core":0,"Nuclear Battery":17},{"Lee\u0027s Waffle":7,"DataDisk":11,"NeowsBlessing":0,"Nilry\u0027s Codex":11,"Pantograph":7,"Bag of Marbles":5,"Cracked Core":0,"Nuclear Battery":9},{"Lee\u0027s Waffle":21,"DataDisk":49,"NeowsBlessing":0,"Nilry\u0027s Codex":49,"Pantograph":21,"Bag of Marbles":11,"Cracked Core":0,"Nuclear Battery":33}]},"card_choices":[{"not_picked":["Go for the Eyes","Leap"],"picked":"Redo","floor":1},{"not_picked":["Turbo","Streamline","Tempest"],"picked":"SKIP","floor":2},{"not_picked":["Rebound","Conserve Battery","Self Repair"],"picked":"SKIP","floor":3},{"not_picked":["Turbo","Gash"],"picked":"Reinforced Body","floor":7},{"not_picked":["Go for the Eyes","Gash"],"picked":"White Noise","floor":8},{"not_picked":["Hello World","Melter","Beam Cell"],"picked":"SKIP","floor":11},{"not_picked":["Compile Driver","Barrage","Loop"],"picked":"SKIP","floor":12},{"not_picked":["BootSequence","Chill"],"picked":"Conserve Battery","floor":14},{"not_picked":["Meteor Strike","All For One"],"picked":"Creative AI","floor":16},{"not_picked":["Streamline","Hologram"],"picked":"Coolheaded","floor":18},{"not_picked":["Stack","Tempest+1"],"picked":"Self Repair","floor":20},{"not_picked":["Hologram","Sweeping Beam+1","Reprogram"],"picked":"SKIP","floor":24}],"player_experience":1589258,"relics_obtained":[{"floor":9,"key":"Bag of Marbles"},{"floor":12,"key":"Pantograph"},{"floor":22,"key":"Nilry\u0027s Codex"}],"event_choices":[{"damage_healed":0,"gold_gain":0,"cards_transformed":["Strike_B"],"player_choice":"Change","damage_taken":0,"max_hp_gain":0,"max_hp_loss":0,"event_name":"Living Wall","floor":4,"gold_loss":0,"cards_obtained":["Stack"]},{"cards_removed":["Strike_B"],"damage_healed":0,"gold_gain":0,"player_choice":"Card Removal","damage_taken":7,"max_hp_gain":0,"max_hp_loss":0,"event_name":"Golden Wing","floor":5,"gold_loss":0},{"damage_healed":0,"gold_gain":0,"player_choice":"Entered Light","damage_taken":21,"max_hp_gain":0,"max_hp_loss":0,"event_name":"Shining Light","floor":10,"gold_loss":0,"cards_upgraded":["Redo","Reinforced Body"]},{"damage_healed":0,"gold_gain":0,"player_choice":"Became a Ghost","damage_taken":0,"max_hp_gain":0,"max_hp_loss":39,"event_name":"Ghosts","floor":19,"gold_loss":0,"cards_obtained":["Ghostly","Ghostly","Ghostly"]},{"damage_healed":0,"gold_gain":0,"player_choice":"Opened","damage_taken":0,"relics_obtained":["DataDisk"],"max_hp_gain":0,"max_hp_loss":0,"event_name":"The Mausoleum","floor":21,"gold_loss":0,"cards_obtained":["Writhe"]},{"damage_healed":0,"gold_gain":0,"player_choice":"Obtained Book","damage_taken":21,"max_hp_gain":0,"max_hp_loss":0,"event_name":"Cursed Tome","floor":22,"gold_loss":0}],"is_beta":false,"boss_relics":[{"not_picked":["Snecko Eye","Black Star"],"picked":"Nuclear Battery"}],"items_purged_floors":[],"is_endless":false,"potions_floor_spawned":[3,7,12,14],"killed_by":"Cultist and Chosen","ascension_level":20}}