{"host":"5wznv0010959mrmz","time":1610390725,"event":{"mods":["BaseMod","Highlight Path","Minty Spire (QoL Compilation)","Relic Stats"],"gold_per_floor":[116,126,126,86,86,115,127,153,179,212,212,212,212,52,52,124,124,134,144,144,164,164,164,164,164,188,188,216,216,16,27,27,27,27],"floor_reached":33,"playtime":914,"items_purged":["Strike_G"],"score":608,"play_id":"b56e8e73-4174-45cc-ace3-14bbed02449d","local_time":"20210111124525","is_ascension_mode":true,"campfire_choices":[{"floor":11,"key":"REST"},{"data":"Noxious Fumes","floor":15,"key":"SMITH"},{"data":"Cloak And Dagger","floor":23,"key":"SMITH"},{"data":"Adrenaline","floor":25,"key":"SMITH"},{"data":"Blade Dance","floor":27,"key":"SMITH"},{"data":"Footwork","floor":29,"key":"SMITH"},{"floor":32,"key":"REST"}],"circlet_count":0,"master_deck":["AscendersBane","Strike_G+1","Strike_G+1","Defend_G","Defend_G","Defend_G","Defend_G","Defend_G","Survivor","Neutralize","Poisoned Stab","Crippling Poison+1","Footwork+1","Blade Dance+1","Endless Agony","Blur","Noxious Fumes+1","Adrenaline+1","Dagger Spray+1","Cloak And Dagger+1","Sucker Punch","Concentrate","Backflip"],"relics":["Ring of the Snake","NeowsBlessing","Nunchaku","Strawberry","Potion Belt","MealTicket","Juzu Bracelet","Letter Opener","WristBlade","Happy Flower","Meat on the Bone","Membership Card"],"acts_visited":["Exordium","TheCity"],"potions_floor_usage":[8,10,21,33],"damage_taken":[{"damage":0,"enemies":"Jaw Worm","floor":1,"turns":1},{"damage":0,"enemies":"2 Louse","floor":2,"turns":1},{"damage":0,"enemies":"Lagavulin","floor":6,"turns":1},{"damage":0,"enemies":"Cultist","floor":7,"turns":3},{"damage":20,"enemies":"Gremlin Nob","floor":8,"turns":4},{"damage":8,"enemies":"3 Sentries","floor":10,"turns":13},{"damage":22,"enemies":"Hexaghost","floor":16,"turns":9},{"damage":9,"enemies":"Spheric Guardian","floor":18,"turns":4},{"damage":5,"enemies":"Chosen","floor":19,"turns":4},{"damage":31,"enemies":"Shelled Parasite and Fungi","floor":21,"turns":7},{"damage":7,"enemies":"Book of Stabbing","floor":28,"turns":4},{"damage":0,"enemies":"Cultist and Chosen","floor":31,"turns":4},{"damage":78,"enemies":"Collector","floor":33,"turns":8}],"seed_played":"-3285027906786816251","potions_obtained":[{"floor":2,"key":"SkillPotion"},{"floor":6,"key":"Block Potion"},{"floor":18,"key":"PowerPotion"},{"floor":19,"key":"SteroidPotion"}],"is_trial":false,"path_per_floor":["M","M","?","$","?","E","M","E","T","E","R","?","T","$","R","B",null,"M","M","?","M","?","R","?","R","T","R","E","R","$","M","R","B"],"character_chosen":"THE_SILENT","items_purchased":["Footwork","Noxious Fumes","Membership Card","Backflip"],"campfire_rested":2,"item_purchase_floors":[4,14,30,30],"current_hp_per_floor":[59,59,39,39,28,35,35,15,15,7,28,28,28,43,43,21,60,51,46,46,15,30,30,30,30,30,30,23,23,38,38,59,0,0],"gold":27,"neow_bonus":"THREE_ENEMY_KILL","is_daily":false,"chose_seed":false,"campfire_upgraded":5,"win_rate":0.0,"timestamp":1610390725,"path_taken":["M","M","?","$","?","E","?","E","T","E","R","?","?","$","R","BOSS","M","M","?","M","?","R","?","R","T","R","E","R","$","M","R","BOSS"],"items_purchased_type":["Card","Card","Relic","Card"],"build_version":"2020-12-22","purchased_purges":1,"victory":false,"max_hp_per_floor":[66,66,66,66,66,73,73,73,73,73,73,73,73,73,73,73,73,73,73,73,73,73,73,73,73,73,73,73,73,73,73,73,73,73],"relic_stats":{"Nunchaku":[15],"Happy Flower":[5],"counters":[13,63],"MealTicket":30,"Juzu Bracelet":1,"Letter Opener":[38],"obtain_stats":[{"Potion Belt":8,"Nunchaku":5,"NeowsBlessing":0,"WristBlade":17,"Happy Flower":26,"Strawberry":6,"MealTicket":9,"Juzu Bracelet":10,"Letter Opener":13,"Membership Card":30,"Ring of the Snake":0,"Meat on the Bone":28},{"Potion Belt":5,"Nunchaku":2,"NeowsBlessing":0,"WristBlade":7,"Happy Flower":10,"Strawberry":3,"MealTicket":5,"Juzu Bracelet":6,"Letter Opener":6,"Membership Card":11,"Ring of the Snake":0,"Meat on the Bone":11},{"Potion Belt":10,"Nunchaku":2,"NeowsBlessing":0,"WristBlade":32,"Happy Flower":47,"Strawberry":3,"MealTicket":10,"Juzu Bracelet":23,"Letter Opener":23,"Membership Card":51,"Ring of the Snake":0,"Meat on the Bone":51}],"Ring of the Snake":[28],"Meat on the Bone":0},"card_choices":[{"not_picked":["Backflip","Escape Plan"],"picked":"Poisoned Stab","floor":1},{"not_picked":["Quick Slash","Blur"],"picked":"Crippling Poison","floor":2},{"not_picked":["Finisher","Night Terror"],"picked":"Blade Dance","floor":6},{"not_picked":["Underhanded Strike","Dodge and Roll"],"picked":"Endless Agony","floor":7},{"not_picked":["Infinite Blades","Crippling Poison"],"picked":"Blur","floor":8},{"not_picked":["Flechettes","Acrobatics","Outmaneuver"],"picked":"SKIP","floor":10},{"not_picked":["Grand Finale","Phantasmal Killer"],"picked":"Adrenaline","floor":16},{"not_picked":["Outmaneuver+1","Footwork"],"picked":"Dagger Spray+1","floor":18},{"not_picked":["Sucker Punch","Quick Slash","Poisoned Stab"],"picked":"SKIP","floor":19},{"not_picked":["Finisher","Footwork"],"picked":"Cloak And Dagger","floor":21},{"not_picked":["Glass Knife","Choke","Poisoned Stab"],"picked":"SKIP","floor":28},{"not_picked":["Crippling Poison","Heel Hook+1","Well Laid Plans"],"picked":"SKIP","floor":31}],"player_experience":442039,"relics_obtained":[{"floor":6,"key":"Strawberry"},{"floor":8,"key":"Potion Belt"},{"floor":9,"key":"MealTicket"},{"floor":10,"key":"Juzu Bracelet"},{"floor":13,"key":"Letter Opener"},{"floor":26,"key":"Happy Flower"},{"floor":28,"key":"Meat on the Bone"}],"event_choices":[{"damage_healed":0,"gold_gain":0,"player_choice":"Entered Light","damage_taken":20,"max_hp_gain":0,"max_hp_loss":0,"event_name":"Shining Light","floor":3,"gold_loss":0,"cards_upgraded":["Strike_G","Strike_G"]},{"damage_healed":0,"gold_gain":0,"player_choice":"Success","damage_taken":11,"relics_obtained":["Nunchaku"],"max_hp_gain":0,"max_hp_loss":0,"event_name":"Scrap Ooze","floor":5,"gold_loss":0},{"damage_healed":0,"gold_gain":0,"player_choice":"Grow","damage_taken":0,"max_hp_gain":0,"max_hp_loss":0,"event_name":"Living Wall","floor":12,"gold_loss":0,"cards_upgraded":["Crippling Poison"]},{"damage_healed":0,"gold_gain":0,"player_choice":"Ignored","damage_taken":0,"max_hp_gain":0,"max_hp_loss":0,"event_name":"Ghosts","floor":20,"gold_loss":0},{"damage_healed":15,"gold_gain":0,"player_choice":"Heal","damage_taken":0,"max_hp_gain":0,"max_hp_loss":0,"event_name":"The Library","floor":22,"gold_loss":0},{"damage_healed":0,"gold_gain":0,"cards_transformed":["Strike_G","Strike_G"],"player_choice":"Became Test Subject","damage_taken":0,"max_hp_gain":0,"max_hp_loss":0,"event_name":"Drug Dealer","floor":24,"gold_loss":0,"cards_obtained":["Sucker Punch","Concentrate"]}],"is_beta":false,"boss_relics":[{"not_picked":["Ectoplasm","Sozu"],"picked":"WristBlade"}],"items_purged_floors":[14],"is_endless":false,"potions_floor_spawned":[2,6,7,18,19],"killed_by":"Collector","ascension_level":20}}