{"host":"sav7uxregyirlf69","time":1610378558,"event":{"mods":["AchievementEnabler","BaseMod","Colored Map","DeckTracker","Keyboard Shortcuts","Minty Spire (QoL Compilation)","READ ME - Guardian Mod","StSLib","SuperFastMode"],"gold_per_floor":[111,124,49,49,69,69,97,97,97,114,133,133,147,165,165,165,165],"floor_reached":16,"playtime":217,"items_purged":[],"score":208,"play_id":"63b78b92-37bb-45ca-8b22-dd775d6c3355","local_time":"20210112002238","is_ascension_mode":true,"campfire_choices":[{"data":"Wild Strike","floor":6,"key":"SMITH"},{"data":"Bash","floor":8,"key":"SMITH"},{"floor":12,"key":"REST"},{"data":"Evolve","floor":15,"key":"SMITH"}],"circlet_count":0,"master_deck":["AscendersBane","Strike_R","Strike_R","Strike_R","Strike_R","Defend_R","Defend_R","Defend_R","Bash+1","Shrug It Off","Pummel","Wild Strike+1","Shockwave","Cleave","Evolve+1","Bludgeon"],"relics":["Burning Blood","Boot","Mercury Hourglass"],"acts_visited":["Exordium"],"potions_floor_usage":[16],"damage_taken":[{"damage":16,"enemies":"Jaw Worm","floor":1,"turns":5},{"damage":6,"enemies":"2 Louse","floor":2,"turns":4},{"damage":0,"enemies":"Cultist","floor":5,"turns":3},{"damage":32,"enemies":"Lagavulin","floor":7,"turns":7},{"damage":13,"enemies":"Blue Slaver","floor":10,"turns":2},{"damage":11,"enemies":"Exordium Wildlife","floor":11,"turns":5},{"damage":8,"enemies":"Looter","floor":13,"turns":2},{"damage":20,"enemies":"3 Louse","floor":14,"turns":3},{"damage":41,"enemies":"Hexaghost","floor":16,"turns":7}],"seed_played":"1438490090988811575","potions_obtained":[{"floor":2,"key":"Swift Potion"},{"floor":7,"key":"ColorlessPotion"}],"is_trial":false,"path_per_floor":["M","M","?","?","M","R","E","R","T","M","M","R","M","M","R","B"],"character_chosen":"IRONCLAD","items_purchased":[],"campfire_rested":1,"item_purchase_floors":[],"current_hp_per_floor":[65,65,65,65,71,71,45,45,45,38,33,57,55,41,41,0,0],"gold":165,"neow_bonus":"TEN_PERCENT_HP_BONUS","is_daily":false,"chose_seed":false,"campfire_upgraded":3,"win_rate":0.0,"timestamp":1610378558,"path_taken":["M","M","?","?","M","R","E","R","T","M","?","R","M","M","R","BOSS"],"items_purchased_type":[],"build_version":"2020-12-22","purchased_purges":0,"victory":false,"max_hp_per_floor":[82,82,82,82,82,82,82,82,82,82,82,82,82,82,82,82,82],"card_choices":[{"not_picked":["Pummel","Warcry"],"picked":"Shrug It Off","floor":1},{"not_picked":["Havoc","Warcry"],"picked":"Pummel","floor":2},{"not_picked":["Pommel Strike","Clash"],"picked":"Wild Strike","floor":5},{"not_picked":["Exhume","Sword Boomerang","Wild Strike"],"picked":"SKIP","floor":7},{"not_picked":["Clothesline","Anger"],"picked":"Shockwave","floor":10},{"not_picked":["Shrug It Off","Clash"],"picked":"Cleave","floor":11},{"not_picked":["Sever Soul","Uppercut"],"picked":"Evolve","floor":13},{"not_picked":["Cleave","Searing Blow"],"picked":"Bludgeon","floor":14}],"player_experience":1253190,"relics_obtained":[{"floor":7,"key":"Boot"},{"floor":9,"key":"Mercury Hourglass"}],"event_choices":[{"cards_removed":["Strike_R"],"damage_healed":0,"gold_gain":0,"player_choice":"Card Removal","damage_taken":0,"max_hp_gain":0,"max_hp_loss":0,"event_name":"The Cleric","floor":3,"gold_loss":75},{"cards_removed":["Defend_R"],"damage_healed":0,"gold_gain":0,"player_choice":"Purged","damage_taken":0,"max_hp_gain":0,"max_hp_loss":0,"event_name":"Purifier","floor":4,"gold_loss":0}],"is_beta":false,"boss_relics":[],"items_purged_floors":[],"is_endless":false,"potions_floor_spawned":[2,7,11,13,14],"killed_by":"Hexaghost","ascension_level":20}}