{"host":"0ttaavwaei2fh9kw","time":1610375593,"event":{"mods":["Act Like it!","BaseMod","Chen","Colored Map","Decade(王小明)","Downfall","Gensokyo","KinomotoSakuraMod(木之本樱)","Lobotomy","LobotomyExtend","Marisa（F雨　魔理沙）","Minty Spire (QoL Compilation)","Prisma Mod","Reimu（博丽灵梦）","Remilia（蕾米莉亚）","Replay The Spire","Spicy Shops","StSLib","The Servant 0.9.4","WarShipGirlsR/战舰少女R mod","Youmu（魂魄妖梦）"],"gold_per_floor":[112,132,132,132,4,4,35,351,423,441,248,248,248,558,169,181,181,51,76,76,111,111,139,139,153,153,165,165,267,317,317,330,345,44,44,78,78,90,116,16,16,250,269,296,296,296],"floor_reached":34,"playtime":3015,"items_purged":["Decade_Attack","KamenRideDecade"],"score":1065,"play_id":"22c18e44-1efb-4996-9f56-32dd82cf4ff6","local_time":"20210111223313","is_ascension_mode":true,"campfire_choices":[{"data":"AutoVajin","floor":6.0,"key":"SMITH"},{"data":"Decade_SpecialSkill","floor":12.0,"key":"SMITH"},{"data":"KamenRide","floor":7.0,"key":"SMITH"},{"data":"DenO_Climax","floor":15.0,"key":"SMITH"},{"data":"Kuuga_GouramAttack","floor":32,"key":"SMITH"}],"circlet_count":0,"master_deck":["Decade_Attack+1","KamenRide+1","Decade_SpecialSkill+1","Decade_Defend","BeautyBeast","AutoVajin+1","RideBooker_Skill_3+1","DecadeViolentEmotion+1","Kabuto_ClockUp+1","Kuuga_GouramAttack+1","DenO_Climax+1","KamenRideFaiz+1","Kabuto_ClockUp+1","FormRideAxel+1","FormRide+1","RideBooker_Skill_2+1","RideBooker_Skill_2+1","Kuuga_GouramAttack","FormRideAxel+1","RideBooker_Skill_2+1","Decade_Illusion+1","Gensokyo:MedicineKit","Kabuto_ClockUp+1","Hibiki_FEVER+1","RideBooker+1","FormRideStorm"],"relics":["Decadriver","TOEIDeficitBill","CogitoBucket","Vajra","ReplayTheSpireMod:Shallot","Omamori","Boot","Old Coin","LetterFromLob","Guide Book","Toxic Egg 2","YidongShenshe:ReiMu","Replay:Bottled Snecko","RuthlessExorcism:ReiMu","Pet Ghost","Replay:Wax Seal","Ancient Tea Set","Tiny House","Gaze_r","MagicBullet_r","HandDrill","Onion Ring","Replay:Accelerometer","AtMidnight","ReplayTheSpireMod:TigerMarble","Replay:WaspNest","Replay:PocketPolymizer","Lizard Tail"],"acts_visited":["Gensokyo:Gensokyo","Gensokyo:Gensokyoest"],"potions_floor_usage":[],"damage_taken":[{"damage":2.0,"enemies":"Gensokyo:3_Fairies","floor":1.0,"turns":4.0},{"damage":0.0,"enemies":"Gensokyo:2_Kodama","floor":2.0,"turns":4.0},{"damage":0.0,"enemies":"Gensokyo:Cirno","floor":7.0,"turns":6.0},{"damage":11.0,"enemies":"Gensokyo:Gryphon","floor":8.0,"turns":5.0},{"damage":0.0,"enemies":"Gensokyo:5_Fairies","floor":10.0,"turns":5.0},{"damage":0.0,"enemies":"Cultist","floor":1.0,"turns":3.0},{"damage":0.0,"enemies":"Small Slimes","floor":3.0,"turns":2.0},{"damage":0.0,"enemies":"3 Sentries","floor":6.0,"turns":4.0},{"damage":0.0,"enemies":"Lagavulin","floor":8.0,"turns":3.0},{"damage":0.0,"enemies":"3 Sentries","floor":10.0,"turns":1.0},{"damage":25.0,"enemies":"Jaw Worm","floor":12.0,"turns":4.0},{"damage":0.0,"enemies":"Gremlin Gang","floor":14.0,"turns":2.0},{"damage":0.0,"enemies":"Hexaghost","floor":16.0,"turns":2.0},{"damage":0.0,"enemies":"Gensokyo:AncientGuardian","floor":18.0,"turns":2.0},{"damage":0.0,"enemies":"Gensokyo:AncientGuardian","floor":19.0,"turns":2.0},{"damage":0.0,"enemies":"Gensokyo:3_Bats","floor":20.0,"turns":3.0},{"damage":0.0,"enemies":"Gensokyo:Doremy","floor":23.0,"turns":2.0},{"damage":0.0,"enemies":"Gensokyo:3_Boulders","floor":25.0,"turns":4.0},{"damage":0,"enemies":"Gensokyo:Marisa","floor":29,"turns":1},{"damage":8,"enemies":"Gensokyo:AtlasGolem","floor":30,"turns":1},{"damage":0,"enemies":"Gensokyo:Doremy","floor":31,"turns":4},{"damage":0,"enemies":"Gensokyo:Yuyuko","floor":33,"turns":5}],"seed_played":"5273913254727402767","potions_obtained":[{"floor":7.0,"key":"Adrenaline Potion"},{"floor":8.0,"key":"SpeedPotion"},{"floor":10.0,"key":"Venom Potion"},{"floor":20.0,"key":"LifebloodPotion"},{"floor":25.0,"key":"SpeedPotion"}],"is_trial":false,"path_per_floor":["M","M","?","?","COS","R","E","M","T","M","$","R","T","E","M","$","M","?","$","E","R","E","T","E","?","M","?","M","R","B",null,"M","M","M","COS","?","E","T","M","T","$","?","E","M","E","R","B",null],"character_chosen":"Decade","items_purchased":["Omamori","UnarmedAttack3","Guide Book","Toxic Egg 2","Replay:Bottled Snecko"],"campfire_rested":0,"item_purchase_floors":[11,11,2,2,5],"current_hp_per_floor":[70,70,70,42,42,42,42,51,51,51,51,51,51,70,70,70,70,70,70,70,70,70,70,70,48,48,48,48,53,75,75,75,75,75,75,75,75,75,75,75,75,75,67,67,67,67],"gold":296,"neow_bonus":"","is_daily":false,"chose_seed":false,"campfire_upgraded":5,"win_rate":0.0,"timestamp":1610375593,"path_taken":["M","M","?","?","COS","R","E","M","T","?","$","R","?","E","M","$","M","?","$","E","R","E","T","E","?","?","?","M","R","BOSS","M","M","M","COS","?","E","?","M","T","?","?","E","M","E","R","BOSS"],"items_purchased_type":["Relic","Card","Relic","Relic","Relic"],"build_version":"2020-12-22","purchased_purges":2,"victory":true,"max_hp_per_floor":[70,70,70,70,70,70,70,70,70,70,70,70,70,70,70,70,70,70,70,70,70,70,70,70,70,70,70,70,70,75,75,75,75,75,75,75,75,75,75,75,75,75,75,75,75,75],"card_choices":[{"not_picked":["OldLady","Variant"],"picked":"BeautyBeast","floor":1.0},{"not_picked":["Decade_Invisible","Kiva_Bats"],"picked":"AutoVajin","floor":1.0},{"not_picked":["RideBooker","UnarmedAttack5"],"picked":"RideBooker_Skill_3","floor":3.0},{"not_picked":["DenO_Sword+1","FormRideDragon+1"],"picked":"DecadeViolentEmotion+1","floor":6.0},{"not_picked":["Kuuga_Rising+1","UnarmedAttack6"],"picked":"Kabuto_ClockUp+1","floor":8.0},{"not_picked":["RideBooker_Skill_1+1","FormRideJack+1"],"picked":"Kuuga_GouramAttack","floor":8.0},{"not_picked":["RideBooker_Skill_1+1","Hibiki_Attack3"],"picked":"DenO_Climax","floor":12.0},{"not_picked":["DecadeViolentEmotion+1","Kiva_Swallow"],"picked":"FormRideAxel+1","floor":16.0},{"not_picked":["Hibiki_Attack1","Kiva_Bats"],"picked":"FormRide+1","floor":17.0},{"not_picked":["UnarmedAttack5","FormRideGaruru+1"],"picked":"RideBooker_Skill_2+1","floor":19.0},{"not_picked":["DenO_Rod+1","FormRidePegasus+1"],"picked":"RideBooker_Skill_2+1","floor":20.0},{"not_picked":["FormRideDragon+1","KamenRideKiva"],"picked":"Kuuga_GouramAttack","floor":20.0},{"not_picked":["FormRideAxel+1","PrometheusPower+1"],"picked":"RideBooker_Skill_2+1","floor":23.0},{"not_picked":["FormRideTitan+1","DenO_Rod+1"],"picked":"Decade_Illusion+1","floor":23.0},{"not_picked":["FormRideAxel","UnarmedAttack9"],"picked":"Kabuto_ClockUp","floor":29},{"not_picked":["KamenRideKiva","UnarmedAttack3"],"picked":"Hibiki_FEVER+1","floor":29},{"not_picked":["Decade_Defend3+1","FormRideDogga+1"],"picked":"RideBooker+1","floor":30}],"player_experience":163400,"relics_obtained":[{"floor":1.0,"key":"LetterFromLob"},{"floor":7.0,"key":"Vajra"},{"floor":9.0,"key":"ReplayTheSpireMod:Shallot"},{"floor":13.0,"key":"Boot"},{"floor":1.0,"key":"LetterFromLob"},{"floor":6.0,"key":"RuthlessExorcism:ReiMu"},{"floor":8.0,"key":"Pet Ghost"},{"floor":9.0,"key":"Replay:Wax Seal"},{"floor":10.0,"key":"Ancient Tea Set"},{"floor":23.0,"key":"Onion Ring"},{"floor":24.0,"key":"Replay:Accelerometer"},{"floor":25.0,"key":"AtMidnight"},{"floor":26.0,"key":"ReplayTheSpireMod:TigerMarble"},{"floor":29,"key":"Replay:WaspNest"},{"floor":31,"key":"Lizard Tail"}],"event_choices":[{"damage_healed":0.0,"max_hp_gain":0.0,"max_hp_loss":0.0,"gold_gain":0.0,"event_name":"yidonshenshe","player_choice":"带走神社","floor":4.0,"gold_loss":0.0,"damage_taken":0.0,"relics_obtained":["YidongShenshe:ReiMu"],"cards_obtained":["Poor:ReiMu"]},{"damage_healed":0.0,"max_hp_gain":0.0,"max_hp_loss":0.0,"gold_gain":0.0,"event_name":"The Woman in Blue","player_choice":"Bought 0 Potions","floor":11.0,"gold_loss":0.0,"damage_taken":0.0},{"damage_healed":0.0,"max_hp_gain":0.0,"max_hp_loss":0.0,"gold_gain":0.0,"event_name":"Match and Keep!","player_choice":"3 cards matched","floor":13.0,"gold_loss":0.0,"damage_taken":0.0,"cards_obtained":["KamenRideDecade","KamenRideFaiz","Kabuto_ClockUp"]},{"damage_healed":0.0,"max_hp_gain":0.0,"max_hp_loss":0.0,"gold_gain":0.0,"event_name":"Match and Keep!","player_choice":"3 cards matched","floor":13.0,"gold_loss":0.0,"damage_taken":0.0,"cards_obtained":["KamenRideDecade","KamenRideFaiz","Kabuto_ClockUp"]}],"is_beta":false,"boss_relics":[{"not_picked":["Fusion Hammer","Empty Cage"],"picked":"Tiny House"}],"items_purged_floors":[11,27],"is_endless":false,"potions_floor_spawned":[7,8,10,1,10,14,16,20,25,30],"ascension_level":1}}