{"host":"dl7h25vjpuplx29g","time":1610382481,"event":{"mods":["BaseMod","Colored Map","Minty Spire (QoL Compilation)"],"gold_per_floor":[112,125,125,140,160,160,193,193,240,252,291,331,367,399,411,495,507,534,559,571,161,171,171,204,294,294,309,236,236,236,271,271,343,343,360,207,217,44,61,86,86,119,119,147,5,17,17,45,45,45,45,45,1,33,33],"floor_reached":56,"playtime":4741,"items_purged":["Strike_R","Strike_R","Strike_R"],"score":2255,"play_id":"09e9ee3d-b9e6-4d97-9dfd-a02949cd775f","local_time":"20210112012801","is_ascension_mode":true,"campfire_choices":[{"data":"Carnage","floor":6.0,"key":"SMITH"},{"data":"Bash","floor":8.0,"key":"SMITH"},{"data":"Cleave","floor":10.0,"key":"SMITH"},{"data":"Havoc","floor":15.0,"key":"SMITH"},{"data":"Power Through","floor":23.0,"key":"SMITH"},{"floor":29.0,"key":"RECALL"},{"data":"Iron Wave","floor":32.0,"key":"SMITH"},{"data":"Power Through","floor":41.0,"key":"SMITH"},{"data":"Shockwave","floor":49.0,"key":"SMITH"},{"data":"Warcry","floor":52.0,"key":"SMITH"}],"circlet_count":0,"master_deck":["AscendersBane","Strike_R","Strike_R","Defend_R","Defend_R","Defend_R","Defend_R","Bash+1","Carnage+1","Iron Wave+1","Reaper","Havoc+1","Pommel Strike","Cleave+1","Dark Embrace","Power Through+1","Barricade","Body Slam","Entrench","Offering","Power Through+1","Warcry+1","Entrench","True Grit+1","Shockwave+1","Juggernaut","Burning Pact+1"],"relics":["Burning Blood","Bag of Marbles","Sundial","MawBank","Juzu Bracelet","Odd Mushroom","Pen Nib","Snecko Eye","Question Card","Dream Catcher","Singing Bowl","Paper Frog","Ancient Tea Set","Coffee Dripper","OrangePellets","Toy Ornithopter","Blue Candle","The Courier","Centennial Puzzle","Strawberry","Lantern"],"acts_visited":["Exordium","TheCity","TheBeyond","TheEnding"],"potions_floor_usage":[],"damage_taken":[{"damage":0.0,"enemies":"2 Louse","floor":1.0,"turns":3.0},{"damage":0.0,"enemies":"Cultist","floor":2.0,"turns":3.0},{"damage":12.0,"enemies":"Jaw Worm","floor":4.0,"turns":2.0},{"damage":8.0,"enemies":"Blue Slaver","floor":5.0,"turns":3.0},{"damage":8.0,"enemies":"Gremlin Nob","floor":7.0,"turns":3.0},{"damage":20.0,"enemies":"3 Sentries","floor":11.0,"turns":8.0},{"damage":12.0,"enemies":"The Mushroom Lair","floor":12.0,"turns":4.0},{"damage":21.0,"enemies":"Exordium Thugs","floor":14.0,"turns":5.0},{"damage":31.0,"enemies":"The Guardian","floor":16.0,"turns":8.0},{"damage":7.0,"enemies":"Chosen","floor":18.0,"turns":3.0},{"damage":17.0,"enemies":"2 Thieves","floor":19.0,"turns":3.0},{"damage":29.0,"enemies":"Snake Plant","floor":22.0,"turns":6.0},{"damage":30.0,"enemies":"Book of Stabbing","floor":24.0,"turns":3.0},{"damage":2.0,"enemies":"Centurion and Healer","floor":27.0,"turns":6.0},{"damage":24.0,"enemies":"Slavers","floor":31.0,"turns":3.0},{"damage":10.0,"enemies":"Champ","floor":33.0,"turns":11.0},{"damage":26.0,"enemies":"3 Darklings","floor":35.0,"turns":8.0},{"damage":9.0,"enemies":"3 Shapes","floor":37.0,"turns":6.0},{"damage":6.0,"enemies":"3 Darklings","floor":39.0,"turns":7.0},{"damage":6.0,"enemies":"Giant Head","floor":40.0,"turns":6.0},{"damage":83.0,"enemies":"Reptomancer","floor":42.0,"turns":11.0},{"damage":6.0,"enemies":"Nemesis","floor":44.0,"turns":3.0},{"damage":6.0,"enemies":"Maw","floor":46.0,"turns":7.0},{"damage":6.0,"enemies":"Reptomancer","floor":48.0,"turns":6.0},{"damage":68.0,"enemies":"Time Eater","floor":50.0,"turns":18.0},{"damage":64.0,"enemies":"Shield and Spear","floor":54.0,"turns":9.0},{"damage":29,"enemies":"The Heart","floor":55,"turns":11}],"seed_played":"1514976795466985011","potions_obtained":[{"floor":1.0,"key":"Weak Potion"},{"floor":5.0,"key":"SkillPotion"},{"floor":7.0,"key":"Block Potion"},{"floor":12.0,"key":"CultistPotion"},{"floor":14.0,"key":"DuplicationPotion"},{"floor":24.0,"key":"Ancient Potion"},{"floor":27.0,"key":"BloodPotion"},{"floor":30.0,"key":"Fruit Juice"},{"floor":30.0,"key":"DistilledChaos"},{"floor":31.0,"key":"PowerPotion"},{"floor":35.0,"key":"PowerPotion"},{"floor":40.0,"key":"Block Potion"},{"floor":42.0,"key":"BlessingOfTheForge"}],"is_trial":false,"path_per_floor":["M","M","?","M","M","R","E","R","T","R","E","?","T","M","R","B",null,"M","M","?","$","M","R","E","?","T","M","?","R","?","E","R","B",null,"M","$","M","$","M","E","R","E","T","E","$","M","T","E","R","B",null,"R","$","E","B",null],"character_chosen":"IRONCLAD","items_purchased":["Entrench","Question Card","Warcry","OrangePellets","Energy Potion","SpeedPotion"],"campfire_rested":0,"item_purchase_floors":[21,21,36,38,45,53],"current_hp_per_floor":[74,75,75,69,67,67,65,65,65,65,51,45,45,30,30,11,59,64,57,75,75,56,56,32,20,20,36,36,36,56,61,61,63,79,63,63,70,70,80,88,88,52,52,59,59,65,65,93,93,36,82,82,82,37,21],"gold":33,"neow_bonus":"RANDOM_COMMON_RELIC","is_daily":false,"chose_seed":false,"campfire_upgraded":9,"win_rate":0.0,"timestamp":1610382481,"path_taken":["M","M","?","M","?","R","E","R","T","R","E","?","?","M","R","BOSS","M","M","?","?","M","R","E","?","T","M","?","R","?","E","R","BOSS","M","?","M","$","M","E","R","E","T","E","$","M","?","E","R","BOSS","R","$","E","BOSS"],"items_purchased_type":["Card","Relic","Card","Relic","Potion","Potion"],"build_version":"2020-12-22","purchased_purges":3,"victory":true,"max_hp_per_floor":[75,75,75,75,75,75,75,75,75,75,75,75,75,75,75,75,75,75,75,75,75,75,75,75,75,75,77,77,77,82,84,84,84,84,84,84,86,86,88,88,88,88,88,88,88,90,90,97,97,97,97,97,97,97,97],"card_choices":[{"not_picked":["Havoc","Clothesline"],"picked":"Carnage","floor":1.0},{"not_picked":["Blood for Blood","Warcry"],"picked":"Iron Wave","floor":2.0},{"not_picked":["Carnage","Iron Wave"],"picked":"Havoc","floor":4.0},{"not_picked":["Flex","Iron Wave"],"picked":"Pommel Strike","floor":5.0},{"not_picked":["Iron Wave","Brutality"],"picked":"Cleave","floor":7.0},{"not_picked":["True Grit","Perfected Strike","Havoc"],"picked":"SKIP","floor":11.0},{"not_picked":["Inflame","Dual Wield"],"picked":"Dark Embrace","floor":12.0},{"not_picked":["Body Slam","Pommel Strike"],"picked":"Power Through","floor":14.0},{"not_picked":["Immolate","Reaper"],"picked":"Barricade","floor":16.0},{"not_picked":["Perfected Strike","Iron Wave+1","Carnage"],"picked":"SKIP","floor":18.0},{"not_picked":["Perfected Strike","Inflame"],"picked":"Body Slam","floor":19.0},{"not_picked":["Rage","Dark Embrace+1","Dual Wield+1","Armaments"],"picked":"SKIP","floor":22.0},{"not_picked":["Blood for Blood","Twin Strike","Flex","Inflame"],"picked":"SKIP","floor":24.0},{"not_picked":["Twin Strike","Barricade","Combust","Blood for Blood"],"picked":"Singing Bowl","floor":27.0},{"not_picked":["Carnage+1","Whirlwind","Pommel Strike","Hemokinesis"],"picked":"Singing Bowl","floor":31.0},{"not_picked":["Double Tap","Impervious","Bludgeon"],"picked":"Offering","floor":33.0},{"not_picked":["Entrench","Dark Embrace","Cleave"],"picked":"Power Through","floor":35.0},{"not_picked":["Heavy Blade+1","Headbutt","Rage","Thunderclap"],"picked":"Singing Bowl","floor":37.0},{"not_picked":["Anger","Wild Strike","Cleave+1","Body Slam"],"picked":"Singing Bowl","floor":39.0},{"not_picked":["Twin Strike","Intimidate","Sever Soul"],"picked":"Entrench","floor":40.0},{"not_picked":["Twin Strike+1","Bludgeon","Thunderclap"],"picked":"True Grit+1","floor":42.0},{"not_picked":["Sentinel+1","Bloodletting","Blood for Blood"],"picked":"Shockwave","floor":44.0},{"not_picked":["Thunderclap+1","Searing Blow","Combust+1","Headbutt+1"],"picked":"Singing Bowl","floor":46.0},{"not_picked":["Headbutt+1","Flame Barrier","Spot Weakness"],"picked":"Juggernaut","floor":48.0},{"not_picked":["Dark Embrace+1","Clash","Intimidate"],"picked":"Burning Pact+1","floor":54.0}],"player_experience":1614392,"relics_obtained":[{"floor":7.0,"key":"Sundial"},{"floor":9.0,"key":"MawBank"},{"floor":11.0,"key":"Juzu Bracelet"},{"floor":12.0,"key":"Odd Mushroom"},{"floor":13.0,"key":"Pen Nib"},{"floor":24.0,"key":"Dream Catcher"},{"floor":26.0,"key":"Singing Bowl"},{"floor":31.0,"key":"Ancient Tea Set"},{"floor":40.0,"key":"Toy Ornithopter"},{"floor":42.0,"key":"Blue Candle"},{"floor":44.0,"key":"The Courier"},{"floor":47.0,"key":"Centennial Puzzle"},{"floor":48.0,"key":"Strawberry"},{"floor":54.0,"key":"Lantern"}],"event_choices":[{"damage_healed":0.0,"max_hp_gain":0.0,"max_hp_loss":0.0,"gold_gain":0.0,"event_name":"Match and Keep!","player_choice":"1 cards matched","floor":3.0,"gold_loss":0.0,"damage_taken":0.0,"cards_obtained":["Reaper"]},{"damage_healed":0.0,"max_hp_gain":0.0,"max_hp_loss":0.0,"gold_gain":0.0,"event_name":"Mushrooms","player_choice":"Fought Mushrooms","floor":12.0,"gold_loss":0.0,"damage_taken":0.0},{"damage_healed":18.0,"max_hp_gain":0.0,"max_hp_loss":0.0,"gold_gain":0.0,"event_name":"Wheel of Change","player_choice":"Full Heal","floor":20.0,"gold_loss":0.0,"damage_taken":0.0},{"damage_healed":0.0,"max_hp_gain":0.0,"max_hp_loss":0.0,"gold_gain":90.0,"event_name":"Knowing Skull","player_choice":"GOLD ","floor":25.0,"potions_obtained":[],"gold_loss":0.0,"damage_taken":12.0,"cards_obtained":[]},{"damage_healed":0.0,"max_hp_gain":0.0,"max_hp_loss":0.0,"gold_gain":0.0,"event_name":"WeMeetAgain","player_choice":"Paid Gold","floor":28.0,"gold_loss":73.0,"damage_taken":0.0,"relics_obtained":["Paper Frog"]},{"damage_healed":0.0,"max_hp_gain":0.0,"max_hp_loss":0.0,"gold_gain":0.0,"event_name":"Lab","player_choice":"Got Potions","floor":30.0,"gold_loss":0.0,"damage_taken":0.0}],"is_beta":false,"boss_relics":[{"not_picked":["Philosopher\u0027s Stone","Astrolabe"],"picked":"Snecko Eye"},{"not_picked":["Fusion Hammer","Empty Cage"],"picked":"Coffee Dripper"}],"items_purged_floors":[21,36,45],"is_endless":false,"potions_floor_spawned":[1,5,7,12,14,16,19,24,27,31,35,40,42,48],"ascension_level":16}}