{"host":"2ulm0pyp8jok7fk5","time":1610364482,"event":{"mods":["Act Like it!","Arknights The Spire","BaseMod","Decade(王小明)","Gensokyo","Hallownest","KinomotoSakuraMod(木之本樱)","Koishi","Marisa（F雨　魔理沙）","Minty Spire (QoL Compilation)","Reimu（博丽灵梦）","Remilia（蕾米莉亚）","Replay The Spire","Shop Mod","Spicy Shops","StSLib","The Animator","The Bug Knight","The Hierophant","The Servant 0.9.4","Waifu the Spire","WarShipGirlsR/战舰少女R mod","Youmu（魂魄妖梦）","Yuyuko"],"gold_per_floor":[113,41,55,71,88,88,88,88,107,32,32,32,32,32,32,48,48,113,113,115,115,133,33,52,52,52],"floor_reached":25,"playtime":1214,"items_purged":["hierophant:Strike_Hierophant","hierophant:Strike_Hierophant"],"score":201,"play_id":"2d2c9f4d-394d-46d3-8cb9-b3fd54f10333","local_time":"20210111192802","is_ascension_mode":false,"campfire_choices":[{"floor":8,"key":"REST"},{"data":"hierophant:ArchangelShield","floor":12,"key":"SMITH"},{"floor":14,"key":"RECALL"},{"data":"hierophant:Punish","floor":17,"key":"SMITH"}],"circlet_count":0,"master_deck":["hierophant:Strike_Hierophant","hierophant:Strike_Hierophant","hierophant:Punish+1","hierophant:Defend_Hierophant","hierophant:Defend_Hierophant","hierophant:Defend_Hierophant","hierophant:ChurchCoffers","hierophant:Smite","hierophant:Smite","hierophant:Endure","hierophant:Smite","hierophant:Endure","hierophant:Anathema","hierophant:HammerAndAnvil+1","hierophant:Upheaval+1","hierophant:Chorus+1","hierophant:RepressedViolence","hierophant:Doomsaying+1"],"relics":["hierophant:PropheticMaskRelic","NeowsBlessing","Strawberry","Eternal Feather","Astrolabe"],"acts_visited":["Hallownest:Greenpath","TheCity"],"potions_floor_usage":[],"damage_taken":[{"damage":3,"enemies":"Hallownest:2_Tiktiks_and_1_Crawlid","floor":1,"turns":1},{"damage":0,"enemies":"Hallownest:monsterHuskWarrior","floor":3,"turns":1},{"damage":0,"enemies":"Hallownest:2_MossCreeps","floor":4,"turns":1},{"damage":38,"enemies":"Hallownest:eliteMossKnight","floor":5,"turns":7},{"damage":15,"enemies":"Hallownest:1_Ooma_and_2_Uuma","floor":9,"turns":6},{"damage":5,"enemies":"Hallownest:2_Tiktiks_1_Baldur_1_Crawlid","floor":16,"turns":2},{"damage":27,"enemies":"Hallownest:BossFalseKnight","floor":18,"turns":10},{"damage":14,"enemies":"Chosen","floor":20,"turns":6},{"damage":0,"enemies":"Spheric Guardian","floor":22,"turns":1},{"damage":37,"enemies":"Snecko","floor":24,"turns":6},{"damage":42,"enemies":"Slavers","floor":25,"turns":3}],"seed_played":"-7383931146777887983","potions_obtained":[{"floor":9,"key":"ColorlessPotion"},{"floor":18,"key":"GrandPatriotsElixir:ReiMu"}],"is_trial":false,"path_per_floor":["M","$","M","M","?","PTL","PTL","R","M","$","T","R","?","R","$","M","R","B",null,"M","?","M","$","M","E"],"character_chosen":"HIEROPHANT","items_purchased":["hierophant:ArchangelShield"],"campfire_rested":1,"item_purchase_floors":[2],"current_hp_per_floor":[72,72,72,72,41,41,41,65,50,50,50,59,59,68,68,63,72,45,82,68,68,68,68,31,0,0],"gold":52,"neow_bonus":"THREE_ENEMY_KILL","is_daily":false,"chose_seed":false,"campfire_upgraded":2,"win_rate":0.0,"timestamp":1610364482,"path_taken":["M","?","M","?","?","PTL","PTL","R","M","$","T","R","?","R","?","M","R","BOSS","M","?","M","$","M","E"],"items_purchased_type":["Card"],"build_version":"2020-12-22","purchased_purges":2,"victory":false,"max_hp_per_floor":[75,75,75,75,82,82,82,82,82,82,82,82,82,82,82,82,82,82,82,82,82,82,82,82,82,82],"card_choices":[{"not_picked":["hierophant:Refuge","hierophant:Flagellation"],"picked":"hierophant:Smite","floor":1},{"not_picked":["hierophant:Shelter","hierophant:OrnateBuckler"],"picked":"hierophant:Smite","floor":3},{"not_picked":["hierophant:CoinFling","hierophant:Purify"],"picked":"hierophant:Endure","floor":4},{"not_picked":["hierophant:MintersHammer","hierophant:Rebuild"],"picked":"hierophant:Smite","floor":5},{"not_picked":["hierophant:Zeal","hierophant:OrnateBuckler"],"picked":"hierophant:HammerAndAnvil","floor":9},{"not_picked":["hierophant:DisplayOfPower","hierophant:Empathy"],"picked":"hierophant:Endure","floor":16},{"not_picked":["hierophant:Levitation","hierophant:Determination"],"picked":"hierophant:Anathema","floor":18},{"not_picked":["hierophant:PassingBell","hierophant:Doubloon"],"picked":"hierophant:RepressedViolence","floor":20},{"not_picked":["hierophant:FlamingChariot+1","hierophant:SecretStash"],"picked":"hierophant:Doomsaying+1","floor":22},{"not_picked":["hierophant:AuricBeam","hierophant:Martyrdom","hierophant:FieryStrike"],"picked":"SKIP","floor":24}],"player_experience":68214,"relics_obtained":[{"floor":5,"key":"Strawberry"},{"floor":11,"key":"Eternal Feather"}],"event_choices":[{"damage_healed":0,"gold_gain":0,"player_choice":"Ignored","damage_taken":0,"max_hp_gain":0,"max_hp_loss":0,"event_name":"Ghosts","floor":21,"gold_loss":0}],"is_beta":false,"boss_relics":[{"not_picked":["Empty Cage","SlaversCollar"],"picked":"Astrolabe"}],"items_purged_floors":[10,23],"is_endless":false,"potions_floor_spawned":[9,18],"killed_by":"Slavers","ascension_level":0}}