{"host":"tgr1xoidyjfo4u0n","time":1610408711,"event":{"mods":["Act Like it!","Alarm Clock","BaseMod","CapriCore","Colored Powertips","GifTheSpireLib","Highlight Path","Minty Spire (QoL Compilation)","StSLib"],"gold_per_floor":[360,360,385,399,418,418,418,432,432,305,323,323,367,367,367,367,367],"floor_reached":16,"playtime":441,"items_purged":["Strike_B"],"score":107,"play_id":"0049acd1-fcfa-4b6e-98df-d4eb9187554c","local_time":"20210112074511","is_ascension_mode":true,"campfire_choices":[{"data":"Zap","floor":6,"key":"SMITH"},{"data":"Dualcast","floor":12,"key":"SMITH"},{"floor":15,"key":"REST"}],"circlet_count":0,"master_deck":["Strike_B","Strike_B","Defend_B","Defend_B","Defend_B","Defend_B","Zap+1","Dualcast+1","Double Energy","Leap","Heatsinks+1","Auto Shields"],"relics":["Cracked Core","Golden Idol","InkBottle","Darkstone Periapt"],"acts_visited":["Exordium"],"potions_floor_usage":[13],"damage_taken":[{"damage":1,"enemies":"Cultist","floor":1,"turns":3},{"damage":0,"enemies":"Small Slimes","floor":3,"turns":2},{"damage":2,"enemies":"2 Louse","floor":4,"turns":2},{"damage":2,"enemies":"Blue Slaver","floor":5,"turns":3},{"damage":12,"enemies":"3 Louse","floor":8,"turns":5},{"damage":4,"enemies":"Exordium Wildlife","floor":11,"turns":6},{"damage":8,"enemies":"3 Sentries","floor":13,"turns":8},{"damage":0,"enemies":"Hexaghost","floor":16,"turns":1}],"seed_played":"4357791024218473366","potions_obtained":[{"floor":1,"key":"Energy Potion"},{"floor":8,"key":"Ancient Potion"}],"is_trial":false,"path_per_floor":["M","?","M","M","M","R","?","M","T","$","M","R","E","?","R","B"],"character_chosen":"DEFECT","items_purchased":["Fire Potion"],"campfire_rested":1,"item_purchase_floors":[10],"current_hp_per_floor":[53,53,53,51,49,49,49,37,37,37,33,33,25,25,45,45,45],"gold":367,"neow_bonus":"TWO_FIFTY_GOLD","is_daily":false,"chose_seed":false,"campfire_upgraded":2,"win_rate":0.0,"timestamp":1610408711,"path_taken":["M","?","M","M","M","R","?","M","T","$","?","R","E","?","R","BOSS"],"items_purchased_type":["Potion"],"build_version":"2020-12-22","purchased_purges":1,"victory":false,"max_hp_per_floor":[75,69,69,69,69,69,69,69,69,69,69,69,69,69,69,69,69],"card_choices":[{"not_picked":["Consume","Beam Cell","Sweeping Beam"],"picked":"SKIP","floor":1},{"not_picked":["Coolheaded","Go for the Eyes"],"picked":"Double Energy","floor":3},{"not_picked":["Gash","Stack","Conserve Battery"],"picked":"SKIP","floor":4},{"not_picked":["Beam Cell","Heatsinks"],"picked":"Leap","floor":5},{"not_picked":["Coolheaded","Cold Snap","Stack"],"picked":"SKIP","floor":8},{"not_picked":["Compile Driver","Scrape","Reinforced Body"],"picked":"SKIP","floor":11},{"not_picked":["Static Discharge","Rebound"],"picked":"Auto Shields","floor":13}],"player_experience":357366,"relics_obtained":[{"floor":9,"key":"InkBottle"},{"floor":13,"key":"Darkstone Periapt"}],"event_choices":[{"damage_healed":0,"gold_gain":0,"player_choice":"Lose Max HP","damage_taken":0,"relics_obtained":["Golden Idol"],"max_hp_gain":0,"max_hp_loss":6,"event_name":"Golden Idol","floor":2,"gold_loss":0},{"damage_healed":0,"gold_gain":0,"cards_transformed":["Strike_B"],"player_choice":"Transformed","damage_taken":0,"max_hp_gain":0,"max_hp_loss":0,"event_name":"Transmorgrifier","floor":7,"gold_loss":0,"cards_obtained":["Heatsinks"]},{"damage_healed":0,"gold_gain":0,"player_choice":"Forge","damage_taken":0,"max_hp_gain":0,"max_hp_loss":0,"event_name":"Accursed Blacksmith","floor":14,"gold_loss":0,"cards_upgraded":["Heatsinks"]}],"is_beta":false,"boss_relics":[],"items_purged_floors":[10],"is_endless":false,"potions_floor_spawned":[1,8],"killed_by":"Hexaghost","ascension_level":1}}