{"host":"qy1e0kd24tpj3i2m","time":1610394553,"event":{"mods":["Act Like it!","Alarm Clock","BaseMod","Better Skull","Better Vampires","Colored Map","Colored Powertips","Custom Start","Faster Ascension Climbing","Friendly Minions","GifTheSpireLib","Gremlin Skip","Highlight Path","Minty Spire (QoL Compilation)","Permanent Neow","Quick Restart","Red Circlet Mod","Relic Sorter","Reorder Act Four","SacredBarkPlus","Shop Mod","StSLib","SuperFastMode","Transform Curses","没有小屋子和绿帽子啦"],"gold_per_floor":[217,8,8,49,14,14,14,14,14,14,55,103,202,252,252,400,400,413,338,338,338,401,401,426,426],"floor_reached":24,"playtime":625,"items_purged":[],"score":372,"play_id":"d802b48d-9e38-495f-88af-5d37bb070b94","local_time":"20210112044913","is_ascension_mode":true,"campfire_choices":[{"data":"HandOfGreed","floor":6.0,"key":"SMITH"},{"data":"Rage","floor":8.0,"key":"SMITH"},{"data":"Metallicize","floor":10.0,"key":"SMITH"},{"data":"Dark Embrace","floor":15.0,"key":"SMITH"},{"data":"Burning Pact","floor":23.0,"key":"SMITH"}],"circlet_count":0,"master_deck":["AscendersBane","Strike_R","Strike_R","Strike_R","Defend_R","Defend_R","Defend_R","Metallicize+1","HandOfGreed+1","Rage+1","Headbutt","Double Tap","Dark Embrace+1","Juggernaut+1","Twin Strike+1","Feel No Pain+1","Disarm+1","Burning Pact+1"],"relics":["Burning Blood","Golden Idol","Pantograph","Astrolabe"],"acts_visited":["Exordium","TheCity"],"potions_floor_usage":[24],"damage_taken":[{"damage":7.0,"enemies":"2 Louse","floor":1.0,"turns":4.0},{"damage":4.0,"enemies":"Jaw Worm","floor":4.0,"turns":4.0},{"damage":0.0,"enemies":"Cultist","floor":11.0,"turns":2.0},{"damage":3.0,"enemies":"Blue Slaver","floor":12.0,"turns":3.0},{"damage":14.0,"enemies":"3 Louse","floor":13.0,"turns":7.0},{"damage":12.0,"enemies":"Red Slaver","floor":14.0,"turns":6.0},{"damage":56.0,"enemies":"Slime Boss","floor":16.0,"turns":12.0},{"damage":17.0,"enemies":"Spheric Guardian","floor":18.0,"turns":5.0},{"damage":19.0,"enemies":"3 Byrds","floor":22.0,"turns":7.0},{"damage":31,"enemies":"Slavers","floor":24,"turns":3}],"seed_played":"-6090774996907604556","potions_obtained":[{"floor":12.0,"key":"SpeedPotion"},{"floor":13.0,"key":"Explosive Potion"},{"floor":18.0,"key":"SpeedPotion"},{"floor":22.0,"key":"ColorlessPotion"}],"is_trial":false,"path_per_floor":["M","$","?","M","?","R","$","R","T","R","M","M","M","M","R","B",null,"M","?","?","?","M","R","E"],"character_chosen":"IRONCLAD","items_purchased":["HandOfGreed"],"campfire_rested":0,"item_purchase_floors":[2],"current_hp_per_floor":[67,67,41,43,61,61,61,61,61,61,67,70,62,56,56,25,63,52,52,52,52,39,39,8,8],"gold":426,"neow_bonus":"HUNDRED_GOLD","is_daily":false,"chose_seed":false,"campfire_upgraded":5,"win_rate":0.0,"timestamp":1610394553,"path_taken":["M","$","?","M","?","R","?","R","T","R","M","M","M","?","R","BOSS","M","?","?","?","M","R","E"],"items_purchased_type":["Card"],"build_version":"2020-12-22","purchased_purges":0,"victory":false,"max_hp_per_floor":[75,75,75,75,75,75,75,75,75,75,75,75,75,75,75,75,75,75,75,75,75,75,75,75,75],"card_choices":[{"not_picked":["Havoc","Heavy Blade"],"picked":"Metallicize","floor":1.0},{"not_picked":["Sword Boomerang","Ghostly Armor"],"picked":"Rage","floor":4.0},{"not_picked":["Cleave","Sword Boomerang"],"picked":"Headbutt","floor":11.0},{"not_picked":["Warcry","Havoc","Twin Strike"],"picked":"SKIP","floor":12.0},{"not_picked":["Anger","Disarm"],"picked":"Double Tap","floor":13.0},{"not_picked":["Warcry","Shrug It Off"],"picked":"Dark Embrace","floor":14.0},{"not_picked":["Exhume","Berserk"],"picked":"Juggernaut","floor":16.0},{"not_picked":["Armaments","Metallicize","Wild Strike"],"picked":"SKIP","floor":18.0},{"not_picked":["Dark Embrace","Armaments"],"picked":"Burning Pact","floor":22.0}],"player_experience":895395,"relics_obtained":[{"floor":9.0,"key":"Pantograph"}],"event_choices":[{"damage_healed":0.0,"max_hp_gain":0.0,"max_hp_loss":0.0,"gold_gain":0.0,"event_name":"Golden Idol","player_choice":"Take Damage","floor":3.0,"gold_loss":0.0,"damage_taken":26.0,"relics_obtained":["Golden Idol"]},{"damage_healed":18.0,"max_hp_gain":0.0,"max_hp_loss":0.0,"gold_gain":0.0,"event_name":"The Cleric","player_choice":"Healed","floor":5.0,"gold_loss":35.0,"damage_taken":0.0},{"cards_removed":["Strike_R"],"damage_healed":0.0,"max_hp_gain":0.0,"max_hp_loss":0.0,"gold_gain":0.0,"event_name":"Beggar","player_choice":"Gave Gold","floor":19.0,"gold_loss":75.0,"damage_taken":0.0},{"damage_healed":0.0,"max_hp_gain":0.0,"max_hp_loss":0.0,"gold_gain":0.0,"event_name":"Vampires","player_choice":"Ignored","floor":20.0,"gold_loss":0.0,"damage_taken":0.0},{"damage_healed":0.0,"max_hp_gain":0.0,"max_hp_loss":0.0,"gold_gain":0.0,"event_name":"Upgrade Shrine","player_choice":"Upgraded","floor":21.0,"gold_loss":0.0,"damage_taken":0.0,"cards_upgraded":["Juggernaut"]}],"is_beta":false,"boss_relics":[{"not_picked":["Cursed Key","Velvet Choker"],"picked":"Astrolabe"}],"items_purged_floors":[],"is_endless":false,"potions_floor_spawned":[12,13,18,22],"killed_by":"Slavers","ascension_level":20}}