{"host":"91blwi3hgehj6ch9","time":1610332011,"event":{"mods":["2.2 Compatiblity","AchievementEnabler","BaseMod","Colored Map","DeckTracker","Keyboard Shortcuts","Minty Spire (QoL Compilation)","Permanent Neow","Quick Restart","StSLib","SuperFastMode"],"gold_per_floor":[112,187,197,197,210,210,210,210,263,263,274,291,291,310,310,409,409,409,409,409,267,177,177,177,177,177,177,177,177,177,177,177,177,177,177,177,177,127,127,127,127,127,127,127,127,127,127,127,127,127,127,127,77,77,77],"floor_reached":56,"playtime":3511,"items_purged":["Distraction","Unload","Outmaneuver"],"score":2156,"play_id":"6df4f68c-ec3e-4a1f-84b9-c2564a469b8a","local_time":"20210111112651","is_ascension_mode":true,"campfire_choices":[{"data":"Tactician","floor":6.0,"key":"SMITH"},{"data":"Terror","floor":8.0,"key":"SMITH"},{"data":"Reflex","floor":15.0,"key":"SMITH"},{"data":"Concentrate","floor":23.0,"key":"SMITH"},{"data":"Prepared","floor":28.0,"key":"SMITH"},{"data":"Flechettes","floor":32.0,"key":"SMITH"},{"data":"Acrobatics","floor":40,"key":"SMITH"},{"data":"Acrobatics","floor":44,"key":"SMITH"},{"floor":49,"key":"RECALL"},{"data":"Grand Finale","floor":52,"key":"SMITH"}],"circlet_count":0,"master_deck":["AscendersBane","Survivor","Neutralize","Terror+1","Backflip","Calculated Gamble","Sucker Punch","Tactician+1","Dagger Throw","Prepared+1","Reflex+1","Grand Finale+1","Ghostly","Ghostly","Ghostly","Ghostly","Ghostly","Concentrate+1","Acrobatics+1","Acrobatics+1","Tactician+1","Reflex+1","Flechettes+1","Finesse+1","Acrobatics+1","Acrobatics+1"],"relics":["Pandora\u0027s Box","Smiling Mask","Golden Idol","Ectoplasm","Toxic Egg 2","Regal Pillow","Ancient Tea Set","Singing Bowl","Empty Cage","Prayer Wheel","Du-Vu Doll","The Specimen","Akabeko"],"acts_visited":["Exordium","TheCity","TheBeyond","TheEnding"],"potions_floor_usage":[55],"damage_taken":[{"damage":11.0,"enemies":"Jaw Worm","floor":1.0,"turns":3.0},{"damage":1.0,"enemies":"Small Slimes","floor":3.0,"turns":4.0},{"damage":0.0,"enemies":"2 Louse","floor":5.0,"turns":2.0},{"damage":0.0,"enemies":"Exordium Thugs","floor":11.0,"turns":3.0},{"damage":8.0,"enemies":"3 Louse","floor":12.0,"turns":3.0},{"damage":5.0,"enemies":"Exordium Wildlife","floor":14.0,"turns":3.0},{"damage":9.0,"enemies":"Slime Boss","floor":16.0,"turns":7.0},{"damage":3.0,"enemies":"Shell Parasite","floor":18.0,"turns":4.0},{"damage":4.0,"enemies":"2 Thieves","floor":22.0,"turns":5.0},{"damage":3.0,"enemies":"3 Cultists","floor":24.0,"turns":5.0},{"damage":6.0,"enemies":"Gremlin Leader","floor":25.0,"turns":4.0},{"damage":1.0,"enemies":"Book of Stabbing","floor":27.0,"turns":5.0},{"damage":0.0,"enemies":"Slavers","floor":29.0,"turns":4.0},{"damage":3.0,"enemies":"Snecko","floor":30.0,"turns":5.0},{"damage":3.0,"enemies":"Centurion and Healer","floor":31.0,"turns":3.0},{"damage":0.0,"enemies":"Automaton","floor":33.0,"turns":4.0},{"damage":1.0,"enemies":"3 Darklings","floor":35.0,"turns":3.0},{"damage":2.0,"enemies":"2 Orb Walkers","floor":36.0,"turns":4.0},{"damage":0,"enemies":"Mind Bloom Boss Battle","floor":41,"turns":2},{"damage":0,"enemies":"Orb Walker","floor":42,"turns":3},{"damage":0,"enemies":"Spire Growth","floor":45,"turns":2},{"damage":0,"enemies":"Nemesis","floor":46,"turns":1},{"damage":0,"enemies":"Writhing Mass","floor":47,"turns":1},{"damage":1,"enemies":"3 Darklings","floor":48,"turns":2},{"damage":0,"enemies":"Time Eater","floor":50,"turns":4},{"damage":1,"enemies":"Shield and Spear","floor":54,"turns":3},{"damage":30,"enemies":"The Heart","floor":55,"turns":5}],"seed_played":"-7373768233933020319","potions_obtained":[{"floor":3.0,"key":"PowerPotion"},{"floor":11.0,"key":"AttackPotion"},{"floor":22.0,"key":"Poison Potion"},{"floor":25.0,"key":"LiquidBronze"},{"floor":27.0,"key":"ColorlessPotion"},{"floor":30.0,"key":"LiquidBronze"},{"floor":47,"key":"Regen Potion"}],"is_trial":false,"path_per_floor":["M","?","M","?","M","R","?","R","T","?","M","M","?","M","R","B",null,"M","?","?","$","M","R","M","E","T","E","R","E","M","M","R","B",null,"M","?","?","$","?","R","?","M","T","R","M","E","M","M","R","B",null,"R","$","E","B",null],"character_chosen":"THE_SILENT","items_purchased":["Concentrate","Acrobatics"],"campfire_rested":0,"item_purchase_floors":[21,21],"current_hp_per_floor":[48,37,36,29,29,29,29,29,29,66,66,58,42,37,37,28,57,54,33,33,33,29,29,26,20,20,19,19,19,18,17,17,19,34,35,35,35,35,35,35,37,39,39,39,41,43,47,50,50,50,57,57,57,58,28],"gold":77,"neow_bonus":"BOSS_RELIC","is_daily":false,"chose_seed":false,"campfire_upgraded":9,"win_rate":0.0,"timestamp":1610332011,"path_taken":["M","?","M","?","M","R","?","R","T","?","M","?","?","M","R","BOSS","M","?","?","$","?","R","M","E","T","E","R","E","M","M","R","BOSS","M","?","?","$","?","R","?","M","T","R","?","E","M","M","R","BOSS","R","$","E","BOSS"],"items_purchased_type":["Card","Card"],"build_version":"2020-12-22","purchased_purges":3,"victory":true,"max_hp_per_floor":[66,66,66,66,66,66,66,66,66,66,66,66,66,66,66,66,66,66,33,33,33,33,33,33,33,33,33,33,33,35,37,37,39,39,41,43,43,43,43,43,45,47,47,47,49,51,55,59,59,59,59,59,59,61,61],"card_choices":[{"not_picked":["Deflect","Catalyst"],"picked":"Accuracy","floor":1.0},{"not_picked":["Riddle With Holes","Bane"],"picked":"Tactician","floor":3.0},{"not_picked":["PiercingWail","Poisoned Stab"],"picked":"Dagger Throw","floor":5.0},{"not_picked":["Backflip","Masterful Stab","Sucker Punch"],"picked":"SKIP","floor":11.0},{"not_picked":["Caltrops","Choke"],"picked":"Prepared","floor":12.0},{"not_picked":["Choke","Finisher"],"picked":"Reflex","floor":14.0},{"not_picked":["Wraith Form v2","Unload"],"picked":"Grand Finale","floor":16.0},{"not_picked":["Poisoned Stab+1","Dagger Spray","Slice"],"picked":"SKIP","floor":18.0},{"not_picked":["Outmaneuver","Cloak And Dagger","Distraction"],"picked":"SKIP","floor":22.0},{"not_picked":["Poisoned Stab","Cloak And Dagger"],"picked":"Acrobatics","floor":24.0},{"not_picked":["Reflex+1","Deadly Poison+1"],"picked":"Tactician+1","floor":25.0},{"not_picked":["Noxious Fumes","Dash+1"],"picked":"Reflex+1","floor":27.0},{"not_picked":["Blade Dance+1","All Out Attack"],"picked":"Flechettes","floor":29.0},{"not_picked":["Deadly Poison+1","Terror+1","Blade Dance+1"],"picked":"Singing Bowl","floor":30.0},{"not_picked":["Cloak And Dagger+1","Finisher","Catalyst+1"],"picked":"Singing Bowl","floor":31.0},{"not_picked":["Corpse Explosion+1","Storm of Steel+1","Glass Knife"],"picked":"Singing Bowl","floor":33.0},{"not_picked":["Expertise+1","Dagger Throw","Cloak And Dagger+1"],"picked":"Singing Bowl","floor":35.0},{"not_picked":["Masterful Stab","Blade Dance+1","Underhanded Strike"],"picked":"Singing Bowl","floor":36.0},{"not_picked":["Blind+1","Impatience+1"],"picked":"Finesse+1","floor":37},{"not_picked":["Prepared+1","Deflect+1","Wraith Form v2"],"picked":"Singing Bowl","floor":41},{"not_picked":["Catalyst+1","Deflect+1","Slice"],"picked":"Singing Bowl","floor":42},{"not_picked":["Flying Knee","PiercingWail+1"],"picked":"Acrobatics+1","floor":42},{"not_picked":["Bane","Eviscerate+1"],"picked":"Acrobatics+1","floor":45},{"not_picked":["Unload","Bane","Crippling Poison+1"],"picked":"Singing Bowl","floor":45},{"not_picked":["Calculated Gamble+1","Dagger Spray","Caltrops"],"picked":"Singing Bowl","floor":46},{"not_picked":["Bane+1","Quick Slash+1","Die Die Die"],"picked":"Singing Bowl","floor":47},{"not_picked":["Outmaneuver+1","Dagger Throw","Flying Knee"],"picked":"Singing Bowl","floor":47},{"not_picked":["Distraction+1","Quick Slash","Escape Plan+1"],"picked":"Singing Bowl","floor":48},{"not_picked":["Concentrate+1","Dagger Spray+1","Dodge and Roll+1"],"picked":"Singing Bowl","floor":48},{"not_picked":["Sucker Punch","Dash","Poisoned Stab"],"picked":"Singing Bowl","floor":54}],"player_experience":151678,"relics_obtained":[{"floor":9.0,"key":"Smiling Mask"},{"floor":25.0,"key":"Toxic Egg 2"},{"floor":26.0,"key":"Regal Pillow"},{"floor":27.0,"key":"Ancient Tea Set"},{"floor":29.0,"key":"Singing Bowl"},{"floor":36.0,"key":"Prayer Wheel"},{"floor":41,"key":"Du-Vu Doll"},{"floor":46,"key":"The Specimen"},{"floor":54,"key":"Akabeko"}],"event_choices":[{"damage_healed":0.0,"max_hp_gain":0.0,"max_hp_loss":0.0,"gold_gain":75.0,"event_name":"World of Goop","player_choice":"Gather Gold","floor":2.0,"gold_loss":0.0,"damage_taken":11.0},{"cards_removed":["Bullet Time"],"damage_healed":0.0,"max_hp_gain":0.0,"max_hp_loss":0.0,"gold_gain":0.0,"event_name":"Golden Wing","player_choice":"Card Removal","floor":4.0,"gold_loss":0.0,"damage_taken":7.0},{"cards_removed":["Tools of the Trade"],"damage_healed":0.0,"max_hp_gain":0.0,"max_hp_loss":0.0,"gold_gain":0.0,"event_name":"Living Wall","player_choice":"Forget","floor":7.0,"gold_loss":0.0,"damage_taken":0.0},{"damage_healed":37.0,"max_hp_gain":0.0,"max_hp_loss":0.0,"gold_gain":0.0,"event_name":"Wheel of Change","player_choice":"Full Heal","floor":10.0,"gold_loss":0.0,"damage_taken":0.0},{"damage_healed":0.0,"max_hp_gain":0.0,"max_hp_loss":0.0,"gold_gain":0.0,"event_name":"Golden Idol","player_choice":"Take Damage","floor":13.0,"gold_loss":0.0,"damage_taken":16.0,"relics_obtained":["Golden Idol"]},{"damage_healed":0.0,"max_hp_gain":0.0,"max_hp_loss":33.0,"gold_gain":0.0,"event_name":"Ghosts","player_choice":"Became a Ghost","floor":19.0,"gold_loss":0.0,"damage_taken":0.0,"cards_obtained":["Ghostly","Ghostly","Ghostly","Ghostly","Ghostly"]},{"damage_healed":0.0,"max_hp_gain":0.0,"max_hp_loss":0.0,"gold_gain":0.0,"event_name":"The Woman in Blue","player_choice":"Bought 0 Potions","floor":20.0,"gold_loss":0.0,"damage_taken":0.0},{"damage_healed":0.0,"max_hp_gain":0.0,"max_hp_loss":0.0,"gold_gain":0.0,"event_name":"Mysterious Sphere","player_choice":"Fight","floor":36.0,"gold_loss":0.0,"damage_taken":0.0},{"damage_healed":0,"gold_gain":0,"player_choice":"Memory 1","damage_taken":0,"max_hp_gain":0,"max_hp_loss":0,"event_name":"SensoryStone","floor":37,"gold_loss":0},{"damage_healed":0,"gold_gain":0,"player_choice":"Ignored","damage_taken":0,"max_hp_gain":0,"max_hp_loss":0,"event_name":"Tomb of Lord Red Mask","floor":39,"gold_loss":0},{"damage_healed":0,"gold_gain":0,"player_choice":"Fight","damage_taken":0,"max_hp_gain":0,"max_hp_loss":0,"event_name":"MindBloom","floor":41,"gold_loss":0}],"is_beta":false,"boss_relics":[{"not_picked":["Astrolabe","Calling Bell"],"picked":"Ectoplasm"},{"not_picked":["Snecko Eye","Tiny House"],"picked":"Empty Cage"}],"items_purged_floors":[21,38,53],"is_endless":false,"potions_floor_spawned":[3,11,12,14,22,25,27,30,42,46,47],"ascension_level":14}}