{"host":"0ttaavwaei2fh9kw","time":1610388228,"event":{"mods":["Act Like it!","Aspiration","BaseMod","Chen","Colored Map","Decade(王小明)","Downfall","Gensokyo","Hallownest","Hubris","Infinite Spire","KinomotoSakuraMod(木之本樱)","Lobotomy","LobotomyExtend","Marisa（F雨　魔理沙）","Minty Spire (QoL Compilation)","Prisma Mod","Reimu（博丽灵梦）","Remilia（蕾米莉亚）","Replay The Spire","Spicy Shops","StSLib","The Servant 0.9.4","WarShipGirlsR/战舰少女R mod","Youmu（魂魄妖梦）"],"gold_per_floor":[113,131,145,145,145,180,193,203,255,279,279],"floor_reached":1,"playtime":661,"items_purged":[],"score":26,"play_id":"4ef2f449-1100-4829-a377-a7bb8ec36b01","local_time":"20210112020348","is_ascension_mode":true,"campfire_choices":[],"circlet_count":0,"master_deck":["Decade_Attack","Decade_Attack","KamenRide","Decade_SpecialSkill","Decade_Defend","Decade_Defend","Decade_Defend","ShyLook","FormRideAxel+1","AutoVajin+1","Dazed","DecadeViolentEmotion+1"],"relics":["Decadriver","TOEIDeficitBill","CogitoBucket","hubris:Towel","aspiration:TomeofQuesting","MawBank"],"acts_visited":["Hallownest:Greenpath"],"potions_floor_usage":[8],"damage_taken":[{"damage":1,"enemies":"Hallownest:2_MossCreeps","floor":1,"turns":4},{"damage":8,"enemies":"Hallownest:monsterHuskWarrior","floor":2,"turns":3},{"damage":10,"enemies":"Hallownest:2_Baldur","floor":3,"turns":4},{"damage":24,"enemies":"Hallownest:eliteMossKnight","floor":6,"turns":7},{"damage":0,"enemies":"Hallownest:Guard_and_Warrior","floor":7,"turns":6},{"damage":46,"enemies":"Hallownest:monsterMossCharger","floor":8,"turns":5},{"damage":5,"enemies":"Jaw Worm","floor":1,"turns":1}],"seed_played":"-9072568664364217719","potions_obtained":[{"floor":6,"key":"Milkshake"},{"floor":7,"key":"DuplicationPotion"},{"floor":8,"key":"Block Potion"}],"is_trial":false,"path_per_floor":["M","M","M","?","?","E","M","M","T","M","M"],"character_chosen":"Decade","items_purchased":[],"campfire_rested":0,"item_purchase_floors":[],"current_hp_per_floor":[69,61,51,51,51,52,52,18,18,0,0],"gold":279,"neow_bonus":"","is_daily":false,"chose_seed":false,"campfire_upgraded":0,"win_rate":0.0,"timestamp":1610388228,"path_taken":["M","M","?","?","?","E","M","?","T","M","M"],"items_purchased_type":[],"build_version":"2020-12-22","purchased_purges":0,"victory":false,"max_hp_per_floor":[70,70,70,70,70,70,70,70,70,1,1],"card_choices":[{"not_picked":["Porccubus","Murderer"],"picked":"ShyLook","floor":1},{"not_picked":["Hibiki_Attack2","Decade_Illusion"],"picked":"FormRideAxel","floor":1},{"not_picked":["FormRidePegasus","KamenRideRyuki"],"picked":"AutoVajin","floor":2},{"not_picked":["Hibiki_Attack2","Blade_Slash"],"picked":"RideBooker_Skill_2","floor":7},{"not_picked":["FormRideBasshaa","Decade_Defend3"],"picked":"DecadeViolentEmotion","floor":8}],"player_experience":171562,"relics_obtained":[{"floor":1,"key":"LetterFromLob"},{"floor":6,"key":"aspiration:TomeofQuesting"},{"floor":9,"key":"MawBank"}],"event_choices":[],"is_beta":false,"boss_relics":[],"items_purged_floors":[],"is_endless":false,"potions_floor_spawned":[6,7,8],"killed_by":"Jaw Worm","ascension_level":1}}