{"host":"61xbmbtf5zrn7rzc","time":1610327881,"event":{"mods":["BaseMod","Challenge The Spire","Downfall","Hubris","Minty Spire (QoL Compilation)","Replay The Spire","StSLib","SuperFastMode","The Bug Knight"],"gold_per_floor":[118,43,43,69,89,116,135,150,150,184,197,197,29,49,49,145,145,159,169,94,157,157,157,169,169,169,198,198,212,212,65,65,162,162,177,177,122,139,150,181,181,216,241,241,241,241,18,36,36,36,36,36,36,36,36],"floor_reached":54,"playtime":3191,"items_purged":["HollowMod:NailStrikeStart","HollowMod:NailStrikeStart"],"score":723,"play_id":"433af4e6-a0a4-4eb7-8ce2-d5403b7651ed","local_time":"20210110201801","is_ascension_mode":false,"campfire_choices":[{"data":"HollowMod:TaintedHusks","floor":12,"key":"SMITH"},{"data":"HollowMod:QuirrelsAssistance","floor":15,"key":"SMITH"},{"floor":23,"key":"REST"},{"floor":25,"key":"RECALL"},{"floor":30,"key":"REST"},{"floor":32,"key":"REST"},{"floor":41,"key":"REST"},{"floor":44,"key":"REST"},{"floor":49,"key":"REST"},{"floor":52,"key":"REST"}],"circlet_count":0,"master_deck":["HollowMod:NailStrikeStart","HollowMod:QuickDashStart","HollowMod:QuickDashStart","HollowMod:QuickDashStart","HollowMod:FocusHealStart","HollowMod:PogoStrike","HollowMod:MothsMistake+1","HollowMod:TaintedHusks+1","HollowMod:InfectionAssault","HollowMod:PerfectDash","HollowMod:InfectedAttack","HollowMod:NewGlowingWomb","HollowMod:QuirrelsAssistance+1","HollowMod:DashSlash","HollowMod:InfectionAssault","HollowMod:PerfectDash","HollowMod:CornifersMapStart+1","HollowMod:DungDefenderAura","HollowMod:CycloneSlash","HollowMod:Hiveblood","HollowMod:NewGlowingWomb","HollowMod:ZotesMagnificence","HollowMod:MawleksShell+1","HollowMod:SlysStrikes","HollowMod:NewGlowingWomb"],"relics":["HollowMod:VesselMask","NeowsBlessing","Replay:Accelerometer","Bottled Tornado","Prayer Wheel","Fusion Hammer","hubris:Metronome","Enchiridion","Toy Ornithopter","Nloth\u0027s Gift","OrangePellets","hubris:RunicObelisk","hubris:Zylophone","Bottled Flame","Pen Nib","hubris:Icosahedron","Blood Vial"],"acts_visited":["Exordium","TheCity","TheBeyond","TheEnding"],"potions_floor_usage":[21,27,27,39,48],"damage_taken":[{"damage":0,"enemies":"Jaw Worm","floor":1,"turns":1},{"damage":0,"enemies":"Cultist","floor":5,"turns":1},{"damage":0,"enemies":"Lagavulin","floor":6,"turns":1},{"damage":15,"enemies":"2 Louse","floor":7,"turns":3},{"damage":13,"enemies":"Exordium Wildlife","floor":8,"turns":4},{"damage":14,"enemies":"Replay:BlueRogue","floor":10,"turns":6},{"damage":12,"enemies":"Exordium Thugs","floor":11,"turns":4},{"damage":10,"enemies":"3 Louse","floor":14,"turns":3},{"damage":17,"enemies":"Slime Boss","floor":16,"turns":8},{"damage":33,"enemies":"2 Thieves","floor":18,"turns":4},{"damage":21,"enemies":"3 Byrds","floor":19,"turns":5},{"damage":21,"enemies":"Shelled Parasite and Fungi","floor":24,"turns":5},{"damage":15,"enemies":"Slavers","floor":27,"turns":4},{"damage":12,"enemies":"Snecko","floor":29,"turns":5},{"damage":66,"enemies":"Champ","floor":33,"turns":11},{"damage":30,"enemies":"3 Darklings","floor":35,"turns":5},{"damage":36,"enemies":"3 Shapes","floor":38,"turns":6},{"damage":21,"enemies":"Spire Growth","floor":39,"turns":6},{"damage":74,"enemies":"Giant Head","floor":40,"turns":10},{"damage":102,"enemies":"Nemesis","floor":42,"turns":8},{"damage":52,"enemies":"3 Darklings","floor":48,"turns":7},{"damage":102,"enemies":"HollowMod:Radiance","floor":50,"turns":14},{"damage":80,"enemies":"Shield and Spear","floor":54,"turns":5}],"seed_played":"-314835313133727940","potions_obtained":[{"floor":7,"key":"SteroidPotion"},{"floor":8,"key":"sneckomod:MuddlingPotion"},{"floor":10,"key":"Strength Potion"},{"floor":14,"key":"Block Potion"},{"floor":18,"key":"PowerPotion"},{"floor":21,"key":"Fruit Juice"},{"floor":35,"key":"ColorlessPotion"},{"floor":40,"key":"Explosive Potion"}],"is_trial":false,"path_per_floor":["M","$","?","T","M","E","M","M","T","E","M","R","$","M","R","B",null,"M","M","?","?","?","R","M","R","T","E","?","M","R","$","R","B",null,"M","?","$","M","M","E","R","E","T","R","?","?","$","M","R","B",null,"R","$","E"],"character_chosen":"THE_BUGKNIGHT","items_purchased":["HollowMod:NewGlowingWomb","OrangePellets","HollowMod:MawleksShell+1","HollowMod:NewGlowingWomb","Blood Vial"],"campfire_rested":7,"item_purchase_floors":[13,31,37,47,47],"current_hp_per_floor":[75,75,75,75,75,75,66,59,59,51,45,45,45,35,35,24,75,52,37,37,42,26,50,39,39,39,30,30,24,48,48,72,29,80,71,71,71,53,66,17,41,24,24,48,48,48,48,45,69,62,80,80,80,0,0],"gold":36,"neow_bonus":"THREE_ENEMY_KILL","is_daily":false,"chose_seed":false,"campfire_upgraded":2,"win_rate":0.0,"timestamp":1610327881,"path_taken":["M","$","?","?","?","E","M","M","T","E","M","R","$","M","R","BOSS","M","M","?","?","?","R","M","R","T","E","?","?","R","$","R","BOSS","M","?","?","M","M","E","R","E","T","R","?","?","$","?","R","BOSS","R","$","E"],"items_purchased_type":["Card","Relic","Card","Card","Relic"],"build_version":"2020-12-22","purchased_purges":2,"victory":false,"max_hp_per_floor":[75,75,75,75,75,75,75,75,75,75,75,75,75,75,75,75,75,75,75,75,80,80,80,80,80,80,80,80,80,80,80,80,80,80,80,80,80,80,80,80,80,80,80,80,80,80,80,80,80,80,80,80,80,80,80],"card_choices":[{"not_picked":["HollowMod:NewJinnsSoul","HollowMod:LifebloodCocoon"],"picked":"HollowMod:MothsMistake","floor":1},{"not_picked":["HollowMod:DescendingDark","HollowMod:FastStrike"],"picked":"HollowMod:TaintedHusks","floor":5},{"not_picked":["HollowMod:SoulSplash","HollowMod:ShadowDash","HollowMod:AbyssShriek"],"picked":"SKIP","floor":6},{"not_picked":["HollowMod:ChannelNail","HollowMod:DescendingDark"],"picked":"HollowMod:InfectionAssault","floor":7},{"not_picked":["HollowMod:CloakDash","HollowMod:SiblingsSouls"],"picked":"HollowMod:PerfectDash","floor":8},{"not_picked":["HollowMod:theNailsmith","HollowMod:SoulVessel","HollowMod:SoulStrike"],"picked":"SKIP","floor":10},{"not_picked":["HollowMod:DashSlash","HollowMod:SoulStrike"],"picked":"HollowMod:InfectedAttack","floor":11},{"not_picked":["HollowMod:CrystalDash","HollowMod:RecoilStrike","HollowMod:DescendingDark"],"picked":"SKIP","floor":11},{"not_picked":["HollowMod:MonarchWings","HollowMod:HowlingWraiths"],"picked":"HollowMod:QuirrelsAssistance","floor":14},{"not_picked":["HollowMod:SoulStrike","HollowMod:HeavyBlow","HollowMod:AbyssShriek"],"picked":"SKIP","floor":14},{"not_picked":["HollowMod:DescendingDark","HollowMod:HowlingWraiths"],"picked":"HollowMod:DashSlash","floor":18},{"not_picked":["HollowMod:InfectedCysts+1","HollowMod:DescendingDark","HollowMod:SharpenedNail+1"],"picked":"SKIP","floor":18},{"not_picked":["HollowMod:LifebloodCocoon","HollowMod:Grubsong"],"picked":"HollowMod:InfectionAssault","floor":19},{"not_picked":["HollowMod:MonarchWings","HollowMod:LifebloodCocoon","HollowMod:InfectionAssault"],"picked":"SKIP","floor":19},{"not_picked":["HollowMod:InfectedAttack","HollowMod:ShadowDash"],"picked":"HollowMod:PerfectDash","floor":21},{"not_picked":["HollowMod:SharpenedShadows","HollowMod:ChannelNail"],"picked":"HollowMod:CornifersMapStart+1","floor":24},{"not_picked":["HollowMod:LifebloodCocoon","HollowMod:SiblingsSouls","HollowMod:MantisMark"],"picked":"SKIP","floor":24},{"not_picked":["HollowMod:MothsMistake","HollowMod:RecoilStrike"],"picked":"HollowMod:DungDefenderAura","floor":27},{"not_picked":["HollowMod:AwokenDreamNail","HollowMod:TaintedHusks"],"picked":"HollowMod:CycloneSlash","floor":29},{"not_picked":["HollowMod:GrimmsGift","HollowMod:GoodIntentions"],"picked":"HollowMod:Hiveblood","floor":29},{"not_picked":["HollowMod:CrystalDash","HollowMod:CycloneSlash+1"],"picked":"HollowMod:NewGlowingWomb","floor":35},{"not_picked":["HollowMod:CoiledNail","HollowMod:MonarchWings+1","HollowMod:SiblingsSouls"],"picked":"SKIP","floor":35},{"not_picked":["HollowMod:HeavyBlow+1","HollowMod:BaldurShell","HollowMod:HowlingWraiths"],"picked":"SKIP","floor":38},{"not_picked":["HollowMod:NewLittleFool+1","HollowMod:DoubleDash+1","HollowMod:NewJinnsSoul+1"],"picked":"SKIP","floor":38},{"not_picked":["HollowMod:LifebloodCocoon+1","HollowMod:HeavyBlow"],"picked":"HollowMod:SlysStrikes","floor":39},{"not_picked":["HollowMod:VengefulSpirit","HollowMod:SoulVessel+1","HollowMod:HuntersJournal"],"picked":"SKIP","floor":39},{"not_picked":["HollowMod:HowlingWraiths","HollowMod:InfectedCysts+1","HollowMod:SoulVessel"],"picked":"SKIP","floor":40},{"not_picked":["HollowMod:theNailsmith","HollowMod:AbyssShriek+1","HollowMod:SoulEater+1"],"picked":"SKIP","floor":42},{"not_picked":["HollowMod:CoiledNail+1","HollowMod:CornifersMapStart+1","HollowMod:CloakDash+1"],"picked":"SKIP","floor":48},{"not_picked":["HollowMod:GreatSlash+1","HollowMod:ShadowDash","HollowMod:DreamGate"],"picked":"SKIP","floor":48}],"player_experience":154724,"relics_obtained":[{"floor":6,"key":"Replay:Accelerometer"},{"floor":9,"key":"Bottled Tornado"},{"floor":10,"key":"Prayer Wheel"},{"floor":21,"key":"hubris:Metronome"},{"floor":22,"key":"Enchiridion"},{"floor":26,"key":"hubris:SlimyHat"},{"floor":27,"key":"Toy Ornithopter"},{"floor":40,"key":"hubris:Zylophone"},{"floor":42,"key":"Bottled Flame"},{"floor":43,"key":"Pen Nib"}],"event_choices":[{"damage_healed":0,"gold_gain":0,"player_choice":"Grow","damage_taken":0,"max_hp_gain":0,"max_hp_loss":0,"event_name":"Living Wall","floor":3,"gold_loss":0,"cards_upgraded":["HollowMod:MothsMistake"]},{"cards_removed":["HollowMod:QuickDashStart"],"damage_healed":0,"gold_gain":0,"player_choice":"Gave Gold","damage_taken":0,"max_hp_gain":0,"max_hp_loss":0,"event_name":"Beggar","floor":20,"gold_loss":75},{"damage_healed":0,"gold_gain":0,"player_choice":"Obtained Book","damage_taken":16,"max_hp_gain":0,"max_hp_loss":0,"event_name":"Cursed Tome","floor":22,"gold_loss":0},{"damage_healed":0,"gold_gain":0,"player_choice":"Traded Relic","damage_taken":0,"relics_obtained":["Nloth\u0027s Gift"],"max_hp_gain":0,"max_hp_loss":0,"event_name":"N\u0027loth","floor":28,"relics_lost":["hubris:SlimyHat"],"gold_loss":0},{"damage_healed":0,"gold_gain":0,"cards_transformed":["HollowMod:NailStrikeStart"],"player_choice":"Transformed","damage_taken":0,"max_hp_gain":0,"max_hp_loss":0,"event_name":"Transmorgrifier","floor":36,"gold_loss":0,"cards_obtained":["HollowMod:ZotesMagnificence"]}],"is_beta":false,"boss_relics":[{"not_picked":["hubris:Stopwatch","Honey Jar"],"picked":"Fusion Hammer"},{"not_picked":["SlaversCollar","Busted Crown"],"picked":"hubris:RunicObelisk"}],"items_purged_floors":[2,13],"is_endless":false,"potions_floor_spawned":[7,8,10,14,18,35,40],"killed_by":"Shield and Spear","ascension_level":0}}