{"host":"kvh5342rl0c7vxi5","time":1610342778,"event":{"mods":["BaseMod","Downfall","Hermit","Jorbs\u0027s Wanderer Trilogy","Minty Spire (QoL Compilation)","Quick Restart","StSLib","SuperFastMode","The Poker Player"],"gold_per_floor":[17,17,17,17,36,67,67,83,83,83,8,35,35,35,35,138,138,155,155,155,165,64,64,94,104,130,130,130,158,176,189,189,284,284,296,311,311,326,326,326,351,351,375,375,387,35,55,55,55,55,55,55,55,55,55],"floor_reached":54,"playtime":3328,"items_purged":["hermit:Strike_Hermit","Regret","hermit:WideOpen+1"],"score":848,"play_id":"1c1bc0d2-ddb9-43bf-af18-3d4c50d05b0f","local_time":"20210111002618","is_ascension_mode":true,"campfire_choices":[{"data":"hermit:BodyArmor","floor":7,"key":"SMITH"},{"data":"hermit:FatalDesire","floor":10,"key":"SMITH"},{"data":"hermit:WideOpen","floor":13,"key":"SMITH"},{"data":"hermit:ShadowCloak","floor":15,"key":"SMITH"},{"data":"hermit:Maintenance","floor":23,"key":"SMITH"},{"data":"hermit:Brawl","floor":28,"key":"SMITH"},{"data":"hermit:Grudge","floor":32,"key":"SMITH"},{"floor":40,"key":"RECALL"},{"data":"hermit:TakeCover","floor":42,"key":"SMITH"},{"data":"hermit:RoundhouseKick","floor":44,"key":"SMITH"},{"data":"hermit:FromBeyond","floor":49,"key":"SMITH"},{"data":"hermit:Dive","floor":52,"key":"SMITH"}],"circlet_count":0,"master_deck":["hermit:Strike_Hermit+1","hermit:Defend_Hermit","hermit:Defend_Hermit","hermit:Defend_Hermit+1","hermit:Defend_Hermit","hermit:Snapshot","hermit:Covet","hermit:FatalDesire+1","hermit:Headshot","hermit:Shortfuse","hermit:BodyArmor+1","hermit:ShadowCloak+1","hermit:Reprieve","hermit:Adapt+1","hermit:Ricochet+1","hermit:Maintenance+1","hermit:Horror+1","hermit:Grudge+1","hermit:Brawl+1","hermit:Manifest","hermit:Determination+1","hermit:RoundhouseKick+1","hermit:Glare+1","hermit:Maintenance+1","hermit:TakeCover+1","hermit:Dive+1","hermit:HoleUp","hermit:FromBeyond+1"],"relics":["hermit:Momento","WarpedTongs","hermit:RedScarf","Pen Nib","Bird Faced Urn","Oddly Smooth Stone","Astrolabe","Smiling Mask","Art of War","Toy Ornithopter","Vajra","Sozu","Bag of Preparation","Mummified Hand","hermit:Spyglass"],"acts_visited":["Exordium","TheCity","TheBeyond","TheEnding"],"potions_floor_usage":[6,18,25,29,54],"damage_taken":[{"damage":0,"enemies":"Small Slimes","floor":1,"turns":3},{"damage":1,"enemies":"Cultist","floor":5,"turns":3},{"damage":16,"enemies":"Gremlin Nob","floor":6,"turns":3},{"damage":0,"enemies":"2 Louse","floor":8,"turns":2},{"damage":4,"enemies":"Lagavulin","floor":12,"turns":8},{"damage":20,"enemies":"Slime Boss","floor":16,"turns":9},{"damage":19,"enemies":"2 Thieves","floor":18,"turns":4},{"damage":17,"enemies":"Spheric Guardian","floor":21,"turns":6},{"damage":38,"enemies":"Slavers","floor":24,"turns":11},{"damage":3,"enemies":"Snake Plant","floor":25,"turns":20},{"damage":20,"enemies":"Book of Stabbing","floor":29,"turns":6},{"damage":0,"enemies":"Snecko","floor":30,"turns":5},{"damage":22,"enemies":"3 Cultists","floor":31,"turns":5},{"damage":33,"enemies":"Champ","floor":33,"turns":16},{"damage":5,"enemies":"Orb Walker","floor":35,"turns":5},{"damage":42,"enemies":"3 Darklings","floor":36,"turns":21},{"damage":8,"enemies":"Writhing Mass","floor":38,"turns":9},{"damage":17,"enemies":"Giant Head","floor":41,"turns":12},{"damage":31,"enemies":"Jaw Worm Horde","floor":45,"turns":12},{"damage":0,"enemies":"Spire Growth","floor":47,"turns":7},{"damage":12,"enemies":"Time Eater","floor":50,"turns":23},{"damage":85,"enemies":"Shield and Spear","floor":54,"turns":6}],"seed_played":"8296640591422606998","potions_obtained":[{"floor":1,"key":"hermit:BlackBile"},{"floor":12,"key":"Guardian:BlockOnCardUsePotion"},{"floor":16,"key":"Weak Potion"},{"floor":25,"key":"Energy Potion"},{"floor":29,"key":"LiquidMemories"},{"floor":31,"key":"EssenceOfSteel"}],"is_trial":false,"path_per_floor":["M","?","$","?","M","E","R","M","T","R","$","E","R","?","R","B",null,"M","?","?","M","$","R","E","M","T","?","R","E","M","M","R","B",null,"M","M","?","M","?","R","E","R","T","R","M","$","M","T","R","B",null,"R","$","E"],"character_chosen":"HERMIT","items_purchased":["Fire Potion","Mummified Hand","hermit:HoleUp"],"campfire_rested":0,"item_purchase_floors":[22,46,46],"current_hp_per_floor":[75,75,75,63,62,46,46,46,46,46,46,46,46,31,31,15,75,62,62,62,59,59,59,31,75,75,75,75,57,75,69,69,66,75,75,75,75,75,71,71,64,64,64,64,71,71,71,71,71,67,71,71,71,0,0],"gold":55,"neow_bonus":"THREE_RARE_CARDS","is_daily":false,"chose_seed":false,"campfire_upgraded":11,"win_rate":0.0,"timestamp":1610342778,"path_taken":["M","?","?","?","?","E","R","M","T","R","?","E","R","?","R","BOSS","M","?","?","?","$","R","E","?","T","?","R","E","M","M","R","BOSS","M","M","?","?","?","R","E","R","T","R","M","$","M","?","R","BOSS","R","$","E"],"items_purchased_type":["Potion","Relic","Card"],"build_version":"2020-12-22","purchased_purges":3,"victory":false,"max_hp_per_floor":[75,75,75,75,75,75,75,75,75,75,75,75,75,75,75,75,75,75,75,75,75,75,75,75,75,75,75,75,75,75,75,75,75,75,75,75,75,75,71,71,71,71,71,71,71,71,71,71,71,71,71,71,71,71,71],"card_choices":[{"not_picked":["hermit:FromBeyond","hermit:Purgatory"],"picked":"hermit:FatalDesire","floor":0},{"not_picked":["hermit:LoneWolf","hermit:Desperado"],"picked":"hermit:Headshot","floor":1},{"not_picked":["hermit:TakeAim","hermit:Quickdraw"],"picked":"hermit:Shortfuse","floor":5},{"not_picked":["hermit:HighCaliber","hermit:EyeOfTheStorm"],"picked":"hermit:BodyArmor","floor":6},{"not_picked":["hermit:Misfire","hermit:EyeOfTheStorm"],"picked":"hermit:ShadowCloak","floor":8},{"not_picked":["hermit:BigShot","hermit:Quickdraw"],"picked":"hermit:WideOpen","floor":12},{"not_picked":["hermit:RoundhouseKick","hermit:Gambit"],"picked":"hermit:Reprieve","floor":16},{"not_picked":["hermit:Spite+1","hermit:Feint"],"picked":"hermit:Maintenance","floor":18},{"not_picked":["hermit:TrackingShot","hermit:Combo","hermit:BodyArmor"],"picked":"SKIP","floor":21},{"not_picked":["hermit:WideOpen","hermit:Ricochet+1"],"picked":"hermit:Horror+1","floor":24},{"not_picked":["hermit:ShadowCloak","hermit:Desperado"],"picked":"hermit:Grudge","floor":25},{"not_picked":["hermit:ShadowCloak","hermit:WideOpen+1"],"picked":"hermit:Manifest","floor":29},{"not_picked":["hermit:WideOpen","hermit:Glare","hermit:CalledShot"],"picked":"SKIP","floor":30},{"not_picked":["hermit:DeadMansHand","hermit:FromBeyond"],"picked":"hermit:Determination+1","floor":31},{"not_picked":["hermit:Reprieve","hermit:Roughhouse"],"picked":"hermit:RoundhouseKick","floor":33},{"not_picked":["hermit:Headshot","hermit:Vantage"],"picked":"hermit:Glare+1","floor":35},{"not_picked":["hermit:Deadeye","hermit:LowProfile+1"],"picked":"hermit:Maintenance","floor":36},{"not_picked":["hermit:Ricochet+1","hermit:Quickdraw","hermit:CalledShot"],"picked":"SKIP","floor":38},{"not_picked":["hermit:LoneWolf+1","hermit:Quickdraw"],"picked":"hermit:TakeCover","floor":41},{"not_picked":["hermit:CalledShot","hermit:Glare+1"],"picked":"hermit:Dive","floor":45},{"not_picked":["hermit:Manifest","hermit:Ricochet+1"],"picked":"hermit:FromBeyond","floor":47}],"player_experience":514954,"relics_obtained":[{"floor":6,"key":"Pen Nib"},{"floor":9,"key":"Bird Faced Urn"},{"floor":12,"key":"Oddly Smooth Stone"},{"floor":24,"key":"Art of War"},{"floor":26,"key":"Toy Ornithopter"},{"floor":29,"key":"Vajra"},{"floor":41,"key":"Bag of Preparation"},{"floor":48,"key":"hermit:Spyglass"}],"event_choices":[{"damage_healed":0,"gold_gain":0,"player_choice":"Rummage","damage_taken":0,"relics_obtained":["WarpedTongs"],"max_hp_gain":0,"max_hp_loss":0,"event_name":"Accursed Blacksmith","floor":2,"gold_loss":0,"cards_obtained":["Pain"]},{"damage_healed":0,"gold_gain":0,"player_choice":"Success","damage_taken":12,"relics_obtained":["hermit:RedScarf"],"max_hp_gain":0,"max_hp_loss":0,"event_name":"Scrap Ooze","floor":4,"gold_loss":0},{"damage_healed":0,"gold_gain":0,"player_choice":"Entered Light","damage_taken":15,"max_hp_gain":0,"max_hp_loss":0,"event_name":"Shining Light","floor":14,"gold_loss":0,"cards_upgraded":["hermit:Strike_Hermit","hermit:Defend_Hermit"]},{"damage_healed":0,"gold_gain":0,"player_choice":"Opened","damage_taken":0,"relics_obtained":["Smiling Mask"],"max_hp_gain":0,"max_hp_loss":0,"event_name":"The Mausoleum","floor":19,"gold_loss":0},{"damage_healed":0,"gold_gain":0,"player_choice":"0 cards matched","damage_taken":0,"max_hp_gain":0,"max_hp_loss":0,"event_name":"Match and Keep!","floor":20,"gold_loss":0,"cards_obtained":[]},{"damage_healed":0,"gold_gain":0,"player_choice":"Read","damage_taken":0,"max_hp_gain":0,"max_hp_loss":0,"event_name":"The Library","floor":27,"gold_loss":0,"cards_obtained":["hermit:Brawl"]},{"damage_healed":0,"gold_gain":0,"player_choice":"Upgraded","damage_taken":0,"max_hp_gain":0,"max_hp_loss":0,"event_name":"Upgrade Shrine","floor":37,"gold_loss":0,"cards_upgraded":["hermit:Maintenance"]},{"damage_healed":0,"gold_gain":0,"player_choice":"Max HP","damage_taken":0,"max_hp_gain":0,"max_hp_loss":4,"event_name":"Winding Halls","floor":39,"gold_loss":0}],"is_beta":false,"boss_relics":[{"not_picked":["hermit:DentedPlate","Fusion Hammer"],"picked":"Astrolabe"},{"not_picked":["Black Star","Snecko Eye"],"picked":"Sozu"}],"items_purged_floors":[11,22,46],"is_endless":false,"potions_floor_spawned":[1,12,16,25,29,31,38,45,47],"killed_by":"Shield and Spear","ascension_level":4}}