{"host":"ELF","time":1610344167,"event":{"mods":["BaseMod","Minty Spire (QoL Compilation)"],"gold_per_floor":[109,184,184,164,182,182,207,207,262,278,303,334,381,92,92,169,169,182,182,97,109,109,109,109],"floor_reached":23,"playtime":840,"items_purged":[],"score":441,"play_id":"fe79fa18-3670-4273-9880-81d498dfbcdc","local_time":"20210110234927","is_ascension_mode":true,"campfire_choices":[{"floor":6.0,"key":"REST"},{"data":"Dark Embrace","floor":8.0,"key":"SMITH"},{"data":"Fire Breathing","floor":15,"key":"SMITH"}],"circlet_count":0,"master_deck":["AscendersBane","Strike_R","Strike_R","Strike_R","Strike_R","Defend_R","Defend_R","Defend_R","Defend_R","Bash","Spot Weakness","Metallicize","Dark Embrace+1","Rampage","Double Tap","Battle Trance","Fire Breathing+1","Shrug It Off","Fiend Fire","Seeing Red","Sever Soul"],"relics":["Burning Blood","NeowsBlessing","Letter Opener","Thread and Needle","Pen Nib","MawBank","Strawberry","Medical Kit","Fusion Hammer","Orichalcum"],"acts_visited":["Exordium","TheCity"],"potions_floor_usage":[13,18],"damage_taken":[{"damage":0.0,"enemies":"Jaw Worm","floor":1.0,"turns":1.0},{"damage":0.0,"enemies":"2 Louse","floor":5.0,"turns":2.0},{"damage":0.0,"enemies":"Gremlin Nob","floor":7.0,"turns":1.0},{"damage":0.0,"enemies":"Cultist","floor":10.0,"turns":4.0},{"damage":5.0,"enemies":"3 Sentries","floor":11.0,"turns":8.0},{"damage":3.0,"enemies":"Blue Slaver","floor":12.0,"turns":4.0},{"damage":11,"enemies":"Lagavulin","floor":13,"turns":7},{"damage":59,"enemies":"Hexaghost","floor":16,"turns":10},{"damage":1,"enemies":"3 Byrds","floor":18,"turns":5},{"damage":6,"enemies":"Spheric Guardian","floor":21,"turns":5},{"damage":76,"enemies":"Gremlin Leader","floor":23,"turns":5}],"seed_played":"-6348145061033331203","potions_obtained":[{"floor":1.0,"key":"BlessingOfTheForge"},{"floor":4.0,"key":"EssenceOfSteel"},{"floor":10.0,"key":"Block Potion"},{"floor":16,"key":"EssenceOfSteel"},{"floor":21,"key":"SkillPotion"}],"is_trial":false,"path_per_floor":["M","?","?","?","M","R","E","R","T","M","E","M","E","$","R","B",null,"M","?","?","M","?","E"],"character_chosen":"IRONCLAD","items_purchased":["Medical Kit","Fire Breathing","Shrug It Off"],"campfire_rested":1,"item_purchase_floors":[14,14,14],"current_hp_per_floor":[74,63,45,45,51,73,75,75,75,75,75,75,77,77,77,24,68,73,73,73,73,73,0,0],"gold":109,"neow_bonus":"THREE_ENEMY_KILL","is_daily":false,"chose_seed":false,"campfire_upgraded":2,"win_rate":0.0,"timestamp":1610344167,"path_taken":["M","?","?","?","M","R","E","R","T","M","E","?","E","$","R","BOSS","M","?","?","M","?","E"],"items_purchased_type":["Relic","Card","Card"],"build_version":"2020-12-18","purchased_purges":0,"victory":false,"max_hp_per_floor":[75,75,75,75,75,75,75,75,75,75,75,75,82,82,82,82,82,82,82,82,82,82,82,82],"card_choices":[{"not_picked":["Warcry","Rupture"],"picked":"Spot Weakness","floor":1.0},{"not_picked":["Iron Wave","Body Slam"],"picked":"Metallicize","floor":5.0},{"not_picked":["Pummel","Cleave"],"picked":"Dark Embrace","floor":7.0},{"not_picked":["Perfected Strike","Iron Wave"],"picked":"Rampage","floor":10.0},{"not_picked":["Clothesline","Body Slam"],"picked":"Double Tap","floor":11.0},{"not_picked":["Infernal Blade","Pommel Strike","Sentinel"],"picked":"SKIP","floor":12},{"not_picked":["Thunderclap","Carnage"],"picked":"Battle Trance","floor":13},{"not_picked":["Bludgeon","Double Tap"],"picked":"Fiend Fire","floor":16},{"not_picked":["Body Slam","Pommel Strike"],"picked":"Seeing Red","floor":18},{"not_picked":["Pommel Strike","Dropkick"],"picked":"Sever Soul","floor":21}],"player_experience":3167733,"relics_obtained":[{"floor":7.0,"key":"Thread and Needle"},{"floor":9.0,"key":"Pen Nib"},{"floor":11.0,"key":"MawBank"},{"floor":13,"key":"Strawberry"}],"event_choices":[{"damage_healed":0.0,"max_hp_gain":0.0,"max_hp_loss":0.0,"gold_gain":75.0,"event_name":"World of Goop","player_choice":"Gather Gold","floor":2.0,"gold_loss":0.0,"damage_taken":11.0},{"damage_healed":0.0,"max_hp_gain":0.0,"max_hp_loss":0.0,"gold_gain":0.0,"event_name":"Scrap Ooze","player_choice":"Success","floor":3.0,"gold_loss":0.0,"damage_taken":18.0,"relics_obtained":["Letter Opener"]},{"damage_healed":0.0,"max_hp_gain":0.0,"max_hp_loss":0.0,"gold_gain":0.0,"event_name":"The Woman in Blue","player_choice":"Bought 1 Potion","floor":4.0,"gold_loss":0.0,"damage_taken":0.0},{"damage_healed":0,"gold_gain":0,"player_choice":"Ignored","damage_taken":0,"max_hp_gain":0,"max_hp_loss":0,"event_name":"Ghosts","floor":19,"gold_loss":0},{"damage_healed":0,"gold_gain":0,"player_choice":"Obtained Relic","damage_taken":0,"relics_obtained":["Orichalcum"],"max_hp_gain":0,"max_hp_loss":0,"event_name":"Addict","floor":20,"gold_loss":85},{"cards_removed":["Strike_R"],"damage_healed":0,"gold_gain":0,"player_choice":"Offered Basic","damage_taken":0,"max_hp_gain":0,"max_hp_loss":0,"event_name":"Bonfire Elementals","floor":22,"gold_loss":0}],"is_beta":true,"boss_relics":[{"not_picked":["SlaversCollar","SacredBark"],"picked":"Fusion Hammer"}],"items_purged_floors":[],"is_endless":false,"potions_floor_spawned":[1,10,16,21],"killed_by":"Gremlin Leader","ascension_level":18}}