{"host":"cjhtzh7tp54jdfyv","time":1610346803,"event":{"mods":["AchievementEnabler","BaseMod","Colored Map","Colored Powertips","Curses Come First","DeckTracker","Filter the Spire","Minty Spire (QoL Compilation)","RNG Fix","Relic Sorter","Relic Stats","StSLib","UnlockEverythingMod","ojb\u0027s Better Paths Mod","ojb\u0027s Info Mod"],"gold_per_floor":[109,123,123,139,189,218,229,259,259,184,213,32,67,85,85,85,85],"floor_reached":16,"playtime":1235,"items_purged":["Defend_P","Defend_P"],"score":360,"play_id":"42903a2a-224f-49d4-a2f2-102f4fe3c685","local_time":"20210111013323","is_ascension_mode":true,"campfire_choices":[{"data":"Meditate","floor":15,"key":"SMITH"}],"circlet_count":0,"master_deck":["AscendersBane","Strike_P","Strike_P","Strike_P+1","Strike_P","Defend_P+1","Defend_P","Eruption+1","Vigilance","CrushJoints","JustLucky","FearNoEvil+1","SignatureMove","Consecrate","Sanctity+1","Blasphemy","Adaptation","Meditate+1"],"relics":["Philosopher\u0027s Stone","White Beast Statue","War Paint","Yang","Bag of Marbles","Whetstone"],"acts_visited":["Exordium"],"potions_floor_usage":[13,16,16],"damage_taken":[{"damage":8.0,"enemies":"Small Slimes","floor":1.0,"turns":4.0},{"damage":8.0,"enemies":"Jaw Worm","floor":2.0,"turns":3.0},{"damage":0.0,"enemies":"Cultist","floor":4.0,"turns":3.0},{"damage":0.0,"enemies":"3 Sentries","floor":6.0,"turns":4.0},{"damage":10.0,"enemies":"Red Slaver","floor":7.0,"turns":3.0},{"damage":3.0,"enemies":"Lagavulin","floor":8.0,"turns":3.0},{"damage":13,"enemies":"3 Sentries","floor":11,"turns":5},{"damage":0,"enemies":"Lagavulin","floor":13,"turns":2},{"damage":0,"enemies":"Looter","floor":14,"turns":1},{"damage":14,"enemies":"The Guardian","floor":16,"turns":5}],"seed_played":"6861861496518769138","potions_obtained":[{"floor":1.0,"key":"DistilledChaos"},{"floor":2.0,"key":"Strength Potion"},{"floor":6.0,"key":"ColorlessPotion"},{"floor":7.0,"key":"Dexterity Potion"},{"floor":8.0,"key":"Explosive Potion"},{"floor":11,"key":"GamblersBrew"},{"floor":13,"key":"Dexterity Potion"},{"floor":14,"key":"Swift Potion"}],"is_trial":false,"path_per_floor":["M","M","?","M","?","E","M","E","T","$","E","$","E","M","R","B"],"character_chosen":"WATCHER","items_purchased":["Adaptation"],"campfire_rested":0,"item_purchase_floors":[12],"current_hp_per_floor":[53,45,45,45,39,39,29,26,26,26,13,13,13,13,13,0,0],"gold":85,"neow_bonus":"BOSS_RELIC","is_daily":false,"chose_seed":false,"campfire_upgraded":1,"win_rate":0.0,"timestamp":1610346803,"path_taken":["M","M","?","M","?","E","M","E","T","$","E","$","E","M","R","BOSS"],"items_purchased_type":["Card"],"build_version":"2020-12-22","purchased_purges":2,"victory":false,"max_hp_per_floor":[68,68,68,68,68,68,68,68,68,68,68,68,68,68,68,68,68],"relic_stats":{"counters":[10,33],"Yang":[31],"Whetstone":["FearNoEvil","Strike_P"],"War Paint":["Sanctity","Defend_P"],"obtain_stats":[{"Philosopher\u0027s Stone":0,"Yang":9,"Bag of Marbles":11,"Whetstone":13,"PureWater":0,"War Paint":8,"White Beast Statue":6},{"Philosopher\u0027s Stone":0,"Yang":6,"Bag of Marbles":7,"Whetstone":8,"PureWater":0,"War Paint":6,"White Beast Statue":4},{"Philosopher\u0027s Stone":0,"Yang":20,"Bag of Marbles":25,"Whetstone":27,"PureWater":0,"War Paint":20,"White Beast Statue":14}]},"card_choices":[{"not_picked":["Crescendo","Collect"],"picked":"CrushJoints","floor":1.0},{"not_picked":["CrushJoints","FollowUp"],"picked":"JustLucky","floor":2.0},{"not_picked":["CrushJoints","CutThroughFate"],"picked":"FearNoEvil","floor":4.0},{"not_picked":["ClearTheMind","Collect"],"picked":"SignatureMove","floor":6.0},{"not_picked":["Consecrate","Meditate","PathToVictory"],"picked":"SKIP","floor":7.0},{"not_picked":["Meditate","PathToVictory"],"picked":"Consecrate","floor":7.0},{"not_picked":["Fasting2","ClearTheMind"],"picked":"Sanctity","floor":8.0},{"not_picked":["ReachHeaven","CrushJoints"],"picked":"Blasphemy","floor":11},{"not_picked":["Prostrate","ClearTheMind","WheelKick"],"picked":"SKIP","floor":13},{"not_picked":["JustLucky","Weave"],"picked":"Meditate","floor":14}],"player_experience":4439587,"relics_obtained":[{"floor":6.0,"key":"White Beast Statue"},{"floor":8.0,"key":"War Paint"},{"floor":9.0,"key":"Yang"},{"floor":11,"key":"Bag of Marbles"},{"floor":13,"key":"Whetstone"}],"event_choices":[{"damage_healed":0.0,"max_hp_gain":0.0,"max_hp_loss":0.0,"gold_gain":0.0,"event_name":"Upgrade Shrine","player_choice":"Upgraded","floor":3.0,"gold_loss":0.0,"damage_taken":0.0,"cards_upgraded":["Eruption"]},{"damage_healed":0.0,"max_hp_gain":0.0,"max_hp_loss":0.0,"gold_gain":50.0,"event_name":"FaceTrader","player_choice":"Touch","floor":5.0,"gold_loss":0.0,"damage_taken":6.0}],"is_beta":false,"boss_relics":[],"items_purged_floors":[10,12],"is_endless":false,"potions_floor_spawned":[1,2,6,7,8,11,13,14],"killed_by":"The Guardian","ascension_level":20}}