{"host":"llpusn9usp8rznkj","time":1610328241,"event":{"mods":["2.2 Compatiblity","Aspiration","BaseMod","Colored Map","Colored Powertips","Conspire","Hubris","Minty Spire (QoL Compilation)","Quick Restart","Rare Cards Sparkle","Replay The Spire","StSLib","The Cursed"],"gold_per_floor":[111,111,128,142,142,173,98,98,98,126,126,126,151,170,170,244,244,259,259,259,259,309,309,10,10,86,86,120,135,149,161,161,234,234,250,266,166,216,216,248,248,259,286,286,315,328,346,374,374,374,374,374,374,63,94,94],"floor_reached":57,"playtime":2614,"items_purged":["Amnesia","hubris:SharpeningStone+1"],"score":3027,"play_id":"2148e926-2b04-4925-bfb5-0cda2446ca23","local_time":"20210110202401","is_ascension_mode":true,"campfire_choices":[{"floor":12.0,"key":"REST"},{"data":"Spot Weakness","floor":15.0,"key":"SMITH"},{"data":"Bash","floor":15.0,"key":"SMITH"},{"data":"Juggernaut","floor":23,"key":"SMITH"},{"data":"Iron Wave","floor":23,"key":"SMITH"},{"data":"Thunderclap","floor":25,"key":"SMITH"},{"data":"Flex","floor":25,"key":"SMITH"},{"floor":27,"key":"REST"},{"data":"CommonCold","floor":32,"key":"PURGE"},{"floor":41,"key":"RECALL"},{"data":"Limit Break","floor":49,"key":"SMITH"},{"data":"Flex","floor":49,"key":"SMITH"},{"data":"Blade Dance","floor":53,"key":"SMITH"},{"data":"Offering","floor":53,"key":"SMITH"}],"circlet_count":0,"master_deck":["AscendersBane","Strike_R","Strike_R","Strike_R","Defend_R","Defend_R","Defend_R","Bash+1","Thunderclap+1","Iron Wave+1","Anger","ReplayTheSpireMod:Muscle Training+1","Spot Weakness+1","Pommel Strike","Juggernaut+1","Flex+1","Reaper","Flex+1","Offering+1","Riddle With Holes","Blade Dance+1","Headbutt+1","Limit Break+1","Riddle With Holes+1","Life Link"],"relics":["Burning Blood","NeowsBlessing","Replay:Arrowhead","Onion Ring","Toy Ornithopter","hubris:Towel","Replay:Rubber Ducky","hubris:Backtick","hubris:IronBody","HornCleat","Ring of Fury","aspiration:RitualStick","Tiny Chest","aspiration:HummingbirdHeart","Replay:Bottled Flurry","aspiration:SilentSkillbook","Ginger","Happy Flower","hubris:MysteriousPyramids","conspire:GiftBox","Replay:Accelerometer","Shuriken","conspire:BottledYoYo"],"acts_visited":["Exordium","TheCity","TheBeyond","TheEnding"],"potions_floor_usage":[33,50],"damage_taken":[{"damage":0.0,"enemies":"2 Louse","floor":1.0,"turns":1.0},{"damage":0.0,"enemies":"Cultist","floor":3.0,"turns":1.0},{"damage":0.0,"enemies":"Small Slimes","floor":4.0,"turns":1.0},{"damage":27.0,"enemies":"3 Sentries","floor":6.0,"turns":6.0},{"damage":30.0,"enemies":"Lagavulin","floor":10.0,"turns":4.0},{"damage":21.0,"enemies":"3 Sentries","floor":13.0,"turns":5.0},{"damage":13.0,"enemies":"Looter","floor":14.0,"turns":3.0},{"damage":14.0,"enemies":"Slime Boss","floor":16.0,"turns":7.0},{"damage":20.0,"enemies":"3 Byrds","floor":18.0,"turns":4.0},{"damage":0,"enemies":"conspire:Head Lice","floor":28,"turns":6},{"damage":6,"enemies":"Chosen","floor":29,"turns":5},{"damage":1,"enemies":"Centurion and Healer","floor":30,"turns":6},{"damage":1,"enemies":"Snake Plant","floor":31,"turns":4},{"damage":43,"enemies":"hubris:MusketHawk","floor":33,"turns":7},{"damage":6,"enemies":"3 Darklings","floor":35,"turns":4},{"damage":6,"enemies":"Orb Walker","floor":36,"turns":3},{"damage":7,"enemies":"R_Hoarder","floor":40,"turns":4},{"damage":25,"enemies":"4 Shapes","floor":42,"turns":4},{"damage":31,"enemies":"Reptomancer","floor":45,"turns":5},{"damage":6,"enemies":"Writhing Mass","floor":46,"turns":2},{"damage":7,"enemies":"Jaw Worm Horde","floor":47,"turns":2},{"damage":6,"enemies":"R_Hoarder","floor":48,"turns":3},{"damage":50,"enemies":"conspire:OrnateMirror","floor":50,"turns":9},{"damage":6,"enemies":"hubris:GrandSnecko","floor":51,"turns":7},{"damage":6,"enemies":"Shield and Spear","floor":55,"turns":2},{"damage":82,"enemies":"The Heart","floor":56,"turns":10}],"seed_played":"3978856825140698102","potions_obtained":[{"floor":1.0,"key":"Elixir"},{"floor":3.0,"key":"SneckoOil"},{"floor":14.0,"key":"BloodPotion"},{"floor":16.0,"key":"Adrenaline Potion"},{"floor":28,"key":"Adrenaline Potion"},{"floor":33,"key":"FairyPotion"}],"is_trial":false,"path_per_floor":["M","?","M","M","?","E","?","?","T","E","?","R","E","M","R_BF","B",null,"M","?","?","?","?","R","$","R","T","R","E","M","M","M","R_BF","B",null,"M","M","$","T","?","E","R","M","T","T","E","M","M","E","R","B","B",null,"R","$","E","B",null],"character_chosen":"IRONCLAD","items_purchased":["Tiny Chest","Flex","Shuriken","Life Link"],"campfire_rested":2,"item_purchase_floors":[24,24,54,54],"current_hp_per_floor":[74,74,75,75,75,54,54,54,54,30,30,52,42,35,35,27,63,54,54,54,35,35,35,35,35,35,57,63,63,75,75,75,56,70,75,75,75,75,75,74,74,74,74,74,57,57,56,56,56,53,75,75,75,75,75,55],"gold":94,"neow_bonus":"THREE_ENEMY_KILL","is_daily":false,"chose_seed":false,"campfire_upgraded":10,"win_rate":0.0,"timestamp":1610328241,"path_taken":["M","?","M","?","?","E","?","?","T","E","?","R","E","M","R_BF","BOSS","M","?","?","?","?","R","?","R","T","R","E","M","M","?","R_BF","BOSS","M","M","$","?","?","E","R","M","T","?","E","M","?","E","R","BOSS","BOSS","R","$","E","BOSS"],"items_purchased_type":["Relic","Card","Relic","Card"],"build_version":"2020-12-22","purchased_purges":2,"victory":true,"max_hp_per_floor":[75,75,75,75,75,75,75,75,75,75,75,75,75,75,75,75,75,75,75,75,75,75,75,75,75,75,75,75,75,75,75,75,75,75,75,75,75,75,75,75,75,75,75,75,75,75,75,75,75,75,75,75,75,75,75,75],"card_choices":[{"not_picked":["Havoc","Cleave","Body Slam"],"picked":"SKIP","floor":1.0},{"not_picked":["Fire Breathing","hubris:SharpeningStone"],"picked":"Iron Wave","floor":3.0},{"not_picked":["Wild Strike","ReplayTheSpireMod:Strike From Hell"],"picked":"Anger","floor":4.0},{"not_picked":["Disarm","ReplayTheSpireMod:Strike From Hell"],"picked":"Spot Weakness","floor":6.0},{"not_picked":["Wild Strike","Sever Soul","Twin Strike"],"picked":"SKIP","floor":10.0},{"not_picked":["Massacre","Fire Breathing","Reckless Charge"],"picked":"SKIP","floor":13.0},{"not_picked":["conspire:Charge","Spot Weakness"],"picked":"Pommel Strike","floor":14.0},{"not_picked":["Fiend Fire","Eclipse"],"picked":"Juggernaut","floor":16.0},{"not_picked":["ReplayTheSpireMod:LeadingStrike","Infernal Blade+1","Sentinel"],"picked":"SKIP","floor":18.0},{"not_picked":["Shrug It Off","Evolve"],"picked":"Reaper","floor":28},{"not_picked":["ReplayReversal","Rupture"],"picked":"hubris:SharpeningStone+1","floor":29},{"not_picked":["ReplayReversal","Pommel Strike"],"picked":"Flex","floor":30},{"not_picked":["Armaments+1","Cleave","Defy Death"],"picked":"SKIP","floor":31},{"not_picked":["Double Tap","Hemogenesis"],"picked":"Offering","floor":33},{"not_picked":["Clash+1","Shrug It Off","Wild Strike"],"picked":"Riddle With Holes","floor":35},{"not_picked":["Flechettes","Slice","Perfected Strike"],"picked":"Blade Dance","floor":36},{"not_picked":["Noxious Fumes","hubris:SlightOfHand+1","Warcry","Calculated Gamble"],"picked":"SKIP","floor":40},{"not_picked":["Dodge and Roll+1","ReplayTheSpireMod:Strike From Hell","Quick Slash"],"picked":"Headbutt+1","floor":42},{"not_picked":["A Thousand Cuts","Exhume"],"picked":"Limit Break","floor":45},{"not_picked":["Backstab+1","Impervious","Dodge and Roll","Flex+1"],"picked":"SKIP","floor":45},{"not_picked":["Underhanded Strike+1","Poisoned Stab","Iron Wave","Armaments+1"],"picked":"SKIP","floor":46},{"not_picked":["Flying Knee","Expertise","Cleave"],"picked":"Riddle With Holes+1","floor":47},{"not_picked":["Headbutt","Sword Boomerang","Outmaneuver","Draining Mist+1"],"picked":"SKIP","floor":48},{"not_picked":["Clothesline","Calculated Gamble+1","Footwork+1","Toxin Wave+1"],"picked":"SKIP","floor":55}],"player_experience":1131084,"relics_obtained":[{"floor":6.0,"key":"Replay:Arrowhead"},{"floor":9.0,"key":"Onion Ring"},{"floor":10.0,"key":"Toy Ornithopter"},{"floor":13.0,"key":"Replay:Rubber Ducky"},{"floor":20,"key":"Ring of Fury"},{"floor":26,"key":"aspiration:HummingbirdHeart"},{"floor":28,"key":"Replay:Bottled Flurry"},{"floor":40,"key":"Ginger"},{"floor":43,"key":"Happy Flower"},{"floor":44,"key":"hubris:MysteriousPyramids"},{"floor":45,"key":"conspire:GiftBox"},{"floor":48,"key":"Replay:Accelerometer"},{"floor":55,"key":"conspire:BottledYoYo"}],"event_choices":[{"damage_healed":0.0,"max_hp_gain":0.0,"max_hp_loss":0.0,"gold_gain":0.0,"cards_transformed":["Strike_R"],"event_name":"Transmorgrifier","player_choice":"Transformed","floor":2.0,"gold_loss":0.0,"damage_taken":0.0,"cards_obtained":["Thunderclap"]},{"cards_removed":["Strike_R"],"damage_healed":0.0,"max_hp_gain":0.0,"max_hp_loss":0.0,"gold_gain":0.0,"event_name":"The Cleric","player_choice":"Card Removal","floor":7.0,"gold_loss":75.0,"damage_taken":0.0},{"damage_healed":0.0,"max_hp_gain":0.0,"max_hp_loss":0.0,"gold_gain":0.0,"event_name":"Shining Light","player_choice":"Ignored","floor":8.0,"gold_loss":0.0,"damage_taken":0.0},{"damage_healed":0,"gold_gain":50,"player_choice":"Stole From Cult","damage_taken":0,"max_hp_gain":0,"max_hp_loss":0,"event_name":"Nest","floor":22,"gold_loss":0},{"damage_healed":0,"gold_gain":0,"player_choice":"Ignored","damage_taken":0,"max_hp_gain":0,"max_hp_loss":0,"event_name":"SecretPortal","floor":39,"gold_loss":0}],"is_beta":false,"boss_relics":[{"not_picked":["Runic Dome","Electric Blood"],"picked":"hubris:Backtick"},{"not_picked":["Pandora\u0027s Box","hubris:Stopwatch"],"picked":"aspiration:SilentSkillbook"}],"items_purged_floors":[24,37],"is_endless":false,"potions_floor_spawned":[1,3,14,16,28,33,35,42,45,46,47],"ascension_level":20}}