{"host":"2xe1naorbvdtp4t7","time":1610353856,"event":{"mods":["BaseMod","Colored Map","Colored Powertips","Dark Map","Minty Spire (QoL Compilation)","Random Character Button","Rare Cards Sparkle","Spire Birthday Party"],"gold_per_floor":[109,109,125,138,149,149,160,177,204,204,235,235,17,35,35,139,139,159,159,84,99,24,24,38,38,38,38,137,154,154,50,50,150,150,170,186,186,198,40,40,40,40,40,40,50,64,80,80,80,80,80],"floor_reached":50,"playtime":2381,"items_purged":[],"score":493,"play_id":"0f5bbbaa-81b9-44ca-a5df-309a57503f1a","local_time":"20210111093056","is_ascension_mode":false,"campfire_choices":[{"floor":6,"key":"REST"},{"floor":10,"key":"REST"},{"floor":15,"key":"REST"},{"data":"Crippling Poison","floor":23,"key":"SMITH"},{"floor":25,"key":"REST"},{"data":"Dramatic Entrance","floor":30,"key":"SMITH"},{"floor":32,"key":"REST"},{"floor":40,"key":"REST"},{"data":"Terror","floor":44,"key":"SMITH"},{"floor":49,"key":"REST"}],"circlet_count":0,"master_deck":["Strike_G","Strike_G","Strike_G","Strike_G","Strike_G","Defend_G","Defend_G","Defend_G","Defend_G","Defend_G","Survivor","Neutralize+1","Deflect","Poisoned Stab","PiercingWail","Cloak And Dagger","Catalyst+1","Deflect","Riddle With Holes","Deadly Poison","Noxious Fumes","Dramatic Entrance+1","Dodge and Roll","Envenom","CurseOfTheBell","Crippling Poison+1","Bouncing Flask","Noxious Fumes+1","Dagger Spray","Deflect+1","Outmaneuver+1","Blade Dance","Caltrops+1","Corpse Explosion","Bouncing Flask+1","Blur","Deadly Poison","Terror+1","Envenom+1","Flying Knee+1","Footwork+1","Deadly Poison+1"],"relics":["Ring of the Snake","WarpedTongs","Oddly Smooth Stone","Gremlin Horn","Calling Bell","Bag of Marbles","Frozen Egg 2","Peace Pipe","CaptainsWheel","Question Card","SacredBark","Spirit Poop","HornCleat"],"acts_visited":["Exordium","TheCity","TheBeyond"],"potions_floor_usage":[11,16,33,33,33,36,45,46,50,50,50],"damage_taken":[{"damage":7,"enemies":"Cultist","floor":1,"turns":5},{"damage":2,"enemies":"Jaw Worm","floor":3,"turns":3},{"damage":3,"enemies":"2 Louse","floor":4,"turns":3},{"damage":14,"enemies":"Exordium Wildlife","floor":5,"turns":5},{"damage":9,"enemies":"Blue Slaver","floor":7,"turns":4},{"damage":4,"enemies":"3 Louse","floor":8,"turns":3},{"damage":16,"enemies":"Gremlin Nob","floor":11,"turns":4},{"damage":12,"enemies":"Exordium Wildlife","floor":14,"turns":5},{"damage":28,"enemies":"The Guardian","floor":16,"turns":8},{"damage":7,"enemies":"Shell Parasite","floor":18,"turns":5},{"damage":2,"enemies":"3 Byrds","floor":21,"turns":4},{"damage":14,"enemies":"Snecko","floor":24,"turns":5},{"damage":4,"enemies":"3 Cultists","floor":29,"turns":4},{"damage":49,"enemies":"Collector","floor":33,"turns":8},{"damage":7,"enemies":"Orb Walker","floor":35,"turns":4},{"damage":23,"enemies":"3 Darklings","floor":36,"turns":4},{"damage":15,"enemies":"Transient","floor":38,"turns":5},{"damage":17,"enemies":"Spire Growth","floor":45,"turns":6},{"damage":6,"enemies":"Sphere and 2 Shapes","floor":46,"turns":5},{"damage":0,"enemies":"4 Shapes","floor":47,"turns":3},{"damage":66,"enemies":"Donu and Deca","floor":50,"turns":7}],"seed_played":"-7873966266766521002","potions_obtained":[{"floor":1,"key":"CunningPotion"},{"floor":5,"key":"ColorlessPotion"},{"floor":11,"key":"ColorlessPotion"},{"floor":16,"key":"LiquidMemories"},{"floor":29,"key":"BlessingOfTheForge"},{"floor":35,"key":"Poison Potion"},{"floor":36,"key":"Block Potion"},{"floor":45,"key":"FearPotion"},{"floor":46,"key":"GhostInAJar"},{"floor":48,"key":"FearPotion"},{"floor":48,"key":"FearPotion"}],"is_trial":false,"path_per_floor":["M","?","M","M","M","R","M","M","T","R","E","?","$","M","R","B",null,"M","?","?","M","$","R","M","R","T","T","?","M","R","$","R","B",null,"M","M","?","M","$","R","?","?","T","R","M","M","M","?","R","B"],"character_chosen":"THE_SILENT","items_purchased":["Deadly Poison","Noxious Fumes","Dramatic Entrance","Dagger Spray","AttackPotion","Blade Dance","Caltrops+1","Terror","Envenom+1"],"campfire_rested":7,"item_purchase_floors":[13,13,13,22,22,31,31,39,39],"current_hp_per_floor":[63,63,61,58,44,65,56,52,52,70,54,54,54,42,63,35,70,63,63,63,61,61,61,47,68,68,68,68,64,64,64,70,21,70,63,40,40,25,25,46,64,64,64,64,47,41,41,41,62,0,0],"gold":80,"neow_bonus":"UPGRADE_CARD","is_daily":false,"chose_seed":false,"campfire_upgraded":3,"win_rate":0.0,"timestamp":1610353856,"path_taken":["M","?","?","M","?","R","M","M","T","R","E","?","$","M","R","BOSS","M","?","?","M","?","R","M","R","T","?","?","M","R","$","R","BOSS","M","M","?","M","$","R","?","?","T","R","?","M","M","?","R","BOSS"],"items_purchased_type":["Card","Card","Card","Card","Potion","Card","Card","Card","Card"],"build_version":"2020-12-22","purchased_purges":0,"victory":false,"max_hp_per_floor":[70,70,70,70,70,70,70,70,70,70,70,70,70,70,70,70,70,70,70,70,70,70,70,70,70,70,70,70,70,70,70,70,70,70,70,70,70,70,70,70,70,70,70,70,70,70,70,70,70,70,70],"card_choices":[{"not_picked":["Calculated Gamble","Underhanded Strike"],"picked":"Deflect","floor":1},{"not_picked":["Prepared","Tactician"],"picked":"Poisoned Stab","floor":3},{"not_picked":["Quick Slash","Dodge and Roll"],"picked":"PiercingWail","floor":4},{"not_picked":["Backflip","Quick Slash"],"picked":"Cloak And Dagger","floor":5},{"not_picked":["Sucker Punch","PiercingWail"],"picked":"Catalyst","floor":7},{"not_picked":["Acrobatics","Night Terror"],"picked":"Deflect","floor":8},{"not_picked":["Deflect","Outmaneuver"],"picked":"Riddle With Holes","floor":11},{"not_picked":["Tactician","Deflect"],"picked":"Dodge and Roll","floor":14},{"not_picked":["Tools of the Trade","Venomology"],"picked":"Envenom","floor":16},{"not_picked":["Bane","Deflect"],"picked":"Crippling Poison","floor":18},{"not_picked":["Escape Plan","Predator"],"picked":"Noxious Fumes+1","floor":21},{"not_picked":["Dagger Spray","Poisoned Stab"],"picked":"Deflect+1","floor":24},{"not_picked":["Prepared","Quick Slash","Calculated Gamble+1"],"picked":"Outmaneuver+1","floor":29},{"not_picked":["A Thousand Cuts+1","Tools of the Trade+1","Phantasmal Killer"],"picked":"Corpse Explosion","floor":33},{"not_picked":["Flechettes+1","Reflex+1","Eviscerate+1"],"picked":"Bouncing Flask+1","floor":35},{"not_picked":["Cloak And Dagger+1","Calculated Gamble+1","Prepared+1"],"picked":"Blur","floor":36},{"not_picked":["Reflex","Dodge and Roll","Underhanded Strike+1"],"picked":"Deadly Poison","floor":38},{"not_picked":["Acrobatics","Dagger Throw","Poisoned Stab"],"picked":"Flying Knee+1","floor":45},{"not_picked":["Terror+1","Cloak And Dagger+1","Bullet Time"],"picked":"Footwork+1","floor":46},{"not_picked":["Accuracy+1","Underhanded Strike+1","Poisoned Stab"],"picked":"Deadly Poison+1","floor":47}],"player_experience":52225,"relics_obtained":[{"floor":9,"key":"Oddly Smooth Stone"},{"floor":11,"key":"Gremlin Horn"},{"floor":17,"key":"Bag of Marbles"},{"floor":17,"key":"Frozen Egg 2"},{"floor":17,"key":"Peace Pipe"},{"floor":26,"key":"CaptainsWheel"},{"floor":27,"key":"Question Card"},{"floor":43,"key":"HornCleat"}],"event_choices":[{"damage_healed":0,"gold_gain":0,"player_choice":"Rummage","damage_taken":0,"relics_obtained":["WarpedTongs"],"max_hp_gain":0,"max_hp_loss":0,"event_name":"Accursed Blacksmith","floor":2,"gold_loss":0,"cards_obtained":["Pain"]},{"damage_healed":0,"gold_gain":0,"player_choice":"Grow","damage_taken":0,"max_hp_gain":0,"max_hp_loss":0,"event_name":"Living Wall","floor":12,"gold_loss":0,"cards_upgraded":["Catalyst"]},{"damage_healed":0,"gold_gain":0,"player_choice":"Read","damage_taken":0,"max_hp_gain":0,"max_hp_loss":0,"event_name":"The Library","floor":19,"gold_loss":0,"cards_obtained":["Bouncing Flask"]},{"cards_removed":["Pain"],"damage_healed":0,"gold_gain":0,"player_choice":"Gave Gold","damage_taken":0,"max_hp_gain":0,"max_hp_loss":0,"event_name":"Beggar","floor":20,"gold_loss":75},{"damage_healed":0,"gold_gain":99,"player_choice":"Stole From Cult","damage_taken":0,"max_hp_gain":0,"max_hp_loss":0,"event_name":"Nest","floor":28,"gold_loss":0},{"damage_healed":0,"gold_gain":0,"player_choice":"Ignored","damage_taken":0,"max_hp_gain":0,"max_hp_loss":0,"event_name":"Tomb of Lord Red Mask","floor":37,"gold_loss":0},{"damage_healed":18,"gold_gain":0,"player_choice":"Writhe","damage_taken":0,"max_hp_gain":0,"max_hp_loss":0,"event_name":"Winding Halls","floor":41,"gold_loss":0,"cards_obtained":["Writhe"]},{"cards_removed":["Writhe"],"damage_healed":0,"gold_gain":0,"player_choice":"Offered Curse","damage_taken":0,"relics_obtained":["Spirit Poop"],"max_hp_gain":0,"max_hp_loss":0,"event_name":"Bonfire Elementals","floor":42,"gold_loss":0},{"damage_healed":0,"gold_gain":0,"player_choice":"Got Potions","damage_taken":0,"max_hp_gain":0,"max_hp_loss":0,"event_name":"Lab","floor":48,"gold_loss":0}],"is_beta":false,"boss_relics":[{"not_picked":["Tiny House","Fusion Hammer"],"picked":"Calling Bell"},{"not_picked":["Busted Crown","Philosopher\u0027s Stone"],"picked":"SacredBark"}],"items_purged_floors":[],"is_endless":false,"potions_floor_spawned":[1,5,11,16,24,29,35,36,45,46],"killed_by":"Donu and Deca","ascension_level":0}}