{"host":"5jyeqch4fosnsiz2","time":1610394688,"event":{"mods":["BaseMod","Bestiary","Colored Map","Colored Powertips","Filter the Spire","Minty Spire (QoL Compilation)","Relic Stats","StSLib","Waifu the Spire","ojb\u0027s Better Paths Mod","ojb\u0027s Info Mod"],"gold_per_floor":[111,127,127,178,190,221,69,69,95,121,139,139,157,173,173,277,277,291,306,26,26,26,60,60,70,70,89,117,130,50,70,70,70,70],"floor_reached":33,"playtime":1602,"items_purged":["Defend_G","Defend_G"],"score":349,"play_id":"697da0c0-b2d1-4ca4-88de-f18febfb2405","local_time":"20210111145128","is_ascension_mode":false,"campfire_choices":[{"data":"Infinite Blades","floor":8,"key":"SMITH"},{"data":"Noxious Fumes","floor":15,"key":"SMITH"},{"data":"Storm of Steel","floor":32,"key":"SMITH"}],"circlet_count":0,"master_deck":["Strike_G+1","Strike_G","Strike_G","Strike_G","Defend_G","Defend_G+1","Survivor","Neutralize","Flying Knee","Backflip","All Out Attack","Noxious Fumes+1","Infinite Blades+1","Footwork","Grand Finale","Deadly Poison","Phantasmal Killer","Catalyst","Backflip","Noxious Fumes","Heel Hook","Eviscerate","Noxious Fumes+1","Riddle With Holes","Storm of Steel+1","Dash","Terror","Poisoned Stab","Acrobatics","Backflip+1"],"relics":["WristBlade","Ancient Tea Set","Toy Ornithopter","Oddly Smooth Stone","Meat on the Bone","Snecko Eye","Nilry\u0027s Codex","Strawberry","PreservedInsect"],"acts_visited":["TheCity"],"potions_floor_usage":[13,13,14,18,20,29,29,33],"damage_taken":[{"damage":0,"enemies":"Jaw Worm","floor":1,"turns":4},{"damage":0,"enemies":"2 Louse","floor":2,"turns":3},{"damage":0,"enemies":"Small Slimes","floor":5,"turns":4},{"damage":35,"enemies":"Gremlin Nob","floor":6,"turns":6},{"damage":11,"enemies":"Lagavulin","floor":10,"turns":7},{"damage":19,"enemies":"Blue Slaver","floor":11,"turns":3},{"damage":15,"enemies":"Exordium Thugs","floor":13,"turns":5},{"damage":0,"enemies":"Large Slime","floor":14,"turns":3},{"damage":24,"enemies":"The Guardian","floor":16,"turns":11},{"damage":2,"enemies":"3 Byrds","floor":18,"turns":6},{"damage":10,"enemies":"Chosen","floor":19,"turns":3},{"damage":24,"enemies":"Book of Stabbing","floor":23,"turns":4},{"damage":26,"enemies":"Centurion and Healer","floor":25,"turns":4},{"damage":34,"enemies":"3 Cultists","floor":27,"turns":5},{"damage":9,"enemies":"Gremlin Leader","floor":28,"turns":4},{"damage":0,"enemies":"Snecko","floor":29,"turns":3},{"damage":32,"enemies":"Snake Plant","floor":31,"turns":4},{"damage":50,"enemies":"Automaton","floor":33,"turns":6}],"seed_played":"9012677456109186879","potions_obtained":[{"floor":6,"key":"GamblersBrew"},{"floor":10,"key":"BlessingOfTheForge"},{"floor":13,"key":"AttackPotion"},{"floor":16,"key":"Swift Potion"},{"floor":25,"key":"FearPotion"},{"floor":28,"key":"Explosive Potion"},{"floor":31,"key":"Regen Potion"}],"is_trial":false,"path_per_floor":["M","M","?","T","M","E","$","R","T","E","M","?","M","M","R","B",null,"M","M","$","?","?","E","?","M","T","M","E","M","$","M","R","B"],"character_chosen":"THE_SILENT","items_purchased":["Infinite Blades","Fruit Juice","Noxious Fumes","Poisoned Stab","Acrobatics"],"campfire_rested":0,"item_purchase_floors":[7,20,20,30,30],"current_hp_per_floor":[70,70,75,75,75,40,40,40,40,29,22,7,14,31,31,19,75,73,63,73,57,57,52,52,38,38,16,19,41,41,21,21,0,0],"gold":70,"neow_bonus":"BOSS_RELIC","is_daily":false,"chose_seed":false,"campfire_upgraded":3,"win_rate":0.0,"timestamp":1610394688,"path_taken":["M","M","?","?","M","E","$","R","T","E","M","?","M","M","R","BOSS","M","M","$","?","?","E","?","M","T","M","E","?","?","M","R","BOSS"],"items_purchased_type":["Card","Potion","Card","Card","Card"],"build_version":"2020-12-22","purchased_purges":2,"victory":false,"max_hp_per_floor":[70,70,75,75,75,75,75,75,75,75,75,75,75,75,75,75,75,75,75,80,80,80,87,87,87,87,87,87,87,87,87,87,87,87],"relic_stats":{"counters":[18,85],"Snecko Eye":[91,91,73,73],"PreservedInsect":0,"obtain_stats":[{"WristBlade":0,"Nilry\u0027s Codex":21,"Strawberry":23,"Oddly Smooth Stone":9,"Snecko Eye":17,"PreservedInsect":28,"Ancient Tea Set":4,"Toy Ornithopter":6,"Ring of the Snake":0,"Meat on the Bone":10},{"WristBlade":0,"Nilry\u0027s Codex":11,"Strawberry":12,"Oddly Smooth Stone":4,"Snecko Eye":9,"PreservedInsect":15,"Ancient Tea Set":2,"Toy Ornithopter":4,"Ring of the Snake":0,"Meat on the Bone":5},{"WristBlade":0,"Nilry\u0027s Codex":55,"Strawberry":59,"Oddly Smooth Stone":17,"Snecko Eye":46,"PreservedInsect":72,"Ancient Tea Set":7,"Toy Ornithopter":17,"Ring of the Snake":0,"Meat on the Bone":24}],"Toy Ornithopter":35,"Meat on the Bone":120},"card_choices":[{"not_picked":["Outmaneuver","Backflip"],"picked":"Flying Knee","floor":1},{"not_picked":["Sucker Punch","PiercingWail"],"picked":"Backflip","floor":2},{"not_picked":["Concentrate","Quick Slash"],"picked":"All Out Attack","floor":5},{"not_picked":["Calculated Gamble","Finisher"],"picked":"Noxious Fumes","floor":6},{"not_picked":["Dagger Throw","Dagger Spray"],"picked":"Footwork","floor":10},{"not_picked":["Predator","Cloak And Dagger"],"picked":"Grand Finale","floor":11},{"not_picked":["Underhanded Strike","Concentrate","Flechettes"],"picked":"SKIP","floor":13},{"not_picked":["Prepared","Quick Slash"],"picked":"Deadly Poison","floor":14},{"not_picked":["Die Die Die","Glass Knife"],"picked":"Phantasmal Killer","floor":16},{"not_picked":["Expertise+1","Dagger Throw"],"picked":"Catalyst","floor":18},{"not_picked":["Finisher","Underhanded Strike"],"picked":"Backflip","floor":19},{"not_picked":["Cloak And Dagger+1","Deflect"],"picked":"Noxious Fumes+1","floor":23},{"not_picked":["PiercingWail+1","Underhanded Strike","Dagger Throw+1"],"picked":"SKIP","floor":25},{"not_picked":["Bane","Quick Slash+1"],"picked":"Storm of Steel","floor":27},{"not_picked":["PiercingWail","Footwork"],"picked":"Dash","floor":28},{"not_picked":["Dagger Throw+1","Underhanded Strike"],"picked":"Terror","floor":29},{"not_picked":["Sucker Punch","Slice"],"picked":"Backflip+1","floor":31}],"player_experience":298237,"relics_obtained":[{"floor":4,"key":"Ancient Tea Set"},{"floor":6,"key":"Toy Ornithopter"},{"floor":9,"key":"Oddly Smooth Stone"},{"floor":10,"key":"Meat on the Bone"},{"floor":21,"key":"Nilry\u0027s Codex"},{"floor":23,"key":"Strawberry"},{"floor":28,"key":"PreservedInsect"}],"event_choices":[{"damage_healed":0,"gold_gain":0,"player_choice":"Donut","damage_taken":0,"max_hp_gain":5,"max_hp_loss":0,"event_name":"Big Fish","floor":3,"gold_loss":0},{"damage_healed":0,"gold_gain":0,"player_choice":"Entered Light","damage_taken":15,"max_hp_gain":0,"max_hp_loss":0,"event_name":"Shining Light","floor":12,"gold_loss":0,"cards_upgraded":["Strike_G","Defend_G"]},{"damage_healed":0,"gold_gain":0,"player_choice":"Obtained Book","damage_taken":16,"max_hp_gain":0,"max_hp_loss":0,"event_name":"Cursed Tome","floor":21,"gold_loss":0},{"damage_healed":0,"gold_gain":0,"cards_transformed":["Strike_G","Defend_G"],"player_choice":"Became Test Subject","damage_taken":0,"max_hp_gain":0,"max_hp_loss":0,"event_name":"Drug Dealer","floor":22,"gold_loss":0,"cards_obtained":["Heel Hook","Eviscerate"]},{"damage_healed":0,"gold_gain":0,"player_choice":"Read","damage_taken":0,"max_hp_gain":0,"max_hp_loss":0,"event_name":"The Library","floor":24,"gold_loss":0,"cards_obtained":["Riddle With Holes"]}],"is_beta":false,"boss_relics":[{"not_picked":["Busted Crown","Pandora\u0027s Box"],"picked":"Snecko Eye"}],"items_purged_floors":[7,20],"is_endless":false,"potions_floor_spawned":[6,10,13,16,25,28,31],"killed_by":"Automaton","ascension_level":0}}