{"host":"c6u7e77myxvw4d0m","time":1610354996,"event":{"mods":["AchievementEnabler","BaseMod","Bestiary","Colored Map","Colored Powertips","Minty Spire (QoL Compilation)","Rare Cards Sparkle","Relic Stats","everything is the same but u backflip on backflip"],"gold_per_floor":[118,193,205,224,238,270,282,314,353,365,404,416,460,161,161,258,258,272,94,78,94,94,94],"floor_reached":22,"playtime":2189,"items_purged":["Strike_G","Strike_G"],"score":304,"play_id":"e51cf077-71b4-4219-ab5a-7e67c0303fae","local_time":"20210111104956","is_ascension_mode":true,"campfire_choices":[{"floor":7,"key":"REST"},{"floor":10,"key":"REST"},{"data":"Neutralize","floor":15,"key":"SMITH"}],"circlet_count":0,"master_deck":["AscendersBane","Strike_G","Strike_G","Strike_G","Defend_G","Defend_G","Defend_G","Defend_G","Defend_G","Survivor","Neutralize+1","Quick Slash","Leg Sweep","Acrobatics","Endless Agony","Unload","Poisoned Stab","Caltrops","A Thousand Cuts","Cloak And Dagger","Calculated Gamble","Accuracy","Venomology","PiercingWail+1","Infinite Blades","PiercingWail+1"],"relics":["SlaversCollar","MawBank","Dream Catcher","Vajra","Paper Crane","Strawberry","Runic Pyramid"],"acts_visited":["Exordium","TheCity"],"potions_floor_usage":[5,6,13,18,20,21,22],"damage_taken":[{"damage":6.0,"enemies":"Small Slimes","floor":1.0,"turns":5.0},{"damage":0.0,"enemies":"Cultist","floor":3.0,"turns":4.0},{"damage":1.0,"enemies":"Jaw Worm","floor":4.0,"turns":4.0},{"damage":22,"enemies":"Gremlin Gang","floor":5,"turns":7},{"damage":17,"enemies":"Lagavulin","floor":6,"turns":8},{"damage":4,"enemies":"Exordium Wildlife","floor":8,"turns":4},{"damage":16,"enemies":"Gremlin Nob","floor":13,"turns":4},{"damage":3,"enemies":"The Guardian","floor":16,"turns":12},{"damage":12,"enemies":"3 Byrds","floor":18,"turns":6},{"damage":26,"enemies":"2 Thieves","floor":20,"turns":5},{"damage":27,"enemies":"Sentry and Sphere","floor":21,"turns":11},{"damage":4,"enemies":"Snecko","floor":22,"turns":2}],"seed_played":"6203854423007252832","potions_obtained":[{"floor":4.0,"key":"BlessingOfTheForge"},{"floor":5,"key":"AttackPotion"},{"floor":6,"key":"SkillPotion"},{"floor":16,"key":"CultistPotion"}],"is_trial":false,"path_per_floor":["M","?","M","M","M","E","R","M","T","R","T","T","E","$","R","B",null,"M","$","M","M","M"],"character_chosen":"THE_SILENT","items_purchased":["Cloak And Dagger","Calculated Gamble","Accuracy","Block Potion","Infinite Blades"],"campfire_rested":2,"item_purchase_floors":[14,14,14,14,19],"current_hp_per_floor":[57,50,50,49,27,10,31,27,27,48,48,48,39,39,39,36,67,55,55,29,2,0,0],"gold":94,"neow_bonus":"BOSS_RELIC","is_daily":false,"chose_seed":false,"campfire_upgraded":1,"win_rate":0.0,"timestamp":1610354996,"path_taken":["M","?","?","M","M","E","R","M","T","R","?","?","E","$","R","BOSS","M","$","?","M","M"],"items_purchased_type":["Card","Card","Card","Potion","Card"],"build_version":"2020-12-22","purchased_purges":2,"victory":false,"max_hp_per_floor":[70,70,70,70,70,70,70,70,70,70,70,70,77,77,77,77,77,77,77,77,77,77,77],"relic_stats":{"Dream Catcher":1,"counters":[12,72],"MawBank":96,"obtain_stats":[{"SlaversCollar":0,"Dream Catcher":9,"Strawberry":13,"Vajra":11,"Paper Crane":12,"MawBank":6,"Ring of the Snake":0,"Runic Pyramid":17},{"SlaversCollar":0,"Dream Catcher":6,"Strawberry":7,"Vajra":6,"Paper Crane":6,"MawBank":5,"Ring of the Snake":0,"Runic Pyramid":8},{"SlaversCollar":0,"Dream Catcher":32,"Strawberry":36,"Vajra":32,"Paper Crane":32,"MawBank":28,"Ring of the Snake":0,"Runic Pyramid":48}]},"card_choices":[{"not_picked":["Expertise","Outmaneuver"],"picked":"Quick Slash","floor":1.0},{"not_picked":["Backflip","Acrobatics"],"picked":"Leg Sweep","floor":3.0},{"not_picked":["Deflect","Tactician"],"picked":"Acrobatics","floor":4.0},{"not_picked":["Outmaneuver","Escape Plan"],"picked":"Endless Agony","floor":5},{"not_picked":["Expertise","Deflect"],"picked":"Unload","floor":6},{"not_picked":["Outmaneuver","Choke"],"picked":"Poisoned Stab","floor":8},{"not_picked":["Infinite Blades","All Out Attack"],"picked":"Caltrops","floor":10},{"not_picked":["Bane","Blade Dance"],"picked":"A Thousand Cuts","floor":13},{"not_picked":["Glass Knife","Adrenaline"],"picked":"Venomology","floor":16},{"not_picked":["Dagger Spray","Flying Knee"],"picked":"PiercingWail+1","floor":18},{"not_picked":["Poisoned Stab+1","Expertise"],"picked":"PiercingWail+1","floor":20},{"not_picked":["Flying Knee","Underhanded Strike","Acrobatics+1"],"picked":"SKIP","floor":21}],"player_experience":324745,"relics_obtained":[{"floor":6,"key":"MawBank"},{"floor":9,"key":"Dream Catcher"},{"floor":11,"key":"Vajra"},{"floor":12,"key":"Paper Crane"},{"floor":13,"key":"Strawberry"}],"event_choices":[{"damage_healed":0.0,"max_hp_gain":0.0,"max_hp_loss":0.0,"gold_gain":75.0,"event_name":"FaceTrader","player_choice":"Touch","floor":2.0,"gold_loss":0.0,"damage_taken":7.0}],"is_beta":false,"boss_relics":[{"not_picked":["Cursed Key","Philosopher\u0027s Stone"],"picked":"Runic Pyramid"}],"items_purged_floors":[14,19],"is_endless":false,"potions_floor_spawned":[4,5,6,16,18,20],"killed_by":"Snecko","ascension_level":11}}