{"host":"7qoz5gmva6til3yp","time":1610381205,"event":{"mods":["AchievementEnabler","BaseMod","Minty Spire (QoL Compilation)","StSLib","SuperFastMode"],"gold_per_floor":[115,125,125,139,158,158,158,158,158,158,184,194,266,191,191,290,290,301,301,320,336,349,378,378,378,378,378,46,46,63,77,77,172,172,191,206,219,122,132,164,164,195,195,195,207,207,207,218,218,218],"floor_reached":51,"playtime":2320,"items_purged":["Strike_G","Strike_G"],"score":961,"play_id":"3e544af6-8bf5-478b-9fec-4ecd756d84d7","local_time":"20210112010645","is_ascension_mode":true,"campfire_choices":[{"data":"Dagger Spray","floor":7.0,"key":"SMITH"},{"data":"Venomology","floor":10,"key":"SMITH"},{"data":"Footwork","floor":15,"key":"SMITH"},{"floor":24,"key":"REST"},{"data":"Skewer","floor":27,"key":"SMITH"},{"data":"Accuracy","floor":29,"key":"SMITH"},{"floor":32,"key":"REST"},{"floor":41,"key":"REST"},{"data":"After Image","floor":46,"key":"SMITH"},{"data":"Well Laid Plans","floor":49,"key":"SMITH"}],"circlet_count":0,"master_deck":["Strike_G","Strike_G","Strike_G","Defend_G","Defend_G","Defend_G","Survivor","Neutralize","Deflect","Dagger Spray+1","Venomology+1","PiercingWail","Footwork+1","Corpse Explosion","Blade Dance","Malaise+1","Backflip","Escape Plan","Cloak And Dagger+1","Leg Sweep+1","Accuracy+1","After Image+1","Phantasmal Killer+1","Grand Finale+1","Tools of the Trade+1","Purity","Blur+1","Secret Technique","Secret Technique","Dark Shackles","Well Laid Plans+1"],"relics":["Ring of the Snake","TungstenRod","Ice Cream","Ninja Scroll","Philosopher\u0027s Stone","Tiny Chest","Meat on the Bone","Mercury Hourglass","Toy Ornithopter","Astrolabe","CaptainsWheel","Akabeko","Bronze Scales"],"acts_visited":["Exordium","TheCity","TheBeyond"],"potions_floor_usage":[11,11,11,16,16,18,20,21,21,23,23,31,33,33,33,33,36,40,40,42,42,50,50,50],"damage_taken":[{"damage":0.0,"enemies":"2 Louse","floor":1.0,"turns":2.0},{"damage":0.0,"enemies":"Cultist","floor":2.0,"turns":5.0},{"damage":0.0,"enemies":"Jaw Worm","floor":4.0,"turns":3.0},{"damage":2.0,"enemies":"Exordium Thugs","floor":5.0,"turns":6.0},{"damage":10,"enemies":"Lagavulin","floor":11,"turns":5},{"damage":5,"enemies":"Looter","floor":12,"turns":4},{"damage":16,"enemies":"Hexaghost","floor":16,"turns":11},{"damage":9,"enemies":"2 Thieves","floor":18,"turns":5},{"damage":4,"enemies":"Shell Parasite","floor":20,"turns":5},{"damage":2,"enemies":"Snecko","floor":21,"turns":4},{"damage":16,"enemies":"3 Cultists","floor":22,"turns":5},{"damage":16,"enemies":"Book of Stabbing","floor":23,"turns":8},{"damage":13,"enemies":"Snake Plant","floor":30,"turns":5},{"damage":12,"enemies":"Centurion and Healer","floor":31,"turns":4},{"damage":62,"enemies":"Champ","floor":33,"turns":18},{"damage":3,"enemies":"Orb Walker","floor":35,"turns":6},{"damage":0,"enemies":"3 Darklings","floor":36,"turns":2},{"damage":16,"enemies":"4 Shapes","floor":37,"turns":3},{"damage":7,"enemies":"Sphere and 2 Shapes","floor":39,"turns":7},{"damage":26,"enemies":"Nemesis","floor":40,"turns":9},{"damage":7,"enemies":"Reptomancer","floor":42,"turns":6},{"damage":3,"enemies":"Maw","floor":45,"turns":10},{"damage":0,"enemies":"Jaw Worm Horde","floor":48,"turns":1},{"damage":0,"enemies":"Awakened One","floor":50,"turns":15}],"seed_played":"-7856910059981335442","potions_obtained":[{"floor":2.0,"key":"Strength Potion"},{"floor":4.0,"key":"LiquidMemories"},{"floor":12,"key":"BlessingOfTheForge"},{"floor":22,"key":"SpeedPotion"},{"floor":30,"key":"Dexterity Potion"},{"floor":35,"key":"FearPotion"},{"floor":40,"key":"BlessingOfTheForge"},{"floor":48,"key":"Block Potion"}],"is_trial":false,"path_per_floor":["M","M","?","M","M","?","R","?","T","R","E","M","T","$","R","B",null,"M","?","M","M","M","E","R","?","T","R","$","R","M","M","R","B",null,"M","M","M","$","M","E","R","E","T","?","M","R","T","M","R","B",null],"character_chosen":"THE_SILENT","items_purchased":["Accuracy","Toy Ornithopter","Purity"],"campfire_rested":3,"item_purchase_floors":[28,28,38],"current_hp_per_floor":[70,70,75,75,73,73,73,73,73,73,63,58,58,58,58,42,67,58,58,54,52,36,20,42,42,42,42,42,42,41,46,68,25,63,60,65,49,49,42,38,60,63,63,54,51,51,51,51,51,66],"gold":218,"neow_bonus":"TRANSFORM_CARD","is_daily":false,"chose_seed":false,"campfire_upgraded":7,"win_rate":0.0,"timestamp":1610381205,"path_taken":["M","M","?","M","M","?","R","?","T","R","E","?","?","?","R","BOSS","M","?","M","M","M","E","R","?","T","R","$","R","?","M","R","BOSS","M","M","M","$","M","E","R","E","T","?","M","R","?","?","R","BOSS"],"items_purchased_type":["Card","Relic","Card"],"build_version":"2020-12-22","purchased_purges":2,"victory":true,"max_hp_per_floor":[70,70,75,75,75,75,75,75,75,75,75,75,75,75,75,75,75,75,75,75,75,75,75,75,75,75,75,75,75,75,75,75,75,75,75,75,75,75,75,75,75,75,75,75,75,75,75,75,75,75],"card_choices":[{"not_picked":["Deadly Poison","Dodge and Roll"],"picked":"Dagger Spray","floor":1.0},{"not_picked":["Dodge and Roll","Bane","Outmaneuver"],"picked":"SKIP","floor":2.0},{"not_picked":["Quick Slash","Crippling Poison"],"picked":"Venomology","floor":4.0},{"not_picked":["Concentrate","Setup"],"picked":"PiercingWail","floor":5.0},{"not_picked":["Backflip","Underhanded Strike"],"picked":"Skewer","floor":11},{"not_picked":["Distraction","Slice","Endless Agony"],"picked":"SKIP","floor":12},{"not_picked":["After Image","Corpse Explosion"],"picked":"Malaise","floor":16},{"not_picked":["Backstab","Distraction"],"picked":"Backflip","floor":18},{"not_picked":["Distraction+1","Flechettes"],"picked":"Escape Plan","floor":20},{"not_picked":["Choke","Poisoned Stab"],"picked":"Deadly Poison","floor":21},{"not_picked":["Masterful Stab+1","Prepared"],"picked":"Cloak And Dagger+1","floor":22},{"not_picked":["Acrobatics","Sucker Punch"],"picked":"Leg Sweep+1","floor":23},{"not_picked":["Caltrops+1","Slice","Underhanded Strike"],"picked":"SKIP","floor":30},{"not_picked":["Blade Dance+1","Bane","Tactician"],"picked":"SKIP","floor":31},{"not_picked":["Burst","Malaise"],"picked":"After Image","floor":33},{"not_picked":["Cloak And Dagger","Sucker Punch+1","Riddle With Holes"],"picked":"SKIP","floor":35},{"not_picked":["Dodge and Roll","Backflip","Flying Knee"],"picked":"SKIP","floor":36},{"not_picked":["Underhanded Strike","Outmaneuver","Crippling Poison"],"picked":"SKIP","floor":37},{"not_picked":["Deadly Poison+1","Sucker Punch+1","Blade Dance"],"picked":"SKIP","floor":39},{"not_picked":["Predator","Dagger Throw"],"picked":"Blur+1","floor":40},{"not_picked":["PiercingWail","Crippling Poison","Dodge and Roll"],"picked":"SKIP","floor":42},{"not_picked":["Dark Shackles","Mind Blast"],"picked":"Secret Technique","floor":44},{"not_picked":["Dark Shackles","Mind Blast"],"picked":"Secret Technique","floor":44},{"not_picked":["Mayhem","HandOfGreed"],"picked":"Dark Shackles","floor":44},{"not_picked":["PiercingWail","Tactician","Dash"],"picked":"SKIP","floor":45},{"not_picked":["Underhanded Strike+1","Outmaneuver+1"],"picked":"Well Laid Plans","floor":48}],"player_experience":325765,"relics_obtained":[{"floor":9,"key":"TungstenRod"},{"floor":11,"key":"Ice Cream"},{"floor":13,"key":"Ninja Scroll"},{"floor":23,"key":"Meat on the Bone"},{"floor":26,"key":"Mercury Hourglass"},{"floor":40,"key":"CaptainsWheel"},{"floor":42,"key":"Akabeko"},{"floor":43,"key":"Bronze Scales"}],"event_choices":[{"damage_healed":0.0,"max_hp_gain":5.0,"max_hp_loss":0.0,"gold_gain":0.0,"event_name":"Big Fish","player_choice":"Donut","floor":3.0,"gold_loss":0.0,"damage_taken":0.0},{"damage_healed":0.0,"max_hp_gain":0.0,"max_hp_loss":0.0,"gold_gain":0.0,"event_name":"Liars Game","player_choice":"Ignored","floor":6.0,"gold_loss":0.0,"damage_taken":0.0},{"damage_healed":0,"gold_gain":0,"player_choice":"3 cards matched","damage_taken":0,"max_hp_gain":0,"max_hp_loss":0,"event_name":"Match and Keep!","floor":8,"gold_loss":0,"cards_obtained":["Footwork","Corpse Explosion","Blade Dance"]},{"damage_healed":0,"gold_gain":0,"player_choice":"Opened","damage_taken":0,"relics_obtained":["Tiny Chest"],"max_hp_gain":0,"max_hp_loss":0,"event_name":"The Mausoleum","floor":19,"gold_loss":0},{"damage_healed":0,"gold_gain":0,"player_choice":"Upgraded","damage_taken":0,"max_hp_gain":0,"max_hp_loss":0,"event_name":"Upgrade Shrine","floor":25,"gold_loss":0,"cards_upgraded":["Malaise"]},{"damage_healed":0,"gold_gain":0,"player_choice":"Memory 3","damage_taken":10,"max_hp_gain":0,"max_hp_loss":0,"event_name":"SensoryStone","floor":44,"gold_loss":0}],"is_beta":false,"boss_relics":[{"not_picked":["Runic Dome","Busted Crown"],"picked":"Philosopher\u0027s Stone"},{"not_picked":["Ring of the Serpent","Fusion Hammer"],"picked":"Astrolabe"}],"items_purged_floors":[14,28],"is_endless":false,"potions_floor_spawned":[2,4,12,22,30,31,35,40,48],"ascension_level":5}}