{"host":"dn025qx6yu0j7rqc","time":1610348371,"event":{"mods":["BaseMod","Colored Map","Minty Spire (QoL Compilation)","Relic Stats","StSLib"],"gold_per_floor":[114,39,54,68,68,99,99,127,151,151,151],"floor_reached":10,"playtime":537,"items_purged":[],"score":152,"play_id":"e342357d-ad28-47de-a114-6bd406150754","local_time":"20210110225931","is_ascension_mode":true,"campfire_choices":[{"data":"Defragment","floor":7.0,"key":"SMITH"}],"circlet_count":0,"master_deck":["AscendersBane","Strike_B","Defend_B","Defend_B","Defend_B","Defend_B","Zap","Dualcast","Loop+1","All For One","FTL+1","Defragment+1","Redo","Echo Form"],"relics":["Cracked Core","MealTicket","Lantern"],"acts_visited":["Exordium"],"potions_floor_usage":[],"damage_taken":[{"damage":2.0,"enemies":"2 Louse","floor":1.0,"turns":3.0},{"damage":4.0,"enemies":"Jaw Worm","floor":3.0,"turns":4.0},{"damage":2.0,"enemies":"Cultist","floor":4.0,"turns":4.0},{"damage":6.0,"enemies":"Lagavulin","floor":6.0,"turns":6.0},{"damage":8.0,"enemies":"Gremlin Nob","floor":8.0,"turns":3.0},{"damage":30,"enemies":"3 Sentries","floor":10,"turns":4}],"seed_played":"124594031022624113","potions_obtained":[{"floor":1.0,"key":"Dexterity Potion"},{"floor":4.0,"key":"FearPotion"}],"is_trial":false,"path_per_floor":["M","?","M","M","?","E","R","E","T","E"],"character_chosen":"DEFECT","items_purchased":[],"campfire_rested":0,"item_purchase_floors":[],"current_hp_per_floor":[62,62,58,56,37,31,31,23,23,0,0],"gold":151,"neow_bonus":"TRANSFORM_TWO_CARDS","is_daily":false,"chose_seed":false,"campfire_upgraded":1,"win_rate":0.0,"timestamp":1610348371,"path_taken":["M","?","M","M","?","E","R","E","T","E"],"items_purchased_type":[],"build_version":"2020-12-22","purchased_purges":0,"victory":false,"max_hp_per_floor":[64,64,64,64,64,64,64,64,64,64,64],"relic_stats":{"counters":[6,24],"MealTicket":0,"obtain_stats":[{"Lantern":8,"MealTicket":6,"Cracked Core":0},{"Lantern":5,"MealTicket":4,"Cracked Core":0},{"Lantern":20,"MealTicket":17,"Cracked Core":0}]},"card_choices":[{"not_picked":["Steam","Heatsinks"],"picked":"FTL","floor":1.0},{"not_picked":["Barrage","Fusion"],"picked":"Defragment","floor":3.0},{"not_picked":["Doom and Gloom","Lockon"],"picked":"Redo","floor":4.0},{"not_picked":["Beam Cell","Multi-Cast"],"picked":"Echo Form","floor":8.0}],"player_experience":1064263,"relics_obtained":[{"floor":6.0,"key":"MealTicket"},{"floor":8.0,"key":"Lantern"}],"event_choices":[{"cards_removed":["Strike_B"],"damage_healed":0.0,"max_hp_gain":0.0,"max_hp_loss":0.0,"gold_gain":0.0,"event_name":"The Cleric","player_choice":"Card Removal","floor":2.0,"gold_loss":75.0,"damage_taken":0.0},{"damage_healed":0.0,"max_hp_gain":0.0,"max_hp_loss":0.0,"gold_gain":0.0,"event_name":"Shining Light","player_choice":"Entered Light","floor":5.0,"gold_loss":0.0,"damage_taken":19.0,"cards_upgraded":["FTL","Loop"]}],"is_beta":false,"boss_relics":[],"items_purged_floors":[],"is_endless":false,"potions_floor_spawned":[1,4],"killed_by":"3 Sentries","ascension_level":20}}