{"host":"slngz8sobihb8iwl","time":1610331179,"event":{"mods":["2.2 Compatiblity","Act Like it!","BaseMod","Colored Powertips","Elementarium","Gensokyo","GifTheSpireLib","Hallownest","Hermit","Marisa????????","Menagerie","Minty Spire (QoL Compilation)","Permanent Neow","Random Character Button","Rare Cards Sparkle","Relic Filter","Robot Space Explorer","StSLib","SuperFastMode","Td1madao Mod","The Bug Knight","The Cursed","The Disciple","The Gatherer","The Hierophant","The Judge","The Marked","The Runesmith","Unceasing Turn Reminder"],"gold_per_floor":[118,129,10,10,29,29,59,59,109,109,138,138,68,387,387,487,487,500,513,513,525,553,553,553],"floor_reached":23,"playtime":1922,"items_purged":[],"score":210,"play_id":"5b0e1ae7-8c09-417f-a5c4-fe111d0377e3","local_time":"20210110211259","is_ascension_mode":true,"campfire_choices":[{"data":"hermit:Showdown","floor":6,"key":"SMITH"},{"data":"hermit:ShadowCloak","floor":8,"key":"SMITH"},{"data":"hermit:ShadowCloak","floor":15,"key":"SMITH"}],"circlet_count":0,"master_deck":["hermit:Strike_Hermit+1","hermit:Strike_Hermit","hermit:Strike_Hermit","hermit:Strike_Hermit","hermit:Defend_Hermit+1","hermit:Defend_Hermit","hermit:Defend_Hermit","hermit:Defend_Hermit+1","hermit:Snapshot","hermit:Covet+1","Injury","hermit:Showdown+1","Injury","hermit:WideOpen+1","hermit:Grudge","hermit:ShadowCloak+1","hermit:Gambit","hermit:ShadowCloak+1","hermit:FromBeyond","hermit:Ricochet","hermit:Deadeye","hermit:LoneWolf"],"relics":["hermit:Momento","Dead Branch","War Paint","Kunai","Strawberry","Anchor","Gensokyo:YoukaiFlower","Old Coin","Velvet Choker","Gensokyo:DirgeOfMelancholy"],"acts_visited":["Exordium","Gensokyo:Gensokyo"],"potions_floor_usage":[16],"damage_taken":[{"damage":0,"enemies":"Gensokyo:2_Kodama","floor":1,"turns":4},{"damage":0,"enemies":"Gensokyo:3_Fairies","floor":2,"turns":3},{"damage":0,"enemies":"Gensokyo:Python","floor":5,"turns":4},{"damage":2,"enemies":"Gensokyo:Mamizou","floor":7,"turns":7},{"damage":24,"enemies":"Gensokyo:Aya","floor":11,"turns":7},{"damage":6,"enemies":"Gensokyo:3_Kodama","floor":14,"turns":2},{"damage":35,"enemies":"Gensokyo:Reimu","floor":16,"turns":8},{"damage":11,"enemies":"Gensokyo:CosmicMonolith","floor":18,"turns":4},{"damage":14,"enemies":"Gensokyo:AngelMirror","floor":19,"turns":4},{"damage":0,"enemies":"Gensokyo:Monolith_and_Dog","floor":21,"turns":6},{"damage":25,"enemies":"Gensokyo:Slime_Group","floor":22,"turns":5},{"damage":18,"enemies":"Gensokyo:Tenshi","floor":23,"turns":3}],"seed_played":"-7919222411967473414","potions_obtained":[{"floor":2,"key":"Block Potion"},{"floor":7,"key":"SpeedPotion"},{"floor":11,"key":"Energy Potion"},{"floor":16,"key":"PowerPotion"},{"floor":22,"key":"Explosive Potion"}],"is_trial":false,"path_per_floor":["M","M","COS","?","M","R","E","R","T","?","E","?","?","M","R","B",null,"M","M","?","M","M","E"],"character_chosen":"HERMIT","items_purchased":[],"campfire_rested":0,"item_purchase_floors":[],"current_hp_per_floor":[75,75,75,75,75,75,73,73,80,80,56,56,56,50,50,15,82,71,57,57,57,32,14,14],"gold":553,"neow_bonus":"ONE_RARE_RELIC","is_daily":false,"chose_seed":false,"campfire_upgraded":3,"win_rate":0.0,"timestamp":1610331179,"path_taken":["M","M","COS","?","?","R","E","R","T","?","E","?","?","?","R","BOSS","M","M","?","M","?","E"],"items_purchased_type":[],"build_version":"2020-12-22","purchased_purges":0,"victory":false,"max_hp_per_floor":[75,75,75,75,75,75,75,75,82,82,82,82,82,82,82,82,82,82,82,82,82,82,82,82],"card_choices":[{"not_picked":["hermit:Snipe","hermit:TakeAim"],"picked":"hermit:NoHoldsBarred","floor":1},{"not_picked":["hermit:Combo","hermit:Feint"],"picked":"hermit:Showdown","floor":2},{"not_picked":["hermit:TakeAim+1","hermit:ItchyTrigger+1"],"picked":"hermit:WideOpen+1","floor":5},{"not_picked":["hermit:EyeOfTheStorm","hermit:SprayPray"],"picked":"hermit:Grudge","floor":5},{"not_picked":["hermit:LowProfile","hermit:ItchyTrigger"],"picked":"hermit:ShadowCloak","floor":7},{"not_picked":["hermit:Combo","hermit:Brawl"],"picked":"hermit:Gambit","floor":11},{"not_picked":["hermit:Combo","hermit:DeadMansHand"],"picked":"hermit:ShadowCloak","floor":14},{"not_picked":["hermit:Adapt","hermit:BlackWind"],"picked":"hermit:FromBeyond","floor":16},{"not_picked":["hermit:BodyArmor","hermit:Glare"],"picked":"hermit:Ricochet","floor":18},{"not_picked":["hermit:CalledShot","hermit:LowProfile+1"],"picked":"hermit:Deadeye","floor":19},{"not_picked":["hermit:SprayPray","hermit:TakeAim"],"picked":"hermit:LoneWolf","floor":21},{"not_picked":["hermit:Maintenance","hermit:Ricochet","hermit:Spite"],"picked":"SKIP","floor":22}],"player_experience":391084,"relics_obtained":[{"floor":7,"key":"Kunai"},{"floor":9,"key":"Strawberry"},{"floor":11,"key":"Anchor"}],"event_choices":[],"is_beta":false,"boss_relics":[{"not_picked":["Empty Cage","Runic Dome"],"picked":"Velvet Choker"}],"items_purged_floors":[],"is_endless":false,"potions_floor_spawned":[2,7,11,16,22],"killed_by":"Gensokyo:Tenshi","ascension_level":1}}