{"host":"tr12w2fixbnujl15","time":1610402981,"event":{"mods":["2.2 Compatiblity","BaseMod","Better Skull","BetterRewards","Clockwork Mod","Colored Powertips","Evolution","Hermit","Hubris","Infinite Spire","Koishi","Mad Scientist","Minty Spire (QoL Compilation)","Quick Restart","Replay The Spire","Shop Mod","StSLib","SuperFastMode","The Animator","The Bug Knight","The Construct","The Cursed","The Hierophant","The Necromancer","The Sage","The Senshi","The Servant 0.9.4","The Spell Scribe","TheFirefly","WarShipGirlsR/????R mod"],"gold_per_floor":[115,127,76,51,69,102,102,116,142,93,110,110,127,137,137,137,137],"floor_reached":16,"playtime":837,"items_purged":[],"score":104,"play_id":"bd495dde-e42b-47b2-9a99-e27cca44cf98","local_time":"20210111170941","is_ascension_mode":false,"campfire_choices":[{"floor":7,"key":"REST"},{"floor":15,"key":"REST"}],"circlet_count":0,"master_deck":["construct:Strike_Gold","construct:Strike_Gold","construct:Strike_Gold","construct:Strike_Gold","construct:Strike_Gold","construct:Defend_Gold","construct:Defend_Gold","construct:Defend_Gold","construct:Defend_Gold","construct:Defend_Gold","construct:AttackMode","construct:DefenseMode","construct:Failsafe","construct:ScrapCannon","construct:Autoturret","construct:Autoturret","construct:ClusterMines","construct:FlakBarrage","construct:SyphonStrike","construct:HeavyBolt","construct:ModeShift","Overencumbered","PanicButton","construct:LongRangeLance","construct:Versatility"],"relics":["construct:Cogwheel","EVO:Axolotl","NeowsBlessing","Replay:Towering Pillar of Hats","Blue Doll"],"acts_visited":["Exordium"],"potions_floor_usage":[14,16],"damage_taken":[{"damage":0,"enemies":"Cultist","floor":1,"turns":1},{"damage":0,"enemies":"Small Slimes","floor":2,"turns":1},{"damage":0,"enemies":"2 Louse","floor":5,"turns":2},{"damage":28,"enemies":"Lagavulin","floor":6,"turns":6},{"damage":16,"enemies":"Blue Slaver","floor":8,"turns":4},{"damage":13,"enemies":"Large Slime","floor":11,"turns":4},{"damage":21,"enemies":"3 Louse","floor":13,"turns":5},{"damage":0,"enemies":"Blue Slaver","floor":14,"turns":3},{"damage":7,"enemies":"The Guardian","floor":16,"turns":4}],"seed_played":"-8259954185538364055","potions_obtained":[{"floor":6,"key":"GamblersBrew"},{"floor":8,"key":"FearPotion"},{"floor":13,"key":"DistilledChaos"}],"is_trial":false,"path_per_floor":["M","M","$","$","M","E","R","M","T","$","M","?","M","M","R","B"],"character_chosen":"THE_CONSTRUCT_MOD","items_purchased":["construct:Autoturret","construct:Autoturret","Block Potion"],"campfire_rested":2,"item_purchase_floors":[3,4,10],"current_hp_per_floor":[85,85,85,85,85,57,82,66,66,66,53,53,32,32,57,50,50],"gold":137,"neow_bonus":"THREE_ENEMY_KILL","is_daily":false,"chose_seed":false,"campfire_upgraded":0,"win_rate":0.0,"timestamp":1610402981,"path_taken":["M","?","?","$","M","E","R","M","T","$","M","?","?","M","R","BOSS"],"items_purchased_type":["Card","Card","Potion"],"build_version":"2020-12-22","purchased_purges":0,"victory":false,"max_hp_per_floor":[85,85,85,85,85,85,85,85,85,85,85,85,85,85,85,85,85],"card_choices":[{"not_picked":["construct:Electrocute","construct:Forcefield"],"picked":"construct:Failsafe","floor":1},{"not_picked":["construct:ShiftStrike","construct:Hazardproof"],"picked":"construct:ScrapCannon","floor":2},{"not_picked":["construct:GuardCore","construct:FierceBash"],"picked":"construct:ClusterMines","floor":5},{"not_picked":["construct:Reinforce","construct:ShieldGenerator"],"picked":"construct:FlakBarrage","floor":6},{"not_picked":["construct:ShiftGuard","construct:Enhance"],"picked":"construct:SyphonStrike","floor":8},{"not_picked":["construct:FocusedBeam","construct:FierceBash"],"picked":"construct:HeavyBolt","floor":11},{"not_picked":["construct:ClusterMines","construct:Autoturret"],"picked":"construct:LongRangeLance","floor":13},{"not_picked":["construct:VentSteam","construct:ElectricArmor"],"picked":"construct:Versatility","floor":14}],"player_experience":47074,"relics_obtained":[{"floor":6,"key":"Replay:Towering Pillar of Hats"},{"floor":9,"key":"Blue Doll"}],"event_choices":[{"damage_healed":0,"gold_gain":0,"player_choice":"3 cards matched","damage_taken":0,"max_hp_gain":0,"max_hp_loss":0,"event_name":"Match and Keep!","floor":12,"gold_loss":0,"cards_obtained":["construct:ModeShift","Overencumbered","PanicButton"]}],"is_beta":false,"boss_relics":[],"items_purged_floors":[],"is_endless":false,"potions_floor_spawned":[6,8,13],"killed_by":"The Guardian","ascension_level":0}}