{"host":"xnrw1j8ho83czkv7","time":1610402297,"event":{"mods":["AchievementEnabler","BaseMod","Colored Map","Colored Powertips","Minty Spire (QoL Compilation)","Quick Restart","StSLib"],"gold_per_floor":[118,118,118,137,137,137,137,168,168,190,190,115,197,231,231,231,231],"floor_reached":16,"playtime":490,"items_purged":["Strike_R"],"score":135,"play_id":"94c2b495-147a-4454-b6e5-bd85ac9cd0f0","local_time":"20210111215817","is_ascension_mode":true,"campfire_choices":[{"data":"Bash","floor":6,"key":"SMITH"},{"data":"Defend_R","floor":7,"key":"SMITH"},{"data":"Body Slam","floor":11,"key":"SMITH"},{"data":"Defend_R","floor":15,"key":"SMITH"}],"circlet_count":0,"master_deck":["Strike_R","Strike_R","Strike_R","Strike_R","Defend_R","Defend_R","Defend_R+1","Defend_R+1","Bash+1","Body Slam+1"],"relics":["Burning Blood","NeowsBlessing","WingedGreaves","Omamori","Ornamental Fan","Odd Mushroom","White Beast Statue"],"acts_visited":["Exordium"],"potions_floor_usage":[3,10,10,14,16],"damage_taken":[{"damage":0,"enemies":"Jaw Worm","floor":1,"turns":1},{"damage":0,"enemies":"Cultist","floor":4,"turns":1},{"damage":0,"enemies":"3 Sentries","floor":8,"turns":2},{"damage":15,"enemies":"The Mushroom Lair","floor":10,"turns":5},{"damage":43,"enemies":"Lagavulin","floor":14,"turns":7},{"damage":60,"enemies":"Hexaghost","floor":16,"turns":10}],"seed_played":"-3202678599527650994","potions_obtained":[{"floor":1,"key":"BloodPotion"},{"floor":3,"key":"Fruit Juice"},{"floor":3,"key":"SmokeBomb"},{"floor":3,"key":"ElixirPotion"},{"floor":8,"key":"LiquidMemories"},{"floor":10,"key":"SkillPotion"}],"is_trial":false,"path_per_floor":["M","?","?","M","$","R","R","E","T","?","R","$","T","E","R","B"],"character_chosen":"IRONCLAD","items_purchased":[],"campfire_rested":0,"item_purchase_floors":[],"current_hp_per_floor":[80,73,78,84,84,84,84,85,85,76,76,76,76,39,39,0,0],"gold":231,"neow_bonus":"THREE_ENEMY_KILL","is_daily":false,"chose_seed":false,"campfire_upgraded":4,"win_rate":0.0,"timestamp":1610402297,"path_taken":["M","?","?","?","$","R","R","E","T","?","R","$","?","E","R","BOSS"],"items_purchased_type":[],"build_version":"2020-12-22","purchased_purges":1,"victory":false,"max_hp_per_floor":[80,80,85,85,85,85,85,85,85,85,85,85,85,85,85,85,85],"card_choices":[{"not_picked":["True Grit","Thunderclap","Pommel Strike"],"picked":"SKIP","floor":1},{"not_picked":["Burning Pact","Twin Strike","Uppercut"],"picked":"SKIP","floor":4},{"not_picked":["Perfected Strike","Blood for Blood"],"picked":"Body Slam","floor":8},{"not_picked":["Carnage","Sword Boomerang","Heavy Blade"],"picked":"SKIP","floor":14}],"player_experience":33877,"relics_obtained":[{"floor":8,"key":"Omamori"},{"floor":9,"key":"Ornamental Fan"},{"floor":10,"key":"Odd Mushroom"},{"floor":14,"key":"White Beast Statue"}],"event_choices":[{"damage_healed":0,"gold_gain":0,"player_choice":"Success","damage_taken":7,"relics_obtained":["WingedGreaves"],"max_hp_gain":0,"max_hp_loss":0,"event_name":"Scrap Ooze","floor":2,"gold_loss":0},{"damage_healed":0,"gold_gain":0,"player_choice":"Got Potions","damage_taken":0,"max_hp_gain":0,"max_hp_loss":0,"event_name":"Lab","floor":3,"gold_loss":0},{"damage_healed":0,"gold_gain":0,"player_choice":"Fought Mushrooms","damage_taken":0,"max_hp_gain":0,"max_hp_loss":0,"event_name":"Mushrooms","floor":10,"gold_loss":0}],"is_beta":false,"boss_relics":[],"items_purged_floors":[12],"is_endless":false,"potions_floor_spawned":[1,8,10],"killed_by":"Hexaghost","ascension_level":1}}