{"host":"oeeu8njhzvf3llor","time":1610404195,"event":{"mods":["BaseMod","Better Match","Better Note","Better Skull","Better Third Choice","Hubris","Minty Spire (QoL Compilation)","Rare Cards Sparkle","Replay The Spire","Shop Mod","Spicy Shops","StSLib","Swap Starting Deck Mod"],"gold_per_floor":[112,122,142,242,256,282,23,23,23,23,55,70,127,140,140,236,286,297,297,316,316,335,367,367,382,406,441,456,484,49,67,67,163,163,183,283,296,312,312,347,364,364,364,170,204,216,245,10,10,10,10,10,7,37,37,37],"floor_reached":55,"playtime":2162,"items_purged":["Leap"],"score":1074,"play_id":"8c320bfa-b0a9-48c6-aebc-2f7ae4a5b387","local_time":"20210111172955","is_ascension_mode":true,"campfire_choices":[{"data":"ReplayGash","floor":8,"key":"SMITH"},{"data":"ReplayGash","floor":10,"key":"SMITH"},{"floor":24,"key":"RECALL"},{"floor":32,"key":"REST"},{"data":"Reprogram","floor":42,"key":"SMITH"},{"data":"hubris:EnhanceAbility","floor":49,"key":"SMITH"},{"data":"Swift Strike","floor":52,"key":"SMITH"}],"circlet_count":0,"master_deck":["Gash+1","Gash+1","Gash+1","Gash+1","Rip and Tear","Reprogram+1","Steam","Steam","Steam+1","Steam","Gash+1","Conserve Battery","ReplayGash+1","Gash+1","ReplayGash+1","Beam Cell","Gash+1","Conserve Battery","Beam Cell","Conserve Battery+1","Go for the Eyes","Go for the Eyes","FTL","Beam Cell","ReplayGash+1","Swift Strike+1","Gash+1","hubris:EnhanceAbility+1","ReplayGash"],"relics":["swapstartingdeckmod:Bellows","hubris:PeanutButter","MerchantsRug","DollysMirror","Replay:WaspNest","Strawberry","PreservedInsect","Replay:Bottled Eggs","Bottled Flame","hubris:GlazedTorus","Busted Crown","Oddly Smooth Stone","ReplayTheSpireMod:Ninjato","ReplayFunnel","Bronze Scales","Thread and Needle"],"acts_visited":["Exordium","TheCity","TheBeyond","TheEnding"],"potions_floor_usage":[6,18,18,23,33],"damage_taken":[{"damage":0,"enemies":"Cultist","floor":1,"turns":3},{"damage":4,"enemies":"Small Slimes","floor":2,"turns":2},{"damage":0,"enemies":"2 Louse","floor":3,"turns":2},{"damage":0,"enemies":"2 Fungi Beasts","floor":5,"turns":3},{"damage":3,"enemies":"3 Sentries","floor":6,"turns":7},{"damage":0,"enemies":"Replay:BlueRogue","floor":11,"turns":4},{"damage":0,"enemies":"3 Louse","floor":12,"turns":2},{"damage":0,"enemies":"Gremlin Nob","floor":13,"turns":3},{"damage":0,"enemies":"Looter","floor":14,"turns":2},{"damage":0,"enemies":"Fading Forest","floor":16,"turns":11},{"damage":8,"enemies":"3 Byrds","floor":18,"turns":3},{"damage":0,"enemies":"2 Thieves","floor":20,"turns":3},{"damage":2,"enemies":"Centurion and Healer","floor":22,"turns":5},{"damage":3,"enemies":"Gremlin Leader","floor":23,"turns":5},{"damage":5,"enemies":"Shelled Parasite and Fungi","floor":25,"turns":5},{"damage":1,"enemies":"Replay:Snechameleon","floor":27,"turns":6},{"damage":24,"enemies":"Cultist and Chosen","floor":28,"turns":6},{"damage":14,"enemies":"Gremlin Leader","floor":29,"turns":5},{"damage":13,"enemies":"Centurion and Healer","floor":31,"turns":5},{"damage":61,"enemies":"Collector","floor":33,"turns":8},{"damage":6,"enemies":"3 Shapes","floor":35,"turns":4},{"damage":0,"enemies":"Orb Walker","floor":37,"turns":4},{"damage":15,"enemies":"Writhing Mass","floor":38,"turns":6},{"damage":0,"enemies":"R_Hoarder","floor":40,"turns":6},{"damage":0,"enemies":"Transient","floor":41,"turns":5},{"damage":2,"enemies":"Nemesis","floor":45,"turns":5},{"damage":2,"enemies":"Jaw Worm Horde","floor":46,"turns":3},{"damage":0,"enemies":"Reptomancer","floor":47,"turns":4},{"damage":28,"enemies":"hubris:GrandSnecko","floor":50,"turns":10},{"damage":1,"enemies":"Shield and Spear","floor":54,"turns":4},{"damage":108,"enemies":"The Heart","floor":55,"turns":6}],"seed_played":"2467389468849077401","potions_obtained":[{"floor":2,"key":"PowerPotion"},{"floor":3,"key":"SteroidPotion"},{"floor":5,"key":"Swift Potion"},{"floor":13,"key":"Reflective Coating"},{"floor":22,"key":"Weak Potion"},{"floor":28,"key":"Death Potion"},{"floor":33,"key":"FearPotion"},{"floor":37,"key":"Weak Potion"}],"is_trial":false,"path_per_floor":["M","M","M","?","M","E","$","R","T","R","E","M","?","M","R","B",null,"M","?","M","?","M","E","R","M","T","E","M","E","$","M","R","B",null,"M","?","M","M","?","E","M","R","T","$","E","M","E","$","R","B",null,"R","$","E","B"],"character_chosen":"DEFECT","items_purchased":["MerchantsRug","Gash","DollysMirror","Bottled Flame","hubris:GlazedTorus","Go for the Eyes","hubris:RGBLights","Swift Strike","BargainBundle","ReplayFunnel","hubris:EnhanceAbility","Bronze Scales","ReplayGash"],"campfire_rested":1,"item_purchase_floors":[7,7,7,30,30,30,44,44,48,48,48,53,53],"current_hp_per_floor":[75,71,71,71,71,68,68,68,68,68,75,75,75,75,82,82,87,79,79,79,97,95,92,92,87,87,86,62,48,48,35,79,18,97,91,91,91,76,76,76,76,76,76,76,74,72,72,72,72,44,97,97,97,96,0,0],"gold":37,"neow_bonus":"","is_daily":false,"chose_seed":false,"campfire_upgraded":5,"win_rate":0.0,"timestamp":1610404195,"path_taken":["M","M","?","?","?","E","?","R","T","R","E","M","?","M","R","BOSS","M","?","?","?","?","E","R","M","T","E","M","E","$","M","R","BOSS","M","?","?","M","?","E","M","R","T","$","E","M","E","?","R","BOSS","R","$","E","BOSS"],"items_purchased_type":["Relic","Card","Relic","Relic","Relic","Card","Relic","Card","Relic","Relic","Card","Relic","Card"],"build_version":"2020-12-22","purchased_purges":1,"victory":false,"max_hp_per_floor":[75,75,75,75,75,75,75,75,75,75,82,82,82,82,82,82,87,87,87,87,97,97,97,97,97,97,97,97,97,97,97,97,97,97,97,97,97,97,97,97,97,97,97,97,97,97,97,97,97,97,97,97,97,97,97,97],"card_choices":[{"not_picked":["Turbo","Static Discharge"],"picked":"Gash","floor":1},{"not_picked":["Fusion","Glacier"],"picked":"Conserve Battery","floor":2},{"not_picked":["Rebound","ReplayTheSpireMod:GoodbyeWorld"],"picked":"Leap","floor":3},{"not_picked":["BasicCrystalCard","Doom and Gloom","hubris:Ukulele"],"picked":"SKIP","floor":5},{"not_picked":["Recycle","Coolheaded"],"picked":"ReplayGash","floor":6},{"not_picked":["Cold Snap","Glacier","Defragment"],"picked":"SKIP","floor":11},{"not_picked":["Rebound","Gash"],"picked":"Beam Cell","floor":12},{"not_picked":["Coolheaded","Meteor Strike"],"picked":"Gash","floor":13},{"not_picked":["ReplayTheSpireMod:Reroute Power","Turbo"],"picked":"Conserve Battery","floor":14},{"not_picked":["hubris:Prefetch","Fission"],"picked":"Hyperbeam","floor":16},{"not_picked":["Time Bomb","Hologram"],"picked":"Beam Cell","floor":17},{"not_picked":["Aggregate","Lockon","Turbo+1"],"picked":"SKIP","floor":18},{"not_picked":["ReplayTheSpireMod:System Scan+1","BasicCrystalCard+1","Rebound"],"picked":"SKIP","floor":20},{"not_picked":["Hologram","Aggregate"],"picked":"Conserve Battery+1","floor":22},{"not_picked":["Redo","Tempest+1","Coolheaded"],"picked":"SKIP","floor":23},{"not_picked":["BasicCrystalCard","Time Bomb+1","FIFO Queue"],"picked":"SKIP","floor":25},{"not_picked":["Fission","Blizzard","Creative AI"],"picked":"SKIP","floor":27},{"not_picked":["Conserve Battery+1","White Noise+1","Genetic Algorithm","Streamline"],"picked":"SKIP","floor":28},{"not_picked":["Hologram","BasicCrystalCard","ReplayTheSpireMod:Reroute Power"],"picked":"Go for the Eyes","floor":29},{"not_picked":["ReplaySort","Barrage","Self Repair","Ball Lightning"],"picked":"SKIP","floor":31},{"not_picked":["White Noise+1"],"picked":"FTL","floor":35},{"not_picked":["Stack","Time Bomb"],"picked":"SKIP","floor":37},{"not_picked":["Lockon+1"],"picked":"Beam Cell","floor":38},{"not_picked":["Rebound","FIFO Queue"],"picked":"SKIP","floor":40},{"not_picked":["Ball Lightning+1","Hologram"],"picked":"SKIP","floor":41},{"not_picked":["Thunder Strike","ReplaySolidLightProjector+1"],"picked":"SKIP","floor":45},{"not_picked":["Static Discharge+1"],"picked":"Gash","floor":46},{"not_picked":["Chaos+1","Redo"],"picked":"SKIP","floor":47},{"not_picked":["Compile Driver"],"picked":"SKIP","floor":54}],"player_experience":494734,"relics_obtained":[{"floor":6,"key":"hubris:PeanutButter"},{"floor":9,"key":"Replay:WaspNest"},{"floor":11,"key":"Strawberry"},{"floor":13,"key":"PreservedInsect"},{"floor":23,"key":"Regal Pillow"},{"floor":27,"key":"Question Card"},{"floor":29,"key":"Replay:Bottled Eggs"},{"floor":40,"key":"Oddly Smooth Stone"},{"floor":43,"key":"Replay:Bottled Flurry"},{"floor":45,"key":"ReplayTheSpireMod:Ninjato"},{"floor":47,"key":"hubris:TenFootPole"},{"floor":54,"key":"Thread and Needle"}],"event_choices":[{"damage_healed":0,"gold_gain":100,"player_choice":"Pray","damage_taken":0,"max_hp_gain":0,"max_hp_loss":0,"event_name":"Golden Shrine","floor":4,"gold_loss":0},{"damage_healed":0,"gold_gain":0,"player_choice":"Searched \u00272\u0027 times","damage_taken":0,"max_hp_gain":0,"max_hp_loss":0,"event_name":"Dead Adventurer","floor":13,"gold_loss":0},{"damage_healed":0,"gold_gain":0,"player_choice":"Ignored","damage_taken":0,"max_hp_gain":0,"max_hp_loss":0,"event_name":"Transmorgrifier","floor":19,"gold_loss":0},{"cards_removed":["Hyperbeam"],"damage_healed":8,"gold_gain":0,"player_choice":"Offered Rare","damage_taken":0,"max_hp_gain":10,"max_hp_loss":0,"event_name":"Bonfire Elementals","floor":21,"gold_loss":0},{"damage_healed":0,"gold_gain":100,"player_choice":"Pray","damage_taken":0,"max_hp_gain":0,"max_hp_loss":0,"event_name":"Golden Shrine","floor":36,"gold_loss":0},{"damage_healed":0,"gold_gain":0,"player_choice":"Copied","damage_taken":0,"max_hp_gain":0,"max_hp_loss":0,"event_name":"Duplicator","floor":39,"gold_loss":0,"cards_obtained":["ReplayGash"]}],"is_beta":false,"boss_relics":[{"not_picked":["hubris:Stopwatch","Inserter"],"picked":"Tiny House"},{"not_picked":["Cursed Key","Runic Dome"],"picked":"Busted Crown"}],"items_purged_floors":[30],"is_endless":false,"potions_floor_spawned":[2,3,5,13,16,22,28,31,33,37,41,47],"killed_by":"The Heart","ascension_level":1}}