{"host":"066y5nba5qw19k68","time":1610338026,"event":{"mods":["BaseMod","Colored Powertips","Downfall","Minty Spire (QoL Compilation)","Replay The Spire","Shop Mod","StSLib"],"gold_per_floor":[110,121,140,154,174,174,201,217,242,275,275,294,294,319,319,424,424,434,453,468,133,133,133],"floor_reached":22,"playtime":861,"items_purged":["Strike_P"],"score":231,"play_id":"657a683f-bffc-4e73-aee7-60bef8e92cab","local_time":"20210111120706","is_ascension_mode":true,"campfire_choices":[{"data":"Eruption","floor":6.0,"key":"SMITH"},{"data":"Adaptation","floor":11.0,"key":"SMITH"},{"data":"Adaptation","floor":13.0,"key":"SMITH"},{"floor":15.0,"key":"REST"}],"circlet_count":0,"master_deck":["Strike_P","Strike_P","Strike_P","Defend_P+1","Defend_P+1","Defend_P","Defend_P","Eruption+1","Vigilance","Collect","FlurryOfBlows","FearNoEvil","Adaptation+1","SandsOfTime","Adaptation+1","LessonLearned+1","FlurryOfBlows"],"relics":["Painkiller Herb","Boot","War Paint","Mercury Hourglass","Orichalcum","Philosopher\u0027s Stone","Divine Protection"],"acts_visited":["Exordium","TheCity"],"potions_floor_usage":[],"damage_taken":[{"damage":0.0,"enemies":"Jaw Worm","floor":1.0,"turns":3.0},{"damage":0.0,"enemies":"2 Louse","floor":2.0,"turns":2.0},{"damage":0.0,"enemies":"Small Slimes","floor":3.0,"turns":3.0},{"damage":7.0,"enemies":"2 Fungi Beasts","floor":4.0,"turns":4.0},{"damage":0.0,"enemies":"3 Louse","floor":5.0,"turns":4.0},{"damage":28.0,"enemies":"Gremlin Nob","floor":7.0,"turns":4.0},{"damage":8.0,"enemies":"Blue Slaver","floor":8.0,"turns":2.0},{"damage":1.0,"enemies":"3 Sentries","floor":10.0,"turns":4.0},{"damage":0.0,"enemies":"2 Fungi Beasts","floor":12.0,"turns":2.0},{"damage":24.0,"enemies":"Gremlin Nob","floor":14.0,"turns":3.0},{"damage":12.0,"enemies":"Hexaghost","floor":16.0,"turns":9.0},{"damage":7.0,"enemies":"Chosen","floor":18.0,"turns":4.0},{"damage":36.0,"enemies":"3 Byrds","floor":19.0,"turns":4.0},{"damage":23,"enemies":"3 Cultists","floor":20,"turns":6},{"damage":6,"enemies":"Snake Plant","floor":22,"turns":1}],"seed_played":"7860552750931832202","potions_obtained":[{"floor":1.0,"key":"champ:CounterPotion"},{"floor":3.0,"key":"SteroidPotion"},{"floor":5.0,"key":"ColorlessPotion"},{"floor":8.0,"key":"Energy Potion"},{"floor":12.0,"key":"champ:CounterPotion"},{"floor":20,"key":"BlessingOfTheForge"}],"is_trial":false,"path_per_floor":["?","?","?","?","?","T","E","?","T","E","T","?","T","E","T","B",null,"?","?","?","T","?"],"character_chosen":"WATCHER","items_purchased":["Divine Protection"],"campfire_rested":1,"item_purchase_floors":[21],"current_hp_per_floor":[72,72,72,65,65,65,37,29,29,28,28,28,28,4,25,13,72,65,29,6,6,0,0],"gold":133,"neow_bonus":"BOSS_RELIC","is_daily":false,"chose_seed":false,"campfire_upgraded":3,"win_rate":0.0,"timestamp":1610338026,"path_taken":["?","?","?","?","?","T","E","?","T","E","T","?","T","E","T","BOSS","?","?","?","T","?"],"items_purchased_type":["Relic"],"build_version":"2020-12-22","purchased_purges":1,"victory":false,"max_hp_per_floor":[72,72,72,72,72,72,72,72,72,72,72,72,72,72,72,72,72,72,72,72,72,72,72],"card_choices":[{"not_picked":["Weave","Replay:ManipulateFuture","Replay:AtTheReady"],"picked":"SKIP","floor":1.0},{"not_picked":["EmptyBody","FlyingSleeves"],"picked":"Collect","floor":2.0},{"not_picked":["WreathOfFlame","JustLucky","Replay:AtTheReady"],"picked":"SKIP","floor":3.0},{"not_picked":["WreathOfFlame","Halt"],"picked":"FlurryOfBlows","floor":4.0},{"not_picked":["SpiritShield","Crescendo"],"picked":"FearNoEvil","floor":5.0},{"not_picked":["Replay:Anticipation","JustLucky"],"picked":"Adaptation","floor":7.0},{"not_picked":["Vengeance","Replay:ManipulateFuture"],"picked":"SandsOfTime","floor":8.0},{"not_picked":["Worship","Halt","PathToVictory"],"picked":"SKIP","floor":10.0},{"not_picked":["Replay:AtTheReady","PathToVictory"],"picked":"Adaptation","floor":12.0},{"not_picked":["SpiritShield","EmptyBody","Replay:Battleflow"],"picked":"SKIP","floor":14.0},{"not_picked":["Judgement","Ragnarok"],"picked":"LessonLearned","floor":16.0},{"not_picked":["Replay:ManipulateFuture","SashWhip"],"picked":"FlurryOfBlows","floor":18.0},{"not_picked":["Protect","Evaluate+1","PathToVictory"],"picked":"SKIP","floor":19.0},{"not_picked":["CrushJoints","Establishment","FlyingSleeves"],"picked":"SKIP","floor":20}],"player_experience":102549,"relics_obtained":[{"floor":7.0,"key":"Boot"},{"floor":9.0,"key":"War Paint"},{"floor":10.0,"key":"Mercury Hourglass"},{"floor":14.0,"key":"Orichalcum"}],"event_choices":[],"is_beta":false,"boss_relics":[{"not_picked":["Coffee Dripper","Black Star"],"picked":"Philosopher\u0027s Stone"}],"items_purged_floors":[21],"is_endless":false,"potions_floor_spawned":[1,3,5,8,12,20],"killed_by":"Snake Plant","ascension_level":2}}