{"host":"u7y6mp3waw4jt65j","time":1610376267,"event":{"mods":["ATMod(°¢èªMod)","Aspiration","BaseMod","Minty Spire (QoL Compilation)","Replay The Spire","StSLib","¡¾ÒÅÎï¿¨ÅÆ¡¿REMEMod"],"gold_per_floor":[118,118,118,138,138,138,138,163,163,196,196,214,230,230,230,330,330,343,375,228,246,246,246,259,290,361,361,361,375,375,375],"floor_reached":30,"playtime":954,"items_purged":[],"score":407,"play_id":"ab42a06e-5765-4297-a8e1-773dba96651c","local_time":"20210111224427","is_ascension_mode":true,"campfire_choices":[{"data":"AT_EmpoweredMortalDraw","floor":6,"key":"SMITH"},{"data":"Armaments","floor":15,"key":"SMITH"},{"data":"Reaper","floor":23,"key":"SMITH"},{"data":"ReplayTheSpireMod:Muscle Training","floor":27,"key":"SMITH"}],"circlet_count":0,"master_deck":["Strike_R","Strike_R","Strike_R","Strike_R+1","Strike_R+1","Defend_R","Defend_R","Defend_R","Defend_R","Bash","Impervious","AT_EmpoweredMortalDraw+1","Anger","Armaments+1","Evolve","ReplayTheSpireMod:Muscle Training+1","Sword Boomerang","Thunderclap","Reaper+1","Sword Boomerang","Clash","Twin Strike","Replay:Undeath\u0027s Touch+1","AT_IchimonjiDouble+1","Run Through"],"relics":["Burning Blood","AT_ATBox","REME_ComplimentaryCards","NeowsBlessing","Gremlin Food","Eternal Feather","Paper Frog","Meat on the Bone","ReplayTheSpireMod:Ring of Collecting","Ring of Fury","SlaversCollar","Red Mask","REME_PuzzleBoxRelic","Quantum Egg","Unceasing Top","Ring of Peace","The Courier"],"acts_visited":["Exordium","TheCity"],"potions_floor_usage":[21],"damage_taken":[{"damage":0,"enemies":"Jaw Worm","floor":1,"turns":1},{"damage":0,"enemies":"Small Slimes","floor":4,"turns":2},{"damage":0,"enemies":"Gremlin Nob","floor":8,"turns":1},{"damage":24,"enemies":"Replay:BlueRogue","floor":10,"turns":6},{"damage":6,"enemies":"2 Louse","floor":12,"turns":2},{"damage":20,"enemies":"Large Slime","floor":13,"turns":5},{"damage":65,"enemies":"Hexaghost","floor":16,"turns":9},{"damage":58,"enemies":"2 Thieves","floor":18,"turns":4},{"damage":12,"enemies":"Masked Bandits","floor":19,"turns":2},{"damage":10,"enemies":"3 Byrds","floor":21,"turns":3},{"damage":4,"enemies":"3 Cultists","floor":24,"turns":3},{"damage":21,"enemies":"Book of Stabbing","floor":25,"turns":4},{"damage":0,"enemies":"Sentry and Sphere","floor":29,"turns":3},{"damage":154,"enemies":"Centurion and Healer","floor":30,"turns":1}],"seed_played":"-1139868806994715216","potions_obtained":[{"floor":10,"key":"Swift Potion"},{"floor":16,"key":"GamblersBrew"},{"floor":19,"key":"Toxic Potion"},{"floor":21,"key":"Strength Potion"}],"is_trial":false,"path_per_floor":["M","?","?","M","$","R","?","E","T","E","?","M","M","?","R","B",null,"M","?","$","M","?","R","M","E","T","R","?","M","M"],"character_chosen":"IRONCLAD","items_purchased":["REME_PuzzleBoxRelic"],"campfire_rested":0,"item_purchase_floors":[20],"current_hp_per_floor":[78,78,75,80,80,80,64,70,70,52,72,72,58,58,70,23,66,46,52,52,55,55,70,72,57,57,72,72,77,0,0],"gold":375,"neow_bonus":"THREE_ENEMY_KILL","is_daily":false,"chose_seed":false,"campfire_upgraded":4,"win_rate":0.0,"timestamp":1610376267,"path_taken":["M","?","?","M","$","R","?","E","T","E","?","?","M","?","R","BOSS","M","?","$","M","?","R","M","E","T","R","?","M","?"],"items_purchased_type":["Relic"],"build_version":"2020-12-22","purchased_purges":0,"victory":false,"max_hp_per_floor":[80,80,80,80,80,80,80,80,80,80,80,80,80,80,80,80,80,80,80,80,80,80,80,80,80,80,80,77,77,77,77],"card_choices":[{"not_picked":["Run Through","Clash"],"picked":"Anger","floor":1},{"not_picked":["Sword Boomerang","Heavy Blade"],"picked":"Armaments","floor":4},{"not_picked":["Body Slam","Bludgeon"],"picked":"Evolve","floor":8},{"not_picked":["Iron Wave","AT_Dispersion"],"picked":"ReplayTheSpireMod:Muscle Training","floor":10},{"not_picked":["Abandon","ReplayTheSpireMod:Strike From Hell"],"picked":"Sword Boomerang","floor":12},{"not_picked":["Replay:Undeath\u0027s Touch","True Grit"],"picked":"Thunderclap","floor":13},{"not_picked":["Demon Form","Corruption"],"picked":"Reaper","floor":16},{"not_picked":["Clash","Replay:Undeath\u0027s Touch"],"picked":"Sword Boomerang","floor":18},{"not_picked":["Carnage","True Grit"],"picked":"Clash","floor":19},{"not_picked":["Anger","Massacre"],"picked":"Twin Strike","floor":21},{"not_picked":["Dropkick+1","AT_BodySlamDance"],"picked":"Replay:Undeath\u0027s Touch+1","floor":24},{"not_picked":["Abandon","Limit Break"],"picked":"AT_IchimonjiDouble+1","floor":25},{"not_picked":["Heavy Blade","Combust"],"picked":"Run Through","floor":29}],"player_experience":114163,"relics_obtained":[{"floor":8,"key":"Eternal Feather"},{"floor":9,"key":"Paper Frog"},{"floor":10,"key":"Meat on the Bone"},{"floor":14,"key":"ReplayTheSpireMod:Ring of Collecting"},{"floor":14,"key":"Ring of Fury"},{"floor":19,"key":"Red Mask"},{"floor":25,"key":"Unceasing Top"},{"floor":26,"key":"Ring of Peace"},{"floor":26,"key":"The Courier"}],"event_choices":[{"damage_healed":0,"gold_gain":0,"player_choice":"Leave","damage_taken":0,"max_hp_gain":0,"max_hp_loss":0,"event_name":"The Cleric","floor":2,"gold_loss":0},{"damage_healed":0,"gold_gain":0,"player_choice":"Success","damage_taken":3,"relics_obtained":["Gremlin Food"],"max_hp_gain":0,"max_hp_loss":0,"event_name":"Scrap Ooze","floor":3,"gold_loss":0},{"damage_healed":0,"gold_gain":0,"player_choice":"Entered Light","damage_taken":16,"max_hp_gain":0,"max_hp_loss":0,"event_name":"Shining Light","floor":7,"gold_loss":0,"cards_upgraded":["Strike_R","Strike_R"]},{"damage_healed":20,"gold_gain":0,"player_choice":"Healed and dodged fight","damage_taken":0,"max_hp_gain":0,"max_hp_loss":0,"event_name":"Mushrooms","floor":11,"gold_loss":0,"cards_obtained":["Parasite"]},{"damage_healed":0,"gold_gain":0,"player_choice":"Fought Bandits","damage_taken":0,"max_hp_gain":0,"max_hp_loss":0,"event_name":"Masked Bandits","floor":19,"gold_loss":0},{"damage_healed":0,"gold_gain":0,"player_choice":"Opened","damage_taken":0,"relics_obtained":["Quantum Egg"],"max_hp_gain":0,"max_hp_loss":0,"event_name":"The Mausoleum","floor":22,"gold_loss":0,"cards_obtained":["Writhe"]},{"cards_removed":["Writhe","CommonCold","Parasite"],"damage_healed":0,"gold_gain":0,"player_choice":"Removed Curses","damage_taken":0,"max_hp_gain":0,"max_hp_loss":0,"event_name":"Fountain of Cleansing","floor":28,"gold_loss":0}],"is_beta":false,"boss_relics":[{"not_picked":["Coffee Dripper","Fusion Hammer"],"picked":"SlaversCollar"}],"items_purged_floors":[],"is_endless":false,"potions_floor_spawned":[10,16,19,21,24,25,29],"killed_by":"Centurion and Healer","ascension_level":9}}