{"host":"tj57avznel0uzvp6","time":1610386209,"event":{"mods":["BaseMod","Downfall","Glutton Mod","Minty Spire (QoL Compilation)","Remove Card Discount Mod","Replay The Spire","StSLib"],"gold_per_floor":[114,45,64,79,79,79,102,102,102,72,72,120,120,145,145,270,270,285,148,164,164,164,164,164,187,264,264,45,45,60,60,60,184,184,204,204,131,145,16,16,16,40,40,140,140,159,159,159,159,159,159],"floor_reached":50,"playtime":2062,"items_purged":[],"score":701,"play_id":"db7f782c-ba96-4fa0-8c93-27b201f0ad38","local_time":"20210111103009","daily_mods":["Blue Cards","Time Dilation","Flight","downfall:Jewelcrafting"],"is_ascension_mode":false,"campfire_choices":[{"data":"Echo Form","floor":6.0,"key":"SMITH"},{"floor":11.0,"key":"REST"},{"floor":13.0,"key":"REST"},{"floor":15.0,"key":"REST"},{"floor":23,"key":"REST"},{"floor":27,"key":"REST"},{"floor":29,"key":"REST"},{"floor":32,"key":"REST"},{"floor":40,"key":"REST"},{"data":"Slimebound:DuplicatedForm","floor":41,"key":"SMITH"},{"data":"Buffer","floor":45,"key":"SMITH"},{"floor":47,"key":"REST"},{"floor":49,"key":"REST"}],"circlet_count":0,"master_deck":["Demon Form","Echo Form+1","DevaForm","Glutton:StarvationMode","Guardian:ConstructionForm","hexamod:ParanormalForm","Slimebound:DuplicatedForm+1","sneckomod:SerpentMind","Strike_B+1","Strike_B+1","Strike_B+1","Strike_B+1","Defend_B+1","Defend_B+1","Defend_B+1","Defend_B+1","Zap","Dualcast","Guardian:ExploitGems","Guardian:ExploitGems","Sweeping Beam","Blizzard","Heatsinks","Streamline","FIFO Queue","Static Discharge","Cold Snap","Core Surge","Cold Snap","Buffer+1","AbeCurse","Turbo+1","Heatsinks","Aggregate","Blizzard","ReplayTheSpireMod:Calculation Training","Defragment","Loop","Coolheaded","Reboot","Cold Snap","FIFO Queue","Coolheaded","Static Discharge","Blizzard","Blizzard","Parasite","Loop","Defragment+1","Static Discharge+1"],"relics":["FrozenCore","Guardian:PickAxe","replay:Trail_Library","Golden Idol","StrikeDummy","Mercury Hourglass","Abe\u0027s Treasure","Sundial","Replay:Frozen Program","Frozen Egg 2"],"acts_visited":["Exordium","TheCity","TheBeyond"],"potions_floor_usage":[20,33,38,38],"damage_taken":[{"damage":8.0,"enemies":"Cultist","floor":1.0,"turns":5.0},{"damage":7.0,"enemies":"Jaw Worm","floor":3.0,"turns":8.0},{"damage":14.0,"enemies":"2 Louse","floor":4.0,"turns":3.0},{"damage":30.0,"enemies":"Gremlin Gang","floor":7.0,"turns":3.0},{"damage":0.0,"enemies":"Looter","floor":10.0,"turns":4.0},{"damage":18.0,"enemies":"2 Fungi Beasts","floor":14.0,"turns":3.0},{"damage":55.0,"enemies":"Fading Forest","floor":16.0,"turns":10.0},{"damage":39.0,"enemies":"2 Thieves","floor":18.0,"turns":4.0},{"damage":50,"enemies":"Shell Parasite","floor":20,"turns":4},{"damage":30,"enemies":"Sentry and Sphere","floor":25,"turns":5},{"damage":43,"enemies":"Snecko","floor":30,"turns":3},{"damage":32,"enemies":"Champ","floor":33,"turns":11},{"damage":8,"enemies":"Orb Walker","floor":35,"turns":6},{"damage":20,"enemies":"3 Shapes","floor":38,"turns":4},{"damage":15,"enemies":"Writhing Mass","floor":42,"turns":10},{"damage":62,"enemies":"Transient","floor":46,"turns":5},{"damage":74,"enemies":"Donu and Deca","floor":50,"turns":5}],"seed_played":"-7053837968512913308","potions_obtained":[{"floor":4.0,"key":"Explosive Potion"},{"floor":12.0,"key":"LiquidMemories"},{"floor":12.0,"key":"Fire Potion"},{"floor":12.0,"key":"FairyPotion"},{"floor":33,"key":"ColorlessPotion"},{"floor":35,"key":"SkillPotion"},{"floor":42,"key":"FearPotion"}],"is_trial":true,"path_per_floor":["M","$","M","M","?","R","M","?","T","M","R","?","R","M","R","B",null,"M","$","M","?","?","R","?","M","T","R","$","R","M","?","R","B",null,"M","?","$","M","$","R","R","M","T","?","R","M","R","$","R","B"],"character_chosen":"DEFECT","items_purchased":["Blizzard","Heatsinks","Aggregate","Loop","Replay:Frozen Program","FIFO Queue","Static Discharge","Blizzard"],"campfire_rested":10,"item_purchase_floors":[2,19,19,28,28,37,39,39],"current_hp_per_floor":[67,67,75,61,61,61,31,31,31,31,53,53,75,57,75,60,75,36,36,24,24,24,46,46,16,16,38,38,60,47,47,69,52,75,67,64,64,59,59,75,75,73,73,73,73,26,48,48,70,0,0],"gold":159,"neow_bonus":"","is_daily":false,"chose_seed":false,"campfire_upgraded":3,"win_rate":0.0,"timestamp":1610386209,"path_taken":["M","?","?","M","?","R","M","?","T","?","R","?","R","?","R","BOSS","M","$","M","?","?","R","?","M","T","R","$","R","?","?","R","BOSS","M","?","$","M","$","R","R","?","T","?","R","?","R","$","R","BOSS"],"items_purchased_type":["Card","Card","Card","Card","Relic","Card","Card","Card"],"build_version":"2020-12-22","purchased_purges":0,"victory":false,"max_hp_per_floor":[75,75,75,75,75,75,75,75,75,75,75,75,75,75,75,75,75,75,75,75,75,75,75,75,75,75,75,75,75,75,75,75,75,75,75,75,75,75,75,75,75,75,75,75,75,75,75,75,75,75,75],"card_choices":[{"not_picked":["BasicCrystalCard","Turbo"],"picked":"Sweeping Beam","floor":1.0},{"not_picked":["Go for the Eyes","ReplayTheSpireMod:Repulse"],"picked":"Heatsinks","floor":3.0},{"not_picked":["Steam Power","Rebound"],"picked":"Streamline","floor":4.0},{"not_picked":["Ball Lightning","Compile Driver"],"picked":"FIFO Queue","floor":7.0},{"not_picked":["Hologram","Scrape"],"picked":"Static Discharge","floor":10.0},{"not_picked":["Streamline","BasicCrystalCard"],"picked":"Core Surge","floor":12.0},{"not_picked":["BasicCrystalCard","Doom and Gloom"],"picked":"Cold Snap","floor":14.0},{"not_picked":["Echo Form","Machine Learning"],"picked":"Buffer","floor":16.0},{"not_picked":["Heatsinks","Sweeping Beam"],"picked":"Turbo+1","floor":18.0},{"not_picked":["Conserve Battery+1","Cold Snap+1"],"picked":"Blizzard","floor":20},{"not_picked":["Double Energy","Redo"],"picked":"ReplayTheSpireMod:Calculation Training","floor":25},{"not_picked":["Streamline","Compile Driver+1"],"picked":"Coolheaded","floor":30},{"not_picked":["Fission","Meteor Strike"],"picked":"Reboot","floor":33},{"not_picked":["Beam Cell+1","Go for the Eyes"],"picked":"Cold Snap","floor":35},{"not_picked":["Hologram","Go for the Eyes+1"],"picked":"Coolheaded","floor":38},{"not_picked":["Leap","Hello World+1"],"picked":"Loop","floor":42},{"not_picked":["Auto Shields+1","White Noise+1"],"picked":"Static Discharge+1","floor":46}],"player_experience":587868,"relics_obtained":[{"floor":9.0,"key":"Mercury Hourglass"},{"floor":26,"key":"Sundial"},{"floor":43,"key":"Frozen Egg 2"}],"event_choices":[{"damage_healed":0.0,"max_hp_gain":0.0,"max_hp_loss":0.0,"gold_gain":0.0,"event_name":"Golden Idol","player_choice":"Take Wound","floor":5.0,"gold_loss":0.0,"damage_taken":0.0,"relics_obtained":["Golden Idol"],"cards_obtained":["Injury"]},{"cards_removed":["Wraith Form v2"],"damage_healed":0.0,"max_hp_gain":0.0,"max_hp_loss":0.0,"gold_gain":0.0,"event_name":"WeMeetAgain","player_choice":"Gave Card","floor":8.0,"gold_loss":0.0,"damage_taken":0.0,"relics_obtained":["StrikeDummy"]},{"damage_healed":0,"gold_gain":0,"player_choice":"Ignored","damage_taken":0,"max_hp_gain":0,"max_hp_loss":0,"event_name":"Beggar","floor":21,"gold_loss":0},{"damage_healed":0,"gold_gain":0,"player_choice":"Simplicity","damage_taken":0,"max_hp_gain":0,"max_hp_loss":0,"event_name":"Back to Basics","floor":22,"gold_loss":0,"cards_upgraded":["Strike_B","Strike_B","Strike_B","Strike_B","Defend_B","Defend_B","Defend_B","Defend_B"]},{"cards_removed":["AbeCurse","ReplayTheSpireMod:Splinters","Injury"],"damage_healed":0,"gold_gain":0,"player_choice":"Removed Curses","damage_taken":0,"max_hp_gain":0,"max_hp_loss":0,"event_name":"Fountain of Cleansing","floor":24,"gold_loss":0},{"damage_healed":0,"gold_gain":0,"player_choice":"Punched","damage_taken":3,"max_hp_gain":0,"max_hp_loss":0,"event_name":"Designer","floor":36,"gold_loss":0},{"damage_healed":0,"gold_gain":100,"player_choice":"Pray","damage_taken":0,"max_hp_gain":0,"max_hp_loss":0,"event_name":"Golden Shrine","floor":44,"gold_loss":0}],"is_beta":false,"boss_relics":[{"not_picked":["Pandora\u0027s Box","ReplayTheSpireMod:DimensionalGlitch"],"picked":"Abe\u0027s Treasure"},{"not_picked":["Replay:Ancient Bell","Busted Crown"],"picked":"FrozenCore"}],"items_purged_floors":[],"is_endless":true,"potions_floor_spawned":[4,14,16,33,35,42],"killed_by":"Donu and Deca","ascension_level":0}}