{"host":"gf95gjygaqy6b70i","time":1610403703,"event":{"mods":["BaseMod","Colored Map","Colored Powertips","Minty Spire (QoL Compilation)"],"gold_per_floor":[119,133,133,153,153,188,188,188,268,292,292,313,313,336,336,456,456,479,493,493,408,408,443,443,248,293,308,308,342,342,53,53,181,181,199,73,73,136,151,151,191,46,46,46,9,44,88,109,109,109,109,109,73,112,112],"floor_reached":56,"playtime":2691,"items_purged":[],"score":1342,"play_id":"372d4aff-8398-4215-9a3a-e32fd957710c","local_time":"20210111232143","is_ascension_mode":false,"campfire_choices":[{"floor":7.0,"key":"REST"},{"floor":11.0,"key":"REST"},{"floor":13.0,"key":"RECALL"},{"data":"Neutralize","floor":15.0,"key":"SMITH"},{"floor":24.0,"key":"REST"},{"data":"After Image","floor":28.0,"key":"SMITH"},{"floor":30.0,"key":"REST"},{"data":"Noxious Fumes","floor":32.0,"key":"SMITH"},{"data":"Apotheosis","floor":40,"key":"SMITH"},{"data":"A Thousand Cuts","floor":44,"key":"SMITH"},{"floor":49,"key":"REST"},{"data":"Caltrops","floor":52,"key":"SMITH"}],"circlet_count":0,"master_deck":["Strike_G","Strike_G","Strike_G","Strike_G","Strike_G","Defend_G","Defend_G+1","Defend_G","Defend_G","Defend_G","Survivor","Neutralize+1","Quick Slash","PiercingWail","Poisoned Stab","Backflip","Dash","Noxious Fumes+1","After Image+1","Dodge and Roll+1","Caltrops+1","Necronomicurse","Cloak And Dagger","Accuracy","Predator","A Thousand Cuts+1","Escape Plan","Noxious Fumes","Cloak And Dagger","Apotheosis+1","Deflect+1","Dagger Throw+1","Cloak And Dagger+1","Terror+1","Accuracy+1","Leg Sweep","Dodge and Roll"],"relics":["Ring of the Snake","Golden Idol","Blood Vial","Matryoshka","Pen Nib","Kunai","Mummified Hand","Oddly Smooth Stone","Philosopher\u0027s Stone","Necronomicon","Regal Pillow","Boot","Bag of Marbles","Snake Skull","Mango","Torii","Sozu","WingedGreaves","Ice Cream","Sling","Question Card","Bottled Flame","White Beast Statue","War Paint"],"acts_visited":["Exordium","TheCity","TheBeyond","TheEnding"],"potions_floor_usage":[50,50,55],"damage_taken":[{"damage":4.0,"enemies":"Small Slimes","floor":1.0,"turns":5.0},{"damage":2.0,"enemies":"2 Louse","floor":2.0,"turns":3.0},{"damage":7.0,"enemies":"Jaw Worm","floor":4.0,"turns":4.0},{"damage":31.0,"enemies":"3 Sentries","floor":6.0,"turns":11.0},{"damage":11.0,"enemies":"Large Slime","floor":12.0,"turns":7.0},{"damage":0.0,"enemies":"3 Louse","floor":14.0,"turns":5.0},{"damage":28.0,"enemies":"The Guardian","floor":16.0,"turns":10.0},{"damage":15.0,"enemies":"Spheric Guardian","floor":18.0,"turns":5.0},{"damage":2.0,"enemies":"Chosen","floor":19.0,"turns":5.0},{"damage":25.0,"enemies":"Book of Stabbing","floor":23.0,"turns":6.0},{"damage":0.0,"enemies":"Centurion and Healer","floor":27.0,"turns":7.0},{"damage":13.0,"enemies":"Gremlin Leader","floor":29.0,"turns":7.0},{"damage":18.0,"enemies":"Champ","floor":33.0,"turns":11.0},{"damage":0.0,"enemies":"3 Darklings","floor":35.0,"turns":6.0},{"damage":0,"enemies":"2 Orb Walkers","floor":38,"turns":5},{"damage":0,"enemies":"3 Shapes","floor":39,"turns":3},{"damage":0,"enemies":"Giant Head","floor":41,"turns":8},{"damage":0,"enemies":"Nemesis","floor":46,"turns":5},{"damage":27,"enemies":"Reptomancer","floor":47,"turns":5},{"damage":0,"enemies":"Maw","floor":48,"turns":5},{"damage":30,"enemies":"Time Eater","floor":50,"turns":12},{"damage":26,"enemies":"Shield and Spear","floor":54,"turns":6},{"damage":23,"enemies":"The Heart","floor":55,"turns":9}],"seed_played":"6362762639729653236","potions_obtained":[{"floor":1.0,"key":"SpeedPotion"},{"floor":6.0,"key":"GamblersBrew"},{"floor":12.0,"key":"Regen Potion"},{"floor":23.0,"key":"SkillPotion"},{"floor":29.0,"key":"Dexterity Potion"},{"floor":33.0,"key":"PowerPotion"}],"is_trial":false,"path_per_floor":["M","M","?","M","?","E","R","?","T","T","R","M","R","M","R","B",null,"M","M","?","?","?","E","R","$","T","M","R","E","R","$","R","B",null,"M","$","?","?","M","R","E","$","T","R","$","E","E","M","R","B",null,"R","$","E","B",null],"character_chosen":"THE_SILENT","items_purchased":["Bag of Marbles","Poison Potion","Torii","Noxious Fumes","Cloak And Dagger","Sling","Terror","Leg Sweep"],"campfire_rested":5,"item_purchase_floors":[25,25,31,36,36,42,45,53],"current_hp_per_floor":[73,71,52,45,42,13,36,36,36,36,59,50,50,66,66,40,77,62,62,46,46,46,23,61,61,61,63,63,66,91,91,91,73,91,91,91,91,91,91,91,91,91,91,91,91,91,64,66,91,61,91,91,91,65,44],"gold":112,"neow_bonus":"TEN_PERCENT_HP_BONUS","is_daily":false,"chose_seed":false,"campfire_upgraded":6,"win_rate":0.0,"timestamp":1610403703,"path_taken":["M","M","?","M","?","E","R","?","T","?","R","M","R","M","R","BOSS","M","M","?","?","?","E","R","$","T","M","R","E","R","$","R","BOSS","M","$","?","?","M","R","E","$","T","R","?","E","E","?","R","BOSS","R","$","E","BOSS"],"items_purchased_type":["Relic","Potion","Relic","Card","Card","Relic","Card","Card"],"build_version":"2020-12-22","purchased_purges":0,"victory":true,"max_hp_per_floor":[77,77,77,77,77,77,77,77,77,77,77,77,77,77,77,77,77,77,77,77,77,77,77,77,77,77,77,77,91,91,91,91,91,91,91,91,91,91,91,91,91,91,91,91,91,91,91,91,91,91,91,91,91,91,91],"card_choices":[{"not_picked":["PiercingWail","Deadly Poison"],"picked":"Quick Slash","floor":1.0},{"not_picked":["Acrobatics","Catalyst"],"picked":"PiercingWail","floor":2.0},{"not_picked":["Prepared","Dagger Spray"],"picked":"Poisoned Stab","floor":4.0},{"not_picked":["Well Laid Plans","Endless Agony"],"picked":"Backflip","floor":6.0},{"not_picked":["Dagger Throw","Well Laid Plans"],"picked":"Dash","floor":12.0},{"not_picked":["Quick Slash","Tactician"],"picked":"Noxious Fumes","floor":14.0},{"not_picked":["Adrenaline","Phantasmal Killer"],"picked":"After Image","floor":16.0},{"not_picked":["Backflip","Slice"],"picked":"Dodge and Roll+1","floor":18.0},{"not_picked":["Catalyst+1","Quick Slash"],"picked":"Caltrops","floor":19.0},{"not_picked":["Glass Knife","Quick Slash"],"picked":"Cloak And Dagger","floor":23.0},{"not_picked":["Cloak And Dagger","Deadly Poison"],"picked":"Accuracy","floor":27.0},{"not_picked":["Flying Knee","Backflip+1"],"picked":"Predator","floor":29.0},{"not_picked":["Glass Knife","Unload"],"picked":"A Thousand Cuts","floor":33.0},{"not_picked":["Backflip+1","PiercingWail+1"],"picked":"Escape Plan","floor":35.0},{"not_picked":["Metamorphosis","Flash of Steel"],"picked":"Apotheosis","floor":37.0},{"not_picked":["Skewer","Tactician"],"picked":"Deflect+1","floor":38},{"not_picked":["Quick Slash","Outmaneuver"],"picked":"Dagger Throw+1","floor":39},{"not_picked":["Blade Dance+1","Dagger Spray+1"],"picked":"Cloak And Dagger+1","floor":41},{"not_picked":["Bane","Acrobatics","Eviscerate"],"picked":"Accuracy+1","floor":46},{"not_picked":["Dagger Spray+1","Bane+1","Corpse Explosion","Blade Dance+1"],"picked":"SKIP","floor":47},{"not_picked":["Underhanded Strike+1","Outmaneuver","Dagger Throw+1","Sucker Punch"],"picked":"SKIP","floor":48},{"not_picked":["Flying Knee","Bouncing Flask","Backstab+1"],"picked":"Dodge and Roll","floor":54}],"player_experience":34265,"relics_obtained":[{"floor":6.0,"key":"Matryoshka"},{"floor":9.0,"key":"Kunai"},{"floor":9.0,"key":"Mummified Hand"},{"floor":10.0,"key":"Oddly Smooth Stone"},{"floor":20.0,"key":"Necronomicon"},{"floor":23.0,"key":"Boot"},{"floor":26.0,"key":"Snake Skull"},{"floor":29.0,"key":"Mango"},{"floor":38,"key":"WingedGreaves"},{"floor":41,"key":"Ice Cream"},{"floor":43,"key":"Question Card"},{"floor":46,"key":"Bottled Flame"},{"floor":47,"key":"White Beast Statue"},{"floor":54,"key":"War Paint"}],"event_choices":[{"damage_healed":0.0,"max_hp_gain":0.0,"max_hp_loss":0.0,"gold_gain":0.0,"event_name":"Golden Idol","player_choice":"Take Damage","floor":3.0,"gold_loss":0.0,"damage_taken":19.0,"relics_obtained":["Golden Idol"]},{"damage_healed":0.0,"max_hp_gain":0.0,"max_hp_loss":0.0,"gold_gain":0.0,"event_name":"Scrap Ooze","player_choice":"Success","floor":5.0,"gold_loss":0.0,"damage_taken":3.0,"relics_obtained":["Blood Vial"]},{"damage_healed":0.0,"max_hp_gain":0.0,"max_hp_loss":0.0,"gold_gain":0.0,"event_name":"Dead Adventurer","player_choice":"Searched \u00271\u0027 times","floor":8.0,"gold_loss":0.0,"damage_taken":0.0,"relics_obtained":["Pen Nib"]},{"damage_healed":0.0,"max_hp_gain":0.0,"max_hp_loss":0.0,"gold_gain":0.0,"event_name":"Cursed Tome","player_choice":"Obtained Book","floor":20.0,"gold_loss":0.0,"damage_taken":16.0},{"damage_healed":0.0,"max_hp_gain":0.0,"max_hp_loss":0.0,"gold_gain":0.0,"event_name":"Addict","player_choice":"Obtained Relic","floor":21.0,"gold_loss":85.0,"damage_taken":0.0,"relics_obtained":["Regal Pillow"]},{"damage_healed":0.0,"max_hp_gain":0.0,"max_hp_loss":0.0,"gold_gain":0.0,"event_name":"The Mausoleum","player_choice":"Ignored","floor":22.0,"gold_loss":0.0,"damage_taken":0.0},{"damage_healed":0.0,"max_hp_gain":0.0,"max_hp_loss":0.0,"gold_gain":0.0,"event_name":"SensoryStone","player_choice":"Memory 1","floor":37.0,"gold_loss":0.0,"damage_taken":0.0},{"damage_healed":0,"gold_gain":0,"player_choice":"Fight","damage_taken":0,"max_hp_gain":0,"max_hp_loss":0,"event_name":"Mysterious Sphere","floor":38,"gold_loss":0}],"is_beta":false,"boss_relics":[{"not_picked":["Runic Dome","Black Star"],"picked":"Philosopher\u0027s Stone"},{"not_picked":["HoveringKite","Coffee Dripper"],"picked":"Sozu"}],"items_purged_floors":[],"is_endless":false,"potions_floor_spawned":[1,6,12,23,29,33,38,41,46,48,54],"ascension_level":0}}