{"host":"fevvm7bbzuh4s1jc","time":1610395477,"event":{"mods":["BaseMod","Highlight Path","Minty Spire (QoL Compilation)","Relic Stats"],"gold_per_floor":[211,211,224,13,23,48,48,80,126,154,168,168,201,212,212,286,286,300,315,333,333,344,344,369,40,40,66,79,59,59,91,91,164,214,227,227,34,45,45,79,4,39,39,39,39,74,74,103,103,103,123,123,123,40,69,69],"floor_reached":57,"playtime":4072,"items_purged":["Inflame"],"score":2908,"play_id":"90cd6b53-dec5-4f89-9c17-309bf3183f1f","local_time":"20210111150437","is_ascension_mode":true,"campfire_choices":[{"data":"Hemokinesis","floor":7.0,"key":"SMITH"},{"data":"Bash","floor":15.0,"key":"SMITH"},{"data":"Brutality","floor":23.0,"key":"SMITH"},{"data":"Clothesline","floor":32.0,"key":"SMITH"},{"data":"Apotheosis","floor":44.0,"key":"SMITH"},{"data":"Demon Form","floor":47.0,"key":"SMITH"},{"floor":49.0,"key":"RECALL"},{"data":"Demon Form","floor":53.0,"key":"SMITH"}],"circlet_count":0,"master_deck":["AscendersBane","Strike_R","Defend_R","Defend_R","Defend_R","Defend_R","Bash+1","Twin Strike","Combust","Cleave","Hemokinesis+1","Headbutt","Pommel Strike","Shrug It Off","Flame Barrier","Brutality+1","Shrug It Off+1","Clothesline+1","Flame Barrier","Demon Form+1","Demon Form+1","Corruption","Shockwave+1","Panacea","Apotheosis+1","Shockwave+1","Impervious+1","Disarm+1","Shrug It Off+1"],"relics":["Burning Blood","Bag of Preparation","Eternal Feather","Bronze Scales","Happy Flower","Meat on the Bone","TungstenRod","SlaversCollar","Self Forming Clay","Pocketwatch","Juzu Bracelet","Champion Belt","Tiny House","Omamori","Strawberry","Potion Belt","Toxic Egg 2","Ice Cream","Dead Branch"],"acts_visited":["Exordium","TheCity","TheBeyond","TheEnding"],"potions_floor_usage":[],"damage_taken":[{"damage":7.0,"enemies":"Cultist","floor":1.0,"turns":4.0},{"damage":7.0,"enemies":"Small Slimes","floor":3.0,"turns":3.0},{"damage":7.0,"enemies":"Jaw Worm","floor":5.0,"turns":5.0},{"damage":25.0,"enemies":"3 Sentries","floor":6.0,"turns":5.0},{"damage":10.0,"enemies":"Gremlin Nob","floor":8.0,"turns":3.0},{"damage":16.0,"enemies":"3 Sentries","floor":10.0,"turns":4.0},{"damage":33.0,"enemies":"Exordium Thugs","floor":11.0,"turns":3.0},{"damage":8.0,"enemies":"Gremlin Nob","floor":13.0,"turns":3.0},{"damage":9.0,"enemies":"Red Slaver","floor":14.0,"turns":2.0},{"damage":43.0,"enemies":"Hexaghost","floor":16.0,"turns":8.0},{"damage":0.0,"enemies":"3 Byrds","floor":18.0,"turns":1.0},{"damage":11.0,"enemies":"Shell Parasite","floor":19.0,"turns":10.0},{"damage":29.0,"enemies":"Centurion and Healer","floor":20.0,"turns":5.0},{"damage":30.0,"enemies":"3 Cultists","floor":22.0,"turns":5.0},{"damage":16.0,"enemies":"Gremlin Leader","floor":24.0,"turns":8.0},{"damage":10.0,"enemies":"Book of Stabbing","floor":27.0,"turns":6.0},{"damage":28.0,"enemies":"Cultist and Chosen","floor":28.0,"turns":7.0},{"damage":13.0,"enemies":"Gremlin Leader","floor":31.0,"turns":4.0},{"damage":12.0,"enemies":"Collector","floor":33.0,"turns":9.0},{"damage":13.0,"enemies":"Orb Walker","floor":35.0,"turns":4.0},{"damage":38.0,"enemies":"3 Darklings","floor":38.0,"turns":6.0},{"damage":40.0,"enemies":"Reptomancer","floor":40.0,"turns":8.0},{"damage":16.0,"enemies":"Giant Head","floor":42.0,"turns":6.0},{"damage":2.0,"enemies":"Reptomancer","floor":46.0,"turns":6.0},{"damage":10.0,"enemies":"Giant Head","floor":48.0,"turns":7.0},{"damage":67.0,"enemies":"Awakened One","floor":50.0,"turns":17.0},{"damage":17.0,"enemies":"Time Eater","floor":51.0,"turns":10.0},{"damage":79.0,"enemies":"Shield and Spear","floor":55.0,"turns":8.0},{"damage":5,"enemies":"The Heart","floor":56,"turns":9}],"seed_played":"6695016899738781789","potions_obtained":[{"floor":3.0,"key":"FairyPotion"},{"floor":11.0,"key":"LiquidBronze"},{"floor":12.0,"key":"FearPotion"},{"floor":14.0,"key":"ElixirPotion"},{"floor":20.0,"key":"Weak Potion"},{"floor":29.0,"key":"BloodPotion"},{"floor":34.0,"key":"Swift Potion"},{"floor":35.0,"key":"ColorlessPotion"},{"floor":46.0,"key":"LiquidMemories"},{"floor":48.0,"key":"ColorlessPotion"}],"is_trial":false,"path_per_floor":["M","$","M","$","M","E","R","E","T","E","M","?","E","M","R","B",null,"M","M","M","?","M","R","E","$","T","E","M","?","?","E","R","B",null,"M","?","$","M","?","E","$","E","T","R","$","E","R","E","R","B","B",null,"R","$","E","B",null],"character_chosen":"IRONCLAD","items_purchased":["Bag of Preparation","Combust","Pocketwatch","Apotheosis","Disarm+1"],"campfire_rested":0,"item_purchase_floors":[4,4,25,37,54],"current_hp_per_floor":[67,67,66,66,65,46,55,51,51,41,26,26,36,45,54,29,64,70,65,54,54,42,54,44,44,44,52,42,42,42,47,59,53,79,72,63,63,43,43,21,21,30,30,45,45,61,76,72,87,38,39,75,87,87,26,39],"gold":69,"neow_bonus":"HUNDRED_GOLD","is_daily":false,"chose_seed":false,"campfire_upgraded":7,"win_rate":0.0,"timestamp":1610395477,"path_taken":["M","?","M","$","M","E","R","E","T","E","M","?","E","M","R","BOSS","M","M","M","?","M","R","E","$","T","E","M","?","?","E","R","BOSS","M","?","?","M","?","E","$","E","T","R","?","E","R","E","R","BOSS","BOSS","R","$","E","BOSS"],"items_purchased_type":["Relic","Card","Relic","Card","Card"],"build_version":"2020-12-22","purchased_purges":1,"victory":true,"max_hp_per_floor":[75,75,75,75,75,75,75,75,75,75,75,75,75,75,75,75,75,75,75,75,75,75,75,75,75,75,75,75,75,75,75,75,75,80,80,80,80,80,80,80,80,87,87,87,87,87,87,87,87,87,87,87,87,87,87,87],"relic_stats":{"Happy Flower":[52],"counters":[29,176],"Self Forming Clay":[198],"Dead Branch":[49],"Eternal Feather":99,"Bag of Preparation":[54],"Juzu Bracelet":3,"Burning Blood":174,"Bronze Scales":[683],"Champion Belt":[32],"obtain_stats":[{"Potion Belt":43,"Ice Cream":48,"Tiny House":34,"Happy Flower":9,"Self Forming Clay":24,"Dead Branch":55,"Eternal Feather":6,"Bag of Preparation":4,"Juzu Bracelet":27,"Omamori":40,"Burning Blood":0,"SlaversCollar":17,"Bronze Scales":8,"Strawberry":42,"Champion Belt":31,"Toxic Egg 2":46,"TungstenRod":13,"Meat on the Bone":10,"Pocketwatch":25},{"Potion Belt":23,"Ice Cream":25,"Tiny House":19,"Happy Flower":5,"Self Forming Clay":15,"Dead Branch":28,"Eternal Feather":4,"Bag of Preparation":2,"Juzu Bracelet":16,"Omamori":22,"Burning Blood":0,"SlaversCollar":10,"Bronze Scales":5,"Strawberry":23,"Champion Belt":18,"Toxic Egg 2":24,"TungstenRod":8,"Meat on the Bone":6,"Pocketwatch":15},{"Potion Belt":119,"Ice Cream":132,"Tiny House":95,"Happy Flower":20,"Self Forming Clay":69,"Dead Branch":167,"Eternal Feather":17,"Bag of Preparation":7,"Juzu Bracelet":75,"Omamori":113,"Burning Blood":0,"SlaversCollar":40,"Bronze Scales":20,"Strawberry":119,"Champion Belt":86,"Toxic Egg 2":125,"TungstenRod":30,"Meat on the Bone":24,"Pocketwatch":69}],"TungstenRod":278,"Meat on the Bone":204,"Pocketwatch":[213]},"card_choices":[{"not_picked":["Iron Wave","Heavy Blade","Havoc"],"picked":"SKIP","floor":1.0},{"not_picked":["Power Through","Flex"],"picked":"Twin Strike","floor":3.0},{"not_picked":["Iron Wave","Armaments"],"picked":"Cleave","floor":5.0},{"not_picked":["Bludgeon","Feel No Pain"],"picked":"Hemokinesis","floor":6.0},{"not_picked":["Warcry","Entrench","Clash"],"picked":"SKIP","floor":8.0},{"not_picked":["Warcry","Reckless Charge"],"picked":"Headbutt","floor":10.0},{"not_picked":["Flex","Cleave"],"picked":"Pommel Strike","floor":11.0},{"not_picked":["Evolve","Sever Soul"],"picked":"Shrug It Off","floor":13.0},{"not_picked":["Armaments","Cleave"],"picked":"Flame Barrier","floor":14.0},{"not_picked":["Barricade","Bludgeon"],"picked":"Brutality","floor":16.0},{"not_picked":["Pommel Strike","Dual Wield"],"picked":"Shrug It Off","floor":18.0},{"not_picked":["Clash","Iron Wave"],"picked":"Clothesline","floor":19.0},{"not_picked":["Headbutt","Warcry","Twin Strike"],"picked":"SKIP","floor":20.0},{"not_picked":["Iron Wave","Barricade","Blood for Blood"],"picked":"SKIP","floor":22.0},{"not_picked":["Headbutt","Iron Wave","Wild Strike"],"picked":"SKIP","floor":24.0},{"not_picked":["Headbutt","Pommel Strike"],"picked":"Demon Form","floor":27.0},{"not_picked":["Headbutt","Ghostly Armor","Heavy Blade"],"picked":"SKIP","floor":28.0},{"not_picked":["Clash","Body Slam","Power Through"],"picked":"SKIP","floor":31.0},{"not_picked":["Demon Form","Impervious"],"picked":"Corruption","floor":33.0},{"not_picked":["Wild Strike","Warcry+1"],"picked":"Shockwave+1","floor":35.0},{"not_picked":["Flash of Steel","Metamorphosis"],"picked":"Panacea","floor":36.0},{"not_picked":["Havoc","Body Slam","Inflame"],"picked":"SKIP","floor":38.0},{"not_picked":["Wild Strike","Pommel Strike","Clothesline+1"],"picked":"SKIP","floor":40.0},{"not_picked":["Combust","Intimidate","Heavy Blade"],"picked":"SKIP","floor":42.0},{"not_picked":["Spot Weakness+1","Ghostly Armor+1"],"picked":"Shockwave+1","floor":46.0},{"not_picked":["Rage+1","Body Slam"],"picked":"Impervious+1","floor":48.0},{"not_picked":["Sword Boomerang+1","Sentinel+1"],"picked":"Shrug It Off+1","floor":55.0}],"player_experience":2690477,"relics_obtained":[{"floor":6.0,"key":"Eternal Feather"},{"floor":8.0,"key":"Bronze Scales"},{"floor":9.0,"key":"Happy Flower"},{"floor":10.0,"key":"Meat on the Bone"},{"floor":13.0,"key":"TungstenRod"},{"floor":24.0,"key":"Self Forming Clay"},{"floor":27.0,"key":"Juzu Bracelet"},{"floor":31.0,"key":"Champion Belt"},{"floor":40.0,"key":"Omamori"},{"floor":42.0,"key":"Strawberry"},{"floor":43.0,"key":"Potion Belt"},{"floor":46.0,"key":"Toxic Egg 2"},{"floor":48.0,"key":"Ice Cream"},{"floor":55.0,"key":"Dead Branch"}],"event_choices":[{"damage_healed":0.0,"max_hp_gain":0.0,"max_hp_loss":0.0,"gold_gain":0.0,"event_name":"Lab","player_choice":"Got Potions","floor":12.0,"gold_loss":0.0,"damage_taken":0.0},{"damage_healed":0.0,"max_hp_gain":0.0,"max_hp_loss":0.0,"gold_gain":0.0,"cards_transformed":["Strike_R"],"event_name":"Transmorgrifier","player_choice":"Transformed","floor":21.0,"gold_loss":0.0,"damage_taken":0.0,"cards_obtained":["Flame Barrier"]},{"damage_healed":0.0,"max_hp_gain":0.0,"max_hp_loss":0.0,"gold_gain":0.0,"event_name":"The Woman in Blue","player_choice":"Bought 1 Potion","floor":29.0,"gold_loss":0.0,"damage_taken":0.0},{"damage_healed":0.0,"max_hp_gain":0.0,"max_hp_loss":0.0,"gold_gain":0.0,"cards_transformed":["Strike_R","Strike_R"],"event_name":"Drug Dealer","player_choice":"Became Test Subject","floor":30.0,"gold_loss":0.0,"damage_taken":0.0,"cards_obtained":["Inflame","Demon Form"]},{"damage_healed":0.0,"max_hp_gain":0.0,"max_hp_loss":0.0,"gold_gain":0.0,"event_name":"SensoryStone","player_choice":"Memory 3","floor":36.0,"gold_loss":0.0,"damage_taken":10.0},{"cards_removed":["Strike_R"],"damage_healed":0.0,"max_hp_gain":0.0,"max_hp_loss":0.0,"gold_gain":0.0,"event_name":"Purifier","player_choice":"Purged","floor":39.0,"gold_loss":0.0,"damage_taken":0.0}],"is_beta":false,"boss_relics":[{"not_picked":["Black Blood","Astrolabe"],"picked":"SlaversCollar"},{"not_picked":["Runic Pyramid","Busted Crown"],"picked":"Tiny House"}],"items_purged_floors":[41],"is_endless":false,"potions_floor_spawned":[3,11,14,20,22,33,35,46,48],"ascension_level":20}}