{"host":"w3q5ijqu8eoknil3","time":1610356694,"event":{"mods":["AchievementEnabler","BaseMod","Block Reminder","Colored Powertips","Curses Come First","Minty Spire (QoL Compilation)","Quick Restart","Relic Stats","StSLib","ojb\u0027s Better Paths Mod","ojb\u0027s Info Mod","slay the spire mod where everything is the same but ironclad has a cowboy hat"],"gold_per_floor":[117,41,116,116,133,166,166,184,184,184,203,230,230,69,69,141,141,154,104,119,129,79,79,105,116,140,140,140],"floor_reached":27,"playtime":761,"items_purged":[],"score":505,"play_id":"333a5307-59f1-4a26-b5b2-56db3c22ed99","local_time":"20210111091814","is_ascension_mode":true,"campfire_choices":[{"data":"Noxious Fumes","floor":7,"key":"SMITH"},{"data":"Catalyst","floor":10,"key":"SMITH"},{"data":"Blade Dance","floor":13,"key":"SMITH"},{"floor":15,"key":"REST"},{"floor":23,"key":"REST"}],"circlet_count":0,"master_deck":["AscendersBane","Strike_G","Strike_G","Strike_G","Strike_G","Strike_G","Defend_G","Defend_G","Defend_G+1","Defend_G","Defend_G","Survivor","Neutralize+1","Blade Dance+1","Noxious Fumes+1","Prepared","Crippling Poison","Catalyst+1","Outmaneuver","Dagger Spray","Deadly Poison","Acrobatics","Corpse Explosion","Predator","Blade Dance","Die Die Die","Accuracy+1","Crippling Poison+1"],"relics":["Ring of the Snake","NeowsBlessing","Ornamental Fan","Ninja Scroll","Bronze Scales","Toolbox","Snecko Eye","Pen Nib","Bag of Marbles"],"acts_visited":["Exordium","TheCity"],"potions_floor_usage":[11,11,12,18,27],"damage_taken":[{"damage":0,"enemies":"Cultist","floor":1,"turns":1},{"damage":0,"enemies":"Jaw Worm","floor":5,"turns":1},{"damage":0,"enemies":"Lagavulin","floor":6,"turns":1},{"damage":1,"enemies":"2 Louse","floor":8,"turns":3},{"damage":0,"enemies":"Red Slaver","floor":11,"turns":1},{"damage":31,"enemies":"Gremlin Nob","floor":12,"turns":4},{"damage":10,"enemies":"Slime Boss","floor":16,"turns":7},{"damage":16,"enemies":"Chosen","floor":18,"turns":5},{"damage":0,"enemies":"3 Byrds","floor":20,"turns":2},{"damage":28,"enemies":"Shelled Parasite and Fungi","floor":21,"turns":5},{"damage":14,"enemies":"Gremlin Leader","floor":24,"turns":4},{"damage":0,"enemies":"Cultist and Chosen","floor":25,"turns":3},{"damage":18,"enemies":"Sentry and Sphere","floor":27,"turns":4}],"seed_played":"-16930806997973347","potions_obtained":[{"floor":5,"key":"CunningPotion"},{"floor":8,"key":"Fire Potion"},{"floor":11,"key":"Weak Potion"},{"floor":16,"key":"BlessingOfTheForge"},{"floor":21,"key":"Weak Potion"}],"is_trial":false,"path_per_floor":["M","$","?","?","M","E","R","M","T","R","M","E","R","$","R","B",null,"M","?","M","M","?","R","E","M","T","M"],"character_chosen":"THE_SILENT","items_purchased":["Noxious Fumes","Toolbox"],"campfire_rested":2,"item_purchase_floors":[2,14],"current_hp_per_floor":[59,59,48,48,48,48,48,47,47,47,47,16,16,16,35,25,56,40,40,40,12,12,31,17,17,17,0,0],"gold":140,"neow_bonus":"THREE_ENEMY_KILL","is_daily":false,"chose_seed":false,"campfire_upgraded":3,"win_rate":0.0,"timestamp":1610356694,"path_taken":["M","$","?","?","?","E","R","M","T","R","M","E","R","$","R","BOSS","M","?","?","M","?","R","E","M","T","M"],"items_purchased_type":["Card","Relic"],"build_version":"2020-12-22","purchased_purges":0,"victory":false,"max_hp_per_floor":[66,66,66,66,66,66,66,66,66,66,66,66,66,66,66,66,66,66,66,66,66,66,66,66,66,66,66,66],"relic_stats":{"counters":[13,41],"Ornamental Fan":[108],"Bronze Scales":[45],"Snecko Eye":[51,44,33,36],"Pen Nib":[2],"obtain_stats":[{"NeowsBlessing":0,"Ornamental Fan":6,"Ninja Scroll":9,"Bronze Scales":12,"Toolbox":14,"Snecko Eye":17,"Pen Nib":24,"Bag of Marbles":26,"Ring of the Snake":0},{"NeowsBlessing":0,"Ornamental Fan":3,"Ninja Scroll":4,"Bronze Scales":6,"Toolbox":6,"Snecko Eye":7,"Pen Nib":11,"Bag of Marbles":12,"Ring of the Snake":0},{"NeowsBlessing":0,"Ornamental Fan":3,"Ninja Scroll":6,"Bronze Scales":11,"Toolbox":11,"Snecko Eye":18,"Pen Nib":34,"Bag of Marbles":37,"Ring of the Snake":0}],"Ring of the Snake":[13]},"card_choices":[{"not_picked":["Distraction","Expertise"],"picked":"Blade Dance","floor":1},{"not_picked":["Blur","Bane"],"picked":"Catalyst","floor":5},{"not_picked":["Flying Knee","Deflect"],"picked":"Outmaneuver","floor":6},{"not_picked":["Expertise","Blade Dance"],"picked":"Dagger Spray","floor":8},{"not_picked":["Masterful Stab","Backflip"],"picked":"Deadly Poison","floor":11},{"not_picked":["Blade Dance","Slice"],"picked":"Acrobatics","floor":12},{"not_picked":["Malaise","Venomology"],"picked":"Corpse Explosion","floor":16},{"not_picked":["Flying Knee","Deflect"],"picked":"Predator","floor":18},{"not_picked":["Dagger Spray","Noxious Fumes"],"picked":"Blade Dance","floor":20},{"not_picked":["Dodge and Roll","Prepared"],"picked":"Die Die Die","floor":21},{"not_picked":["Slice","Tactician"],"picked":"Accuracy+1","floor":24},{"not_picked":["Cloak And Dagger","Choke"],"picked":"Crippling Poison+1","floor":25}],"player_experience":960524,"relics_obtained":[{"floor":6,"key":"Ornamental Fan"},{"floor":9,"key":"Ninja Scroll"},{"floor":12,"key":"Bronze Scales"},{"floor":24,"key":"Pen Nib"},{"floor":26,"key":"Bag of Marbles"}],"event_choices":[{"damage_healed":0,"gold_gain":75,"player_choice":"Gather Gold","damage_taken":11,"max_hp_gain":0,"max_hp_loss":0,"event_name":"World of Goop","floor":3,"gold_loss":0},{"damage_healed":0,"gold_gain":0,"player_choice":"2 cards matched","damage_taken":0,"max_hp_gain":0,"max_hp_loss":0,"event_name":"Match and Keep!","floor":4,"gold_loss":0,"cards_obtained":["Prepared","Crippling Poison"]},{"damage_healed":0,"gold_gain":0,"player_choice":"Upgraded Two","damage_taken":0,"max_hp_gain":0,"max_hp_loss":0,"event_name":"Designer","floor":19,"gold_loss":50,"cards_upgraded":["Neutralize","Defend_G"]},{"damage_healed":0,"gold_gain":0,"player_choice":"Bet on Murderer","damage_taken":0,"max_hp_gain":0,"max_hp_loss":0,"event_name":"The Joust","floor":22,"gold_loss":50}],"is_beta":false,"boss_relics":[{"not_picked":["Empty Cage","SlaversCollar"],"picked":"Snecko Eye"}],"items_purged_floors":[],"is_endless":false,"potions_floor_spawned":[5,8,11,16,21],"killed_by":"Sentry and Sphere","ascension_level":18}}