{"host":"f5y45f7z7ziu0smp","time":1610368327,"event":{"mods":["AchievementEnabler","Ascension Reborn","BaseMod","Koishi","Marisa£¨Ùöéë¡¡Øª×âÞÞ£©","Minty Spire (QoL Compilation)","StSLib","SuperFastMode"],"gold_per_floor":[117,207,207,230,230,276,276,276,336,382,82,82,105,128,128,278,278,301,324,324,48,71,71,94,94,154,31,47,47,47,70,70,220,220,243,243,36,302,302,348,371,371,371,447,39,39,20,43,43,43],"floor_reached":51,"playtime":1323,"items_purged":["Strike_B+1","Defend_B+1","Defend_B+1","Defend_B+1"],"score":1004,"play_id":"2ba02cee-78de-470f-a695-c4d515a8b312","local_time":"20210111213207","daily_mods":["Allstar","Colorless Cards","Lethality"],"is_ascension_mode":false,"campfire_choices":[{"data":"Metamorphosis","floor":7,"key":"SMITH"},{"data":"Fission","floor":12,"key":"SMITH"},{"data":"Mayhem","floor":15,"key":"SMITH"},{"data":"Apotheosis","floor":23,"key":"SMITH"},{"data":"Sweeping Beam","floor":30,"key":"SMITH"},{"data":"Hologram","floor":32,"key":"SMITH"},{"data":"Coolheaded","floor":42,"key":"SMITH"},{"data":"Thinking Ahead","floor":49,"key":"SMITH"}],"circlet_count":0,"master_deck":["Strike_B+1","Strike_B+1","Strike_B+1","Zap+1","Dualcast+1","Mayhem+1","Panacea","Good Instincts","Metamorphosis+1","Turbo+1","Cold Snap","Sweeping Beam+1","Ball Lightning","Fission+1","Compile Driver","Turbo","Static Discharge+1","Force Field+1","Cold Snap","Creative AI+1","CurseOfTheBell","Chill+1","Hologram+1","Gash","Defragment+1","White Noise+1","Capacitor+1","Gash","Gash","Gash+1","Panache+1","Defragment+1","Master of Strategy","Coolheaded+1","Conserve Battery+1","Turbo+1","Streamline+1","Storm+1","Thinking Ahead+1","Fusion","Gash","White Noise+1"],"relics":["Cracked Core","Golden Idol","Mango","Sundial","Frozen Egg 2","Potion Belt","Akabeko","Lantern","Turnip","Calling Bell","Pen Nib","StrikeDummy","Thread and Needle","Juzu Bracelet","Nilry\u0027s Codex","Bag of Preparation","FossilizedHelix","Regal Pillow","Membership Card","Red Mask","Calipers","Inserter","InkBottle","Bronze Scales","CaptainsWheel","Pear","StoneCalendar","Bird Faced Urn","Anchor","Mummified Hand"],"acts_visited":["Exordium","TheCity","TheBeyond"],"potions_floor_usage":[6,8,14,16,16,33,33,33,50,50],"damage_taken":[{"damage":0,"enemies":"Jaw Worm","floor":1,"turns":2},{"damage":0,"enemies":"2 Louse","floor":4,"turns":2},{"damage":0,"enemies":"Gremlin Nob","floor":6,"turns":2},{"damage":0,"enemies":"Lagavulin","floor":10,"turns":3},{"damage":0,"enemies":"Small Slimes","floor":13,"turns":1},{"damage":0,"enemies":"Red Slaver","floor":14,"turns":1},{"damage":60,"enemies":"Hexaghost","floor":16,"turns":3},{"damage":1,"enemies":"Chosen","floor":18,"turns":2},{"damage":11,"enemies":"3 Byrds","floor":19,"turns":4},{"damage":0,"enemies":"Snake Plant","floor":22,"turns":3},{"damage":0,"enemies":"Chosen and Byrds","floor":24,"turns":3},{"damage":0,"enemies":"Masked Bandits","floor":28,"turns":2},{"damage":0,"enemies":"Shelled Parasite and Fungi","floor":31,"turns":2},{"damage":0,"enemies":"Automaton","floor":33,"turns":3},{"damage":0,"enemies":"3 Shapes","floor":35,"turns":2},{"damage":0,"enemies":"Reptomancer","floor":40,"turns":3},{"damage":0,"enemies":"3 Darklings","floor":41,"turns":3},{"damage":0,"enemies":"Mind Bloom Boss Battle","floor":44,"turns":2},{"damage":0,"enemies":"Jaw Worm Horde","floor":48,"turns":1},{"damage":11,"enemies":"Time Eater","floor":50,"turns":5}],"seed_played":"2608465768335268498","potions_obtained":[{"floor":1,"key":"FocusPotion"},{"floor":4,"key":"DistilledChaos"},{"floor":4,"key":"DistilledChaos"},{"floor":6,"key":"FairyPotion"},{"floor":8,"key":"Fruit Juice"},{"floor":8,"key":"LiquidBronze"},{"floor":10,"key":"SteroidPotion"},{"floor":13,"key":"AttackPotion"},{"floor":13,"key":"SkillPotion"},{"floor":14,"key":"DuplicationPotion"},{"floor":16,"key":"DistilledChaos"},{"floor":18,"key":"DuplicationPotion"},{"floor":22,"key":"DistilledChaos"},{"floor":33,"key":"AttackPotion"},{"floor":35,"key":"EssenceOfDarkness"},{"floor":40,"key":"SteroidPotion"},{"floor":44,"key":"DuplicationPotion"}],"is_trial":false,"path_per_floor":["M","?","?","M","?","E","R","?","T","E","$","R","M","M","R","B",null,"M","M","?","$","M","R","M","?","T","$","?","?","R","M","R","B",null,"M","?","$","?","?","E","M","R","T","?","$","?","$","M","R","B",null],"character_chosen":"DEFECT","items_purchased":["Lantern","Compile Driver","Turbo","Static Discharge+1","Gash","Bag of Preparation","Defragment+1","Membership Card","Gash","InkBottle","Coolheaded","Storm+1","Thinking Ahead","Fusion","Bird Faced Urn","Anchor","Gash"],"campfire_rested":0,"item_purchase_floors":[11,11,11,11,21,21,21,27,27,37,37,45,45,45,45,45,47],"current_hp_per_floor":[79,68,49,49,66,66,66,73,73,73,73,73,73,73,73,19,102,101,90,74,74,74,74,74,55,55,55,55,55,55,55,55,61,111,111,111,111,111,121,121,121,121,131,131,131,131,131,131,131,135],"gold":43,"neow_bonus":"","is_daily":true,"chose_seed":false,"campfire_upgraded":8,"win_rate":0.0,"timestamp":1610368327,"path_taken":["M","?","?","M","?","E","R","?","T","E","$","R","M","?","R","BOSS","M","M","?","$","M","R","M","?","T","$","?","?","R","M","R","BOSS","M","?","$","?","?","E","M","R","T","?","$","?","?","M","R","BOSS"],"items_purchased_type":["Relic","Card","Card","Card","Card","Relic","Card","Relic","Card","Relic","Card","Card","Card","Card","Relic","Relic","Card"],"build_version":"2020-12-22","purchased_purges":4,"victory":true,"max_hp_per_floor":[79,79,79,79,93,93,93,98,98,98,98,98,98,98,98,102,102,102,102,102,102,102,102,102,107,107,107,107,107,107,107,107,111,111,111,111,111,111,121,121,121,121,131,131,131,131,131,131,131,135],"card_choices":[{"not_picked":["Barrage","Steam"],"picked":"Turbo+1","floor":1},{"not_picked":["Genetic Algorithm","Steam+1"],"picked":"Cold Snap","floor":4},{"not_picked":["Leap","Forethought+1"],"picked":"Sweeping Beam","floor":6},{"not_picked":["Stack","Tempest"],"picked":"Ball Lightning","floor":6},{"not_picked":["Beam Cell","Conserve Battery"],"picked":"Fission","floor":10},{"not_picked":["Leap","Reinforced Body+1","Steam"],"picked":"SKIP","floor":10},{"not_picked":["Streamline","Go for the Eyes"],"picked":"Force Field+1","floor":13},{"not_picked":["Turbo","Undo"],"picked":"Cold Snap","floor":14},{"not_picked":["Secret Weapon","Master of Strategy"],"picked":"Creative AI+1","floor":16},{"not_picked":["Compile Driver+1","Cold Snap"],"picked":"Chill+1","floor":18},{"not_picked":["Coolheaded","Stack"],"picked":"Hologram","floor":19},{"not_picked":["Mind Blast","Chill"],"picked":"White Noise+1","floor":22},{"not_picked":["Steam+1","Coolheaded"],"picked":"Capacitor+1","floor":24},{"not_picked":["Conserve Battery+1","Hologram+1"],"picked":"Gash","floor":28},{"not_picked":["Metamorphosis","Purity"],"picked":"Gash+1","floor":31},{"not_picked":["Sadistic Nature+1","Multi-Cast"],"picked":"Panache+1","floor":33},{"not_picked":["Hologram+1","Jack Of All Trades+1"],"picked":"Defragment+1","floor":35},{"not_picked":["Metamorphosis","Secret Technique"],"picked":"Master of Strategy","floor":36},{"not_picked":["FTL","Cold Snap+1"],"picked":"Conserve Battery+1","floor":40},{"not_picked":["Ball Lightning+1","Rebound+1"],"picked":"Turbo+1","floor":41},{"not_picked":["Recycle+1","Rebound"],"picked":"Streamline+1","floor":44},{"not_picked":["Bandage Up","Discovery+1"],"picked":"White Noise+1","floor":48}],"player_experience":95646,"relics_obtained":[{"floor":6,"key":"Sundial"},{"floor":9,"key":"Frozen Egg 2"},{"floor":9,"key":"Potion Belt"},{"floor":10,"key":"Akabeko"},{"floor":16,"key":"Turnip"},{"floor":17,"key":"Pen Nib"},{"floor":17,"key":"StrikeDummy"},{"floor":17,"key":"Thread and Needle"},{"floor":18,"key":"Juzu Bracelet"},{"floor":20,"key":"Nilry\u0027s Codex"},{"floor":26,"key":"FossilizedHelix"},{"floor":26,"key":"Regal Pillow"},{"floor":28,"key":"Red Mask"},{"floor":33,"key":"Calipers"},{"floor":40,"key":"Bronze Scales"},{"floor":43,"key":"CaptainsWheel"},{"floor":43,"key":"Pear"},{"floor":44,"key":"StoneCalendar"}],"event_choices":[{"damage_healed":0,"gold_gain":75,"player_choice":"Gather Gold","damage_taken":11,"max_hp_gain":0,"max_hp_loss":0,"event_name":"World of Goop","floor":2,"gold_loss":0},{"damage_healed":0,"gold_gain":0,"player_choice":"Take Damage","damage_taken":19,"relics_obtained":["Golden Idol"],"max_hp_gain":0,"max_hp_loss":0,"event_name":"Golden Idol","floor":3,"gold_loss":0},{"damage_healed":0,"gold_gain":0,"player_choice":"Success","damage_taken":3,"relics_obtained":["Mango"],"max_hp_gain":0,"max_hp_loss":0,"event_name":"Scrap Ooze","floor":5,"gold_loss":0},{"damage_healed":0,"gold_gain":0,"player_choice":"Got Potions","damage_taken":0,"max_hp_gain":0,"max_hp_loss":0,"event_name":"Lab","floor":8,"gold_loss":0},{"damage_healed":0,"gold_gain":0,"player_choice":"Obtained Book","damage_taken":16,"max_hp_gain":0,"max_hp_loss":0,"event_name":"Cursed Tome","floor":20,"gold_loss":0},{"damage_healed":0,"gold_gain":0,"player_choice":"Shed Blood","damage_taken":26,"max_hp_gain":5,"max_hp_loss":0,"event_name":"Forgotten Altar","floor":25,"gold_loss":0},{"damage_healed":0,"gold_gain":0,"player_choice":"Fought Bandits","damage_taken":0,"max_hp_gain":0,"max_hp_loss":0,"event_name":"Masked Bandits","floor":28,"gold_loss":0},{"cards_removed":["Defend_B"],"damage_healed":0,"gold_gain":0,"player_choice":"Elegance","damage_taken":0,"max_hp_gain":0,"max_hp_loss":0,"event_name":"Back to Basics","floor":29,"gold_loss":0},{"damage_healed":0,"gold_gain":0,"player_choice":"Memory 1","damage_taken":0,"max_hp_gain":0,"max_hp_loss":0,"event_name":"SensoryStone","floor":36,"gold_loss":0},{"damage_healed":0,"gold_gain":222,"player_choice":"Wore Mask","damage_taken":0,"max_hp_gain":0,"max_hp_loss":0,"event_name":"Tomb of Lord Red Mask","floor":38,"gold_loss":0},{"cards_removed":["Apotheosis"],"damage_healed":0,"gold_gain":0,"player_choice":"Offered Rare","damage_taken":0,"max_hp_gain":10,"max_hp_loss":0,"event_name":"Bonfire Elementals","floor":39,"gold_loss":0},{"damage_healed":0,"gold_gain":0,"player_choice":"Fight","damage_taken":0,"max_hp_gain":0,"max_hp_loss":0,"event_name":"MindBloom","floor":44,"gold_loss":0},{"damage_healed":0,"gold_gain":0,"player_choice":"Gave Potion","damage_taken":0,"relics_obtained":["Mummified Hand"],"max_hp_gain":0,"max_hp_loss":0,"event_name":"WeMeetAgain","floor":46,"gold_loss":0}],"is_beta":false,"boss_relics":[{"not_picked":["Runic Dome","Fusion Hammer"],"picked":"Calling Bell"},{"not_picked":["Sozu","Velvet Choker"],"picked":"Inserter"}],"items_purged_floors":[11,21,37,45],"is_endless":false,"potions_floor_spawned":[4,6,13,22,24,48],"ascension_level":0}}