{"host":"v54ek091sdz7ha6h","time":1610335981,"event":{"mods":["BaseMod","Better Vampires","Colored Map","Colored Powertips","Custom Start","DeckTracker","Friendly Minions","Highlight Path","KOR Keyword Fix","Minty Spire (QoL Compilation)","Rare Cards Sparkle","StSLib","SuperFastMode","everything is the same but u backflip on backflip","slay the spire mod where everything is the same but ironclad has a cowboy hat"],"gold_per_floor":[109,122,122,122,140,140,160,160,160,187,200,48,48,74,74,153,153,165,165,177,22,32,32,61,5,29,29,43,72,84,98,98,176,226,239,239,239,264,281,281,309,309,309,309,336,347,347,372,372,372,372,372,372,0,34,34],"floor_reached":57,"playtime":1994,"items_purged":["Strike_R","Strike_R","Strike_R"],"score":2801,"play_id":"cee04dda-d52b-4a2f-97c7-5176d0edb975","local_time":"20210111123301","is_ascension_mode":true,"campfire_choices":[{"data":"Sword Boomerang","floor":6.0,"key":"SMITH"},{"data":"Reckless Charge","floor":8.0,"key":"SMITH"},{"data":"Flex","floor":13.0,"key":"SMITH"},{"data":"Second Wind","floor":15.0,"key":"SMITH"},{"floor":23.0,"key":"RECALL"},{"floor":27.0,"key":"REST"},{"floor":32.0,"key":"REST"},{"data":"Offering","floor":40.0,"key":"SMITH"},{"floor":47.0,"key":"REST"},{"data":"Power Through","floor":49.0,"key":"SMITH"},{"floor":53.0,"key":"REST"}],"circlet_count":0,"master_deck":["AscendersBane","Defend_R","Defend_R+1","Defend_R","Defend_R","Bash+1","Sword Boomerang+1","Reckless Charge+1","Second Wind+1","Flex+1","Dark Embrace+1","Metallicize+1","Barricade+1","Evolve+1","Inflame+1","Dark Embrace+1","Power Through+1","Offering+1","Metallicize+1","True Grit+1","Offering"],"relics":["Burning Blood","Frozen Egg 2","Mango","Philosopher\u0027s Stone","Nunchaku","Smiling Mask","Paper Frog","Tiny House","Torii","Red Skull","Gremlin Horn","Letter Opener","Eternal Feather","Bottled Tornado","Bag of Marbles"],"acts_visited":["Exordium","TheCity","TheBeyond","TheEnding"],"potions_floor_usage":[56],"damage_taken":[{"damage":33.0,"enemies":"Jaw Worm","floor":1.0,"turns":7.0},{"damage":1.0,"enemies":"2 Louse","floor":2.0,"turns":3.0},{"damage":1.0,"enemies":"Cultist","floor":5.0,"turns":3.0},{"damage":32.0,"enemies":"Large Slime","floor":7.0,"turns":5.0},{"damage":25.0,"enemies":"Lagavulin","floor":10.0,"turns":4.0},{"damage":18.0,"enemies":"Exordium Thugs","floor":11.0,"turns":5.0},{"damage":39.0,"enemies":"Gremlin Nob","floor":14.0,"turns":4.0},{"damage":29.0,"enemies":"Hexaghost","floor":16.0,"turns":9.0},{"damage":8.0,"enemies":"Spheric Guardian","floor":18.0,"turns":4.0},{"damage":17.0,"enemies":"Shell Parasite","floor":20.0,"turns":5.0},{"damage":22.0,"enemies":"Centurion and Healer","floor":22.0,"turns":5.0},{"damage":44.0,"enemies":"Gremlin Leader","floor":24.0,"turns":5.0},{"damage":15.0,"enemies":"Sentry and Sphere","floor":28.0,"turns":5.0},{"damage":31.0,"enemies":"Slavers","floor":29.0,"turns":5.0},{"damage":15.0,"enemies":"Snake Plant","floor":30.0,"turns":5.0},{"damage":5.0,"enemies":"Centurion and Healer","floor":31.0,"turns":6.0},{"damage":14.0,"enemies":"Automaton","floor":33.0,"turns":9.0},{"damage":33.0,"enemies":"3 Shapes","floor":35.0,"turns":4.0},{"damage":6.0,"enemies":"Mind Bloom Boss Battle","floor":38.0,"turns":5.0},{"damage":31.0,"enemies":"3 Darklings","floor":39.0,"turns":5.0},{"damage":8.0,"enemies":"Reptomancer","floor":41.0,"turns":9.0},{"damage":7.0,"enemies":"Giant Head","floor":45.0,"turns":6.0},{"damage":6.0,"enemies":"Transient","floor":46.0,"turns":6.0},{"damage":6.0,"enemies":"Reptomancer","floor":48.0,"turns":4.0},{"damage":29.0,"enemies":"Donu and Deca","floor":50.0,"turns":7.0},{"damage":30.0,"enemies":"Time Eater","floor":51.0,"turns":11.0},{"damage":42.0,"enemies":"Shield and Spear","floor":55.0,"turns":6.0},{"damage":25,"enemies":"The Heart","floor":56,"turns":7}],"seed_played":"-5084236985957148641","potions_obtained":[{"floor":7.0,"key":"SkillPotion"},{"floor":11.0,"key":"BloodPotion"},{"floor":14.0,"key":"SpeedPotion"},{"floor":16.0,"key":"SneckoOil"},{"floor":18.0,"key":"Ancient Potion"},{"floor":34.0,"key":"Strength Potion"},{"floor":35.0,"key":"Fire Potion"},{"floor":45.0,"key":"ColorlessPotion"},{"floor":48.0,"key":"Explosive Potion"}],"is_trial":false,"path_per_floor":["M","M","?","?","M","R","M","R","T","E","M","$","R","E","R","B",null,"M","?","M","$","M","R","E","$","T","R","M","E","M","M","R","B",null,"M","?","?","?","M","R","E","?","T","?","E","M","R","E","R","B","B",null,"R","$","E","B",null],"character_chosen":"IRONCLAD","items_purchased":["Dark Embrace+1","BloodPotion","AttackPotion","Bottled Tornado","Swift Potion"],"campfire_rested":4,"item_purchase_floors":[12,21,25,54,54],"current_hp_per_floor":[37,42,15,89,89,89,63,63,63,44,32,32,32,30,30,7,79,77,77,66,66,50,50,32,32,32,62,53,28,19,20,50,42,93,66,66,66,66,41,41,39,39,39,39,38,38,70,70,82,59,35,90,108,108,72,53],"gold":34,"neow_bonus":"TWENTY_PERCENT_HP_BONUS","is_daily":false,"chose_seed":false,"campfire_upgraded":6,"win_rate":0.0,"timestamp":1610335981,"path_taken":["M","M","?","?","M","R","?","R","T","E","M","$","R","E","R","BOSS","M","?","M","$","M","R","E","?","T","R","M","E","M","M","R","BOSS","M","?","?","?","?","R","E","?","T","?","E","M","R","E","R","BOSS","BOSS","R","$","E","BOSS"],"items_purchased_type":["Card","Potion","Potion","Relic","Potion"],"build_version":"2020-12-22","purchased_purges":3,"victory":true,"max_hp_per_floor":[89,89,89,89,89,89,89,89,89,89,89,89,89,103,103,103,103,103,103,103,103,103,103,103,103,103,103,103,103,103,103,103,103,108,108,108,108,108,108,108,108,108,108,108,108,108,108,108,108,108,108,108,108,108,108,108],"card_choices":[{"not_picked":["Shrug It Off","Anger"],"picked":"Sword Boomerang","floor":1.0},{"not_picked":["Bloodletting","True Grit"],"picked":"Flame Barrier","floor":2.0},{"not_picked":["Dual Wield","Heavy Blade"],"picked":"Reckless Charge","floor":5.0},{"not_picked":["Havoc","Thunderclap","Headbutt"],"picked":"SKIP","floor":7.0},{"not_picked":["Dual Wield","Pommel Strike"],"picked":"Second Wind","floor":10.0},{"not_picked":["Havoc","Sword Boomerang"],"picked":"Flex","floor":11.0},{"not_picked":["Pommel Strike","Body Slam"],"picked":"Metallicize+1","floor":14.0},{"not_picked":["Exhume","Limit Break"],"picked":"Barricade+1","floor":16.0},{"not_picked":["Headbutt","Sever Soul"],"picked":"Evolve+1","floor":18.0},{"not_picked":["Wild Strike","Heavy Blade"],"picked":"Inflame+1","floor":20.0},{"not_picked":["Clothesline","Blood for Blood","Cleave"],"picked":"SKIP","floor":22.0},{"not_picked":["Spot Weakness","Rupture+1"],"picked":"Dark Embrace+1","floor":24.0},{"not_picked":["Infernal Blade","Clash","Combust+1"],"picked":"SKIP","floor":28.0},{"not_picked":["Thunderclap","Combust+1"],"picked":"Power Through","floor":29.0},{"not_picked":["Twin Strike","Flex","Combust+1"],"picked":"SKIP","floor":30.0},{"not_picked":["Perfected Strike","Heavy Blade+1","Havoc"],"picked":"SKIP","floor":31.0},{"not_picked":["Limit Break","Brutality+1"],"picked":"Offering","floor":33.0},{"not_picked":["Flame Barrier","Combust+1","Blood for Blood"],"picked":"SKIP","floor":35.0},{"not_picked":["Iron Wave","Searing Blow"],"picked":"Metallicize+1","floor":39.0},{"not_picked":["Iron Wave","Armaments","Twin Strike"],"picked":"SKIP","floor":41.0},{"not_picked":["Cleave","Perfected Strike","Clothesline"],"picked":"SKIP","floor":45.0},{"not_picked":["Intimidate","Iron Wave+1","Clothesline"],"picked":"SKIP","floor":46.0},{"not_picked":["Twin Strike","Immolate"],"picked":"True Grit+1","floor":48.0},{"not_picked":["Rage+1","Perfected Strike+1"],"picked":"Offering","floor":55.0}],"player_experience":1412323,"relics_obtained":[{"floor":10.0,"key":"Frozen Egg 2"},{"floor":14.0,"key":"Mango"},{"floor":24.0,"key":"Nunchaku"},{"floor":26.0,"key":"Smiling Mask"},{"floor":29.0,"key":"Paper Frog"},{"floor":38.0,"key":"Torii"},{"floor":41.0,"key":"Red Skull"},{"floor":43.0,"key":"Gremlin Horn"},{"floor":45.0,"key":"Letter Opener"},{"floor":48.0,"key":"Eternal Feather"},{"floor":55.0,"key":"Bag of Marbles"}],"event_choices":[{"damage_healed":0.0,"max_hp_gain":0.0,"max_hp_loss":0.0,"gold_gain":0.0,"event_name":"Shining Light","player_choice":"Entered Light","floor":3.0,"gold_loss":0.0,"damage_taken":27.0,"cards_upgraded":["Strike_R","Bash"]},{"cards_removed":["Flame Barrier"],"damage_healed":74.0,"max_hp_gain":0.0,"max_hp_loss":0.0,"gold_gain":0.0,"event_name":"Bonfire Elementals","player_choice":"Offered Uncommon","floor":4.0,"gold_loss":0.0,"damage_taken":0.0},{"cards_removed":["Strike_R"],"damage_healed":0.0,"max_hp_gain":0.0,"max_hp_loss":0.0,"gold_gain":0.0,"event_name":"Purifier","player_choice":"Purged","floor":19.0,"gold_loss":0.0,"damage_taken":0.0},{"cards_removed":["Strike_R"],"damage_healed":0.0,"max_hp_gain":0.0,"max_hp_loss":0.0,"gold_gain":0.0,"event_name":"Falling","player_choice":"Removed Attack","floor":36.0,"gold_loss":0.0,"damage_taken":0.0},{"damage_healed":0.0,"max_hp_gain":0.0,"max_hp_loss":0.0,"gold_gain":0.0,"event_name":"SensoryStone","player_choice":"Memory 1","floor":37.0,"gold_loss":0.0,"damage_taken":0.0},{"damage_healed":0.0,"max_hp_gain":0.0,"max_hp_loss":0.0,"gold_gain":0.0,"event_name":"MindBloom","player_choice":"Fight","floor":38.0,"gold_loss":0.0,"damage_taken":0.0},{"damage_healed":0.0,"max_hp_gain":0.0,"max_hp_loss":0.0,"gold_gain":0.0,"event_name":"Tomb of Lord Red Mask","player_choice":"Ignored","floor":42.0,"gold_loss":0.0,"damage_taken":0.0},{"damage_healed":0.0,"max_hp_gain":0.0,"max_hp_loss":0.0,"gold_gain":0.0,"event_name":"Mysterious Sphere","player_choice":"Ignored","floor":44.0,"gold_loss":0.0,"damage_taken":0.0}],"is_beta":false,"boss_relics":[{"not_picked":["Fusion Hammer","Busted Crown"],"picked":"Philosopher\u0027s Stone"},{"not_picked":["Calling Bell","Velvet Choker"],"picked":"Tiny House"}],"items_purged_floors":[12,21,54],"is_endless":false,"potions_floor_spawned":[7,11,14,16,18,22,30,35,38,45,48],"ascension_level":20}}