{"host":"pl1fbpkom0aq337f","time":1610363643,"event":{"mods":["AchievementEnabler","BaseMod","Colored Map","Minty Spire (QoL Compilation)"],"gold_per_floor":[116,116,41,52,52,52,70,70,70,94,94,94,23,40,54,70,70,70,173,173,193,93,104,104,116,116,132,132,148,148,148,148,160,160,13,41,41,41,144,144,164,177,177,114,127,127,153,153,153,170,170,170,186,15,15,15,15],"floor_reached":56,"playtime":1466,"items_purged":["Defend_R","Hemokinesis+1","Perfected Strike+1","Battle Trance+1"],"score":514,"play_id":"10a1716f-5e09-40c2-95b8-cb6c35704555","local_time":"20210111121403","is_ascension_mode":false,"campfire_choices":[{"data":"Bash","floor":6.0,"key":"SMITH"},{"data":"Battle Trance","floor":8.0,"key":"SMITH"},{"data":"Strike_R","floor":11.0,"key":"SMITH"},{"data":"Spot Weakness","floor":17.0,"key":"SMITH"},{"floor":18.0,"key":"REST"},{"data":"Strike_R","floor":28.0,"key":"SMITH"},{"floor":30.0,"key":"REST"},{"floor":34.0,"key":"REST"},{"floor":38.0,"key":"REST"},{"floor":46.0,"key":"REST"},{"floor":55,"key":"REST"}],"circlet_count":0,"master_deck":["Strike_R+1","Strike_R+1","Bash+1","Spot Weakness+1","Dropkick+1"],"relics":["Burning Blood","Sundial","Omamori","Astrolabe","Vajra","Gremlin Horn","Mercury Hourglass","Membership Card","Whetstone","SacredBark","PreservedInsect","Anchor","Pen Nib"],"acts_visited":["Exordium","TheCity","TheBeyond"],"potions_floor_usage":[56,56],"damage_taken":[{"damage":6.0,"enemies":"Jaw Worm","floor":1.0,"turns":4.0},{"damage":6.0,"enemies":"Cultist","floor":4.0,"turns":3.0},{"damage":1.0,"enemies":"2 Louse","floor":7.0,"turns":3.0},{"damage":10.0,"enemies":"Looter","floor":14.0,"turns":2.0},{"damage":22.0,"enemies":"Gremlin Gang","floor":15.0,"turns":4.0},{"damage":17.0,"enemies":"Large Slime","floor":16.0,"turns":3.0},{"damage":44.0,"enemies":"The Guardian","floor":19.0,"turns":7.0},{"damage":22.0,"enemies":"3 Byrds","floor":21.0,"turns":4.0},{"damage":10.0,"enemies":"Shell Parasite","floor":23.0,"turns":2.0},{"damage":10.0,"enemies":"Cultist and Chosen","floor":25.0,"turns":3.0},{"damage":0.0,"enemies":"Shelled Parasite and Fungi","floor":27.0,"turns":2.0},{"damage":6.0,"enemies":"3 Cultists","floor":29.0,"turns":3.0},{"damage":10.0,"enemies":"Chosen and Byrds","floor":33.0,"turns":3.0},{"damage":19.0,"enemies":"Slavers","floor":36.0,"turns":2.0},{"damage":52.0,"enemies":"Champ","floor":39.0,"turns":4.0},{"damage":10.0,"enemies":"Orb Walker","floor":41.0,"turns":2.0},{"damage":17.0,"enemies":"3 Shapes","floor":42.0,"turns":4.0},{"damage":27.0,"enemies":"Jaw Worm Horde","floor":45.0,"turns":3.0},{"damage":97.0,"enemies":"Nemesis","floor":47.0,"turns":5.0},{"damage":52,"enemies":"Writhing Mass","floor":50,"turns":4},{"damage":10,"enemies":"Sphere and 2 Shapes","floor":53,"turns":3},{"damage":72,"enemies":"Time Eater","floor":56,"turns":5}],"seed_played":"-330350275305116811","potions_obtained":[{"floor":2.0,"key":"ElixirPotion"},{"floor":2.0,"key":"FairyPotion"},{"floor":2.0,"key":"SneckoOil"},{"floor":15.0,"key":"Strength Potion"},{"floor":19.0,"key":"AttackPotion"},{"floor":25.0,"key":"BloodPotion"},{"floor":39.0,"key":"BloodPotion"},{"floor":42.0,"key":"SkillPotion"},{"floor":50,"key":"Fire Potion"},{"floor":53,"key":"Ancient Potion"}],"is_trial":false,"path_per_floor":["M","?","$","M","?","R","M","R","T","T","R","?","$","M","M","M","R","R","B",null,"M","$","M","?","M","?","M","R","M","R","T","T","M","R","$","E","$","R","B",null,"M","M","?","$","M","R","E","?","T","M","?","?","M","$","R","B"],"character_chosen":"IRONCLAD","items_purchased":["Spot Weakness","Membership Card","FearPotion","Pen Nib"],"campfire_rested":6,"item_purchase_floors":[13,35,54,54],"current_hp_per_floor":[80,80,80,80,73,73,78,78,78,78,78,78,78,74,58,47,47,71,33,80,64,64,60,60,56,56,62,62,62,80,80,80,76,80,80,67,67,80,34,80,76,80,76,76,55,76,15,15,15,19,19,66,62,62,66,0,0],"gold":15,"neow_bonus":"REMOVE_CARD","is_daily":false,"chose_seed":false,"campfire_upgraded":5,"win_rate":0.0,"timestamp":1610363643,"path_taken":["M","?","$","?","?","R","M","R","T","T","R","?","$","M","M","M","R","R","BOSS","M","$","?","?","M","?","M","R","M","R","T","T","?","R","?","E","$","R","BOSS","M","M","?","$","M","R","E","?","T","M","?","?","M","$","R","BOSS"],"items_purchased_type":["Card","Relic","Potion","Relic"],"build_version":"2020-12-22","purchased_purges":4,"victory":false,"max_hp_per_floor":[80,80,80,80,80,80,80,80,80,80,80,80,80,80,80,80,80,80,80,80,80,80,80,80,80,80,80,80,80,80,80,80,80,80,80,80,80,80,80,80,80,80,76,76,76,76,76,76,76,76,76,66,66,66,66,66,66],"card_choices":[{"not_picked":["Cleave","Havoc","Shrug It Off"],"picked":"SKIP","floor":1.0},{"not_picked":["Body Slam","Cleave","Sentinel"],"picked":"SKIP","floor":4.0},{"not_picked":["Armaments","Iron Wave"],"picked":"Battle Trance","floor":7.0},{"not_picked":["Havoc","Cleave","Power Through"],"picked":"SKIP","floor":14.0},{"not_picked":["Clothesline","Shrug It Off"],"picked":"Dropkick","floor":15.0},{"not_picked":["Headbutt","Feed","Ghostly Armor"],"picked":"SKIP","floor":16.0},{"not_picked":["Headbutt","Warcry+1","Combust+1"],"picked":"SKIP","floor":21.0},{"not_picked":["Dark Embrace","Havoc","Warcry"],"picked":"SKIP","floor":23.0},{"not_picked":["Armaments+1","Combust","Thunderclap"],"picked":"SKIP","floor":25.0},{"not_picked":["Flex","Twin Strike","Uppercut"],"picked":"SKIP","floor":27.0},{"not_picked":["Iron Wave","Second Wind+1","Flex"],"picked":"SKIP","floor":29.0},{"not_picked":["Armaments","Havoc","Whirlwind"],"picked":"SKIP","floor":33.0},{"not_picked":["Fire Breathing","Dark Embrace","Reaper"],"picked":"SKIP","floor":36.0},{"not_picked":["Warcry+1","Anger+1","Iron Wave+1"],"picked":"SKIP","floor":41.0},{"not_picked":["Dual Wield+1","Havoc+1","Sword Boomerang+1"],"picked":"SKIP","floor":42.0},{"not_picked":["True Grit","Perfected Strike","Headbutt"],"picked":"SKIP","floor":45.0},{"not_picked":["Limit Break","Sword Boomerang","Clothesline"],"picked":"SKIP","floor":47.0},{"not_picked":["Power Through","True Grit+1","Warcry"],"picked":"SKIP","floor":50},{"not_picked":["Dark Embrace+1","Iron Wave","Reckless Charge+1"],"picked":"SKIP","floor":53}],"player_experience":448472,"relics_obtained":[{"floor":9.0,"key":"Sundial"},{"floor":10.0,"key":"Omamori"},{"floor":31.0,"key":"Gremlin Horn"},{"floor":32.0,"key":"Mercury Hourglass"},{"floor":36.0,"key":"Whetstone"},{"floor":47.0,"key":"PreservedInsect"},{"floor":49.0,"key":"Anchor"}],"event_choices":[{"damage_healed":0.0,"max_hp_gain":0.0,"max_hp_loss":0.0,"gold_gain":0.0,"event_name":"Lab","player_choice":"Got Potions","floor":2.0,"gold_loss":0.0,"damage_taken":0.0},{"cards_removed":["Defend_R"],"damage_healed":0.0,"max_hp_gain":0.0,"max_hp_loss":0.0,"gold_gain":0.0,"event_name":"Golden Wing","player_choice":"Card Removal","floor":5.0,"gold_loss":0.0,"damage_taken":7.0},{"cards_removed":["Defend_R"],"damage_healed":0.0,"max_hp_gain":0.0,"max_hp_loss":0.0,"gold_gain":0.0,"event_name":"Bonfire Elementals","player_choice":"Offered Basic","floor":12.0,"gold_loss":0.0,"damage_taken":0.0},{"damage_healed":0.0,"max_hp_gain":0.0,"max_hp_loss":0.0,"gold_gain":0.0,"event_name":"The Mausoleum","player_choice":"Opened","floor":24.0,"gold_loss":0.0,"damage_taken":0.0,"relics_obtained":["Vajra"],"cards_obtained":["Writhe"]},{"damage_healed":0.0,"max_hp_gain":0.0,"max_hp_loss":0.0,"gold_gain":0.0,"event_name":"Accursed Blacksmith","player_choice":"Forge","floor":26.0,"gold_loss":0.0,"damage_taken":0.0,"cards_upgraded":["Dropkick"]},{"damage_healed":0.0,"max_hp_gain":0.0,"max_hp_loss":4.0,"gold_gain":0.0,"event_name":"Winding Halls","player_choice":"Max HP","floor":43.0,"gold_loss":0.0,"damage_taken":0.0},{"cards_removed":["Seeing Red"],"damage_healed":0.0,"max_hp_gain":0.0,"max_hp_loss":0.0,"gold_gain":0.0,"event_name":"Falling","player_choice":"Removed Skill","floor":48.0,"gold_loss":0.0,"damage_taken":0.0},{"damage_healed":0,"gold_gain":0,"player_choice":"Ignored","damage_taken":0,"max_hp_gain":0,"max_hp_loss":0,"event_name":"Mysterious Sphere","floor":51,"gold_loss":0},{"damage_healed":66,"gold_gain":0,"player_choice":"Heal","damage_taken":0,"max_hp_gain":0,"max_hp_loss":10,"event_name":"The Moai Head","floor":52,"gold_loss":0}],"is_beta":false,"boss_relics":[{"not_picked":["Runic Pyramid","Calling Bell"],"picked":"Astrolabe"},{"not_picked":["Coffee Dripper","Snecko Eye"],"picked":"SacredBark"}],"items_purged_floors":[3,22,44,54],"is_endless":false,"potions_floor_spawned":[15,19,23,25,33,36,39,42,50,53],"killed_by":"Time Eater","ascension_level":0}}