{"host":"ekuwh035269yscfo","time":1610357122,"event":{"mods":["Aspiration","BaseMod","Better Third Choice","BetterRewards","Colored Map","Custom Start","Downfall","Hermit","Highlight Path","Hubris","Hyrulean Relics","Minty Spire (QoL Compilation)","Replay The Spire","Shop Mod","StSLib","The Cursed"],"gold_per_floor":[99,115,134,134,149,149,149,169,181,195,195,206,225,259,278,382,382,382,399,399,410,426,440,513,530,530,530,556,556,311,330,347,446,446,446,458,476,494,544,544,544,544,557,27,39,39,51,104,120,120],"floor_reached":51,"playtime":3340,"items_purged":["TheCursedMod:Defend_TheCursed"],"score":831,"play_id":"9f9db19e-ea9d-4cbc-bc9f-04bcc7ea34eb","local_time":"20210111042522","is_ascension_mode":false,"campfire_choices":[{"data":"Sadistic Nature","floor":1,"key":"SMITH"},{"data":"TheCursedMod:SpreadPlague","floor":6,"key":"SMITH"},{"data":"TheCursedMod:Stigma","floor":11,"key":"SMITH"},{"data":"TheCursedMod:Neurasthenia","floor":18,"key":"SMITH"},{"data":"TheCursedMod:CursedWand","floor":29,"key":"SMITH"},{"floor":35,"key":"DIG"},{"data":"TheCursedMod:SpitefulPray","floor":40,"key":"SMITH"}],"circlet_count":0,"master_deck":["TheCursedMod:Defend_TheCursed","TheCursedMod:Defend_TheCursed","TheCursedMod:Defend_TheCursed","TheCursedMod:CursedWand+1","TheCursedMod:CleanUpWorkshop","TheCursedMod:Dregs","Sadistic Nature+1","TheCursedMod:CursedShiv","TheCursedMod:Stigma+1","TheCursedMod:SpreadPlague+1","TheCursedMod:Stigma","TheCursedMod:Stigma+1","TheCursedMod:CursedShiv","TheCursedMod:Neurasthenia+1","TheCursedMod:WearCloak","TheCursedMod:SurpriseAttack","TheCursedMod:OutForBlood+1","TheCursedMod:SmokeScreen","TheCursedMod:Stigma","TheCursedMod:WearCloak+1","Slimebound:Tackle+1","Slimebound:Tackle+1","Slimebound:Tackle+1","TheCursedMod:CollectTribute+1","TheCursedMod:CursedShiv+1","TheCursedMod:AntiAging","TheCursedMod:Torture+1","TheCursedMod:SpitefulPray+1","TheCursedMod:SmokeScreen+1","TheCursedMod:UltimatePain","TheCursedMod:VitalStrike+1"],"relics":["TheCursedMod:BlackMagic101","aspiration:SeaSaltIceCream","Chemical X","Frozen Egg 2","hubris:ScarierMask","Sundial","hubris:BottledHeart","Toy Ornithopter","Pen Nib","Replay:Bronze Core","hubris:Spice","TheCursedMod:MagicCandle","aspiration:HummingbirdHeart","Sling","Nunchaku","hubris:PeanutButter","Mango"],"acts_visited":["Exordium","TheCity","TheBeyond"],"potions_floor_usage":[8,10,10,14,16,21,28,30,33,33,39,44,44,50,50,50],"damage_taken":[{"damage":1,"enemies":"Cultist","floor":2,"turns":4},{"damage":0,"enemies":"Small Slimes","floor":3,"turns":4},{"damage":6,"enemies":"2 Louse","floor":5,"turns":2},{"damage":0,"enemies":"Gremlin Gang","floor":8,"turns":2},{"damage":0,"enemies":"Lots of Slimes","floor":9,"turns":1},{"damage":4,"enemies":"Large Slime","floor":10,"turns":3},{"damage":7,"enemies":"Exordium Wildlife","floor":12,"turns":4},{"damage":2,"enemies":"Blue Slaver","floor":13,"turns":3},{"damage":9,"enemies":"Lagavulin","floor":14,"turns":4},{"damage":0,"enemies":"Exordium Wildlife","floor":15,"turns":1},{"damage":33,"enemies":"downfall:Defect","floor":16,"turns":6},{"damage":8,"enemies":"Chosen","floor":19,"turns":4},{"damage":10,"enemies":"Spheric Guardian","floor":21,"turns":5},{"damage":0,"enemies":"Chosen and Byrds","floor":22,"turns":3},{"damage":5,"enemies":"Cultist and Chosen","floor":23,"turns":3},{"damage":0,"enemies":"3 Cultists","floor":25,"turns":3},{"damage":0,"enemies":"Book of Stabbing","floor":28,"turns":5},{"damage":0,"enemies":"downfall:FleeingMerchant","floor":30,"turns":4},{"damage":0,"enemies":"Centurion and Healer","floor":31,"turns":2},{"damage":0,"enemies":"Snake Plant","floor":32,"turns":2},{"damage":0,"enemies":"downfall:Silent","floor":33,"turns":4},{"damage":0,"enemies":"Orb Walker","floor":36,"turns":3},{"damage":0,"enemies":"3 Darklings","floor":37,"turns":4},{"damage":0,"enemies":"Jaw Worm Horde","floor":38,"turns":4},{"damage":0,"enemies":"Mind Bloom Boss Battle","floor":39,"turns":2},{"damage":0,"enemies":"Spire Growth","floor":43,"turns":4},{"damage":0,"enemies":"downfall:FleeingMerchant","floor":44,"turns":2},{"damage":0,"enemies":"3 Darklings","floor":45,"turns":2},{"damage":0,"enemies":"4 Shapes","floor":47,"turns":4},{"damage":0,"enemies":"2 Orb Walkers","floor":48,"turns":2},{"damage":0,"enemies":"Maw","floor":49,"turns":6},{"damage":0,"enemies":"downfall:Watcher","floor":50,"turns":6}],"seed_played":"2260166706813352865","potions_obtained":[{"floor":2,"key":"hexamod:EctoCoolerPotion"},{"floor":5,"key":"AttackPotion"},{"floor":9,"key":"DuplicationPotion"},{"floor":12,"key":"Flashbang"},{"floor":13,"key":"Adrenaline Potion"},{"floor":16,"key":"LifebloodPotion"},{"floor":21,"key":"Fire Potion"},{"floor":25,"key":"AttackPotion"},{"floor":32,"key":"Strength Potion"},{"floor":33,"key":"Strength Potion"},{"floor":36,"key":"Swift Potion"},{"floor":37,"key":"BlessingOfTheForge"},{"floor":43,"key":"Fire Potion"}],"is_trial":false,"path_per_floor":["R","M","M","?","M","R","T","M","M","M","R","M","M","E","M","B",null,"R_BF","M","?","M","M","M","T","M","?","?","E","R","$","M","M","B",null,"R_BF","M","M","M","?","R","T","?","M","$","M","$","M","?","M","B",null],"character_chosen":"THE_CURSED","items_purchased":["LifebloodPotion","Pen Nib","Sling","TheCursedMod:UltimatePain","Nunchaku","hubris:PeanutButter","SteroidPotion","FearPotion"],"campfire_rested":0,"item_purchase_floors":[30,30,44,44,44,44,44,44],"current_hp_per_floor":[68,67,67,67,61,61,61,61,61,57,57,50,48,39,39,6,68,68,60,60,50,50,45,45,45,45,1,1,1,1,1,1,1,1,1,1,1,1,1,1,1,1,1,1,1,1,1,1,1,1],"gold":120,"neow_bonus":"RANDOM_COLORLESS_2","is_daily":false,"chose_seed":false,"campfire_upgraded":6,"win_rate":0.0,"timestamp":1610357122,"path_taken":["R","M","?","?","M","R","T","M","?","M","R","M","M","E","M","BOSS","R_BF","M","?","M","?","M","T","?","?","?","E","R","$","M","M","BOSS","R_BF","M","M","M","?","R","T","?","M","$","M","?","M","?","M","BOSS"],"items_purchased_type":["Potion","Relic","Relic","Card","Relic","Relic","Potion","Potion"],"build_version":"2020-12-22","purchased_purges":1,"victory":true,"max_hp_per_floor":[68,68,68,68,68,68,68,68,68,68,68,68,68,68,68,68,68,68,68,68,68,68,68,68,68,68,1,1,1,1,1,1,1,1,1,1,1,1,1,1,1,1,1,1,1,1,1,1,1,1],"card_choices":[{"not_picked":["expansioncontent:DashGenerateEvil","Secret Weapon"],"picked":"Sadistic Nature","floor":0},{"not_picked":["TheCursedMod:EmpowerCircles","TheCursedMod:BlessingInDisguise"],"picked":"TheCursedMod:CursedShiv","floor":2},{"not_picked":["TheCursedMod:TroublousMinions","TheCursedMod:AbyssShockwave"],"picked":"TheCursedMod:Stigma","floor":3},{"not_picked":["TheCursedMod:CircleOfCorruption","TheCursedMod:EmpowerCircles"],"picked":"TheCursedMod:SpreadPlague","floor":5},{"not_picked":["TheCursedMod:FleshFromBone","TheCursedMod:SoulCrush"],"picked":"TheCursedMod:Stigma","floor":8},{"not_picked":["TheCursedMod:CursedMace","TheCursedMod:PrepareRite"],"picked":"TheCursedMod:Stigma","floor":9},{"not_picked":["TheCursedMod:RapidMovement","TheCursedMod:CursedMace"],"picked":"TheCursedMod:CursedShiv","floor":10},{"not_picked":["TheCursedMod:SpitefulStrike","TheCursedMod:FuryStrike","TheCursedMod:AbyssShockwave"],"picked":"SKIP","floor":12},{"not_picked":["TheCursedMod:SpitefulStrike","TheCursedMod:VitalStrike"],"picked":"TheCursedMod:Neurasthenia","floor":13},{"not_picked":["TheCursedMod:CircleOfBlood","TheCursedMod:SpitefulStrike"],"picked":"TheCursedMod:WearCloak","floor":14},{"not_picked":["TheCursedMod:VitalStrike","TheCursedMod:BloodBarrier"],"picked":"TheCursedMod:SurpriseAttack","floor":15},{"not_picked":["TheCursedMod:CircleOfAbyss","TheCursedMod:CursedRelics"],"picked":"TheCursedMod:OutForBlood+1","floor":16},{"not_picked":["TheCursedMod:CircleOfWindfury","TheCursedMod:WearCloak+1"],"picked":"TheCursedMod:SmokeScreen","floor":19},{"not_picked":["TheCursedMod:SmokeScreen","TheCursedMod:CursedAmulet"],"picked":"TheCursedMod:Stigma","floor":21},{"not_picked":["TheCursedMod:WearCloak+1","TheCursedMod:RapidMovement","TheCursedMod:HellsGateOpen+1"],"picked":"SKIP","floor":22},{"not_picked":["TheCursedMod:TacticalStrike","TheCursedMod:CursedAmulet","TheCursedMod:CursedBlade+1"],"picked":"SKIP","floor":23},{"not_picked":["TheCursedMod:Stretching","TheCursedMod:CircleOfFlame"],"picked":"TheCursedMod:WearCloak+1","floor":25},{"not_picked":["TheCursedMod:CircleOfFocus","TheCursedMod:StingEye+1"],"picked":"TheCursedMod:CollectTribute+1","floor":28},{"not_picked":["TheCursedMod:CursedMace","TheCursedMod:CursedArmor","TheCursedMod:CircleOfBlood"],"picked":"SKIP","floor":30},{"not_picked":["TheCursedMod:SmokeScreen","TheCursedMod:CircleOfFlame"],"picked":"TheCursedMod:CursedShiv+1","floor":31},{"not_picked":["TheCursedMod:Wield","TheCursedMod:RapidMovement","TheCursedMod:CircleOfCorruption"],"picked":"SKIP","floor":32},{"not_picked":["TheCursedMod:CursedRelics","TheCursedMod:ShockAndAwe"],"picked":"TheCursedMod:AntiAging","floor":33},{"not_picked":["TheCursedMod:Stigma+1","TheCursedMod:CircleOfFlame"],"picked":"TheCursedMod:Torture+1","floor":36},{"not_picked":["TheCursedMod:Wield+1","TheCursedMod:AshesToAshes+1"],"picked":"TheCursedMod:SpitefulPray","floor":37},{"not_picked":["TheCursedMod:CursedBlade+1","TheCursedMod:CircleOfCorruption","TheCursedMod:Stigma"],"picked":"SKIP","floor":38},{"not_picked":["TheCursedMod:CursedBlade+1","TheCursedMod:CircleOfCorruption"],"picked":"TheCursedMod:SmokeScreen+1","floor":43},{"not_picked":["TheCursedMod:Wield","TheCursedMod:SpitefulStrike","TheCursedMod:CircleOfCorruption+1"],"picked":"SKIP","floor":44},{"not_picked":["TheCursedMod:SpitefulPray","TheCursedMod:Evocation+1","TheCursedMod:CursedBlade+1"],"picked":"SKIP","floor":45},{"not_picked":["TheCursedMod:SoulCrush+1","TheCursedMod:Neurasthenia","TheCursedMod:AbyssShockwave"],"picked":"SKIP","floor":47},{"not_picked":["TheCursedMod:CursedAmulet+1","TheCursedMod:FleshFromBone+1"],"picked":"TheCursedMod:VitalStrike+1","floor":48},{"not_picked":["TheCursedMod:CircleOfCorruption+1","TheCursedMod:CursedAmulet","TheCursedMod:Stretching+1"],"picked":"SKIP","floor":49}],"player_experience":404651,"relics_obtained":[{"floor":7,"key":"aspiration:SeaSaltIceCream"},{"floor":14,"key":"Frozen Egg 2"},{"floor":24,"key":"Sundial"},{"floor":28,"key":"Toy Ornithopter"},{"floor":35,"key":"hubris:Spice"},{"floor":39,"key":"TheCursedMod:MagicCandle"},{"floor":41,"key":"aspiration:HummingbirdHeart"},{"floor":48,"key":"Mango"}],"event_choices":[{"damage_healed":0,"gold_gain":0,"player_choice":"Upgraded","damage_taken":0,"max_hp_gain":0,"max_hp_loss":0,"event_name":"Upgrade Shrine","floor":4,"gold_loss":0,"cards_upgraded":["TheCursedMod:Stigma"]},{"damage_healed":0,"gold_gain":0,"player_choice":"Ignored","damage_taken":0,"max_hp_gain":0,"max_hp_loss":0,"event_name":"NoteForYourself","floor":20,"gold_loss":0},{"damage_healed":0,"gold_gain":0,"player_choice":"Fight","damage_taken":0,"max_hp_gain":0,"max_hp_loss":0,"event_name":"Mysterious Sphere","floor":48,"gold_loss":0}],"is_beta":false,"boss_relics":[{"not_picked":["Pandora\u0027s Box","Honey Jar"],"picked":"hubris:ScarierMask"},{"not_picked":["hubris:Stopwatch","ChewingGum"],"picked":"Replay:Bronze Core"}],"items_purged_floors":[44],"is_endless":false,"potions_floor_spawned":[2,5,9,12,13,16,21,25,32,33,36,37,43,45,49],"ascension_level":0}}