{"host":"sian7qp8a9pc9xwd","time":1610407927,"event":{"mods":["BaseMod","Minty Spire (QoL Compilation)","StSLib","SuperFastMode"],"gold_per_floor":[111,127,127,143,143,176,201,231,306,306,323,323,339,339,339,436,436,451,322,322,322,338,370,370,397,421,437,454,454,454,471,471,570,570,582,171,221,232,232,232,259,279,304,100,117,130,140,43,43,43,43],"floor_reached":50,"playtime":2956,"items_purged":["Strike_R","Strike_R","Strike_R"],"score":898,"play_id":"efe7ee98-7854-4e4e-ae8a-616e78844ad3","local_time":"20210111183207","is_ascension_mode":true,"campfire_choices":[{"data":"Searing Blow+1","floor":10,"key":"SMITH"},{"data":"Searing Blow+2","floor":12,"key":"SMITH"},{"data":"Searing Blow+3","floor":15,"key":"SMITH"},{"data":"Searing Blow+5","floor":24,"key":"SMITH"},{"data":"Searing Blow+6","floor":30,"key":"SMITH"},{"data":"Searing Blow+7","floor":32,"key":"SMITH"},{"data":"Searing Blow+8","floor":40,"key":"SMITH"},{"data":"Searing Blow+9","floor":49,"key":"SMITH"}],"circlet_count":0,"master_deck":["Defend_R+1","Defend_R+1","Defend_R+1","Bash","Searing Blow+10","Cleave","Iron Wave","Shrug It Off+1","Inflame","Headbutt","Inflame","CurseOfTheBell","Inflame+1","Shrug It Off","Battle Trance","Juggernaut","Burning Pact","Flex+1","Double Tap","Warcry+1","Inflame+1","Heavy Blade+1","Inflame","True Grit+1","Trip"],"relics":["Burning Blood","CaptainsWheel","Dream Catcher","Bag of Preparation","Mummified Hand","HornCleat","Calling Bell","War Paint","Singing Bowl","Ginger","Bottled Lightning","Peace Pipe","Pen Nib","Velvet Choker","Champion Belt","Unceasing Top","Ancient Tea Set","Anchor"],"acts_visited":["Exordium","TheCity","TheBeyond"],"potions_floor_usage":[6,6,8,23,23,45,50],"damage_taken":[{"damage":2,"enemies":"2 Louse","floor":1,"turns":4},{"damage":6,"enemies":"Cultist","floor":2,"turns":3},{"damage":10,"enemies":"Small Slimes","floor":4,"turns":3},{"damage":17,"enemies":"Lagavulin","floor":6,"turns":5},{"damage":3,"enemies":"Gremlin Nob","floor":8,"turns":4},{"damage":7,"enemies":"Exordium Wildlife","floor":11,"turns":3},{"damage":1,"enemies":"Large Slime","floor":13,"turns":5},{"damage":0,"enemies":"Slime Boss","floor":16,"turns":6},{"damage":0,"enemies":"Chosen","floor":18,"turns":4},{"damage":0,"enemies":"Spheric Guardian","floor":22,"turns":3},{"damage":16,"enemies":"Gremlin Leader","floor":23,"turns":6},{"damage":0,"enemies":"Book of Stabbing","floor":25,"turns":4},{"damage":7,"enemies":"Snake Plant","floor":27,"turns":3},{"damage":0,"enemies":"Centurion and Healer","floor":28,"turns":3},{"damage":0,"enemies":"Shelled Parasite and Fungi","floor":31,"turns":3},{"damage":74,"enemies":"Automaton","floor":33,"turns":8},{"damage":0,"enemies":"Orb Walker","floor":35,"turns":3},{"damage":0,"enemies":"2 Orb Walkers","floor":37,"turns":3},{"damage":7,"enemies":"3 Darklings","floor":38,"turns":4},{"damage":0,"enemies":"Giant Head","floor":41,"turns":4},{"damage":10,"enemies":"Spire Growth","floor":42,"turns":3},{"damage":9,"enemies":"Jaw Worm Horde","floor":45,"turns":4},{"damage":14,"enemies":"4 Shapes","floor":46,"turns":4},{"damage":12,"enemies":"Maw","floor":47,"turns":5},{"damage":88,"enemies":"Donu and Deca","floor":50,"turns":6}],"seed_played":"-3221030894814258786","potions_obtained":[{"floor":1,"key":"Strength Potion"},{"floor":2,"key":"Energy Potion"},{"floor":6,"key":"DuplicationPotion"},{"floor":11,"key":"BlessingOfTheForge"},{"floor":22,"key":"Block Potion"},{"floor":28,"key":"Weak Potion"},{"floor":33,"key":"ColorlessPotion"},{"floor":38,"key":"SteroidPotion"},{"floor":41,"key":"BlessingOfTheForge"},{"floor":46,"key":"ElixirPotion"}],"is_trial":false,"path_per_floor":["M","M","?","M","?","E","T","E","T","R","M","R","M","?","R","B",null,"M","$","?","?","M","E","R","E","T","M","M","?","R","M","R","B",null,"M","$","?","M","?","R","E","M","T","$","M","M","M","$","R","B"],"character_chosen":"IRONCLAD","items_purchased":["Shrug It Off","Champion Belt","Inflame","Trip"],"campfire_rested":0,"item_purchase_floors":[19,36,44,48],"current_hp_per_floor":[72,72,72,68,54,43,43,46,46,46,45,45,50,55,55,61,73,77,77,77,77,79,71,71,77,77,78,85,85,85,85,85,17,68,74,74,82,81,81,81,87,85,85,85,84,78,72,72,72,0,0],"gold":43,"neow_bonus":"ONE_RARE_RELIC","is_daily":false,"chose_seed":false,"campfire_upgraded":8,"win_rate":0.0,"timestamp":1610407927,"path_taken":["M","M","?","?","?","E","?","E","T","R","M","R","?","?","R","BOSS","M","$","?","?","?","E","R","E","T","M","M","?","R","M","R","BOSS","M","$","?","M","?","R","E","M","T","$","M","M","?","?","R","BOSS"],"items_purchased_type":["Card","Relic","Card","Card"],"build_version":"2020-12-22","purchased_purges":3,"victory":false,"max_hp_per_floor":[72,72,72,72,72,72,72,72,72,72,72,72,72,77,77,77,77,77,77,77,77,79,81,81,81,81,83,85,85,85,85,85,85,85,85,85,87,87,87,87,87,89,89,89,91,93,93,93,93,93,93],"card_choices":[{"not_picked":["Bloodletting","Anger"],"picked":"Searing Blow","floor":1},{"not_picked":["Warcry","Dark Embrace"],"picked":"Cleave","floor":2},{"not_picked":["Shrug It Off","Thunderclap"],"picked":"Iron Wave","floor":4},{"not_picked":["Dual Wield","Inflame"],"picked":"Shrug It Off","floor":6},{"not_picked":["Wild Strike","Body Slam"],"picked":"Inflame","floor":8},{"not_picked":["Burning Pact","Havoc"],"picked":"Headbutt","floor":11},{"not_picked":["Cleave","Clash"],"picked":"Inflame","floor":13},{"not_picked":["Cleave","Twin Strike"],"picked":"Inflame+1","floor":18},{"not_picked":["Shrug It Off","Perfected Strike","Iron Wave"],"picked":"Singing Bowl","floor":22},{"not_picked":["Combust","Power Through","Brutality"],"picked":"Singing Bowl","floor":23},{"not_picked":["Havoc","Iron Wave"],"picked":"Battle Trance","floor":25},{"not_picked":["Second Wind","Headbutt","Clash"],"picked":"Singing Bowl","floor":27},{"not_picked":["Battle Trance+1","Flex","Body Slam+1"],"picked":"Singing Bowl","floor":28},{"not_picked":["Pummel","Wild Strike"],"picked":"Flex+1","floor":31},{"not_picked":["Bludgeon","Offering"],"picked":"Double Tap","floor":33},{"not_picked":["Body Slam+1","Cleave"],"picked":"Warcry+1","floor":35},{"not_picked":["Twin Strike+1","Warcry","Cleave+1"],"picked":"Singing Bowl","floor":37},{"not_picked":["Sentinel","Armaments"],"picked":"Inflame+1","floor":38},{"not_picked":["Demon Form","Sword Boomerang+1"],"picked":"Heavy Blade+1","floor":41},{"not_picked":["Rampage+1","Power Through","True Grit"],"picked":"Singing Bowl","floor":42},{"not_picked":["Twin Strike","Heavy Blade","Metallicize"],"picked":"Singing Bowl","floor":45},{"not_picked":["Armaments","Sword Boomerang","Shrug It Off"],"picked":"Singing Bowl","floor":46},{"not_picked":["Clash+1","Whirlwind"],"picked":"True Grit+1","floor":47}],"player_experience":702574,"relics_obtained":[{"floor":6,"key":"Dream Catcher"},{"floor":7,"key":"Bag of Preparation"},{"floor":8,"key":"Mummified Hand"},{"floor":9,"key":"HornCleat"},{"floor":17,"key":"War Paint"},{"floor":17,"key":"Singing Bowl"},{"floor":17,"key":"Ginger"},{"floor":23,"key":"Bottled Lightning"},{"floor":25,"key":"Peace Pipe"},{"floor":26,"key":"Pen Nib"},{"floor":37,"key":"Unceasing Top"},{"floor":41,"key":"Ancient Tea Set"},{"floor":43,"key":"Anchor"}],"event_choices":[{"damage_healed":0,"gold_gain":0,"player_choice":"Upgraded","damage_taken":0,"max_hp_gain":0,"max_hp_loss":0,"event_name":"Upgrade Shrine","floor":3,"gold_loss":0,"cards_upgraded":["Searing Blow"]},{"damage_healed":0,"gold_gain":0,"player_choice":"Entered Light","damage_taken":14,"max_hp_gain":0,"max_hp_loss":0,"event_name":"Shining Light","floor":5,"gold_loss":0,"cards_upgraded":["Defend_R","Defend_R"]},{"damage_healed":0,"gold_gain":0,"player_choice":"Donut","damage_taken":0,"max_hp_gain":5,"max_hp_loss":0,"event_name":"Big Fish","floor":14,"gold_loss":0},{"damage_healed":0,"gold_gain":0,"player_choice":"Ignored","damage_taken":0,"max_hp_gain":0,"max_hp_loss":0,"event_name":"Vampires","floor":20,"gold_loss":0},{"damage_healed":0,"gold_gain":0,"player_choice":"Forge","damage_taken":0,"max_hp_gain":0,"max_hp_loss":0,"event_name":"Accursed Blacksmith","floor":21,"gold_loss":0,"cards_upgraded":["Searing Blow"]},{"damage_healed":0,"gold_gain":0,"cards_transformed":["Defend_R","Strike_R"],"player_choice":"Became Test Subject","damage_taken":0,"max_hp_gain":0,"max_hp_loss":0,"event_name":"Drug Dealer","floor":29,"gold_loss":0,"cards_obtained":["Juggernaut","Burning Pact"]},{"damage_healed":0,"gold_gain":0,"player_choice":"Fight","damage_taken":0,"max_hp_gain":0,"max_hp_loss":0,"event_name":"Mysterious Sphere","floor":37,"gold_loss":0},{"cards_removed":["Strike_R"],"damage_healed":0,"gold_gain":0,"player_choice":"Purged","damage_taken":0,"max_hp_gain":0,"max_hp_loss":0,"event_name":"Purifier","floor":39,"gold_loss":0}],"is_beta":false,"boss_relics":[{"not_picked":["Tiny House","Runic Cube"],"picked":"Calling Bell"},{"not_picked":["Fusion Hammer","Mark of Pain"],"picked":"Velvet Choker"}],"items_purged_floors":[19,36,44],"is_endless":false,"potions_floor_spawned":[1,2,6,11,22,28,33,38,41,46],"killed_by":"Donu and Deca","ascension_level":7}}