{"host":"k7udt7atmcuzf6l0","time":1610389483,"event":{"mods":["AchievementEnabler","BaseMod","Colored Map","Colored Powertips","Highlight Path","Minty Spire (QoL Compilation)","Quick Restart","Rare Cards Sparkle","StSLib","UnlockEverythingMod"],"gold_per_floor":[360,50,64,82,12,40,51,69,69,99,99,117,150,150,150,254,254,266,284,35,35,54,84,84,84,84,84,114,143,143,170,170,275,275,295,313,13,24,44,44,55,55,107,107,107,207,224,241,241,241],"floor_reached":51,"playtime":1341,"items_purged":["Writhe"],"score":777,"play_id":"33d098f6-1182-4bdf-915b-850ce6b5f175","local_time":"20210112022443","is_ascension_mode":false,"campfire_choices":[{"data":"Armaments","floor":15,"key":"SMITH"},{"data":"Offering","floor":24,"key":"SMITH"},{"data":"Dual Wield","floor":27,"key":"SMITH"},{"data":"Shockwave","floor":30,"key":"SMITH"},{"data":"Body Slam","floor":32,"key":"SMITH"},{"data":"Offering","floor":40,"key":"SMITH"},{"data":"Cleave","floor":42,"key":"SMITH"},{"data":"Heavy Blade","floor":44,"key":"SMITH"},{"data":"Violence","floor":49,"key":"SMITH"}],"circlet_count":0,"master_deck":["Strike_R+1","Strike_R+1","Strike_R+1","Strike_R+1","Strike_R+1","Defend_R+1","Defend_R+1","Defend_R+1","Bash","Infernal Blade","Sword Boomerang","Heavy Blade+1","Thunderclap","Pommel Strike","Seeing Red+1","Battle Trance","Armaments+1","Offering+1","Brutality","Cleave+1","Reaper","Flex+1","Clash+1","Dual Wield+1","Shockwave+1","Headbutt","Bloodletting","Body Slam+1","Offering+1","Cleave+1","Violence+1"],"relics":["Burning Blood","Brimstone","Toy Ornithopter","Bronze Scales","Vajra","Kunai","Sozu","Meat on the Bone","War Paint","White Beast Statue","Red Mask","Mummified Hand","Bottled Flame","Busted Crown","Art of War","OrangePellets","Bag of Preparation"],"acts_visited":["Exordium","TheCity","TheBeyond"],"potions_floor_usage":[7,10,16],"damage_taken":[{"damage":11,"enemies":"Jaw Worm","floor":1,"turns":3},{"damage":0,"enemies":"Cultist","floor":3,"turns":2},{"damage":0,"enemies":"Small Slimes","floor":4,"turns":1},{"damage":18,"enemies":"Gremlin Nob","floor":6,"turns":3},{"damage":8,"enemies":"Blue Slaver","floor":7,"turns":2},{"damage":12,"enemies":"Exordium Wildlife","floor":8,"turns":3},{"damage":8,"enemies":"3 Sentries","floor":10,"turns":5},{"damage":6,"enemies":"Exordium Thugs","floor":12,"turns":2},{"damage":7,"enemies":"Gremlin Nob","floor":13,"turns":2},{"damage":63,"enemies":"Hexaghost","floor":16,"turns":5},{"damage":13,"enemies":"Spheric Guardian","floor":18,"turns":3},{"damage":26,"enemies":"3 Byrds","floor":19,"turns":3},{"damage":29,"enemies":"Shelled Parasite and Fungi","floor":22,"turns":3},{"damage":29,"enemies":"Gremlin Leader","floor":23,"turns":3},{"damage":6,"enemies":"Masked Bandits","floor":28,"turns":2},{"damage":18,"enemies":"Slavers","floor":29,"turns":3},{"damage":28,"enemies":"Book of Stabbing","floor":31,"turns":3},{"damage":56,"enemies":"Automaton","floor":33,"turns":5},{"damage":4,"enemies":"3 Shapes","floor":35,"turns":1},{"damage":15,"enemies":"Orb Walker","floor":36,"turns":2},{"damage":31,"enemies":"4 Shapes","floor":38,"turns":2},{"damage":0,"enemies":"Jaw Worm Horde","floor":39,"turns":3},{"damage":4,"enemies":"Transient","floor":41,"turns":5},{"damage":7,"enemies":"4 Shapes","floor":47,"turns":2},{"damage":5,"enemies":"3 Darklings","floor":48,"turns":2},{"damage":67,"enemies":"Donu and Deca","floor":50,"turns":5}],"seed_played":"-459132504672046736","potions_obtained":[{"floor":1,"key":"Regen Potion"},{"floor":7,"key":"BlessingOfTheForge"},{"floor":12,"key":"Regen Potion"}],"is_trial":false,"path_per_floor":["M","$","M","M","$","E","M","M","T","E","?","M","E","?","R","B",null,"M","M","$","?","M","E","R","?","T","R","?","E","R","E","R","B",null,"M","M","$","M","M","R","M","R","T","R","?","?","M","M","R","B",null],"character_chosen":"IRONCLAD","items_purchased":["Brimstone","Sword Boomerang","Heavy Blade","Seeing Red","Meat on the Bone","Art of War","OrangePellets"],"campfire_rested":0,"item_purchase_floors":[2,2,2,5,20,37,37],"current_hp_per_floor":[75,75,80,80,80,68,76,70,70,73,73,73,72,72,72,29,80,73,60,60,60,53,42,42,42,42,42,54,54,54,54,54,42,80,80,71,71,58,64,64,80,80,80,80,80,80,79,80,80,51],"gold":241,"neow_bonus":"TWO_FIFTY_GOLD","is_daily":false,"chose_seed":false,"campfire_upgraded":9,"win_rate":0.0,"timestamp":1610389483,"path_taken":["M","$","M","M","$","E","M","M","T","E","?","?","E","?","R","BOSS","M","M","$","?","M","E","R","?","T","R","?","E","R","E","R","BOSS","M","M","$","M","M","R","M","R","T","R","?","?","?","M","R","BOSS"],"items_purchased_type":["Relic","Card","Card","Card","Relic","Relic","Relic"],"build_version":"2020-12-22","purchased_purges":1,"victory":true,"max_hp_per_floor":[80,80,80,80,80,80,80,80,80,80,80,80,80,80,80,80,80,80,80,80,80,80,80,80,80,80,80,80,80,80,80,80,80,80,80,80,80,80,80,80,80,80,80,80,80,80,80,80,80,80],"card_choices":[{"not_picked":["True Grit","Metallicize"],"picked":"Infernal Blade","floor":1},{"not_picked":["Iron Wave","Havoc"],"picked":"Thunderclap","floor":3},{"not_picked":["Iron Wave","Havoc"],"picked":"Pommel Strike","floor":4},{"not_picked":["Iron Wave","Sever Soul","Disarm"],"picked":"SKIP","floor":6},{"not_picked":["Headbutt","Perfected Strike"],"picked":"Battle Trance","floor":7},{"not_picked":["Clothesline","Seeing Red"],"picked":"Armaments","floor":8},{"not_picked":["Sword Boomerang","Body Slam"],"picked":"Offering","floor":10},{"not_picked":["Perfected Strike","Havoc"],"picked":"Cleave","floor":12},{"not_picked":["Carnage","Iron Wave","Sentinel"],"picked":"SKIP","floor":13},{"not_picked":["Brutality","Limit Break"],"picked":"Reaper","floor":16},{"not_picked":["Warcry","True Grit"],"picked":"Flex+1","floor":18},{"not_picked":["Reckless Charge+1","Perfected Strike"],"picked":"Clash+1","floor":19},{"not_picked":["Spot Weakness","Immolate"],"picked":"Shockwave","floor":22},{"not_picked":["Pommel Strike","Heavy Blade"],"picked":"Headbutt","floor":23},{"not_picked":["Dark Embrace+1","Havoc"],"picked":"Bloodletting","floor":28},{"not_picked":["True Grit","Sever Soul"],"picked":"Body Slam","floor":29},{"not_picked":["Reckless Charge+1","Power Through","Anger+1"],"picked":"SKIP","floor":31},{"not_picked":["Corruption","Demon Form"],"picked":"Offering","floor":33},{"not_picked":[],"picked":"Cleave+1","floor":35},{"not_picked":["Havoc"],"picked":"SKIP","floor":36},{"not_picked":["Combust"],"picked":"SKIP","floor":38},{"not_picked":["Sword Boomerang"],"picked":"SKIP","floor":39},{"not_picked":["Feel No Pain+1"],"picked":"SKIP","floor":41},{"not_picked":[],"picked":"Violence","floor":45},{"not_picked":["Intimidate"],"picked":"SKIP","floor":47},{"not_picked":["Thunderclap"],"picked":"SKIP","floor":48}],"player_experience":55372,"relics_obtained":[{"floor":6,"key":"Toy Ornithopter"},{"floor":9,"key":"Bronze Scales"},{"floor":10,"key":"Vajra"},{"floor":13,"key":"Kunai"},{"floor":23,"key":"War Paint"},{"floor":26,"key":"White Beast Statue"},{"floor":28,"key":"Red Mask"},{"floor":29,"key":"Mummified Hand"},{"floor":31,"key":"Bottled Flame"},{"floor":43,"key":"Bag of Preparation"}],"event_choices":[{"damage_healed":0,"gold_gain":0,"cards_transformed":["Defend_R"],"player_choice":"Transformed","damage_taken":0,"max_hp_gain":0,"max_hp_loss":0,"event_name":"Transmorgrifier","floor":11,"gold_loss":0,"cards_obtained":["Brutality"]},{"damage_healed":0,"gold_gain":0,"player_choice":"Leave","damage_taken":0,"max_hp_gain":0,"max_hp_loss":0,"event_name":"The Cleric","floor":14,"gold_loss":0},{"damage_healed":0,"gold_gain":0,"player_choice":"Read","damage_taken":0,"max_hp_gain":0,"max_hp_loss":0,"event_name":"The Library","floor":21,"gold_loss":0,"cards_obtained":["Dual Wield"]},{"damage_healed":0,"gold_gain":0,"player_choice":"Simplicity","damage_taken":0,"max_hp_gain":0,"max_hp_loss":0,"event_name":"Back to Basics","floor":25,"gold_loss":0,"cards_upgraded":["Strike_R","Strike_R","Strike_R","Strike_R","Strike_R","Defend_R","Defend_R"]},{"damage_healed":0,"gold_gain":0,"player_choice":"Fought Bandits","damage_taken":0,"max_hp_gain":0,"max_hp_loss":0,"event_name":"Masked Bandits","floor":28,"gold_loss":0},{"damage_healed":0,"gold_gain":0,"player_choice":"Memory 1","damage_taken":0,"max_hp_gain":0,"max_hp_loss":0,"event_name":"SensoryStone","floor":45,"gold_loss":0},{"damage_healed":0,"gold_gain":100,"player_choice":"Pray","damage_taken":0,"max_hp_gain":0,"max_hp_loss":0,"event_name":"Golden Shrine","floor":46,"gold_loss":0}],"is_beta":false,"boss_relics":[{"not_picked":["Runic Dome","Black Blood"],"picked":"Sozu"},{"not_picked":["SlaversCollar","Pandora\u0027s Box"],"picked":"Busted Crown"}],"items_purged_floors":[2],"is_endless":false,"potions_floor_spawned":[1,7,12,22,28,29,31,33,35,36,38,39,41,47,48],"ascension_level":0}}