{"host":"llpusn9usp8rznkj","time":1610335136,"event":{"mods":["2.2 Compatiblity","Aspiration","BaseMod","Colored Map","Colored Powertips","Conspire","Hubris","Minty Spire (QoL Compilation)","Quick Restart","Rare Cards Sparkle","Replay The Spire","StSLib","The Cursed"],"gold_per_floor":[109,32,32,42,57,57,86,86,86,115,115,115,115,115,115,189,189,200,160,172,172,172,172,184,184,209,240,240,160,85,85,85,85,85],"floor_reached":33,"playtime":1243,"items_purged":[],"score":588,"play_id":"5d1047b8-d34e-4670-97e5-2b414d3c6e40","local_time":"20210110221856","is_ascension_mode":true,"campfire_choices":[{"data":"Apotheosis","floor":6.0,"key":"SMITH"},{"data":"Defend_R","floor":11.0,"key":"SMITH"},{"data":"Defend_R","floor":13.0,"key":"SMITH"},{"data":"Warcry","floor":15.0,"key":"SMITH"},{"data":"Barricade","floor":23.0,"key":"SMITH"},{"data":"Armaments","floor":23.0,"key":"SMITH"},{"data":"Offering","floor":25.0,"key":"SMITH"},{"data":"Juggernaut","floor":25.0,"key":"SMITH"},{"data":"Defend_R+1","floor":28.0,"key":"SMITH"},{"data":"Defend_R+1","floor":28.0,"key":"SMITH"},{"floor":32.0,"key":"REST"}],"circlet_count":0,"master_deck":["AscendersBane","Strike_R","Strike_R","Strike_R","Strike_R","Strike_R","Defend_R+1","Defend_R+2","Defend_R+2","Defend_R+2","Bash","Apotheosis+1","Disarm","Feed","Warcry+1","Perfected Strike","Defy Death","Disarm","Barricade+1","CommonCold","Offering+1","Armaments+1","Flame Barrier","Juggernaut+1"],"relics":["Burning Blood","ReplayTheSpireMod:TigerMarble","Orichalcum","Lantern","hubris:64BitClover","Simple Rune","Replay:Ancient Bell","Juzu Bracelet","aspiration:FrozenJewel","Replay:Arrowhead","PrismaticShard","King of Hearts","Centennial Puzzle","hubris:Icosahedron"],"acts_visited":["Exordium","TheCity"],"potions_floor_usage":[33,33],"damage_taken":[{"damage":8.0,"enemies":"Small Slimes","floor":1.0,"turns":3.0},{"damage":6.0,"enemies":"Cultist","floor":4.0,"turns":3.0},{"damage":7.0,"enemies":"2 Louse","floor":5.0,"turns":4.0},{"damage":14.0,"enemies":"Gremlin Nob","floor":7.0,"turns":3.0},{"damage":14.0,"enemies":"3 Sentries","floor":10.0,"turns":7.0},{"damage":9.0,"enemies":"Hexaghost","floor":16.0,"turns":15.0},{"damage":11.0,"enemies":"Chosen","floor":18.0,"turns":9.0},{"damage":17.0,"enemies":"2 Thieves","floor":19.0,"turns":5.0},{"damage":29.0,"enemies":"Shelled Parasite and Fungi","floor":20.0,"turns":8.0},{"damage":17.0,"enemies":"Centurion and Healer","floor":24.0,"turns":7.0},{"damage":6.0,"enemies":"Book of Stabbing","floor":27.0,"turns":6.0},{"damage":57,"enemies":"Automaton","floor":33,"turns":6}],"seed_played":"7120666710380791770","potions_obtained":[{"floor":1.0,"key":"Weak Potion"},{"floor":4.0,"key":"Elixir"},{"floor":19.0,"key":"LiquidBronze"},{"floor":27.0,"key":"Strength Potion"}],"is_trial":false,"path_per_floor":["M","$","?","M","M","R","E","?","T","E","R","?","R","?","R","B",null,"M","M","M","?","?","R","M","R","T","E","R","?","?","?","R","B"],"character_chosen":"IRONCLAD","items_purchased":["Feed"],"campfire_rested":1,"item_purchase_floors":[2],"current_hp_per_floor":[48,48,48,48,53,53,45,45,45,37,37,64,64,64,64,61,76,75,67,44,32,32,32,25,25,25,30,30,30,30,30,57,0,0],"gold":85,"neow_bonus":"RANDOM_COLORLESS_2","is_daily":false,"chose_seed":false,"campfire_upgraded":10,"win_rate":0.0,"timestamp":1610335136,"path_taken":["M","$","?","?","M","R","E","?","T","E","R","?","R","?","R","BOSS","M","M","M","?","?","R","M","R","T","E","R","?","?","?","R","BOSS"],"items_purchased_type":["Card"],"build_version":"2020-12-22","purchased_purges":0,"victory":false,"max_hp_per_floor":[75,75,75,75,81,81,81,81,81,81,81,81,81,81,81,81,81,85,88,88,88,88,88,92,92,92,92,92,92,92,92,92,92,92],"card_choices":[{"not_picked":["Master of Strategy","Secret Technique"],"picked":"Apotheosis","floor":0.0},{"not_picked":["Sword Boomerang","Defy Death"],"picked":"Disarm","floor":1.0},{"not_picked":["Twin Strike","Anger"],"picked":"Warcry","floor":4.0},{"not_picked":["Twin Strike","Infernal Blade"],"picked":"Perfected Strike","floor":5.0},{"not_picked":["Pummel","Heavy Blade"],"picked":"Defy Death","floor":7.0},{"not_picked":["Anger","Replay:Undeath\u0027s Touch"],"picked":"Disarm","floor":10.0},{"not_picked":["Hemogenesis","Double Tap"],"picked":"Barricade","floor":16.0},{"not_picked":["ReplayTheSpireMod:Splinters","Pain"],"picked":"Injury","floor":17.0},{"not_picked":["ReplayTheSpireMod:IOU","hubris:Gluttony"],"picked":"CommonCold","floor":17.0},{"not_picked":["ReplayTheSpireMod:Doomed","Looming Evil"],"picked":"ReplayTheSpireMod:Restless Dread","floor":17.0},{"not_picked":["hubris:ReadiedAction","Thunderclap"],"picked":"Offering","floor":18.0},{"not_picked":["Warcry","Twin Strike","hubris:ReadiedAction"],"picked":"SKIP","floor":19.0},{"not_picked":["Heavy Blade","Thunderclap"],"picked":"Armaments","floor":20.0},{"not_picked":["ReplayTheSpireMod:Muscle Training","ReplayTheSpireMod:Corrosion Curse"],"picked":"Flame Barrier","floor":21.0},{"not_picked":["DeceiveReality","Worship"],"picked":"Juggernaut","floor":24.0},{"not_picked":["Gash","Prostrate","Trip"],"picked":"SKIP","floor":27.0}],"player_experience":1139139,"relics_obtained":[{"floor":3.0,"key":"ReplayTheSpireMod:TigerMarble"},{"floor":7.0,"key":"Orichalcum"},{"floor":9.0,"key":"hubris:64BitClover"},{"floor":10.0,"key":"Simple Rune"},{"floor":21.0,"key":"PrismaticShard"},{"floor":26.0,"key":"King of Hearts"},{"floor":27.0,"key":"Centennial Puzzle"}],"event_choices":[{"damage_healed":0.0,"max_hp_gain":0.0,"max_hp_loss":0.0,"gold_gain":0.0,"event_name":"Wheel of Change","player_choice":"Relic","floor":3.0,"gold_loss":0.0,"damage_taken":0.0},{"damage_healed":0.0,"max_hp_gain":0.0,"max_hp_loss":0.0,"gold_gain":0.0,"event_name":"Dead Adventurer","player_choice":"Searched \u00272\u0027 times","floor":8.0,"gold_loss":0.0,"damage_taken":0.0,"relics_obtained":["Lantern"]},{"damage_healed":27.0,"max_hp_gain":0.0,"max_hp_loss":0.0,"gold_gain":0.0,"event_name":"Big Fish","player_choice":"Banana","floor":12.0,"gold_loss":0.0,"damage_taken":0.0},{"cards_removed":["ReplayTheSpireMod:Restless Dread"],"damage_healed":0.0,"max_hp_gain":0.0,"max_hp_loss":0.0,"gold_gain":0.0,"event_name":"Purifier","player_choice":"Purged","floor":22.0,"gold_loss":0.0,"damage_taken":0.0},{"cards_removed":["Injury"],"damage_healed":0.0,"max_hp_gain":0.0,"max_hp_loss":0.0,"gold_gain":0.0,"event_name":"Beggar","player_choice":"Gave Gold","floor":30.0,"gold_loss":75.0,"damage_taken":0.0}],"is_beta":false,"boss_relics":[{"not_picked":["Ectoplasm","Ooze Armor"],"picked":"Replay:Ancient Bell"},{"not_picked":["Potion Belt","Grinning Jar"],"picked":"Juzu Bracelet"},{"not_picked":["Onion Ring","aspiration:SeaSaltIceCream"],"picked":"aspiration:FrozenJewel"},{"not_picked":["Torii","Another Sword"],"picked":"Replay:Arrowhead"}],"items_purged_floors":[],"is_endless":false,"potions_floor_spawned":[1,4,7,19,27],"killed_by":"Automaton","ascension_level":20}}