{"host":"fmtvje4mks8zli8e","time":1610325695,"event":{"mods":["AchievementEnabler","AlwaysNeverKeys","BaseMod","BetterRewards","Minty Spire (QoL Compilation)","READ ME - Guardian Mod","Remove Card Discount Mod","StSLib","The Cursed","The Druid","The Servant 0.9.4","The Wild Card"],"gold_per_floor":[125,148,148,223,223,262,287,319,319,338,338,338,364,373,373,459,459,477,502,601,676,703,740,753,788,834,871,883,895,932,976,988,1083,1095,1119,1131,1143,1180,1192,1204,1250,1272,1310,1362,1400,1412,979,979,979,979,979,979,46,89,89],"floor_reached":56,"playtime":2770,"items_purged":[],"score":2790,"play_id":"348df774-e60f-4c83-aa4a-16b9c4511cf4","local_time":"20210110184135","is_ascension_mode":true,"campfire_choices":[{"floor":12.0,"key":"REST"},{"data":"Blade Dance","floor":15.0,"key":"SMITH"},{"floor":28,"key":"REST"},{"data":"Tools of the Trade","floor":32,"key":"SMITH"},{"data":"Footwork","floor":40,"key":"SMITH"},{"data":"Footwork","floor":46,"key":"SMITH"},{"data":"Cloak And Dagger","floor":49,"key":"SMITH"},{"data":"Adrenaline","floor":52,"key":"SMITH"}],"circlet_count":0,"master_deck":["AscendersBane","Strike_G","Strike_G","Strike_G","Strike_G","Strike_G","Defend_G+1","Defend_G","Defend_G","Defend_G","Defend_G","Survivor","Neutralize","Noxious Fumes","Blade Dance+1","Cloak And Dagger+1","Endless Agony","Masterful Stab","Parasite","Tools of the Trade+1","Deflect+1","Backflip+1","Footwork+1","Accuracy+1","Deflect","Cloak And Dagger+1","Adrenaline+1","Infinite Blades+1","Footwork+1","Noxious Fumes","Panache","Discovery","Footwork","Bane"],"relics":["Ring of the Snake","Darkstone Periapt","OrangePellets","TwistedFunnel","Potion Belt","Snake Skull","Gremlin Horn","Medical Kit","Kunai","Blood Vial","CeramicFish","Ginger","HandDrill","FossilizedHelix","StrikeDummy","Pantograph","Boot","Black Star","Letter Opener","Singing Bowl","Pen Nib","MawBank","War Paint","Akabeko","HoveringKite","Bird Faced Urn","InkBottle","Smiling Mask","Question Card","Bag of Preparation","MealTicket","Orichalcum","Vajra","Bronze Scales","Chemical X","ClockworkSouvenir","Thread and Needle","Strawberry","TungstenRod","Oddly Smooth Stone"],"acts_visited":["Exordium","TheCity","TheBeyond","TheEnding"],"potions_floor_usage":[24,27,27,54,55,55,55],"damage_taken":[{"damage":0.0,"enemies":"Small Slimes","floor":1.0,"turns":3.0},{"damage":0.0,"enemies":"Jaw Worm","floor":2.0,"turns":4.0},{"damage":10.0,"enemies":"3 Sentries","floor":6.0,"turns":7.0},{"damage":0.0,"enemies":"2 Louse","floor":7.0,"turns":2.0},{"damage":0.0,"enemies":"Lagavulin","floor":8.0,"turns":5.0},{"damage":0.0,"enemies":"Looter","floor":10.0,"turns":2.0},{"damage":0.0,"enemies":"Gremlin Nob","floor":13.0,"turns":3.0},{"damage":0.0,"enemies":"Slime Boss","floor":16.0,"turns":8.0},{"damage":10.0,"enemies":"Shell Parasite","floor":18.0,"turns":4.0},{"damage":11.0,"enemies":"2 Thieves","floor":19.0,"turns":3.0},{"damage":16,"enemies":"Snake Plant","floor":22,"turns":4},{"damage":14,"enemies":"Gremlin Leader","floor":23,"turns":7},{"damage":0,"enemies":"Snecko","floor":24,"turns":4},{"damage":9,"enemies":"Book of Stabbing","floor":25,"turns":7},{"damage":9,"enemies":"Shelled Parasite and Fungi","floor":27,"turns":3},{"damage":3,"enemies":"Snake Plant","floor":30,"turns":4},{"damage":0,"enemies":"Gremlin Leader","floor":31,"turns":6},{"damage":0,"enemies":"Champ","floor":33,"turns":8},{"damage":0,"enemies":"3 Darklings","floor":35,"turns":4},{"damage":0,"enemies":"Mind Bloom Boss Battle","floor":38,"turns":5},{"damage":20,"enemies":"Nemesis","floor":41,"turns":6},{"damage":0,"enemies":"Orb Walker","floor":42,"turns":4},{"damage":0,"enemies":"Reptomancer","floor":44,"turns":6},{"damage":0,"enemies":"Maw","floor":45,"turns":6},{"damage":37,"enemies":"Awakened One","floor":50,"turns":12},{"damage":18,"enemies":"Shield and Spear","floor":54,"turns":5},{"damage":47,"enemies":"The Heart","floor":55,"turns":7}],"seed_played":"1970110199094600382","potions_obtained":[{"floor":2.0,"key":"GhostInAJar"},{"floor":7.0,"key":"BlessingOfTheForge"},{"floor":13.0,"key":"PowerPotion"},{"floor":19.0,"key":"Explosive Potion"},{"floor":22,"key":"CunningPotion"},{"floor":24,"key":"LiquidMemories"},{"floor":27,"key":"Fire Potion"},{"floor":30,"key":"BlessingOfTheForge"},{"floor":33,"key":"GhostInAJar"},{"floor":35,"key":"LiquidMemories"}],"is_trial":false,"path_per_floor":["M","M","?","?","?","E","M","E","T","M","?","R","E","?","R","B",null,"M","M","?","?","M","E","M","E","T","M","R","?","M","E","R","B",null,"M","?","?","?","T","R","E","M","T","E","M","R","$","?","R","B",null,"R","$","E","B",null],"character_chosen":"THE_SILENT","items_purchased":["Noxious Fumes","Darkstone Periapt","OrangePellets","TwistedFunnel","Potion Belt","Snake Skull","Gremlin Horn","Medical Kit","Kunai","Blood Vial","CeramicFish","Ginger","HandDrill","Vajra","Bronze Scales","Chemical X","ClockworkSouvenir","Thread and Needle","Strawberry","Panache","Discovery","Footwork"],"campfire_rested":2,"item_purchase_floors":[0,0,0,0,0,0,0,0,0,0,0,0,0,47,47,47,53,53,53,53,53,53],"current_hp_per_floor":[19,21,21,10,10,2,4,6,6,8,8,27,29,51,51,72,72,62,53,53,46,32,20,22,15,15,8,29,23,22,26,26,53,69,73,73,73,78,78,78,62,74,74,80,80,80,80,80,80,45,71,71,87,77,50],"gold":89,"neow_bonus":"","is_daily":false,"chose_seed":false,"campfire_upgraded":6,"win_rate":0.0,"timestamp":1610325695,"path_taken":["M","M","?","?","?","E","M","E","T","?","?","R","E","?","R","BOSS","M","M","?","?","?","E","M","E","T","M","R","?","?","E","R","BOSS","M","?","?","?","?","R","E","M","T","E","?","R","$","?","R","BOSS","R","$","E","BOSS"],"items_purchased_type":["Card","Relic","Relic","Relic","Relic","Relic","Relic","Relic","Relic","Relic","Relic","Relic","Relic","Relic","Relic","Relic","Relic","Relic","Relic","Card","Card","Card"],"build_version":"2020-12-22","purchased_purges":0,"victory":true,"max_hp_per_floor":[66,66,66,66,66,66,66,66,66,66,66,66,66,72,72,72,72,72,72,72,72,72,72,72,72,72,72,72,72,72,74,74,74,74,76,76,76,78,78,78,78,80,80,80,80,80,80,80,80,80,80,80,87,87,87],"card_choices":[{"not_picked":["Deflect","Dagger Spray"],"picked":"Blade Dance","floor":1.0},{"not_picked":["Terror","Quick Slash"],"picked":"Cloak And Dagger","floor":2.0},{"not_picked":["Grand Finale","Slice"],"picked":"Quick Slash","floor":6.0},{"not_picked":["Setup","Poisoned Stab"],"picked":"Endless Agony","floor":7.0},{"not_picked":["Prepared","Poisoned Stab","All Out Attack"],"picked":"SKIP","floor":8.0},{"not_picked":["Flying Knee","Bouncing Flask"],"picked":"Masterful Stab","floor":10.0},{"not_picked":["Dagger Spray","Outmaneuver","Well Laid Plans"],"picked":"SKIP","floor":13.0},{"not_picked":["Doppelganger","Bullet Time"],"picked":"Tools of the Trade","floor":16.0},{"not_picked":["Deadly Poison","Setup","Sucker Punch"],"picked":"SKIP","floor":18.0},{"not_picked":["Prepared","Quick Slash+1"],"picked":"Deflect+1","floor":19.0},{"not_picked":["Skewer","Predator"],"picked":"Backflip","floor":22},{"not_picked":["Burst","Poisoned Stab"],"picked":"Footwork","floor":23},{"not_picked":["Sucker Punch","Acrobatics","Poisoned Stab"],"picked":"SKIP","floor":24},{"not_picked":["Flying Knee+1","Flechettes+1"],"picked":"Accuracy+1","floor":25},{"not_picked":["Accuracy","Dagger Spray"],"picked":"Deflect","floor":27},{"not_picked":["Terror","Prepared"],"picked":"Cloak And Dagger","floor":30},{"not_picked":["Poisoned Stab+1","Masterful Stab","Underhanded Strike"],"picked":"Singing Bowl","floor":31},{"not_picked":["Malaise","Glass Knife"],"picked":"Adrenaline","floor":33},{"not_picked":["Escape Plan","Riddle With Holes","Catalyst"],"picked":"Singing Bowl","floor":35},{"not_picked":["Outmaneuver","Acrobatics","Flying Knee"],"picked":"Singing Bowl","floor":38},{"not_picked":["Well Laid Plans","Underhanded Strike"],"picked":"Infinite Blades+1","floor":41},{"not_picked":["Quick Slash","All Out Attack","Dagger Throw","Backflip"],"picked":"Singing Bowl","floor":42},{"not_picked":["Quick Slash","Deflect","Setup"],"picked":"Footwork","floor":44},{"not_picked":["Reflex+1","Backflip","Night Terror"],"picked":"Noxious Fumes","floor":45},{"not_picked":["Prepared","Concentrate+1","Skewer"],"picked":"Bane","floor":54}],"player_experience":3047082,"relics_obtained":[{"floor":6.0,"key":"FossilizedHelix"},{"floor":8.0,"key":"StrikeDummy"},{"floor":9.0,"key":"Pantograph"},{"floor":13.0,"key":"Boot"},{"floor":23,"key":"Letter Opener"},{"floor":25,"key":"Singing Bowl"},{"floor":25,"key":"Pen Nib"},{"floor":26,"key":"MawBank"},{"floor":31,"key":"War Paint"},{"floor":31,"key":"Akabeko"},{"floor":38,"key":"Bird Faced Urn"},{"floor":39,"key":"InkBottle"},{"floor":41,"key":"Smiling Mask"},{"floor":41,"key":"Question Card"},{"floor":43,"key":"Bag of Preparation"},{"floor":44,"key":"MealTicket"},{"floor":44,"key":"Orichalcum"},{"floor":54,"key":"TungstenRod"},{"floor":54,"key":"Oddly Smooth Stone"}],"event_choices":[{"damage_healed":0.0,"max_hp_gain":0.0,"max_hp_loss":0.0,"gold_gain":0.0,"event_name":"Golden Wing","player_choice":"Ignored","floor":3.0,"gold_loss":0.0,"damage_taken":0.0},{"damage_healed":0.0,"max_hp_gain":0.0,"max_hp_loss":0.0,"gold_gain":75.0,"event_name":"World of Goop","player_choice":"Gather Gold","floor":4.0,"gold_loss":0.0,"damage_taken":11.0},{"damage_healed":0.0,"max_hp_gain":0.0,"max_hp_loss":0.0,"gold_gain":0.0,"event_name":"Living Wall","player_choice":"Grow","floor":5.0,"gold_loss":0.0,"damage_taken":0.0,"cards_upgraded":["Cloak And Dagger"]},{"damage_healed":0.0,"max_hp_gain":0.0,"max_hp_loss":0.0,"gold_gain":0.0,"event_name":"Scrap Ooze","player_choice":"Fled","floor":11.0,"gold_loss":0.0,"damage_taken":0.0},{"damage_healed":16.0,"max_hp_gain":0.0,"max_hp_loss":0.0,"gold_gain":0.0,"event_name":"Mushrooms","player_choice":"Healed and dodged fight","floor":14.0,"gold_loss":0.0,"damage_taken":0.0,"cards_obtained":["Parasite"]},{"damage_healed":0.0,"max_hp_gain":0.0,"max_hp_loss":0.0,"gold_gain":99.0,"event_name":"Nest","player_choice":"Stole From Cult","floor":20.0,"gold_loss":0.0,"damage_taken":0.0},{"damage_healed":0,"gold_gain":75,"player_choice":"Touch","damage_taken":7,"max_hp_gain":0,"max_hp_loss":0,"event_name":"FaceTrader","floor":21,"gold_loss":0},{"damage_healed":0,"gold_gain":0,"player_choice":"","damage_taken":6,"max_hp_gain":0,"max_hp_loss":0,"event_name":"Knowing Skull","floor":29,"potions_obtained":[],"gold_loss":0,"cards_obtained":[]},{"damage_healed":0,"gold_gain":0,"player_choice":"Ignored","damage_taken":0,"max_hp_gain":0,"max_hp_loss":0,"event_name":"Tomb of Lord Red Mask","floor":36,"gold_loss":0},{"cards_removed":["Quick Slash"],"damage_healed":0,"gold_gain":0,"player_choice":"Removed Attack","damage_taken":0,"max_hp_gain":0,"max_hp_loss":0,"event_name":"Falling","floor":37,"gold_loss":0},{"damage_healed":0,"gold_gain":0,"player_choice":"Fight","damage_taken":0,"max_hp_gain":0,"max_hp_loss":0,"event_name":"MindBloom","floor":38,"gold_loss":0},{"damage_healed":0,"gold_gain":0,"player_choice":"Full Heal","damage_taken":0,"max_hp_gain":0,"max_hp_loss":0,"event_name":"Wheel of Change","floor":48,"gold_loss":0}],"is_beta":false,"boss_relics":[{"not_picked":["Runic Pyramid","SlaversCollar"],"picked":"Black Star"},{"not_picked":["SacredBark","Coffee Dripper"],"picked":"HoveringKite"}],"items_purged_floors":[],"is_endless":false,"potions_floor_spawned":[2,7,13,19,22,24,27,30,33,35,38,42],"ascension_level":14}}