{"host":"y3iy5gb13b300rns","time":1610364238,"event":{"mods":["BaseMod","Bestiary","Curses Come First","Minty Spire (QoL Compilation)","Replay The Spire","StSLib","The Runesmith"],"gold_per_floor":[113,12,12,25,40,40,67,67,67,67,98,98,114,36,36,137,137,148,48,48,48,68,68,78,78,78,78,78],"floor_reached":27,"playtime":915,"items_purged":[],"score":230,"play_id":"687a892c-ea39-46a6-83f3-2b60e37173a8","local_time":"20210111052358","is_ascension_mode":true,"campfire_choices":[{"data":"Runesmith:CraftMagma","floor":6,"key":"SMITH"},{"data":"Runesmith:PoweredAnvil","floor":8,"key":"SMITH"},{"data":"Runesmith:Fortify","floor":10,"key":"SMITH"},{"floor":15,"key":"REST"},{"floor":23,"key":"REST"}],"circlet_count":0,"master_deck":["Runesmith:Strike_RS","Runesmith:Strike_RS","Runesmith:Strike_RS","Runesmith:Strike_RS","Runesmith:Defend_RS","Runesmith:Defend_RS","Runesmith:Defend_RS","Runesmith:Defend_RS","Runesmith:CraftFirestone","Runesmith:Fortify+1","Runesmith:HeatedChisel","Voices","Runesmith:CraftMagma+1","Runesmith:HammerThrow","Runesmith:PoweredAnvil+1","Runesmith:Refine","Runesmith:PoweredAnvil","Runesmith:CraftIndustria","Runesmith:Firestorm+1","RitualDagger","Runesmith:CraftProtectio","Runesmith:ChaoticBlast","Shame"],"relics":["Runesmith:BrokenRuby","NeowsBlessing","Ring of Fury","Juzu Bracelet","Lantern","ReplayTheSpireMod:Ninjato","HornCleat","Philosopher\u0027s Stone","Ancient Tea Set","StoneCalendar"],"acts_visited":["Exordium","TheCity"],"potions_floor_usage":[7,7,11,11,13,16,16,22,27],"damage_taken":[{"damage":0,"enemies":"Jaw Worm","floor":1,"turns":1},{"damage":0,"enemies":"2 Louse","floor":4,"turns":2},{"damage":0,"enemies":"Small Slimes","floor":5,"turns":2},{"damage":13,"enemies":"Lagavulin","floor":7,"turns":3},{"damage":8,"enemies":"Gremlin Nob","floor":11,"turns":3},{"damage":0,"enemies":"3 Louse","floor":13,"turns":1},{"damage":26,"enemies":"Hexaghost","floor":16,"turns":7},{"damage":31,"enemies":"2 Thieves","floor":18,"turns":5},{"damage":8,"enemies":"Shell Parasite","floor":22,"turns":3},{"damage":28,"enemies":"Shelled Parasite and Fungi","floor":24,"turns":5},{"damage":8,"enemies":"Chosen and Byrds","floor":27,"turns":1}],"seed_played":"-6377774954179110527","potions_obtained":[{"floor":4,"key":"DistilledChaos"},{"floor":7,"key":"AttackPotion"},{"floor":11,"key":"Explosive Potion"},{"floor":13,"key":"Strength Potion"},{"floor":18,"key":"Doom Potion"}],"is_trial":false,"path_per_floor":["M","$","?","M","M","R","E","R","T","R","E","?","M","$","R","B",null,"M","$","?","?","M","R","M","?","T","M"],"character_chosen":"RUNESMITH_CLASS","items_purchased":["PowerPotion","AttackPotion","LiquidBronze","Fire Potion","Swift Potion"],"campfire_rested":2,"item_purchase_floors":[2,2,14,19,19],"current_hp_per_floor":[70,70,70,70,70,70,57,57,57,57,49,37,37,37,58,32,70,39,39,26,20,12,34,6,6,6,0,0],"gold":78,"neow_bonus":"THREE_ENEMY_KILL","is_daily":false,"chose_seed":false,"campfire_upgraded":3,"win_rate":0.0,"timestamp":1610364238,"path_taken":["M","$","?","M","M","R","E","R","T","R","E","?","M","?","R","BOSS","M","$","?","?","M","R","M","?","T","M"],"items_purchased_type":["Potion","Potion","Potion","Potion","Potion"],"build_version":"2020-12-22","purchased_purges":0,"victory":false,"max_hp_per_floor":[70,70,70,70,70,70,70,70,70,70,70,70,70,70,70,70,70,70,70,75,75,75,75,75,75,75,75,75],"card_choices":[{"not_picked":["Runesmith:UnstableHammer","Runesmith:ChiselStab"],"picked":"Runesmith:HeatedChisel","floor":1},{"not_picked":["Runesmith:ChiselStab","Runesmith:HammerThrow"],"picked":"Runesmith:CraftMagma","floor":4},{"not_picked":["Runesmith:HeatedChisel","Runesmith:OneForEveryone"],"picked":"Runesmith:HammerThrow","floor":5},{"not_picked":["Runesmith:DoubleUp","Runesmith:EnergizedChisel"],"picked":"Runesmith:PoweredAnvil","floor":7},{"not_picked":["Runesmith:WhiteBalance","Runesmith:Grindstone"],"picked":"Runesmith:Refine","floor":11},{"not_picked":["Runesmith:Terraform","Runesmith:Accelerate"],"picked":"Runesmith:PoweredAnvil","floor":13},{"not_picked":["Runesmith:Duplicate","Runesmith:LastStand"],"picked":"Runesmith:CraftIndustria","floor":16},{"not_picked":["Runesmith:OneForEveryone+1","Runesmith:Repurpose"],"picked":"Runesmith:Firestorm+1","floor":18},{"not_picked":["Runesmith:Attraction","Runesmith:Malloc"],"picked":"Runesmith:CraftProtectio","floor":22},{"not_picked":["Runesmith:ElementalConversion","Runesmith:StaticCage"],"picked":"Runesmith:ChaoticBlast","floor":24}],"player_experience":402202,"relics_obtained":[{"floor":3,"key":"Ring of Fury"},{"floor":7,"key":"Juzu Bracelet"},{"floor":9,"key":"Lantern"},{"floor":11,"key":"ReplayTheSpireMod:Ninjato"},{"floor":26,"key":"StoneCalendar"}],"event_choices":[{"damage_healed":0,"gold_gain":0,"player_choice":"Success","damage_taken":12,"relics_obtained":["HornCleat"],"max_hp_gain":0,"max_hp_loss":0,"event_name":"Scrap Ooze","floor":12,"gold_loss":0},{"damage_healed":0,"gold_gain":0,"player_choice":"Shed Blood","damage_taken":18,"max_hp_gain":5,"max_hp_loss":0,"event_name":"Forgotten Altar","floor":20,"gold_loss":0},{"damage_healed":0,"gold_gain":0,"player_choice":"Joined the Cult","damage_taken":6,"max_hp_gain":0,"max_hp_loss":0,"event_name":"Nest","floor":21,"gold_loss":0,"cards_obtained":["RitualDagger"]},{"damage_healed":0,"gold_gain":0,"player_choice":"Stole Relic","damage_taken":0,"relics_obtained":["Ancient Tea Set"],"max_hp_gain":0,"max_hp_loss":0,"event_name":"Addict","floor":25,"gold_loss":0,"cards_obtained":["Shame"]}],"is_beta":false,"boss_relics":[{"not_picked":["Runic Pyramid","Snecko Eye"],"picked":"Philosopher\u0027s Stone"}],"items_purged_floors":[],"is_endless":false,"potions_floor_spawned":[4,7,11,13,18],"killed_by":"Chosen and Byrds","ascension_level":1}}