{"host":"ya94u95moedzeoqz","time":1610381718,"event":{"mods":["2.2 Compatiblity","Abigail Mod","Act Like it!","Arknights The Spire","Aspiration","Bartender","BaseMod","Better Altar","Better Match","Better Note","Better Sensory Stone","Better Skull","Better Third Choice","BetterRewards","Energized Spire","Evolution","Filter the Spire","GifTheSpireLib","KinomotoSakuraMod(????)","Luminous","Minty Spire (QoL Compilation)","Permanent Neow","Railgun Mod","Replay The Spire","Spicy Shops","StSLib","The Accelerator","The Alterego","The Fake Hero","The Florist","The Forsaken","The Juggle","The Marked","The Senshi","TheArtist","TheVelvet","Yuri Mod"],"gold_per_floor":[117,117,137,18,32,32,32,58,138,155,184,184,4,15,15,113,113,125,145,163,175,193,228,228,254,308,308,308,308,324,342,342,438,438,451,451,60,80,130,130,160,160,160,192,192,192,192,20,20,20],"floor_reached":51,"playtime":5094,"items_purged":["Voices","Clumsy"],"score":866,"play_id":"ecf25781-486b-493b-8ce1-5845cd2964e3","local_time":"20210111111518","is_ascension_mode":true,"campfire_choices":[{"floor":6,"key":"REST"},{"floor":12,"key":"REST"},{"data":"Panache","floor":15,"key":"SMITH"},{"floor":24,"key":"REST"},{"floor":27,"key":"REST"},{"data":"artistmod:GrowingGreens","floor":29,"key":"SMITH"},{"floor":32,"key":"REST"},{"data":"artistmod:PaintBreath","floor":40,"key":"SMITH"},{"data":"artistmod:GloriousGallery","floor":42,"key":"SMITH"},{"data":"artistmod:BlueBrews","floor":46,"key":"SMITH"},{"data":"artistmod:IchorInk","floor":49,"key":"SMITH"}],"circlet_count":0,"master_deck":["artistmod:StrokeStrike","artistmod:StrokeStrike","artistmod:StrokeStrike","artistmod:StrokeStrike","artistmod:DaringDefend","artistmod:DaringDefend","artistmod:DaringDefend","artistmod:DaringDefend","artistmod:DarkenDrawing","artistmod:GrowingGreens+1","Panache+1","artistmod:BrownBrush","artistmod:RedRage+1","artistmod:CursedClash+1","artistmod:PurplePain+1","artistmod:ColorfulClobber+1","artistmod:BlueBrews+1","artistmod:CursedClash+1","artistmod:RedReaper","artistmod:PaintballPelt","artistmod:SweepingSadness","artistmod:BlueBarrier","artistmod:ColorCopy+1","artistmod:RedRazzing+1","artistmod:BlueBrews+1","artistmod:BlueBurst+1","artistmod:DoubleDraw+1","artistmod:RaringRepaint+1","artistmod:PaintballPelt","artistmod:YellowYearning+1","artistmod:ShinyShiv","artistmod:AquaAnger","Clumsy","artistmod:IchorInk","artistmod:IchorInk+1","artistmod:PinkPurple","artistmod:CursedClash+1","artistmod:PurplePain+1","Chrysalis","Survey Options","artistmod:PaintBreath+1","artistmod:RainbowReality+1","artistmod:GloriousGallery+1","artistmod:AmberAttack"],"relics":["artistmod:BlueBrush","EVO:Axolotl","ReplayTheSpireMod:Shallot","Strange Spoon","theForsaken:HumbleEgg","PreservedInsect","Pear","Letter Opener","Membership Card","Philosopher\u0027s Stone","Replay:Wax Seal","Toy Ornithopter","Replay:Baseball","Replay:Ancient Bell","Pen Nib","Mummified Hand","theSenshi:SpiralHeartMoonRodRelic","BargainBundle","theSenshi:SailorFukuRelic","Iron Hammer","HandDrill","ReplayTheSpireMod:TigerMarble","Shovel","Replay:WaspNest","Shuriken","Sundial","Eternal Feather"],"acts_visited":["Exordium","TheCity","TheBeyond"],"potions_floor_usage":[5,11,23,30,50,50],"damage_taken":[{"damage":17,"enemies":"Cultist","floor":1,"turns":6},{"damage":0,"enemies":"2 Louse","floor":3,"turns":5},{"damage":0,"enemies":"Small Slimes","floor":5,"turns":2},{"damage":20,"enemies":"Gremlin Nob","floor":8,"turns":4},{"damage":0,"enemies":"3 Louse","floor":10,"turns":2},{"damage":0,"enemies":"3 Sentries","floor":11,"turns":3},{"damage":0,"enemies":"Blue Slaver","floor":14,"turns":4},{"damage":23,"enemies":"Fading Forest","floor":16,"turns":11},{"damage":12,"enemies":"3 Byrds","floor":18,"turns":2},{"damage":9,"enemies":"Chosen","floor":19,"turns":4},{"damage":20,"enemies":"Snake Plant","floor":20,"turns":4},{"damage":5,"enemies":"Centurion and Healer","floor":21,"turns":6},{"damage":2,"enemies":"Cultist and Chosen","floor":22,"turns":6},{"damage":16,"enemies":"Slavers","floor":23,"turns":5},{"damage":3,"enemies":"Replay:Snechameleon","floor":25,"turns":4},{"damage":0,"enemies":"Snake Plant","floor":30,"turns":4},{"damage":9,"enemies":"Snecko","floor":31,"turns":4},{"damage":1,"enemies":"Champ","floor":33,"turns":7},{"damage":2,"enemies":"3 Shapes","floor":35,"turns":3},{"damage":9,"enemies":"Orb Walker","floor":38,"turns":3},{"damage":0,"enemies":"Mind Bloom Boss Battle","floor":39,"turns":3},{"damage":18,"enemies":"Nemesis","floor":41,"turns":3},{"damage":0,"enemies":"R_Hoarder","floor":44,"turns":5},{"damage":70,"enemies":"Time Eater","floor":50,"turns":8}],"seed_played":"1639876242786837161","potions_obtained":[{"floor":1,"key":"ColorlessPotion"},{"floor":3,"key":"Death Potion"},{"floor":8,"key":"SkillPotion"},{"floor":20,"key":"Explosive Potion"},{"floor":22,"key":"Strength Potion"},{"floor":25,"key":"SkillPotion"},{"floor":30,"key":"Elixir"},{"floor":41,"key":"Block Potion"}],"is_trial":false,"path_per_floor":["M","T","M","$","M","R","?","E","T","M","E","R","$","M","R","B",null,"M","M","M","M","M","E","R","E","T","R","?","R","M","M","R","B",null,"M","?","$","M","?","R","E","R","T","E","?","R","?","$","R","B",null],"character_chosen":"THE_ARTIST","items_purchased":["artistmod:GrowingGreens","Panache","ReplayTheSpireMod:Shallot","Strange Spoon","artistmod:CursedClash+1","artistmod:PurplePain+1","artistmod:PaintballPelt","artistmod:SweepingSadness","Membership Card","BargainBundle","theSenshi:SailorFukuRelic","Iron Hammer","artistmod:IchorInk","HandDrill","ReplayTheSpireMod:TigerMarble","artistmod:PinkPurple","artistmod:CursedClash+1","artistmod:PurplePain+1","Chrysalis","Survey Options","Eternal Feather"],"campfire_rested":5,"item_purchase_floors":[0,0,0,0,4,4,13,13,13,37,37,37,37,37,37,37,37,37,37,37,48],"current_hp_per_floor":[31,31,31,31,31,52,45,25,35,35,35,59,59,59,59,54,81,69,60,40,35,33,17,41,38,38,62,62,62,67,58,81,80,81,81,81,81,74,78,78,62,62,62,64,64,64,72,72,81,13],"gold":20,"neow_bonus":"","is_daily":false,"chose_seed":false,"campfire_upgraded":6,"win_rate":0.0,"timestamp":1610381718,"path_taken":["M","?","?","$","M","R","?","E","T","M","E","R","$","M","R","BOSS","M","M","M","M","M","E","R","E","T","R","?","R","?","M","R","BOSS","M","?","$","M","?","R","E","R","T","E","?","R","?","$","R","BOSS"],"items_purchased_type":["Card","Card","Relic","Relic","Card","Card","Card","Card","Relic","Relic","Relic","Relic","Card","Relic","Relic","Card","Card","Card","Card","Card","Relic"],"build_version":"2020-12-22","purchased_purges":2,"victory":true,"max_hp_per_floor":[71,71,71,71,71,71,71,71,81,81,81,81,81,81,81,81,81,81,81,81,81,81,81,81,81,81,81,81,81,81,81,81,81,81,81,81,81,81,81,81,81,81,81,81,81,81,81,81,81,81],"card_choices":[{"not_picked":["artistmod:IndigoIncapitation","artistmod:MeanMagenta"],"picked":"artistmod:BrownBrush","floor":1},{"not_picked":["artistmod:PrismaticPain+1","artistmod:RedRazzing+1"],"picked":"artistmod:RedRage+1","floor":3},{"not_picked":["artistmod:ChromaCrash+1","artistmod:PrismaticPain+1"],"picked":"artistmod:ColorfulClobber+1","floor":5},{"not_picked":["artistmod:PinkPurple","artistmod:ContrastingClash"],"picked":"artistmod:BlueBrews","floor":8},{"not_picked":["artistmod:ClearChroma+1","artistmod:DualDash"],"picked":"artistmod:CursedClash+1","floor":10},{"not_picked":["artistmod:BrownBrush+1","artistmod:RedRage+1"],"picked":"artistmod:RedReaper","floor":11},{"not_picked":["artistmod:DoubleDraw+1","artistmod:DualDash","artistmod:ClearChroma+1"],"picked":"SKIP","floor":14},{"not_picked":["artistmod:BlackBang","artistmod:MagentaMist"],"picked":"artistmod:BlueBarrier","floor":16},{"not_picked":["artistmod:ChromaCrash+1","artistmod:RedRazzing+1"],"picked":"artistmod:ColorCopy+1","floor":18},{"not_picked":["artistmod:DoubleDraw+1","artistmod:AquaAnnoyance+1"],"picked":"artistmod:RedRazzing+1","floor":19},{"not_picked":["artistmod:PurplePain+1","artistmod:PrismaticPain+1"],"picked":"artistmod:BlueBrews+1","floor":20},{"not_picked":["artistmod:DoubleDemolition","artistmod:RedRazzing+1"],"picked":"artistmod:BlueBurst+1","floor":21},{"not_picked":["artistmod:GreenGreed","artistmod:DualDebuffs"],"picked":"artistmod:DoubleDraw+1","floor":22},{"not_picked":["artistmod:GreenGreed+1","artistmod:VibrantVision"],"picked":"artistmod:RaringRepaint+1","floor":23},{"not_picked":["artistmod:BlackBang","artistmod:MagentaMadness+1"],"picked":"artistmod:PaintballPelt","floor":25},{"not_picked":["artistmod:ChromaCrash+1","artistmod:MagentaMadness+1"],"picked":"artistmod:YellowYearning+1","floor":30},{"not_picked":["artistmod:RainbowRazor","artistmod:ChromaCrash+1"],"picked":"artistmod:ShinyShiv","floor":31},{"not_picked":["artistmod:RedReaper","artistmod:BlackBang"],"picked":"artistmod:AquaAnger","floor":33},{"not_picked":["Doubt","Delirium"],"picked":"Clumsy","floor":34},{"not_picked":["Writhe","betterMatch:CurseCard"],"picked":"Voices","floor":34},{"not_picked":["Normality","theForsaken:PlagueCurse"],"picked":"Clumsy","floor":34},{"not_picked":["artistmod:BrownBrush+1","artistmod:CanvasCatapult+1"],"picked":"artistmod:IchorInk","floor":35},{"not_picked":["artistmod:DualDebuffs+1","artistmod:ColorCopy+1"],"picked":"artistmod:PaintBreath","floor":38},{"not_picked":["artistmod:ContrastingClash+1","artistmod:MeanMagenta+1"],"picked":"artistmod:RainbowReality+1","floor":39},{"not_picked":["artistmod:RainbowReality","artistmod:PurplePain+1"],"picked":"artistmod:GloriousGallery","floor":41},{"not_picked":["artistmod:ColorfulClobber+1","artistmod:DoubleDraw+1"],"picked":"artistmod:AmberAttack","floor":44}],"player_experience":526278,"relics_obtained":[{"floor":2,"key":"theForsaken:HumbleEgg"},{"floor":8,"key":"PreservedInsect"},{"floor":9,"key":"Pear"},{"floor":11,"key":"Letter Opener"},{"floor":23,"key":"Replay:Wax Seal"},{"floor":25,"key":"Toy Ornithopter"},{"floor":26,"key":"Replay:Baseball"},{"floor":39,"key":"Shovel"},{"floor":41,"key":"Replay:WaspNest"},{"floor":43,"key":"Shuriken"},{"floor":44,"key":"Sundial"}],"event_choices":[{"damage_healed":0,"gold_gain":0,"player_choice":"Damaged","damage_taken":7,"max_hp_gain":0,"max_hp_loss":0,"event_name":"Wheel of Change","floor":7,"gold_loss":0},{"cards_removed":["artistmod:BrushBash"],"damage_healed":0,"gold_gain":0,"player_choice":"Purged","damage_taken":0,"max_hp_gain":0,"max_hp_loss":0,"event_name":"Purifier","floor":28,"gold_loss":0},{"damage_healed":0,"gold_gain":0,"player_choice":"Fight","damage_taken":0,"max_hp_gain":0,"max_hp_loss":0,"event_name":"MindBloom","floor":39,"gold_loss":0},{"damage_healed":0,"gold_gain":0,"player_choice":"Ignored","damage_taken":0,"max_hp_gain":0,"max_hp_loss":0,"event_name":"Tomb of Lord Red Mask","floor":45,"gold_loss":0}],"is_beta":false,"boss_relics":[{"not_picked":["SlaversCollar","Cursed Key"],"picked":"Philosopher\u0027s Stone"},{"not_picked":["Painkiller Herb","energizedSpire:NeverEndingSparkler"],"picked":"Replay:Ancient Bell"},{"not_picked":["Vajra","Juzu Bracelet"],"picked":"Pen Nib"},{"not_picked":["Toxic Egg 2","Meat on the Bone"],"picked":"Mummified Hand"},{"not_picked":["WingedGreaves","Gambling Chip"],"picked":"theSenshi:SpiralHeartMoonRodRelic"}],"items_purged_floors":[37,48],"is_endless":false,"potions_floor_spawned":[1,3,8,20,22,25,30,31,39,41,44],"ascension_level":1}}