{"host":"b0hh64pqctf46s8m","time":1610392532,"event":{"mods":["100% Spire Juice","Act Like it!","Aspiration","BaseMod","Bestiary","Better Third Choice","CCEM","CapriCore","ChefMod","Conspire","Curses Come First","Displayed Cursed Tome","Dota2Spire","Downfall","Ekko","Elementarium","Evolution","Fireblade Mod","Fox Events","Halation","Hallownest","Hermit","Hubris","Infinite Spire","Jess\u0027s Bottle","JesterMod","Jorbs\u0027s Wanderer Trilogy","Koishi","Kratos Character Expansion","Lobotomy","Luminous","Mari Mod (Legacy)","Mari\u0027s V1 Patch","Menagerie","Mimic Mod","Minty Spire (QoL Compilation)","Pale of the Ancients","Permanent Neow","Pikachu Mod","QueenMod","Random Character Button","Relic Sorter","Relic Stats","Replay The Spire","Robot Space Explorer","Shade Mod","StSLib","The Blue Laboratory","The Bug Knight","The Dragon Tamer","The Hayseed","The Immortal","The Marked","TheLocksmith","TheSwordswoman","TheVacant","TheWitcher","Treasure Hunter","UnlockEverythingMod","Wandering Minibosses","vexMod","??????REMEMod"],"gold_per_floor":[99,119,129,146,146,172,172,172,190,190,208,243,38,71,91,193,193,193,204,220,155,155,155,225,251,251,285,389,300,300,316,331,435,435,435,453,468,468,478,478,504,533,533,546,566,597,615,635,654,756,756,681,692,702,702,720,494,524,544,572,572,582,122,122,122,122],"floor_reached":64,"playtime":3313,"items_purged":["Guardian:Strike_Guardian","Guardian:TemporalStrike","Guardian:TemporalStrike+1","Guardian:Planning+1"],"score":1112,"play_id":"c32b9a49-a5f6-4783-a743-6d616422e2cc","local_time":"20210111111532","is_ascension_mode":false,"campfire_choices":[{"data":"Guardian:SpikerProtocol","floor":8,"key":"SMITH"},{"data":"Guardian:Reroute","floor":10,"key":"SMITH"},{"data":"Guardian:EvasiveProtocol","floor":18,"key":"SMITH"},{"data":"Guardian:BronzeArmor","floor":30,"key":"SMITH"},{"data":"Guardian:DecasProtection","floor":40,"key":"SMITH"},{"data":"Guardian:TemporalShield","floor":52,"key":"SMITH"}],"circlet_count":0,"master_deck":["Guardian:TemporalStrike+1","Guardian:Defend_Guardian+1","Guardian:Defend_Guardian+1","Guardian:Defend_Guardian+1","Guardian:Defend_Guardian+1","Guardian:CurlUp","Guardian:TwinSlam","REME_ProfessionalPlagiarism","Guardian:SpikerProtocol+1","Guardian:Reroute+1","Guardian:PrimingBeam","Guardian:BronzeArmor+1","TH:TreasureMap","Guardian:PiercingHide","Guardian:SentryBeam","Guardian:EvasiveProtocol+1","Guardian:RollAttack","Guardian:Preprogram+1","Guardian:AncientConstruct","Guardian:Suspension+1","Guardian:DecasProtection+1","Guardian:TemporalShield+1","Guardian:TemporalShield+1","Guardian:ExploitGems","Guardian:Gem_Lightblue","Guardian:Gem_Crimson","Guardian:Gem_White","Pot Of Greed","Pot Of Greed+1","Pot Of Greed+1"],"relics":["Durian","SnafuTest:QuenRelic","Hallownest:StagBellStandRelic","Magic Flower","Bag of Preparation","MariMod:MariOldLollipop","blazmod:ConfectionCutter","RabbitCall","aspiration:DSix","CCEMRelics:PorcelainBowl","Hallownest:SheosBrushRelic","DTMod:MindBender","CultistMask","Champion Belt","champ:Barbells","Grinning Jar","Unceasing Top","TheSimpletonMod:CashCrop","chefmod:RollingPin","stsjorbsmod:ShadowRelic","Slimebound:MaxSlimesRelic","infinitespire:MutagenicDexterity","aspiration:WatcherSkillbook","m_IronCrown","infinitespire:Satchel","vexMod:Cooldron","Ring of Shattering","FireBladeMod:DuelistLocket","Tingsha","TH:HealthInsurance","Cracked Core","RobotSpaceExplorer:RoboCore","infinitespire:Chaos","vexMod:PaidLearning","Bird Faced Urn"],"acts_visited":["Exordium","Hallownest:CityofTears","TheBeyond","Exordium"],"potions_floor_usage":[14,21],"damage_taken":[{"damage":2,"enemies":"2 Louse","floor":2,"turns":4},{"damage":4,"enemies":"Cultist","floor":3,"turns":4},{"damage":0,"enemies":"Small Slimes","floor":4,"turns":3},{"damage":4,"enemies":"3 Sentries","floor":6,"turns":8},{"damage":0,"enemies":"Red Slaver","floor":9,"turns":2},{"damage":1,"enemies":"Lots of Slimes","floor":11,"turns":3},{"damage":16,"enemies":"Lagavulin","floor":12,"turns":5},{"damage":1,"enemies":"downfall:FleeingMerchant","floor":13,"turns":4},{"damage":5,"enemies":"3 Sentries","floor":14,"turns":5},{"damage":0,"enemies":"Blue Slaver","floor":15,"turns":2},{"damage":0,"enemies":"downfall:Watcher","floor":16,"turns":5},{"damage":0,"enemies":"Hallownest:3_Youths","floor":19,"turns":3},{"damage":3,"enemies":"Hallownest:Guard_and_Sentry","floor":20,"turns":2},{"damage":0,"enemies":"downfall:FleeingMerchant","floor":21,"turns":7},{"damage":2,"enemies":"Nightmare","floor":25,"turns":5},{"damage":0,"enemies":"Hallownest:Nosk","floor":27,"turns":6},{"damage":0,"enemies":"Hallownest:Glutton_and_Coward","floor":28,"turns":2},{"damage":3,"enemies":"Hallownest:monsterMisterMushroom","floor":29,"turns":5},{"damage":0,"enemies":"Hallownest:2_Husk_Sentries","floor":31,"turns":2},{"damage":0,"enemies":"Hallownest:Warrior_and_Youth","floor":32,"turns":3},{"damage":0,"enemies":"downfall:Defect","floor":33,"turns":5},{"damage":0,"enemies":"Orb Walker","floor":36,"turns":2},{"damage":0,"enemies":"3 Shapes","floor":37,"turns":4},{"damage":14,"enemies":"Spire Growth","floor":39,"turns":3},{"damage":24,"enemies":"Nightmare","floor":42,"turns":6},{"damage":0,"enemies":"Jaw Worm Horde","floor":43,"turns":3},{"damage":0,"enemies":"3 Darklings","floor":44,"turns":3},{"damage":0,"enemies":"Sphere and 2 Shapes","floor":45,"turns":3},{"damage":4,"enemies":"Nemesis","floor":46,"turns":4},{"damage":0,"enemies":"4 Shapes","floor":47,"turns":3},{"damage":0,"enemies":"Writhing Mass","floor":48,"turns":4},{"damage":12,"enemies":"3 Darklings","floor":49,"turns":4},{"damage":16,"enemies":"downfall:Silent","floor":50,"turns":3},{"damage":0,"enemies":"Small Slimes","floor":53,"turns":2},{"damage":4,"enemies":"2 Louse","floor":54,"turns":2},{"damage":0,"enemies":"Cultist","floor":56,"turns":3},{"damage":6,"enemies":"downfall:FleeingMerchant","floor":57,"turns":4},{"damage":19,"enemies":"Blue Slaver","floor":58,"turns":9},{"damage":0,"enemies":"Blue Slaver","floor":59,"turns":1},{"damage":18,"enemies":"Gremlin Nob","floor":60,"turns":4},{"damage":4,"enemies":"3 Louse","floor":62,"turns":2},{"damage":0,"enemies":"Gremlin Gang","floor":64,"turns":1}],"seed_played":"-1581847629375537988","potions_obtained":[{"floor":2,"key":"EntropicBrew"},{"floor":6,"key":"Dota2Spire:HealingSalve"},{"floor":12,"key":"hexamod:EctoCoolerPotion"},{"floor":14,"key":"blueLaboratory:HummingbirdPotion"},{"floor":27,"key":"Fire Potion"},{"floor":36,"key":"Guardian:DefensiveModePotion"}],"is_trial":false,"path_per_floor":["R","M","M","M","?","E","T","R","M","R","M","E","$","E","M","B",null,"R","M","M","$","AVR","?","T","NM","?","E","M","M","R","M","M","B",null,"R","M","M","?","M","R","T","NM","M","M","M","E","M","M","M","B",null,"R","M","M","?","M","$","MIM","M","E","AVR","M","$","M"],"character_chosen":"GUARDIAN","items_purchased":["Guardian:EvasiveProtocol","Guardian:RollAttack","TH:HealthInsurance","Blue Doll","Dota2Spire:BladeMail","vexMod:PaidLearning","Bird Faced Urn"],"campfire_rested":0,"item_purchase_floors":[13,13,57,57,57,63,63],"current_hp_per_floor":[80,78,74,74,74,75,75,75,75,75,74,58,57,64,64,64,85,85,85,82,82,82,82,82,80,80,80,80,77,77,77,77,77,85,85,85,85,85,71,71,71,47,49,51,53,51,53,55,45,31,85,85,85,85,85,85,79,62,64,48,53,64,64,64,64,64],"gold":122,"neow_bonus":"RANDOM_COMMON_RELIC","is_daily":false,"chose_seed":false,"campfire_upgraded":6,"win_rate":0.0,"timestamp":1610392532,"path_taken":["R","M","M","?","?","E","T","R","?","R","M","E","$","E","M","BOSS","R","M","M","?","AVR","?","T","NM","?","E","?","M","R","M","M","BOSS","R","M","M","?","M","R","T","NM","M","M","M","E","M","M","M","BOSS","R","M","M","?","M","$","MIM","M","E","AVR","?","$","M"],"items_purchased_type":["Card","Card","Relic","Relic","Relic","Relic","Relic"],"build_version":"2020-12-22","purchased_purges":4,"victory":false,"max_hp_per_floor":[80,80,80,80,80,85,85,85,85,85,85,85,85,85,85,85,85,85,85,85,85,85,85,85,85,85,85,85,85,85,85,85,85,85,85,85,85,85,85,85,85,85,85,85,85,85,85,85,85,85,85,85,85,85,85,85,85,85,85,85,90,90,90,90,90,90],"relic_stats":{"counters":[42,153],"Bird Faced Urn":[0],"Magic Flower":[5],"Tingsha":[0],"Bag of Preparation":[2],"Champion Belt":[0],"obtain_stats":[{"CCEMRelics:PorcelainBowl":61,"downfall:HeartBlessingGreen":52,"aspiration:PoetsPen_weak":17,"CCEMRelics:DerglesHeadphones":42,"Blood Vial":42,"Kunai":24,"HollowMod:PaleOreRelic":46,"aspiration:DSix":61,"aspiration:FaultyCoupler":54,"SnafuTest:BearRelic":45,"champ:Barbells":61,"Dota2Spire:Dagon":5,"Counterbalance":60,"Tingsha":61,"Dota2Spire:Bloodstone":61,"REME_LimitBreaker":43,"aspiration:FrozenJewel":46,"Dota2Spire:AghanimScepter":14,"Bird Faced Urn":63,"CultistMask":61,"Unceasing Top":33,"hubris:Reverence":32,"Dota2Spire:PhaseBoots":44,"MariMod:MariFestivalBadge":51,"Lantern":0,"Guardian:StasisSlotReductionRelic":17,"REME_ChargedStone":22,"Magic Flower":61,"Blue Doll":57,"halation:TrafficLight":59,"Bag of Preparation":61,"Smiling Mask":47,"jesterMod:MirrorMask":49,"Hallownest:SheosBrushRelic":61,"Hallownest:StagBellStandRelic":61,"DTMod:MindBender":61,"Slimebound:MaxSlimesRelic":61,"infinitespire:Bottled Soul":22,"stsjorbsmod:ShadowRelic":61,"hubris:ScarierMask":44,"Dota2Spire:BladeMail":57,"hubris:CuriousFeather":45,"aspiration:VileToxins":39,"KratosMod:minohorn":58,"PreservedInsect":57,"CCEMRelics:CocoNut":6,"hubris:Towel":55,"halation:SelfBoilingWater":58,"chefmod:RollingPin":61,"REME_HandOfSuture":27,"Art of War":47,"Garlic":53,"TH:HealthInsurance":57,"Durian":61,"Champion Belt":61,"Toy Ornithopter":32,"halation:Trompette":48,"halation:PeacePiece":50,"REME_ComplimentaryCards":0,"infinitespire:Midas Blood":60,"Ice Cream":37,"m_IronCrown":61,"FireBladeMod:DuelistLocket":61,"Vajra":58,"Dota2Spire:RefresherOrb":17,"EVO:Axolotl":0,"SnafuTest:QuenRelic":61,"Prayer Wheel":54,"Iron Hammer":25,"Ring of Shattering":61,"wanderingMiniBosses:ThiefScarf":28,"MariMod:MariOldLollipop":61,"blazmod:ConfectionCutter":61,"Replay:Grab Bag":17,"Guardian:ModeShifter":0,"vexMod:TimeEaterHat":39,"Ring of Chaos":36,"vexMod:PaidLearning":63,"vexMod:Cooldron":61,"ReplayTheSpireMod:Shallot":42,"Grinning Jar":61,"CCEMRelics:WarHorn":31,"Mirror":33,"ReplayFunnel":31,"RabbitCall":61,"Replay:PocketPolymizer":37,"TheSimpletonMod:CashCrop":61,"CCEMRelics:Pendulum":46,"Frozen Eye":36,"Dream Catcher":29,"Nunchaku":41,"Gambling Chip":48,"infinitespire:MutagenicDexterity":61,"infinitespire:Chaos":61,"Cracked Core":61,"infinitespire:CursedDice":56,"Quantum Egg":43,"aspiration:RunicSpoon":49,"infinitespire:EmptyRelic":61,"RobotSpaceExplorer:RoboCore":61,"Dota2Spire:BattleFury":50,"Orichalcum":12,"halation:LoveArrow":34,"aspiration:WatcherSkillbook":61,"infinitespire:Satchel":61,"Dota2Spire:LinkenSphere":7,"TungstenRod":29},{"CCEMRelics:PorcelainBowl":40,"downfall:HeartBlessingGreen":33,"aspiration:PoetsPen_weak":11,"CCEMRelics:DerglesHeadphones":24,"Blood Vial":25,"Kunai":14,"HollowMod:PaleOreRelic":28,"aspiration:DSix":40,"aspiration:FaultyCoupler":34,"SnafuTest:BearRelic":27,"champ:Barbells":40,"Dota2Spire:Dagon":3,"Counterbalance":39,"Tingsha":40,"Dota2Spire:Bloodstone":40,"REME_LimitBreaker":25,"aspiration:FrozenJewel":29,"Dota2Spire:AghanimScepter":9,"Bird Faced Urn":41,"CultistMask":40,"Unceasing Top":20,"hubris:Reverence":19,"Dota2Spire:PhaseBoots":26,"MariMod:MariFestivalBadge":33,"Lantern":0,"Guardian:StasisSlotReductionRelic":11,"REME_ChargedStone":14,"Magic Flower":40,"Blue Doll":37,"halation:TrafficLight":38,"Bag of Preparation":40,"Smiling Mask":29,"jesterMod:MirrorMask":31,"Hallownest:SheosBrushRelic":40,"Hallownest:StagBellStandRelic":40,"DTMod:MindBender":40,"Slimebound:MaxSlimesRelic":40,"infinitespire:Bottled Soul":14,"stsjorbsmod:ShadowRelic":40,"hubris:ScarierMask":26,"Dota2Spire:BladeMail":37,"hubris:CuriousFeather":27,"aspiration:VileToxins":23,"KratosMod:minohorn":37,"PreservedInsect":36,"CCEMRelics:CocoNut":4,"hubris:Towel":35,"halation:SelfBoilingWater":38,"chefmod:RollingPin":40,"REME_HandOfSuture":16,"Art of War":29,"Garlic":33,"TH:HealthInsurance":37,"Durian":40,"Champion Belt":40,"Toy Ornithopter":19,"halation:Trompette":30,"halation:PeacePiece":32,"REME_ComplimentaryCards":0,"infinitespire:Midas Blood":39,"Ice Cream":22,"m_IronCrown":40,"FireBladeMod:DuelistLocket":40,"Vajra":37,"Dota2Spire:RefresherOrb":11,"EVO:Axolotl":0,"SnafuTest:QuenRelic":40,"Prayer Wheel":34,"Iron Hammer":15,"Ring of Shattering":40,"wanderingMiniBosses:ThiefScarf":17,"MariMod:MariOldLollipop":40,"blazmod:ConfectionCutter":40,"Replay:Grab Bag":11,"Guardian:ModeShifter":0,"vexMod:TimeEaterHat":23,"Ring of Chaos":21,"vexMod:PaidLearning":41,"vexMod:Cooldron":40,"ReplayTheSpireMod:Shallot":24,"Grinning Jar":40,"CCEMRelics:WarHorn":18,"Mirror":20,"ReplayFunnel":18,"RabbitCall":40,"Replay:PocketPolymizer":22,"TheSimpletonMod:CashCrop":40,"CCEMRelics:Pendulum":28,"Frozen Eye":21,"Dream Catcher":17,"Nunchaku":24,"Gambling Chip":30,"infinitespire:MutagenicDexterity":40,"infinitespire:Chaos":40,"Cracked Core":40,"infinitespire:CursedDice":35,"Quantum Egg":25,"aspiration:RunicSpoon":31,"infinitespire:EmptyRelic":40,"RobotSpaceExplorer:RoboCore":40,"Dota2Spire:BattleFury":32,"Orichalcum":7,"halation:LoveArrow":21,"aspiration:WatcherSkillbook":40,"infinitespire:Satchel":40,"Dota2Spire:LinkenSphere":4,"TungstenRod":17},{"CCEMRelics:PorcelainBowl":152,"downfall:HeartBlessingGreen":127,"aspiration:PoetsPen_weak":45,"CCEMRelics:DerglesHeadphones":94,"Blood Vial":100,"Kunai":57,"HollowMod:PaleOreRelic":109,"aspiration:DSix":152,"aspiration:FaultyCoupler":129,"SnafuTest:BearRelic":106,"champ:Barbells":152,"Dota2Spire:Dagon":11,"Counterbalance":148,"Tingsha":152,"Dota2Spire:Bloodstone":152,"REME_LimitBreaker":100,"aspiration:FrozenJewel":113,"Dota2Spire:AghanimScepter":38,"Bird Faced Urn":153,"CultistMask":152,"Unceasing Top":80,"hubris:Reverence":77,"Dota2Spire:PhaseBoots":103,"MariMod:MariFestivalBadge":127,"Lantern":0,"Guardian:StasisSlotReductionRelic":45,"REME_ChargedStone":57,"Magic Flower":152,"Blue Doll":138,"halation:TrafficLight":147,"Bag of Preparation":152,"Smiling Mask":113,"jesterMod:MirrorMask":120,"Hallownest:SheosBrushRelic":152,"Hallownest:StagBellStandRelic":152,"DTMod:MindBender":152,"Slimebound:MaxSlimesRelic":152,"infinitespire:Bottled Soul":57,"stsjorbsmod:ShadowRelic":152,"hubris:ScarierMask":103,"Dota2Spire:BladeMail":138,"hubris:CuriousFeather":106,"aspiration:VileToxins":91,"KratosMod:minohorn":138,"PreservedInsect":134,"CCEMRelics:CocoNut":19,"hubris:Towel":131,"halation:SelfBoilingWater":147,"chefmod:RollingPin":152,"REME_HandOfSuture":68,"Art of War":113,"Garlic":127,"TH:HealthInsurance":138,"Durian":152,"Champion Belt":152,"Toy Ornithopter":77,"halation:Trompette":116,"halation:PeacePiece":124,"REME_ComplimentaryCards":0,"infinitespire:Midas Blood":148,"Ice Cream":87,"m_IronCrown":152,"FireBladeMod:DuelistLocket":152,"Vajra":138,"Dota2Spire:RefresherOrb":45,"EVO:Axolotl":0,"SnafuTest:QuenRelic":152,"Prayer Wheel":129,"Iron Hammer":62,"Ring of Shattering":152,"wanderingMiniBosses:ThiefScarf":70,"MariMod:MariOldLollipop":152,"blazmod:ConfectionCutter":152,"Replay:Grab Bag":45,"Guardian:ModeShifter":0,"vexMod:TimeEaterHat":91,"Ring of Chaos":85,"vexMod:PaidLearning":153,"vexMod:Cooldron":152,"ReplayTheSpireMod:Shallot":94,"Grinning Jar":152,"CCEMRelics:WarHorn":75,"Mirror":80,"ReplayFunnel":75,"RabbitCall":152,"Replay:PocketPolymizer":87,"TheSimpletonMod:CashCrop":152,"CCEMRelics:Pendulum":109,"Frozen Eye":85,"Dream Catcher":70,"Nunchaku":94,"Gambling Chip":116,"infinitespire:MutagenicDexterity":152,"infinitespire:Chaos":152,"Cracked Core":152,"infinitespire:CursedDice":131,"Quantum Egg":100,"aspiration:RunicSpoon":120,"infinitespire:EmptyRelic":152,"RobotSpaceExplorer:RoboCore":152,"Dota2Spire:BattleFury":124,"Orichalcum":29,"halation:LoveArrow":85,"aspiration:WatcherSkillbook":152,"infinitespire:Satchel":152,"Dota2Spire:LinkenSphere":19,"TungstenRod":70}],"Unceasing Top":[2]},"card_choices":[{"not_picked":["Guardian:Gem_Fragmented","Guardian:PrismaticBarrier"],"picked":"Guardian:SpikerProtocol","floor":2},{"not_picked":["Guardian:VentSteam","Guardian:BronzeOrb"],"picked":"Guardian:Reroute","floor":3},{"not_picked":["Guardian:TemporalStrike","Guardian:Planning"],"picked":"Guardian:Gem_Green","floor":4},{"not_picked":["Guardian:VentSteam","Guardian:Gem_Red"],"picked":"Guardian:Gem_Green","floor":6},{"not_picked":["TH:CopperCoins","TH:TreasureMap"],"picked":"SKIP","floor":6},{"not_picked":["TH:CursedSword","TH:PixieDust"],"picked":"SKIP","floor":7},{"not_picked":["Guardian:ChargeUp","Guardian:Recover"],"picked":"Guardian:PrimingBeam","floor":9},{"not_picked":["Guardian:Incinerate","Guardian:PolyBeam"],"picked":"Guardian:BronzeArmor","floor":11},{"not_picked":["TH:ElvenBoots"],"picked":"TH:TreasureMap","floor":12},{"not_picked":["Guardian:Recover","Guardian:FierceBash"],"picked":"Guardian:PiercingHide","floor":12},{"not_picked":["Guardian:Preprogram","Guardian:PolyBeam"],"picked":"Guardian:SentryBeam","floor":13},{"not_picked":["TH:CopperCoins","TH:Mimic"],"picked":"SKIP","floor":14},{"not_picked":["Guardian:GuardianWhirl","Guardian:CrystalBeam","Guardian:Incinerate"],"picked":"SKIP","floor":14},{"not_picked":["Guardian:Emergency","Guardian:Clone","Guardian:PrismaticBarrier"],"picked":"SKIP","floor":15},{"not_picked":["Guardian:FierceBash","Guardian:ExploitGems"],"picked":"Guardian:StasisField","floor":16},{"not_picked":["Guardian:Incinerate","Guardian:WalkerClaw"],"picked":"Guardian:Gem_Green","floor":19},{"not_picked":["Guardian:CrystalBeam","Guardian:WalkerClaw"],"picked":"Guardian:Preprogram+1","floor":20},{"not_picked":["Guardian:Planning","Guardian:CrystalBeam","Guardian:TemporalStrike"],"picked":"SKIP","floor":21},{"not_picked":["TH:CopperCoins","TH:CursedSword"],"picked":"SKIP","floor":24},{"not_picked":["Guardian:ShieldCharger+1","Guardian:Gem_Fragmented"],"picked":"Guardian:Gem_White","floor":25},{"not_picked":["TH:TreasureMap","TH:CopperCoins"],"picked":"SKIP","floor":25},{"not_picked":["Guardian:TemporalShield","Guardian:PrimingBeam"],"picked":"Guardian:Gem_Red","floor":27},{"not_picked":["TH:DeckOfManyThings","TH:ArmorSpikes"],"picked":"SKIP","floor":27},{"not_picked":["Guardian:CrystalBeam","Guardian:PiercingHide","Guardian:Preprogram+1"],"picked":"SKIP","floor":28},{"not_picked":["Guardian:TemporalShield","Guardian:Reroute"],"picked":"Guardian:Gem_Blue","floor":29},{"not_picked":["Guardian:TemporalStrike","Guardian:ChargeCore","Guardian:BaubleBeam"],"picked":"SKIP","floor":31},{"not_picked":["Guardian:GuardianWhirl+1","Guardian:SentryBeam","Guardian:ChargeCore"],"picked":"SKIP","floor":32},{"not_picked":["Guardian:FierceBash","Guardian:ExploitGems"],"picked":"Guardian:AncientConstruct","floor":33},{"not_picked":["Guardian:VentSteam","Guardian:ChargeCore+1"],"picked":"Guardian:Suspension+1","floor":36},{"not_picked":["Guardian:PrismaticBeam+1","Guardian:Suspension","Guardian:TemporalStrike"],"picked":"SKIP","floor":37},{"not_picked":["Guardian:Gem_Red","Guardian:ShieldCharger+1"],"picked":"Guardian:DecasProtection","floor":39},{"not_picked":["TH:CursedSword","TH:EnergyPotion"],"picked":"SKIP","floor":41},{"not_picked":["TH:EnergyPotion","TH:PixieDust"],"picked":"SKIP","floor":42},{"not_picked":["Guardian:TimeCapacitor","Guardian:BaubleBeam","Guardian:ChargeCore"],"picked":"SKIP","floor":42},{"not_picked":["Guardian:TimeCapacitor","Guardian:GuardianWhirl+1"],"picked":"Guardian:TemporalShield+1","floor":43},{"not_picked":["Guardian:GuardianWhirl","Guardian:Recover","Guardian:PrismaticBarrier"],"picked":"SKIP","floor":44},{"not_picked":["Guardian:TemporalShield","Guardian:ChargeCore+1","Guardian:PiercingHide"],"picked":"SKIP","floor":45},{"not_picked":["TH:CopperCoins","TH:BikiniMail"],"picked":"SKIP","floor":46},{"not_picked":["Guardian:Incinerate","Guardian:PrismaticBeam","Guardian:Suspension"],"picked":"SKIP","floor":46},{"not_picked":["Guardian:DonusPower","Guardian:FloatingOrbs"],"picked":"Guardian:Planning+1","floor":47},{"not_picked":["Guardian:ChargeCore+1","Guardian:Emergency","Guardian:Reroute"],"picked":"SKIP","floor":48},{"not_picked":["Guardian:TemporalStrike+1","Guardian:VentSteam+1"],"picked":"Guardian:TemporalShield","floor":49},{"not_picked":["Guardian:AncientConstruct","Guardian:Gem_Synthetic"],"picked":"Guardian:ExploitGems","floor":50},{"not_picked":["Guardian:CrystalBeam","Guardian:MultiBeam"],"picked":"Guardian:Gem_Lightblue","floor":53},{"not_picked":["Guardian:Incinerate","Guardian:PiercingHide","Guardian:PrismaticBarrier"],"picked":"SKIP","floor":54},{"not_picked":["Guardian:PiercingHide","Guardian:Gem_Green"],"picked":"Guardian:Gem_Crimson","floor":56},{"not_picked":["Guardian:ExploitGems","Guardian:Repulse","Guardian:Gem_Crimson"],"picked":"SKIP","floor":57},{"not_picked":["Guardian:RefractedBeam","Guardian:Gem_Red"],"picked":"Guardian:Gem_White","floor":58},{"not_picked":["Guardian:Preprogram","Guardian:Incinerate","Guardian:Orbwalk"],"picked":"SKIP","floor":59},{"not_picked":["TH:BikiniMail","TH:Mimic"],"picked":"SKIP","floor":60},{"not_picked":["Guardian:Reroute","Guardian:WalkerClaw","Guardian:ChargeCore"],"picked":"SKIP","floor":60},{"not_picked":["BattleHymn","Combust","Crescendo","Guardian:ChargeUp"],"picked":"SKIP","floor":62}],"player_experience":1520957,"relics_obtained":[{"floor":5,"key":"Dota2Spire:Dagon"},{"floor":6,"key":"CCEMRelics:CocoNut"},{"floor":7,"key":"Dota2Spire:LinkenSphere"},{"floor":12,"key":"Orichalcum"},{"floor":14,"key":"Dota2Spire:AghanimScepter"},{"floor":24,"key":"Kunai"},{"floor":25,"key":"Iron Hammer"},{"floor":27,"key":"REME_HandOfSuture"},{"floor":28,"key":"wanderingMiniBosses:ThiefScarf"},{"floor":28,"key":"Guardian:ModeShifter"},{"floor":41,"key":"Nunchaku"},{"floor":42,"key":"Blood Vial"},{"floor":46,"key":"aspiration:FrozenJewel"},{"floor":58,"key":"Mirror"},{"floor":58,"key":"halation:SelfBoilingWater"}],"event_choices":[{"damage_healed":0,"gold_gain":0,"player_choice":"Relic","damage_taken":0,"max_hp_gain":0,"max_hp_loss":0,"event_name":"Wheel of Change","floor":5,"gold_loss":0},{"damage_healed":0,"gold_gain":0,"player_choice":"Leave","damage_taken":0,"max_hp_gain":0,"max_hp_loss":0,"event_name":"conspire:Investor","floor":23,"gold_loss":0},{"cards_removed":["Guardian:StasisField"],"damage_healed":0,"gold_gain":0,"player_choice":"Removed Skill","damage_taken":0,"max_hp_gain":0,"max_hp_loss":0,"event_name":"Falling","floor":38,"gold_loss":0}],"is_beta":false,"boss_relics":[{"not_picked":["halation:PlatinumPhoenix","aspiration:IroncladSkillbook"],"picked":"Replay:Grab Bag"},{"not_picked":["hubris:TerracottaHorce","Replay:Wanted Poster"],"picked":"Dota2Spire:RefresherOrb"},{"not_picked":["Fusion Hammer","CCEMRelics:GreenEgg"],"picked":"Guardian:StasisSlotReductionRelic"},{"not_picked":["aspiration:SilentSkillbook","Empty Cage"],"picked":"aspiration:PoetsPen_weak"},{"not_picked":["hubris:BlackHole","Pandora\u0027s Box"],"picked":"halation:LoveArrow"},{"not_picked":["Calling Bell","halation:CatFaceCupcake"],"picked":"MariMod:MariFestivalBadge"}],"items_purged_floors":[13,22,57,61],"is_endless":true,"potions_floor_spawned":[2,6,12,14,15,16,20,27,29,36,39,42,49,50,54,56,62],"killed_by":"Gremlin Gang","ascension_level":0}}