{"host":"a70birb7gb03c330","time":1610324786,"event":{"mods":["Act Like it!","Aspiration","BaseMod","Beaked The Cultist","Better Vampires","Clawfect","Conspire","Disable Question Mark Monsters","Displayed Cursed Tome","Downfall","Energized Spire","GungeonMod","Hallownest","Hubris","Infinite Spire","Marked Mod","Minty Spire (QoL Compilation)","Permanent Neow","Replay The Spire","Robot Space Explorer","Spicy Shops","Spikes Relics","StSLib","The Blue Laboratory","The Bug Knight","The Construct","The Jungle","UnlockEverythingMod","Wandering Minibosses"],"gold_per_floor":[113,124,159,177,9,37,57,177,177,187,207,222,222,253,253,348,348,367,367,377,192,192,222,182,57,57,71,71,101,101,213,213,310,310,329,379,75,75,93,93,113,148,173,173,173,200,200,218,218,218,218],"floor_reached":50,"playtime":3056,"items_purged":["Sickly","Pain"],"score":602,"play_id":"073ab54e-9b00-4327-9fcb-d900767d91da","local_time":"20210110162626","is_ascension_mode":false,"campfire_choices":[{"data":"Toxin Wave","floor":13,"key":"SMITH"},{"data":"Strike_G","floor":15,"key":"PURGE"},{"data":"Glass Knife","floor":28,"key":"SMITH"},{"floor":30,"key":"REST"},{"data":"Reflex","floor":32,"key":"SMITH"},{"data":"ReplayTheSpireMod:From All Sides","floor":40,"key":"SMITH"},{"data":"Eviscerate","floor":40,"key":"SMITH"},{"floor":45,"key":"REST"},{"data":"Survivor","floor":49,"key":"SMITH"},{"data":"Masterful Stab","floor":49,"key":"SMITH"}],"circlet_count":0,"master_deck":["Strike_G","Strike_G","Strike_G","Strike_G","Defend_G","Defend_G","Defend_G","Defend_G","Survivor+1","Neutralize","Unload","Toxin Wave+1","ReplayTheSpireMod:From All Sides+1","Eviscerate+1","Prepared","Underhanded Strike","Masterful Stab+1","Reflex+1","Glass Knife+1","conspire:DoublingDagger+1","Tactician+1","Adrenaline+1","Toxin Wave+1","Blind+1"],"relics":["Ring of the Snake","SnailShell","ReplayTheSpireMod:CursedCoin","aspiration:Nostalgia","m_ByrdBlood","Vampiric Spirits","hubris:AstralHammer","DemoMod:WhiteGuonStone","energizedSpire:PogoStick","theJungle:Creamberry","hubris:Icosahedron","Replay:Bottled Steam","Meat on the Bone","Tingsha","hubris:MedicalManual","energizedSpire:DeadBattery","Replay:Arrowhead","Magic Flower","WarpedTongs","DemoMod:Metronome","aspiration:Lifesprig","Replay:Mystery Machine","SpikesRelics:DaevaFist","WristBlade"],"acts_visited":["Exordium","Exordium","TheBeyond"],"potions_floor_usage":[14,23,29,33,33,33,35,42,46,50],"damage_taken":[{"damage":4,"enemies":"Jaw Worm","floor":1,"turns":4},{"damage":6,"enemies":"Cultist","floor":2,"turns":4},{"damage":13,"enemies":"conspire:MimicChest","floor":3,"turns":5},{"damage":0,"enemies":"2 Louse","floor":4,"turns":3},{"damage":3,"enemies":"3 Sentries","floor":6,"turns":7},{"damage":8,"enemies":"Large Slime","floor":7,"turns":5},{"damage":0,"enemies":"3 Louse","floor":10,"turns":2},{"damage":3,"enemies":"Blue Slaver","floor":11,"turns":3},{"damage":0,"enemies":"Looter","floor":12,"turns":2},{"damage":0,"enemies":"Gremlin Nob","floor":14,"turns":3},{"damage":13,"enemies":"Fading Forest","floor":16,"turns":11},{"damage":0,"enemies":"Shell Parasite","floor":18,"turns":3},{"damage":5,"enemies":"theJungle:MUSHROOMGANG","floor":20,"turns":3},{"damage":9,"enemies":"Nightmare","floor":23,"turns":6},{"damage":6,"enemies":"theJungle:Lyon","floor":24,"turns":4},{"damage":1,"enemies":"theJungle:SlimyTreeVines","floor":27,"turns":3},{"damage":68,"enemies":"theJungle:MamaSnecko","floor":29,"turns":7},{"damage":0,"enemies":"theJungle:JungleHuntersEncounter","floor":31,"turns":4},{"damage":64,"enemies":"theJungle:FunGuy","floor":33,"turns":13},{"damage":24,"enemies":"3 Darklings","floor":35,"turns":5},{"damage":21,"enemies":"Mind Bloom Boss Battle","floor":36,"turns":6},{"damage":4,"enemies":"Orb Walker","floor":39,"turns":3},{"damage":7,"enemies":"4 Shapes","floor":41,"turns":3},{"damage":69,"enemies":"Nightmare","floor":42,"turns":10},{"damage":43,"enemies":"HollowMod:StalkingDevout","floor":46,"turns":5},{"damage":5,"enemies":"3 Darklings","floor":48,"turns":4},{"damage":66,"enemies":"infinitespire:MassOfShapes","floor":50,"turns":5}],"seed_played":"4269549417966461640","potions_obtained":[{"floor":3,"key":"LifebloodPotion"},{"floor":4,"key":"SteroidPotion"},{"floor":10,"key":"blueLaboratory:CorrosionFlask"},{"floor":23,"key":"blueLaboratory:BottleOfVodka"},{"floor":29,"key":"SkillPotion"},{"floor":33,"key":"FearPotion"},{"floor":35,"key":"blueLaboratory:EnvenomedCoating"},{"floor":41,"key":"DuplicationPotion"},{"floor":46,"key":"Dexterity Potion"}],"is_trial":false,"path_per_floor":["M","M","?","M","$","E","M","?","T","M","M","M","R","E","R","B",null,"M","?","M","?","?","NM","M","$","T","M","R","E","R","M","R","B",null,"M","?","$","?","M","R","M","NM","T","?","R","E","AVR","M","R","B"],"character_chosen":"THE_SILENT","items_purchased":["ReplayTheSpireMod:CursedCoin","aspiration:Nostalgia","ReplayTheSpireMod:From All Sides","Meat on the Bone","Magic Flower"],"campfire_rested":2,"item_purchase_floors":[5,5,5,25,37],"current_hp_per_floor":[66,60,47,47,47,50,52,24,24,34,37,50,50,70,70,65,70,70,60,68,68,68,67,70,70,70,70,70,26,47,70,70,38,70,52,48,48,48,61,61,70,37,37,37,58,59,59,70,70,12,12],"gold":218,"neow_bonus":"ONE_RANDOM_RARE_CARD","is_daily":false,"chose_seed":false,"campfire_upgraded":7,"win_rate":0.0,"timestamp":1610324786,"path_taken":["M","M","?","?","$","E","M","?","T","M","M","M","R","E","R","BOSS","M","?","M","?","?","NM","M","$","T","M","R","E","R","M","R","BOSS","M","?","$","?","?","R","M","NM","T","?","R","E","AVR","M","R","BOSS"],"items_purchased_type":["Relic","Relic","Card","Relic","Relic"],"build_version":"2020-12-22","purchased_purges":2,"victory":false,"max_hp_per_floor":[70,70,70,70,70,70,70,70,70,70,70,70,70,70,70,70,70,70,70,70,70,70,70,70,70,70,70,70,70,70,70,70,70,70,70,70,70,70,70,70,70,70,70,70,70,70,70,70,70,70,70],"card_choices":[{"not_picked":["Replay:Poison Smokescreen","ReplayTheSpireMod:The Works"],"picked":"Toxin Wave","floor":1},{"not_picked":["Dodge and Roll","Deflect","Terror"],"picked":"SKIP","floor":2},{"not_picked":["Well Laid Plans","Quick Slash","Backflip"],"picked":"SKIP","floor":4},{"not_picked":["Choke","Backflip"],"picked":"Eviscerate","floor":6},{"not_picked":["Cloak And Dagger","Dash","Hidden Blade"],"picked":"SKIP","floor":7},{"not_picked":["Sucker Punch","Blur"],"picked":"Prepared","floor":8},{"not_picked":["Deflect","Slice"],"picked":"Underhanded Strike","floor":10},{"not_picked":["Endless Agony","Replay:Bag of Tricks"],"picked":"Masterful Stab","floor":11},{"not_picked":["PiercingWail","Endless Agony"],"picked":"Reflex","floor":12},{"not_picked":["Accuracy","conspire:PoisonWeapons","beaked:DesperateSwing"],"picked":"SKIP","floor":14},{"not_picked":["Die Die Die","Doppelganger"],"picked":"Glass Knife","floor":16},{"not_picked":["Underhanded Strike","Poisoned Stab","Crippling Poison"],"picked":"SKIP","floor":18},{"not_picked":["Concentrate","PiercingWail","Riddle With Holes+1"],"picked":"SKIP","floor":20},{"not_picked":["Backflip","Catalyst+1","Finisher+1"],"picked":"SKIP","floor":23},{"not_picked":["Setup+1","Dash+1","Backflip"],"picked":"SKIP","floor":24},{"not_picked":["Footwork+1","Backflip"],"picked":"conspire:DoublingDagger+1","floor":27},{"not_picked":["Catalyst+1","Outmaneuver"],"picked":"Tactician+1","floor":29},{"not_picked":["Heel Hook+1","ReplayTheSpireMod:Exploit Weakness+1","Choke+1"],"picked":"SKIP","floor":31},{"not_picked":["Doppelganger+1","Atom Bomb+1"],"picked":"Adrenaline+1","floor":33},{"not_picked":["Deadly Poison+1","Dagger Throw+1"],"picked":"Toxin Wave+1","floor":35},{"not_picked":["ReplayTheSpireMod:Tripwire+1","Quick Slash","conspire:PoisonWeapons+1"],"picked":"SKIP","floor":39},{"not_picked":["Dagger Throw+1","ReplayTheSpireMod:Tripwire+1","Prepared"],"picked":"SKIP","floor":41},{"not_picked":["Replay:Poison Smokescreen+1","Skewer+1","Leg Sweep+1"],"picked":"SKIP","floor":42},{"not_picked":["Dramatic Entrance+1","Good Instincts+1"],"picked":"Blind+1","floor":44},{"not_picked":["Underhanded Strike+1","Finisher+1","Riddle With Holes+1"],"picked":"SKIP","floor":46},{"not_picked":["conspire:DoublingDagger+1","hubris:SlightOfHand","Skewer+1"],"picked":"SKIP","floor":48}],"player_experience":49606,"relics_obtained":[{"floor":3,"key":"SnailShell"},{"floor":6,"key":"Vampiric Spirits"},{"floor":9,"key":"hubris:AstralHammer"},{"floor":14,"key":"DemoMod:WhiteGuonStone"},{"floor":23,"key":"Replay:Bottled Steam"},{"floor":26,"key":"Tingsha"},{"floor":29,"key":"hubris:MedicalManual"},{"floor":36,"key":"Replay:Arrowhead"},{"floor":42,"key":"DemoMod:Metronome"},{"floor":43,"key":"aspiration:Lifesprig"},{"floor":46,"key":"Replay:Mystery Machine"}],"event_choices":[{"damage_healed":0,"gold_gain":0,"player_choice":"Fight","damage_taken":0,"max_hp_gain":0,"max_hp_loss":0,"event_name":"MindBloom","floor":36,"gold_loss":0},{"damage_healed":0,"gold_gain":0,"player_choice":"Rummage","damage_taken":0,"relics_obtained":["WarpedTongs"],"max_hp_gain":0,"max_hp_loss":0,"event_name":"Accursed Blacksmith","floor":38,"gold_loss":0,"cards_obtained":["Pain"]},{"damage_healed":0,"gold_gain":0,"player_choice":"Memory 1","damage_taken":0,"max_hp_gain":0,"max_hp_loss":0,"event_name":"SensoryStone","floor":44,"gold_loss":0}],"is_beta":false,"boss_relics":[{"not_picked":["Pandora\u0027s Box","hubris:Stopwatch"],"picked":"energizedSpire:PogoStick"},{"not_picked":["aspiration:SecretTechniqueScroll","CosmicIsotope"],"picked":"energizedSpire:DeadBattery"}],"items_purged_floors":[5,47],"is_endless":true,"potions_floor_spawned":[3,4,10,12,14,23,24,27,29,33,35,41,46],"killed_by":"infinitespire:MassOfShapes","ascension_level":0}}