{"host":"tzyzz5n7hg2ni9q2","time":1610355794,"event":{"mods":["BaseMod","Minty Spire (QoL Compilation)","Quick Restart"],"gold_per_floor":[368,110,210,230,243,91,125,125,125,198,212,212,19,19,35,35,139,139,151,178,197,210,210,210,237,247,293,293,293],"floor_reached":27,"playtime":885,"items_purged":[],"score":303,"play_id":"eca48927-e187-4d17-850f-7769d3d6baf3","local_time":"20210111100314","is_ascension_mode":true,"campfire_choices":[{"data":"Zap","floor":7,"key":"SMITH"},{"data":"Dualcast","floor":11,"key":"SMITH"},{"data":"Ball Lightning","floor":15,"key":"SMITH"},{"floor":23,"key":"REST"}],"circlet_count":0,"master_deck":["Strike_B","Strike_B","Strike_B","Strike_B","Defend_B","Defend_B","Defend_B","Defend_B","Zap+1","Dualcast+1","Leap","Auto Shields","Sweeping Beam","Streamline","Ball Lightning+1","Reboot","Machine Learning","Reinforced Body","Redo+1","BootSequence","Leap"],"relics":["Cracked Core","DataDisk","Art of War","Matryoshka","Orichalcum","Nunchaku","Sozu","Red Mask","Girya","Toy Ornithopter","Omamori"],"acts_visited":["Exordium","TheCity"],"potions_floor_usage":[19,24],"damage_taken":[{"damage":0,"enemies":"Small Slimes","floor":1,"turns":3},{"damage":0,"enemies":"Cultist","floor":3,"turns":3},{"damage":0,"enemies":"2 Louse","floor":4,"turns":2},{"damage":18,"enemies":"Gremlin Nob","floor":6,"turns":4},{"damage":0,"enemies":"Red Slaver","floor":10,"turns":4},{"damage":3,"enemies":"Blue Slaver","floor":14,"turns":3},{"damage":11,"enemies":"The Guardian","floor":16,"turns":9},{"damage":6,"enemies":"3 Byrds","floor":18,"turns":4},{"damage":17,"enemies":"Masked Bandits","floor":19,"turns":3},{"damage":2,"enemies":"Spheric Guardian","floor":20,"turns":3},{"damage":8,"enemies":"Chosen and Byrds","floor":21,"turns":6},{"damage":9,"enemies":"Slavers","floor":24,"turns":6},{"damage":12,"enemies":"3 Cultists","floor":25,"turns":5},{"damage":42,"enemies":"Gremlin Leader","floor":27,"turns":7}],"seed_played":"-5887848468741245934","potions_obtained":[{"floor":1,"key":"Energy Potion"},{"floor":3,"key":"Dexterity Potion"},{"floor":6,"key":"EssenceOfSteel"}],"is_trial":false,"path_per_floor":["M","?","M","M","$","E","R","?","T","M","R","$","?","M","R","B",null,"M","?","M","M","?","R","E","M","T","E"],"character_chosen":"DEFECT","items_purchased":["DataDisk","Orichalcum","Ball Lightning"],"campfire_rested":1,"item_purchase_floors":[5,12,12],"current_hp_per_floor":[14,75,75,75,75,75,57,57,57,57,57,57,57,50,47,47,36,71,65,48,46,38,38,62,53,41,41,0,0],"gold":293,"neow_bonus":"TEN_PERCENT_HP_BONUS","is_daily":false,"chose_seed":false,"campfire_upgraded":3,"win_rate":0.0,"timestamp":1610355794,"path_taken":["M","?","?","M","$","E","R","?","T","?","R","$","?","M","R","BOSS","M","?","M","M","?","R","E","M","T","E"],"items_purchased_type":["Relic","Relic","Card"],"build_version":"2020-12-22","purchased_purges":0,"victory":false,"max_hp_per_floor":[94,82,82,82,82,82,82,82,82,82,82,82,82,82,82,82,82,82,82,82,82,82,82,82,82,82,82,82,82],"card_choices":[{"not_picked":["Steam Power","Rebound"],"picked":"Leap","floor":1},{"not_picked":["Redo","Blizzard"],"picked":"Auto Shields","floor":3},{"not_picked":["Skim","Redo"],"picked":"Sweeping Beam","floor":4},{"not_picked":["Gash","Force Field"],"picked":"Streamline","floor":6},{"not_picked":["Steam Power","Redo","Barrage"],"picked":"SKIP","floor":10},{"not_picked":["Cold Snap","Leap"],"picked":"Reboot","floor":14},{"not_picked":["Hyperbeam","Seek"],"picked":"Machine Learning","floor":16},{"not_picked":["Chill","Darkness","Self Repair"],"picked":"SKIP","floor":18},{"not_picked":["Consume","Stack"],"picked":"Reinforced Body","floor":19},{"not_picked":["Coolheaded+1","Tempest"],"picked":"Redo+1","floor":20},{"not_picked":["Doom and Gloom+1","Machine Learning"],"picked":"BootSequence","floor":21},{"not_picked":["Chaos","Sunder"],"picked":"Leap","floor":24},{"not_picked":["Stack","Reprogram+1","Skim"],"picked":"SKIP","floor":25}],"player_experience":267202,"relics_obtained":[{"floor":6,"key":"Art of War"},{"floor":9,"key":"Matryoshka"},{"floor":19,"key":"Red Mask"},{"floor":24,"key":"Girya"},{"floor":26,"key":"Toy Ornithopter"},{"floor":26,"key":"Omamori"}],"event_choices":[{"damage_healed":0,"gold_gain":100,"player_choice":"Gold","damage_taken":0,"max_hp_gain":0,"max_hp_loss":0,"event_name":"Wheel of Change","floor":2,"gold_loss":0},{"damage_healed":0,"gold_gain":0,"player_choice":"Bought 0 Potions","damage_taken":0,"max_hp_gain":0,"max_hp_loss":0,"event_name":"The Woman in Blue","floor":8,"gold_loss":0},{"damage_healed":0,"gold_gain":0,"player_choice":"Success","damage_taken":7,"relics_obtained":["Nunchaku"],"max_hp_gain":0,"max_hp_loss":0,"event_name":"Scrap Ooze","floor":13,"gold_loss":0},{"damage_healed":0,"gold_gain":0,"player_choice":"Fought Bandits","damage_taken":0,"max_hp_gain":0,"max_hp_loss":0,"event_name":"Masked Bandits","floor":19,"gold_loss":0},{"damage_healed":0,"gold_gain":0,"player_choice":"Ignored","damage_taken":0,"max_hp_gain":0,"max_hp_loss":0,"event_name":"Ghosts","floor":22,"gold_loss":0}],"is_beta":false,"boss_relics":[{"not_picked":["Cursed Key","Snecko Eye"],"picked":"Sozu"}],"items_purged_floors":[],"is_endless":false,"potions_floor_spawned":[1,3,6,20],"killed_by":"Gremlin Leader","ascension_level":6}}