{"host":"8h3glbk9j4k4ylc4","time":1610397259,"event":{"mods":["AchievementEnabler","Act Like it!","BaseMod","Colored Map","Colored Powertips","Downfall","Energized Spire","Gensokyo","Hallownest","Hermit","Hubris","Infinite Spire","Jorbs\u0027s Wanderer Trilogy","Lobotomy","Marisa????????","Minty Spire (QoL Compilation)","Replay The Spire","Somnambulant","StSLib","The Animator","The Bug Knight"],"gold_per_floor":[115,115,115,126,126,144,69,69,95,122,138,156,156,176,176,274,274,294,306,306,306,306,306,324,324,348,268,268,268,168,180,180,277,277,297,311,327,327,338,370,370,370,370,389,404,34,34,34,34,34,34],"floor_reached":52,"playtime":3072,"items_purged":["HollowMod:NailStrikeStart","HollowMod:QuickDashStart","HollowMod:QuickDashStart","HollowMod:QuickDashStart","HollowMod:QuickDashStart"],"score":869,"play_id":"1f0080ee-fdad-41ea-8542-7a624ed04bdb","local_time":"20210111223419","is_ascension_mode":true,"campfire_choices":[{"data":"HollowMod:GoodIntentions","floor":8,"key":"SMITH"},{"data":"HollowMod:FocusHealStart","floor":8,"key":"SMITH"},{"data":"HollowMod:MidwifesHunger","floor":15,"key":"SMITH"},{"data":"HollowMod:LifebloodCore","floor":15,"key":"SMITH"},{"data":"HollowMod:NailStrikeStart","floor":23,"key":"SMITH"},{"data":"HollowMod:NailStrikeStart","floor":23,"key":"SMITH"},{"data":"HollowMod:CycloneSlash","floor":25,"key":"SMITH"},{"data":"HollowMod:DashSlash","floor":25,"key":"SMITH"},{"data":"Hallownest:skillCityofTearsMap","floor":32,"key":"SMITH"},{"data":"HollowMod:PogoStrike","floor":32,"key":"SMITH"},{"data":"Mayhem","floor":42,"key":"SMITH"},{"data":"HollowMod:ZotesMagnificence","floor":42,"key":"SMITH"},{"data":"Flash of Steel","floor":49,"key":"SMITH"},{"data":"HollowMod:DungDefenderAura","floor":49,"key":"SMITH"}],"circlet_count":0,"master_deck":["HollowMod:NailStrikeStart+1","HollowMod:NailStrikeStart+1","HollowMod:FocusHealStart+1","HollowMod:PogoStrike+1","HollowMod:LifebloodCore+1","HollowMod:GoodIntentions+1","HollowMod:DungDefenderAura+1","HollowMod:CycloneSlash+1","HollowMod:DashSlash+1","HollowMod:MidwifesHunger+1","HollowMod:NewJinnsSoul","HollowMod:Weaversong+1","CurseOfTheBell","HollowMod:CornifersMapStart","Hallownest:skillCityofTearsMap+1","HollowMod:ZotesMagnificence+1","Mayhem+1","Flash of Steel+1"],"relics":["HollowMod:VesselMask","Shuriken","Replay:Arrowhead","HollowMod:PaleOreRelic","Regal Pillow","Hallownest:SalubrasBlessingRelic","Calling Bell","MealTicket","hubris:Metronome","Durian","hubris:Icosahedron","Pen Nib","HollowMod:DelicateFlower","hubris:BundleOfHerbs","hubris:ScarierMask","ReplayTheSpireMod:ShopPack","Potion Belt","Sundial","ReplayTheSpireMod:Shallot","Pear"],"acts_visited":["Hallownest:Greenpath","Hallownest:CityofTears","Hallownest:KingdomsEdge"],"potions_floor_usage":[16,24,31,31,31,31,37,45,50,50,50],"damage_taken":[{"damage":4,"enemies":"2_ Uuma","floor":1,"turns":6},{"damage":0,"enemies":"Hallownest:2_MossCreeps","floor":4,"turns":6},{"damage":4,"enemies":"Hallownest:monsterHuskGuard","floor":6,"turns":7},{"damage":0,"enemies":"Hallownest:eliteVengeflyKing","floor":10,"turns":8},{"damage":20,"enemies":"Hallownest:1_Ooma_and_2_Uuma","floor":11,"turns":11},{"damage":1,"enemies":"Hallownest:1_Baldur_1_Crawlid_1_Warrior","floor":12,"turns":9},{"damage":0,"enemies":"Hallownest:monsterMossCharger","floor":14,"turns":5},{"damage":60,"enemies":"Hallownest:BossBrokenVessel","floor":16,"turns":11},{"damage":9,"enemies":"Hallownest:2_Mistakes","floor":18,"turns":9},{"damage":5,"enemies":"Hallownest:Flukemon_and_Top","floor":19,"turns":5},{"damage":3,"enemies":"Hallownest:Master_and_Novice","floor":24,"turns":3},{"damage":19,"enemies":"Hallownest:3_Mistakes","floor":31,"turns":7},{"damage":20,"enemies":"Hallownest:BossGrimm","floor":33,"turns":8},{"damage":11,"enemies":"Hallownest:2_Littles","floor":35,"turns":5},{"damage":16,"enemies":"Hallownest:3_Siblings","floor":36,"turns":5},{"damage":37,"enemies":"Hallownest:monsterPrimalAspid","floor":37,"turns":6},{"damage":15,"enemies":"Hallownest:Xero_Hu_Marmu","floor":39,"turns":5},{"damage":12,"enemies":"Hallownest:eliteHiveKnight","floor":40,"turns":7},{"damage":10,"enemies":"Hallownest:2_Great","floor":44,"turns":5},{"damage":16,"enemies":"Hallownest:monsterPrimalAspid","floor":45,"turns":4},{"damage":25,"enemies":"Hallownest:Radiance","floor":50,"turns":9}],"seed_played":"5650060776458842057","potions_obtained":[{"floor":4,"key":"Elixir"},{"floor":6,"key":"champ:CounterPotion"},{"floor":24,"key":"EntropicBrew"},{"floor":31,"key":"Dexterity Potion"},{"floor":33,"key":"FearPotion"},{"floor":40,"key":"SkillPotion"},{"floor":44,"key":"Elixir"},{"floor":45,"key":"Explosive Potion"}],"is_trial":false,"path_per_floor":["M","?","?","M","?","M","$","R","T","E","M","M","?","M","R","B",null,"M","M","?","?","?","R","M","R","T","?","T","AVR","$","M","R","B",null,"M","M","M","AVR","M","E","T","R","T","M","M","$","?","$","R","B",null,null],"character_chosen":"THE_BUGKNIGHT","items_purchased":["Pear"],"campfire_rested":0,"item_purchase_floors":[46],"current_hp_per_floor":[75,75,75,75,47,55,55,55,55,65,57,66,66,72,72,21,80,77,72,72,72,72,72,69,69,69,69,69,69,80,71,71,61,80,80,75,44,44,41,41,41,41,41,43,64,89,89,90,90,75,75],"gold":34,"neow_bonus":"ONE_RANDOM_RARE_CARD","is_daily":false,"chose_seed":false,"campfire_upgraded":14,"win_rate":0.0,"timestamp":1610397259,"path_taken":["M","?","?","M","?","M","?","R","T","E","M","M","?","M","R","BOSS","M","M","?","?","?","R","M","R","T","?","?","AVR","?","M","R","BOSS","M","M","M","AVR","M","E","?","R","T","M","M","$","?","?","R","BOSS"],"items_purchased_type":["Relic"],"build_version":"2020-12-22","purchased_purges":5,"victory":true,"max_hp_per_floor":[75,75,75,75,75,75,75,75,75,75,75,75,75,75,75,75,80,80,80,80,80,80,80,80,80,80,80,80,80,80,80,80,80,80,80,80,80,80,80,80,80,80,80,80,80,90,90,90,90,90,90],"card_choices":[{"not_picked":["HollowMod:ChannelNail","HollowMod:InfectionAssault"],"picked":"HollowMod:GoodIntentions","floor":1},{"not_picked":["HollowMod:MonomonsArchive","HollowMod:VengefulSpirit"],"picked":"HollowMod:CycloneSlash","floor":4},{"not_picked":["HollowMod:DescendingDark","HollowMod:NewLittleFool"],"picked":"HollowMod:DashSlash","floor":6},{"not_picked":["HollowMod:GrimmsGift","HollowMod:DreamGate","HollowMod:DashSlash"],"picked":"SKIP","floor":10},{"not_picked":["HollowMod:HeavyBlow","HollowMod:InfectedCysts"],"picked":"HollowMod:MidwifesHunger","floor":11},{"not_picked":["HollowMod:CycloneSlash","HollowMod:InfectedCysts","HollowMod:LordofShades"],"picked":"SKIP","floor":12},{"not_picked":["HollowMod:InfectedCysts","HollowMod:DreamGate"],"picked":"HollowMod:NewJinnsSoul","floor":14},{"not_picked":["HollowMod:AwokenDreamNail","HollowMod:ZotesMagnificence"],"picked":"HollowMod:Weaversong","floor":16},{"not_picked":["HollowMod:DescendingDark+1","HollowMod:CycloneSlash+1","HollowMod:InfectedAttack"],"picked":"SKIP","floor":18},{"not_picked":["HollowMod:InfectedCysts+1","HollowMod:DoubleDash","HollowMod:ShadowDash"],"picked":"SKIP","floor":19},{"not_picked":["HollowMod:HeavyBlow","HollowMod:TaintedHusks+1"],"picked":"HollowMod:CornifersMapStart","floor":24},{"not_picked":["HollowMod:CornifersMapStart","HollowMod:SoulVessel","HollowMod:SoulShaman+1"],"picked":"SKIP","floor":31},{"not_picked":["HollowMod:MidwifesHunger","HollowMod:ElderbugsWisdom"],"picked":"HollowMod:ZotesMagnificence","floor":33},{"not_picked":["HollowMod:DungDefenderAura+1","HollowMod:ChannelNail","HollowMod:TaintedHusks+1"],"picked":"SKIP","floor":35},{"not_picked":["HollowMod:WraithStrike","HollowMod:CycloneSlash","HollowMod:ChannelNail+1"],"picked":"SKIP","floor":36},{"not_picked":["HollowMod:CoiledNail","HollowMod:TaintedHusks","HollowMod:LifebloodCocoon+1"],"picked":"SKIP","floor":37},{"not_picked":["Replay:Dark Deal","Secret Technique"],"picked":"Mayhem","floor":38},{"not_picked":["expansioncontent:TimeRipple","expansioncontent:Torchfire"],"picked":"Flash of Steel","floor":38},{"not_picked":["HollowMod:LifebloodCocoon","HollowMod:LuriensSpire+1","HollowMod:HeavyBlow+1"],"picked":"SKIP","floor":39},{"not_picked":["HollowMod:SoulVessel","HollowMod:GoodIntentions+1","HollowMod:CrystalDash+1"],"picked":"SKIP","floor":40},{"not_picked":["HollowMod:ShadowDash+1","HollowMod:CornifersMapStart","HollowMod:LifebloodCocoon"],"picked":"SKIP","floor":44},{"not_picked":["HollowMod:DreamGate+1","HollowMod:FallenFury","HollowMod:ShadowDash"],"picked":"SKIP","floor":45}],"player_experience":376090,"relics_obtained":[{"floor":9,"key":"HollowMod:PaleOreRelic"},{"floor":10,"key":"Regal Pillow"},{"floor":17,"key":"MealTicket"},{"floor":17,"key":"hubris:Metronome"},{"floor":17,"key":"Durian"},{"floor":26,"key":"Pen Nib"},{"floor":28,"key":"HollowMod:DelicateFlower"},{"floor":40,"key":"Potion Belt"},{"floor":41,"key":"Sundial"},{"floor":43,"key":"ReplayTheSpireMod:Shallot"}],"event_choices":[],"is_beta":false,"boss_relics":[{"not_picked":["energizedSpire:RedRose","Replay:Bronze Core"],"picked":"Calling Bell"},{"not_picked":["Black Star","Replay:Ancient Bell"],"picked":"hubris:ScarierMask"}],"items_purged_floors":[7,29,30,38,46],"is_endless":false,"potions_floor_spawned":[4,6,10,24,31,33,40,44,45],"ascension_level":2}}