{"host":"8y2c5mjc7wv5yl9h","time":1610346376,"event":{"mods":["2.2 Compatiblity","ATMod(阿瑾Mod)","Act Like it!","BaseMod","BetterRewards","CapriCore","Colored Map","Colored Powertips","Downfall","Gensokyo","Hallownest","Highlight Path","Lobotomy","LobotomyExtend","Mimic Mod","Minty Spire (QoL Compilation)","Pale of the Ancients","Permanent Neow","Quick Restart","Relic Stats","Replay The Spire","RumiaBox-露米娅的神秘盒子","Shop Mod","Spicy Shops","StSLib","The Immortal","Waifu the Spire","【功能Mod】混沌之环修复补丁","【遗物卡牌】REMEMod","篝火指南"],"gold_per_floor":[199,218,218,318,593,607,689,67,122,297,322,392,392,432,473,508,508,508],"floor_reached":16,"playtime":843,"items_purged":["Regret","Apotheosis"],"score":127,"play_id":"0455628f-4bc1-44d3-8c3b-05d134538807","local_time":"20210111142616","is_ascension_mode":false,"campfire_choices":[{"data":"hexamod:Float","floor":1,"key":"SMITH"},{"floor":13,"key":"REST"}],"circlet_count":0,"master_deck":["hexamod:Strike","hexamod:Strike","hexamod:Strike","hexamod:Strike","hexamod:Defend","hexamod:Defend","hexamod:Defend","hexamod:Defend","hexamod:Sear","hexamod:Float+1","hexamod:AdvancingGuard","hexamod:ThirdSeal","Pot Of Greed","Pot Of Greed","octo:OctoAdvance","hexamod:SoulSteal","Doubt","hexamod:StepThrough","hexamod:ExtraCrispy","hexamod:EmpoweredFlame","hexamod:HauntingEcho"],"relics":["hexamod:SpiritBrand","REME_ComplimentaryCards","AT_ATBox","LetterFromLob","AT_DeathDance","Singing Bowl","Replay:Bandana","MerchantsRug","Grinning Jar","HornCleat"],"acts_visited":["Exordium"],"potions_floor_usage":[12,12,16,16,16],"damage_taken":[{"damage":0,"enemies":"Jaw Worm","floor":2,"turns":3},{"damage":4,"enemies":"2 Louse","floor":6,"turns":4},{"damage":0,"enemies":"Cultist","floor":9,"turns":3},{"damage":0,"enemies":"2 Fungi Beasts","floor":11,"turns":3},{"damage":27,"enemies":"Gremlin Nob","floor":12,"turns":5},{"damage":7,"enemies":"Red Slaver","floor":14,"turns":5},{"damage":20,"enemies":"Gremlin Gang","floor":15,"turns":5},{"damage":14,"enemies":"downfall:Defect","floor":16,"turns":4}],"seed_played":"-6887012185190181777","potions_obtained":[{"floor":6,"key":"GamblersBrew"},{"floor":11,"key":"Ancient Potion"},{"floor":12,"key":"ColorlessPotion"},{"floor":14,"key":"GamblersBrew"},{"floor":15,"key":"Fire Potion"}],"is_trial":false,"path_per_floor":["R","M","?","?","?","M","T","R","M","?","M","E","R","M","M","B"],"character_chosen":"THE_SPIRIT","items_purchased":["Replay:Bandana","MerchantsRug","Grinning Jar"],"campfire_rested":1,"item_purchase_floors":[8,8,8],"current_hp_per_floor":[70,70,45,45,45,41,41,41,41,41,43,16,37,30,12,0,0,0],"gold":508,"neow_bonus":"HUNDRED_GOLD","is_daily":false,"chose_seed":false,"campfire_upgraded":1,"win_rate":0.0,"timestamp":1610346376,"path_taken":["R","M","?","?","?","M","T","R","?","?","M","E","R","M","M","BOSS"],"items_purchased_type":["Relic","Relic","Relic"],"build_version":"2020-12-22","purchased_purges":2,"victory":false,"max_hp_per_floor":[70,70,70,70,70,70,70,70,70,70,72,72,72,72,74,74,74,74],"relic_stats":{"Singing Bowl":4,"counters":[8,32],"obtain_stats":[{"MerchantsRug":8,"Replay:Bandana":8,"AT_ATBox":0,"HornCleat":12,"Singing Bowl":7,"LetterFromLob":2,"AT_DeathDance":3,"Grinning Jar":8,"hexamod:SpiritBrand":0,"REME_ComplimentaryCards":0},{"MerchantsRug":2,"Replay:Bandana":2,"AT_ATBox":0,"HornCleat":5,"Singing Bowl":2,"LetterFromLob":1,"AT_DeathDance":1,"Grinning Jar":2,"hexamod:SpiritBrand":0,"REME_ComplimentaryCards":0},{"MerchantsRug":7,"Replay:Bandana":7,"AT_ATBox":0,"HornCleat":18,"Singing Bowl":7,"LetterFromLob":3,"AT_DeathDance":3,"Grinning Jar":7,"hexamod:SpiritBrand":0,"REME_ComplimentaryCards":0}]},"card_choices":[{"not_picked":["hexamod:SwordOfDarkness","hexamod:Firestarter"],"picked":"hexamod:AdvancingGuard","floor":2},{"not_picked":["hexamod:SecondSeal","hexamod:AdvancingGuard"],"picked":"hexamod:ThirdSeal","floor":6},{"not_picked":["hexamod:SwordOfDarkness","hexamod:GhostLash"],"picked":"hexamod:SoulSteal","floor":9},{"not_picked":["hexamod:SpectersWail","hexamod:NightmareGuise","hexamod:GhostShield"],"picked":"Singing Bowl","floor":11},{"not_picked":["hexamod:GhostLash","hexamod:PowerFromBeyond"],"picked":"hexamod:StepThrough","floor":11},{"not_picked":["hexamod:RainOfEmbers","hexamod:GhostOfSpirePast"],"picked":"hexamod:ExtraCrispy","floor":12},{"not_picked":["hexamod:GhostShield","hexamod:Haunt"],"picked":"hexamod:EmpoweredFlame","floor":14},{"not_picked":["hexamod:AdvancingGuard","hexamod:SwordOfDarkness"],"picked":"hexamod:HauntingEcho","floor":14},{"not_picked":["hexamod:BacktrackSmack","hexamod:FastForward","hexamod:ThermalTransfer"],"picked":"Singing Bowl","floor":15}],"player_experience":180846,"relics_obtained":[{"floor":2,"key":"LetterFromLob"},{"floor":7,"key":"Singing Bowl"},{"floor":12,"key":"HornCleat"}],"event_choices":[{"damage_healed":0,"gold_gain":0,"player_choice":"Success","damage_taken":25,"relics_obtained":["AT_DeathDance"],"max_hp_gain":0,"max_hp_loss":0,"event_name":"Scrap Ooze","floor":3,"gold_loss":0}],"is_beta":false,"boss_relics":[],"items_purged_floors":[8,8],"is_endless":false,"potions_floor_spawned":[6,11,12,14,15],"killed_by":"downfall:Defect","ascension_level":0}}