{"host":"d66n7ln59ex8canu","time":1610396958,"event":{"mods":["AchievementEnabler","BaseMod","Colored Map","Minty Spire (QoL Compilation)","Quick Restart","StSLib"],"gold_per_floor":[116,116,131,131,152,195,195,195,195],"floor_reached":8,"playtime":486,"items_purged":[],"score":67,"play_id":"ca80d3c1-928d-4259-9514-06603f75f5ab","local_time":"20210111152918","is_ascension_mode":true,"campfire_choices":[],"circlet_count":0,"master_deck":["Strike_G","Strike_G","Strike_G","Strike_G","Strike_G","Defend_G","Defend_G","Defend_G","Defend_G","Defend_G","Survivor","Neutralize","Sucker Punch","Escape Plan","Flying Knee","Accuracy"],"relics":["Black Star","Golden Idol","Ornamental Fan","Letter Opener"],"acts_visited":["Exordium"],"potions_floor_usage":[8],"damage_taken":[{"damage":1,"enemies":"Cultist","floor":1,"turns":4},{"damage":11,"enemies":"Jaw Worm","floor":3,"turns":4},{"damage":0,"enemies":"Small Slimes","floor":5,"turns":3},{"damage":46,"enemies":"3 Sentries","floor":6,"turns":15},{"damage":36,"enemies":"Lagavulin","floor":8,"turns":6}],"seed_played":"3534990365434772033","potions_obtained":[{"floor":3,"key":"LiquidBronze"}],"is_trial":false,"path_per_floor":["M","?","M","?","M","E","?","E"],"character_chosen":"THE_SILENT","items_purchased":[],"campfire_rested":0,"item_purchase_floors":[],"current_hp_per_floor":[69,69,58,58,58,12,33,0,0],"gold":195,"neow_bonus":"BOSS_RELIC","is_daily":false,"chose_seed":false,"campfire_upgraded":0,"win_rate":0.0,"timestamp":1610396958,"path_taken":["M","?","M","?","M","E","?","E"],"items_purchased_type":[],"build_version":"2020-12-22","purchased_purges":0,"victory":false,"max_hp_per_floor":[70,70,70,65,65,65,65,65,65],"card_choices":[{"not_picked":["Quick Slash","Catalyst"],"picked":"Sucker Punch","floor":1},{"not_picked":["Acrobatics","Bane"],"picked":"Escape Plan","floor":3},{"not_picked":["Prepared","Riddle With Holes"],"picked":"Flying Knee","floor":5},{"not_picked":["Phantasmal Killer","Masterful Stab"],"picked":"Accuracy","floor":6}],"player_experience":312379,"relics_obtained":[{"floor":6,"key":"Ornamental Fan"},{"floor":6,"key":"Letter Opener"}],"event_choices":[{"damage_healed":0,"gold_gain":0,"player_choice":"Leave","damage_taken":0,"max_hp_gain":0,"max_hp_loss":0,"event_name":"The Cleric","floor":2,"gold_loss":0},{"damage_healed":0,"gold_gain":0,"player_choice":"Lose Max HP","damage_taken":0,"relics_obtained":["Golden Idol"],"max_hp_gain":0,"max_hp_loss":5,"event_name":"Golden Idol","floor":4,"gold_loss":0},{"damage_healed":21,"gold_gain":0,"player_choice":"Banana","damage_taken":0,"max_hp_gain":0,"max_hp_loss":0,"event_name":"Big Fish","floor":7,"gold_loss":0}],"is_beta":false,"boss_relics":[],"items_purged_floors":[],"is_endless":false,"potions_floor_spawned":[3],"killed_by":"Lagavulin","ascension_level":4}}