{"host":"0ndhasp09f4rkdar","time":1610347489,"event":{"mods":["BaseMod","Dio Mod","Hermit","Hero for Fun","Minty Spire (QoL Compilation)","Replay The Spire","StSLib","SuperFastMode","The Bladedancer"],"gold_per_floor":[117,129,140,156,156,190,151,151,151,167,184,216,216,216,216,319,319,338,88,99,24,0,31,31,31,31,48,60,60,88,104,104,208,208,226,226,22,22,40,40,69,69,144,144,157,31,31,60,60,60],"floor_reached":51,"playtime":7116,"items_purged":["Regret","Sickly"],"score":816,"play_id":"18985604-00f0-4c4b-a506-2ba6a8d6bcab","local_time":"20210111144449","is_ascension_mode":true,"campfire_choices":[{"data":"Uppercut","floor":8,"key":"SMITH"},{"data":"True Grit","floor":13,"key":"SMITH"},{"data":"Flex","floor":15,"key":"SMITH"},{"data":"Corruption","floor":24,"key":"SMITH"},{"data":"Armaments","floor":29,"key":"SMITH"},{"data":"Limit Break","floor":40,"key":"SMITH"},{"data":"Seeing Red","floor":44,"key":"SMITH"},{"data":"Discovery","floor":49,"key":"SMITH"}],"circlet_count":0,"master_deck":["Strike_R","Strike_R","Strike_R+1","Strike_R","Strike_R+1","Defend_R","Defend_R","Defend_R","Defend_R","Bash","dioMod:Strike","Sadistic Nature","Uppercut+1","Flex+1","Perfected Strike+1","Burning Pact","Flex+1","True Grit+1","Hemokinesis+1","Corruption+1","Armaments+1","Dropkick","Shrug It Off","Metallicize","Pommel Strike","Perfected Strike","Whirlwind","Seeing Red+1","Limit Break+1","ReplayTheSpireMod:Splinters","Hallucinations","Heavy Blade","Madness","Madness","Discovery+1","Heavy Blade+1","Limit Break+1","Dual Wield+1"],"relics":["Burning Blood","Smiling Mask","Regal Pillow","Pantograph","Sozu","Membership Card","ReplayTheSpireMod:TigerMarble","ReplayTheSpireMod:CursedCoin","Bag of Marbles","Incense Burner","Art of War","Meat on the Bone","ReplayFunnel","Replay:Ancient Bell","Bag of Preparation","Onion Ring","Ice Cream","Simple Rune","Brimstone","Magic Flower","Singing Bowl","ReplayTheSpireMod:Ninjato","Question Card"],"acts_visited":["Exordium","TheCity","TheBeyond"],"potions_floor_usage":[16],"damage_taken":[{"damage":1,"enemies":"Cultist","floor":1,"turns":3},{"damage":8,"enemies":"2 Louse","floor":2,"turns":3},{"damage":10,"enemies":"Small Slimes","floor":3,"turns":4},{"damage":5,"enemies":"Looter","floor":4,"turns":3},{"damage":26,"enemies":"Lagavulin","floor":6,"turns":5},{"damage":14,"enemies":"Exordium Thugs","floor":10,"turns":4},{"damage":0,"enemies":"Exordium Wildlife","floor":11,"turns":3},{"damage":0,"enemies":"Gremlin Nob","floor":12,"turns":2},{"damage":51,"enemies":"Fading Forest","floor":16,"turns":11},{"damage":18,"enemies":"Shell Parasite","floor":18,"turns":4},{"damage":14,"enemies":"2 Thieves","floor":20,"turns":3},{"damage":32,"enemies":"Book of Stabbing","floor":23,"turns":6},{"damage":2,"enemies":"Centurion and Healer","floor":27,"turns":5},{"damage":5,"enemies":"3 Cultists","floor":28,"turns":4},{"damage":41,"enemies":"Gremlin Leader","floor":30,"turns":7},{"damage":1,"enemies":"Snake Plant","floor":31,"turns":3},{"damage":44,"enemies":"Champ","floor":33,"turns":9},{"damage":2,"enemies":"3 Darklings","floor":35,"turns":2},{"damage":0,"enemies":"Orb Walker","floor":39,"turns":1},{"damage":16,"enemies":"Reptomancer","floor":41,"turns":2},{"damage":24,"enemies":"4 Shapes","floor":45,"turns":3},{"damage":3,"enemies":"Nemesis","floor":48,"turns":5},{"damage":30,"enemies":"Donu and Deca","floor":50,"turns":4}],"seed_played":"1507967732195189199","potions_obtained":[{"floor":3,"key":"AttackPotion"},{"floor":4,"key":"Swift Potion"},{"floor":6,"key":"LiquidBronze"},{"floor":12,"key":"LifebloodPotion"}],"is_trial":false,"path_per_floor":["M","M","M","M","?","E","$","R","T","M","M","E","R","?","R","B",null,"M","$","M","$","?","E","R","?","T","M","M","R","E","M","R","B",null,"M","?","$","?","M","R","E","?","T","R","M","$","?","E","R","B",null],"character_chosen":"IRONCLAD","items_purchased":["Flex+1","Armaments","Membership Card","ReplayTheSpireMod:TigerMarble","ReplayTheSpireMod:CursedCoin","Dropkick","Shrug It Off","Bag of Marbles","Metallicize","Simple Rune","Brimstone","ReplayTheSpireMod:Ninjato"],"campfire_rested":0,"item_purchase_floors":[7,19,19,19,21,21,21,21,21,37,37,46],"current_hp_per_floor":[80,78,74,75,75,55,55,55,55,47,53,59,59,59,59,35,80,68,68,60,60,60,34,34,34,34,50,51,51,28,45,45,44,80,80,70,70,70,79,79,69,69,69,69,61,61,61,67,67,67],"gold":60,"neow_bonus":"RANDOM_COLORLESS_2","is_daily":false,"chose_seed":false,"campfire_upgraded":8,"win_rate":0.0,"timestamp":1610347489,"path_taken":["M","M","M","?","?","E","?","R","T","M","M","E","R","?","R","BOSS","M","$","M","$","?","E","R","?","T","M","M","R","E","?","R","BOSS","M","?","$","?","M","R","E","?","T","R","M","?","?","E","R","BOSS"],"items_purchased_type":["Card","Card","Relic","Relic","Relic","Card","Card","Relic","Card","Relic","Relic","Relic"],"build_version":"2020-12-22","purchased_purges":2,"victory":true,"max_hp_per_floor":[80,80,80,80,80,80,80,80,80,80,80,80,80,80,80,80,80,80,80,80,80,80,80,80,80,80,80,80,80,80,80,80,80,80,80,80,80,80,83,83,83,83,83,83,88,88,88,88,88,88],"card_choices":[{"not_picked":["The Bomb","Thinking Ahead"],"picked":"Sadistic Nature","floor":0},{"not_picked":["Hemokinesis","Warcry"],"picked":"Uppercut","floor":1},{"not_picked":["Warcry","Wild Strike","Cleave"],"picked":"SKIP","floor":2},{"not_picked":["Uppercut","Double Tap"],"picked":"Flex","floor":3},{"not_picked":["Clothesline","Run Through"],"picked":"Perfected Strike","floor":4},{"not_picked":["Carnage","Warcry"],"picked":"Burning Pact","floor":6},{"not_picked":["ReplayTheSpireMod:Limb From Limb","Dark Embrace"],"picked":"True Grit","floor":10},{"not_picked":["Iron Wave","Flex","Wild Strike"],"picked":"SKIP","floor":11},{"not_picked":["Sever Soul","Iron Wave","Cleave"],"picked":"SKIP","floor":12},{"not_picked":["Double Tap","Feed"],"picked":"Corruption","floor":16},{"not_picked":["Warcry","Run Through+1","Iron Wave"],"picked":"SKIP","floor":18},{"not_picked":["True Grit","Thunderclap","Wild Strike"],"picked":"SKIP","floor":20},{"not_picked":["Evolve","Warcry"],"picked":"Pommel Strike","floor":23},{"not_picked":["Dark Embrace","Anger+1"],"picked":"Perfected Strike","floor":27},{"not_picked":["ReplayTheSpireMod:Stacked+1","Sentinel"],"picked":"Whirlwind","floor":28},{"not_picked":["Immolate","Anger","Warcry"],"picked":"SKIP","floor":30},{"not_picked":["Warcry+1","Twin Strike","Thunderclap"],"picked":"SKIP","floor":31},{"not_picked":["Fiend Fire","Replay:Many Hands"],"picked":"Limit Break","floor":33},{"not_picked":["Voices","hermit:ImpendingDoom"],"picked":"ReplayTheSpireMod:Splinters","floor":34},{"not_picked":["Normality","Amnesia"],"picked":"Hallucinations","floor":34},{"not_picked":["Regret","ReplayTheSpireMod:Splinters"],"picked":"Sickly","floor":34},{"not_picked":["Disarm","Pommel Strike"],"picked":"Heavy Blade","floor":35},{"not_picked":["Replay:Bootleg Shield Generator","ReplayTheSpireMod:Uncanny Aura"],"picked":"Discovery","floor":38},{"not_picked":["ReplayTheSpireMod:Strike From Hell+1","Cleave+1"],"picked":"Heavy Blade+1","floor":39},{"not_picked":["Heavy Blade+1","Warcry"],"picked":"Life Link+1","floor":41},{"not_picked":["Dropkick","Warcry","Disarm"],"picked":"Singing Bowl","floor":45},{"not_picked":["Thunderclap","Run Through"],"picked":"Dual Wield+1","floor":48}],"player_experience":205468,"relics_obtained":[{"floor":6,"key":"Smiling Mask"},{"floor":9,"key":"Regal Pillow"},{"floor":12,"key":"Pantograph"},{"floor":23,"key":"Incense Burner"},{"floor":26,"key":"Meat on the Bone"},{"floor":30,"key":"ReplayFunnel"},{"floor":41,"key":"Magic Flower"},{"floor":43,"key":"Singing Bowl"},{"floor":48,"key":"Question Card"}],"event_choices":[{"damage_healed":0,"gold_gain":0,"player_choice":"Forge","damage_taken":0,"max_hp_gain":0,"max_hp_loss":0,"event_name":"Accursed Blacksmith","floor":5,"gold_loss":0,"cards_upgraded":["Perfected Strike"]},{"damage_healed":0,"gold_gain":0,"player_choice":"Paid Fearfully","damage_taken":0,"max_hp_gain":0,"max_hp_loss":0,"event_name":"Masked Bandits","floor":22,"gold_loss":24},{"damage_healed":0,"gold_gain":0,"player_choice":"Gave Potion","damage_taken":0,"relics_obtained":["Art of War"],"max_hp_gain":0,"max_hp_loss":0,"event_name":"WeMeetAgain","floor":25,"gold_loss":0},{"damage_healed":0,"gold_gain":0,"player_choice":"Read","damage_taken":0,"max_hp_gain":0,"max_hp_loss":0,"event_name":"The Library","floor":32,"gold_loss":0,"cards_obtained":["Seeing Red"]},{"damage_healed":0,"gold_gain":0,"player_choice":"Embrace Madness","damage_taken":10,"max_hp_gain":0,"max_hp_loss":0,"event_name":"Winding Halls","floor":36,"gold_loss":0,"cards_obtained":["Madness","Madness"]},{"damage_healed":0,"gold_gain":0,"player_choice":"Memory 1","damage_taken":0,"max_hp_gain":0,"max_hp_loss":0,"event_name":"SensoryStone","floor":38,"gold_loss":0},{"cards_removed":["Life Link"],"damage_healed":0,"gold_gain":0,"player_choice":"Removed Power","damage_taken":0,"max_hp_gain":0,"max_hp_loss":0,"event_name":"Falling","floor":42,"gold_loss":0},{"damage_healed":0,"gold_gain":0,"player_choice":"Copied","damage_taken":0,"max_hp_gain":0,"max_hp_loss":0,"event_name":"Duplicator","floor":47,"gold_loss":0,"cards_obtained":["Limit Break"]}],"is_beta":false,"boss_relics":[{"not_picked":["Painkiller Herb","Replay:Bronze Core"],"picked":"Sozu"},{"not_picked":["Cursed Key","Calling Bell"],"picked":"Replay:Ancient Bell"},{"not_picked":["Tiny Chest","Toy Ornithopter"],"picked":"Bag of Preparation"},{"not_picked":["Divine Protection","Pear"],"picked":"Onion Ring"},{"not_picked":["Calipers","Du-Vu Doll"],"picked":"Ice Cream"}],"items_purged_floors":[21,37],"is_endless":false,"potions_floor_spawned":[3,4,6,12,20,23,27,31,33,41,48],"ascension_level":1}}