{"host":"iy58fyt9wsbv4cf1","time":1610327231,"event":{"mods":["BaseMod","Better Altar","Better Match","Better Skull","Better Third Choice","BetterRewards","Conspire","Custom Start","Defuse TimeMaze Blight","Hubris","Infinite Spire","Minty Spire (QoL Compilation)","Permanent Neow","Quick Restart","Spicy Shops","StSLib"],"gold_per_floor":[114,114,0,20,31,31,31,43,43,73,85,104,104,104,104,205,205,217,217,217,243,243,243,257,291,359,359,372,390,390,404,404,503,503,514,514,526,526,542,542,577,595,595,607,638,638,638,648,648,648,648,648,559,594,594],"floor_reached":56,"playtime":1344,"items_purged":["Strike_B","Strike_B","Strike_B","Strike_B","Defend_B"],"score":1824,"play_id":"0b1d3548-8f6b-4298-a4c9-22decbc1ae7d","local_time":"20210110200711","is_ascension_mode":true,"campfire_choices":[{"data":"Zap","floor":6.0,"key":"SMITH"},{"data":"hubris:DuctTapeCard","floor":13.0,"key":"SMITH"},{"floor":15.0,"key":"REST"},{"floor":23.0,"key":"REST"},{"data":"hubris:PowerSurge","floor":27.0,"key":"SMITH"},{"data":"Defragment","floor":32.0,"key":"SMITH"},{"data":"Amplify","floor":40.0,"key":"SMITH"},{"data":"Thunder Strike","floor":46.0,"key":"SMITH"},{"floor":49.0,"key":"RECALL"},{"data":"Biased Cognition","floor":52.0,"key":"SMITH"}],"circlet_count":0,"master_deck":["Defend_B","Defend_B","Defend_B","Thunder Strike+1","Defragment+1","Storm+1","Ball Lightning","hubris:PowerSurge+1","Amplify+1","Tempest","Biased Cognition+1","Capacitor","Biased Cognition","Electrodynamics","Static Discharge+1","Storm+1","Static Discharge+1","Force Field","hubris:PowerSurge","hubris:DuctTapeCard"],"relics":["Cracked Core","Membership Card","infinitespire:Satchel","Ice Cream","Lee\u0027s Waffle","infinitespire:EmpoweringShard","hubris:DuctTape","hubris:Metronome","Nuclear Battery","Bloody Idol","Blood Vial","hubris:Towel","Red Mask","Smiling Mask","DataDisk","Mercury Hourglass","Black Star","hubris:TerracottaHorce","hubris:ToyBattleship","conspire:TopHat","conspire:BottledYoYo","infinitespire:SolderingIron","Runic Dome","TungstenRod","conspire:DeflatedDodgeball","hubris:SoftwareUpdate"],"acts_visited":["Exordium","TheCity","TheBeyond","TheEnding"],"potions_floor_usage":[55],"damage_taken":[{"damage":0.0,"enemies":"conspire:RoseBush","floor":1.0,"turns":3.0},{"damage":1.0,"enemies":"Jaw Worm","floor":4.0,"turns":3.0},{"damage":4.0,"enemies":"2 Louse","floor":5.0,"turns":3.0},{"damage":2.0,"enemies":"Blue Slaver","floor":8.0,"turns":3.0},{"damage":0.0,"enemies":"Lagavulin","floor":10.0,"turns":3.0},{"damage":21.0,"enemies":"Gremlin Gang","floor":11.0,"turns":3.0},{"damage":5.0,"enemies":"Lots of Slimes","floor":12.0,"turns":2.0},{"damage":13.0,"enemies":"The Guardian","floor":16.0,"turns":6.0},{"damage":0.0,"enemies":"Spheric Guardian","floor":18.0,"turns":2.0},{"damage":9.0,"enemies":"Masked Bandits","floor":21.0,"turns":3.0},{"damage":14.0,"enemies":"2 Thieves","floor":24.0,"turns":2.0},{"damage":3.0,"enemies":"conspire:SneckoGhost","floor":25.0,"turns":3.0},{"damage":0.0,"enemies":"3 Cultists","floor":28.0,"turns":2.0},{"damage":15.0,"enemies":"Snake Plant","floor":29.0,"turns":3.0},{"damage":0.0,"enemies":"Sentry and Sphere","floor":31.0,"turns":2.0},{"damage":15.0,"enemies":"Collector","floor":33.0,"turns":3.0},{"damage":0.0,"enemies":"3 Darklings","floor":35.0,"turns":1.0},{"damage":0.0,"enemies":"3 Shapes","floor":37.0,"turns":2.0},{"damage":12.0,"enemies":"Jaw Worm Horde","floor":39.0,"turns":2.0},{"damage":12.0,"enemies":"Giant Head","floor":41.0,"turns":3.0},{"damage":0.0,"enemies":"Spire Growth","floor":42.0,"turns":2.0},{"damage":3.0,"enemies":"4 Shapes","floor":44.0,"turns":2.0},{"damage":35.0,"enemies":"Nightmare","floor":45.0,"turns":4.0},{"damage":11.0,"enemies":"Writhing Mass","floor":48.0,"turns":2.0},{"damage":28.0,"enemies":"Awakened One","floor":50.0,"turns":4.0},{"damage":25.0,"enemies":"Shield and Spear","floor":54.0,"turns":2.0},{"damage":8,"enemies":"The Heart","floor":55,"turns":2}],"seed_played":"-1675802287300441707","potions_obtained":[{"floor":1.0,"key":"Fire Potion"},{"floor":5.0,"key":"GamblersBrew"},{"floor":10.0,"key":"Explosive Potion"},{"floor":16.0,"key":"Explosive Potion"},{"floor":24.0,"key":"Fire Potion"},{"floor":31.0,"key":"Energy Potion"},{"floor":35.0,"key":"Fruit Juice"},{"floor":37.0,"key":"FocusPotion"}],"is_trial":false,"path_per_floor":["M","?","$","M","M","R","?","M","T","E","M","M","R","?","R","B",null,"M","?","?","?","$","R","M","E","T","R","M","M","AVR","M","R","B",null,"M","?","M","?","M","R","E","M","T","M","NM","R","AVR","M","R","B",null,"R","$","E","B",null],"character_chosen":"DEFECT","items_purchased":["Membership Card","infinitespire:Satchel","Thunder Strike","Defragment","Ice Cream","Lee\u0027s Waffle","Storm","infinitespire:EmpoweringShard","Smiling Mask","hubris:PowerSurge"],"campfire_rested":2,"item_purchase_floors":[0,0,0,0,0,0,0,3,22,53],"current_hp_per_floor":[82,82,82,81,77,77,77,75,75,75,54,49,49,30,54,41,82,82,20,20,18,8,32,30,34,39,39,46,38,38,45,45,37,71,83,83,87,87,80,80,75,82,82,86,57,57,57,53,53,27,72,72,72,54,48],"gold":594,"neow_bonus":"","is_daily":false,"chose_seed":false,"campfire_upgraded":7,"win_rate":0.0,"timestamp":1610327231,"path_taken":["M","?","$","M","M","R","?","?","T","E","M","M","R","?","R","BOSS","M","?","?","?","?","R","M","E","T","R","M","M","AVR","?","R","BOSS","M","?","M","?","?","R","E","?","T","M","NM","R","AVR","M","R","BOSS","R","$","E","BOSS"],"items_purchased_type":["Relic","Relic","Card","Card","Relic","Relic","Card","Relic","Relic","Card"],"build_version":"2020-12-22","purchased_purges":5,"victory":true,"max_hp_per_floor":[82,82,82,82,82,82,82,82,82,82,82,82,82,82,82,82,82,82,82,82,82,82,82,82,82,82,82,82,82,82,82,82,82,82,87,87,87,87,87,87,87,87,87,87,87,87,87,87,87,87,87,87,87,87,87],"card_choices":[{"not_picked":["Conserve Battery","Genetic Algorithm"],"picked":"Ball Lightning","floor":1.0},{"not_picked":["Melter","Gash","Lockon"],"picked":"SKIP","floor":4.0},{"not_picked":["Stack","Sunder"],"picked":"hubris:PowerSurge","floor":5.0},{"not_picked":["Reprogram","Compile Driver","conspire:SharedLibrary"],"picked":"SKIP","floor":8.0},{"not_picked":["Go for the Eyes","Coolheaded"],"picked":"Amplify","floor":10.0},{"not_picked":["Hello World","Gash"],"picked":"Tempest","floor":11.0},{"not_picked":["Compile Driver","Hologram","Sweeping Beam"],"picked":"SKIP","floor":12.0},{"not_picked":["Creative AI","Core Surge"],"picked":"Biased Cognition","floor":16.0},{"not_picked":["Sunder+1","Compile Driver"],"picked":"Capacitor","floor":18.0},{"not_picked":["Beam Cell+1","Doom and Gloom","Stack"],"picked":"SKIP","floor":24.0},{"not_picked":["Ball Lightning+1","Darkness+1","Multi-Cast"],"picked":"SKIP","floor":25.0},{"not_picked":["Reinforced Body","Undo","Barrage"],"picked":"SKIP","floor":28.0},{"not_picked":["Coolheaded","Redo","Stack"],"picked":"SKIP","floor":29.0},{"not_picked":["Steam","Double Energy"],"picked":"Biased Cognition","floor":31.0},{"not_picked":["Buffer","Core Surge"],"picked":"Electrodynamics","floor":33.0},{"not_picked":["Capacitor","Sweeping Beam"],"picked":"Static Discharge+1","floor":35.0},{"not_picked":["Compile Driver+1","Beam Cell","Hologram+1"],"picked":"SKIP","floor":37.0},{"not_picked":["Steam","Go for the Eyes+1","hubris:SpecializedCircuitry"],"picked":"SKIP","floor":39.0},{"not_picked":["Leap","Gash+1","Doom and Gloom+1"],"picked":"SKIP","floor":41.0},{"not_picked":["FTL","Glacier","Coolheaded"],"picked":"SKIP","floor":42.0},{"not_picked":["Beam Cell+1","Go for the Eyes"],"picked":"Static Discharge+1","floor":44.0},{"not_picked":["Cold Snap+1","Glacier+1","conspire:Rain+1"],"picked":"SKIP","floor":45.0},{"not_picked":["Sweeping Beam","Leap+1"],"picked":"Force Field","floor":48.0},{"not_picked":["Rebound+1","Sweeping Beam","Skim+1"],"picked":"SKIP","floor":54.0}],"player_experience":39507,"relics_obtained":[{"floor":9.0,"key":"hubris:DuctTape"},{"floor":10.0,"key":"hubris:Metronome"},{"floor":21.0,"key":"Red Mask"},{"floor":25.0,"key":"DataDisk"},{"floor":26.0,"key":"Mercury Hourglass"},{"floor":41.0,"key":"hubris:ToyBattleship"},{"floor":41.0,"key":"conspire:TopHat"},{"floor":45.0,"key":"conspire:BottledYoYo"},{"floor":45.0,"key":"infinitespire:SolderingIron"},{"floor":54.0,"key":"conspire:DeflatedDodgeball"},{"floor":54.0,"key":"hubris:SoftwareUpdate"}],"event_choices":[{"damage_healed":0.0,"max_hp_gain":0.0,"max_hp_loss":0.0,"gold_gain":0.0,"event_name":"NoteForYourself","player_choice":"Ignored","floor":7.0,"gold_loss":0.0,"damage_taken":0.0},{"damage_healed":0.0,"max_hp_gain":82.0,"max_hp_loss":20.0,"gold_gain":0.0,"event_name":"betterAltar:BetterAltar","player_choice":" Idol Vial ","floor":19.0,"potions_obtained":[],"relics_lost":[],"gold_loss":0.0,"damage_taken":62.0,"relics_obtained":["Bloody Idol","Blood Vial"]},{"damage_healed":0.0,"max_hp_gain":0.0,"max_hp_loss":0.0,"gold_gain":0.0,"event_name":"Masked Bandits","player_choice":"Fought Bandits","floor":21.0,"gold_loss":0.0,"damage_taken":0.0},{"damage_healed":0.0,"max_hp_gain":0.0,"max_hp_loss":0.0,"gold_gain":0.0,"event_name":"SensoryStone","player_choice":"Memory 1","floor":36.0,"gold_loss":0.0,"damage_taken":0.0},{"damage_healed":0.0,"max_hp_gain":0.0,"max_hp_loss":0.0,"gold_gain":0.0,"event_name":"Duplicator","player_choice":"Copied","floor":38.0,"gold_loss":0.0,"damage_taken":0.0,"cards_obtained":["Storm"]}],"is_beta":false,"boss_relics":[{"not_picked":["Philosopher\u0027s Stone","Pandora\u0027s Box"],"picked":"Nuclear Battery"},{"not_picked":["hubris:ScarierMask","conspire:SeveredTorchhead"],"picked":"hubris:TerracottaHorce"}],"items_purged_floors":[0,3,30,47,53],"is_endless":false,"potions_floor_spawned":[1,5,10,11,16,24,29,31,33,35,37,39,45],"ascension_level":5}}