{"host":"xkmvu47k9fdstweo","time":1610403741,"event":{"mods":["BaseMod","Colored Map","Conspire","Hubris","Minty Spire (QoL Compilation)","Quick Restart","Railgun Mod","Shop Mod","StSLib","The Alterego","The Servant 0.9.4","The Wild Card","TheBandit","WarShipGirlsR/??è≠èóR mod","vexMod"],"gold_per_floor":[113,113,123,51,62,62,91,46,46,19,29,29,29,46,46,149,149,135,135,149,74,74,74],"floor_reached":22,"playtime":1008,"items_purged":["Writhe"],"score":276,"play_id":"a9762324-4552-4eef-8fdd-511e37722ec1","local_time":"20210111172221","is_ascension_mode":true,"campfire_choices":[{"data":"Dagger Spray","floor":6.0,"key":"SMITH"},{"data":"Well Laid Plans","floor":15.0,"key":"SMITH"}],"circlet_count":0,"master_deck":["AscendersBane","Strike_G","Strike_G","Strike_G","Strike_G","Defend_G","Defend_G","Defend_G","Defend_G","Defend_G","Survivor","Neutralize+1","Footwork+1","PiercingWail+1","Leg Sweep+1","Dagger Spray+1","Well Laid Plans+1","Slice","Quick Slash","Slice","Die Die Die+1","Deflect"],"relics":["hubris:Backtick","Shuriken","Vajra","Snake Skull","FaceOfCleric","vexMod:ImprovementManual","Centennial Puzzle"],"acts_visited":["Exordium","TheCity"],"potions_floor_usage":[],"damage_taken":[{"damage":2.0,"enemies":"conspire:RoseBush","floor":1.0,"turns":6.0},{"damage":10.0,"enemies":"Jaw Worm","floor":3.0,"turns":11.0},{"damage":3.0,"enemies":"Small Slimes","floor":5.0,"turns":7.0},{"damage":3.0,"enemies":"3 Sentries","floor":7.0,"turns":10.0},{"damage":7.0,"enemies":"Blue Slaver","floor":11.0,"turns":5.0},{"damage":4.0,"enemies":"Large Slime","floor":14.0,"turns":5.0},{"damage":23.0,"enemies":"The Guardian","floor":16.0,"turns":14.0},{"damage":22.0,"enemies":"2 Thieves","floor":18.0,"turns":4.0},{"damage":8.0,"enemies":"Chosen","floor":20.0,"turns":5.0},{"damage":0,"enemies":"Sentry and Sphere","floor":22,"turns":1}],"seed_played":"3359731345231856576","potions_obtained":[{"floor":1.0,"key":"LiquidBronze"},{"floor":3.0,"key":"SkillPotion"},{"floor":5.0,"key":"Poison Potion"},{"floor":7.0,"key":"ColorlessPotion"},{"floor":18.0,"key":"SteroidPotion"},{"floor":20.0,"key":"Poison Potion"}],"is_trial":false,"path_per_floor":["M","?","M","$","M","R","E","$","T","$","M","$","?","M","R","B",null,"M","?","M","$","M"],"character_chosen":"THE_SILENT","items_purchased":["Leg Sweep","Slice","Quick Slash"],"campfire_rested":0,"item_purchase_floors":[4,8,10],"current_hp_per_floor":[61,61,51,51,48,48,45,45,45,45,38,38,38,35,35,13,57,36,36,29,29,29,29],"gold":74,"neow_bonus":"BOSS_RELIC","is_daily":false,"chose_seed":false,"campfire_upgraded":2,"win_rate":0.0,"timestamp":1610403741,"path_taken":["M","?","M","$","M","R","E","$","T","$","M","?","?","?","R","BOSS","M","?","M","$","M"],"items_purchased_type":["Card","Card","Card"],"build_version":"2020-12-22","purchased_purges":1,"victory":false,"max_hp_per_floor":[70,70,70,70,70,70,70,70,70,70,70,70,70,71,71,72,72,73,73,74,74,74,74],"card_choices":[{"not_picked":["Dodge and Roll","Concentrate"],"picked":"Footwork","floor":1.0},{"not_picked":["Heel Hook","Choke"],"picked":"PiercingWail","floor":3.0},{"not_picked":["Noxious Fumes","Concentrate"],"picked":"Dagger Spray","floor":5.0},{"not_picked":["Accuracy","Reflex"],"picked":"Well Laid Plans","floor":7.0},{"not_picked":["Noxious Fumes","hubris:SlightOfHand"],"picked":"Slice","floor":11.0},{"not_picked":["Expertise","Flying Knee","Distraction"],"picked":"SKIP","floor":14.0},{"not_picked":["Phantasmal Killer","Doppelganger"],"picked":"Die Die Die","floor":16.0},{"not_picked":["Expertise","Dash"],"picked":"Deflect","floor":18.0},{"not_picked":["Underhanded Strike","Outmaneuver","Poisoned Stab+1"],"picked":"SKIP","floor":20.0}],"player_experience":299659,"relics_obtained":[{"floor":7.0,"key":"Vajra"},{"floor":9.0,"key":"Snake Skull"}],"event_choices":[{"cards_removed":["Strike_G"],"damage_healed":0.0,"max_hp_gain":0.0,"max_hp_loss":0.0,"gold_gain":0.0,"event_name":"Purifier","player_choice":"Purged","floor":2.0,"gold_loss":0.0,"damage_taken":0.0},{"damage_healed":0.0,"max_hp_gain":0.0,"max_hp_loss":0.0,"gold_gain":0.0,"event_name":"FaceTrader","player_choice":"Trade","floor":13.0,"gold_loss":0.0,"damage_taken":0.0,"relics_obtained":["FaceOfCleric"]},{"damage_healed":0.0,"max_hp_gain":0.0,"max_hp_loss":0.0,"gold_gain":0.0,"event_name":"The Mausoleum","player_choice":"Opened","floor":19.0,"gold_loss":0.0,"damage_taken":0.0,"relics_obtained":["Centennial Puzzle"],"cards_obtained":["Writhe"]}],"is_beta":false,"boss_relics":[{"not_picked":["hubris:VirtuousBlindfold","hubris:RunicObelisk"],"picked":"vexMod:ImprovementManual"}],"items_purged_floors":[21],"is_endless":false,"potions_floor_spawned":[1,3,5,7,18,20],"killed_by":"Sentry and Sphere","ascension_level":10}}