{"host":"g75gtovmj0ine2rf","time":1610363472,"event":{"mods":["2.2 Compatiblity","AchievementEnabler","Act Like it!","Aspiration","Astrologer","Bard","BaseMod","Better Match","BetterRewards","CapriCore","Challenge The Spire","ChefMod","Clockwork Mod","Colored Map","Conspire","Elementarium","Energized Spire","Friendly Minions","Gensokyo","Halation","Hallownest","Hermit","HexUI Lib","Highlight Path","Hubris","Infinite Spire","Jedi Mod","Lobotomy","Menagerie","Minty Spire (QoL Compilation)","Puzzle Mod","Quick Restart","Rare Cards Sparkle","Relic Stats","Replay The Spire","Robot Space Explorer","Shade Mod","Shop Mod","Spicy Shops","StSLib","SuperFastMode","The Construct","The Cursed","The Dragon Tamer","The Factory","The Jungle","The Marked","The Runesmith","TheBandit","TheFirefly","TheSwordswoman","TheVacant","Transform Curses","Wandering Minibosses","thorton","vexMod"],"gold_per_floor":[17,17,37,55,75,75,75],"floor_reached":6,"playtime":463,"items_purged":[],"score":40,"play_id":"d74d8fd2-76ea-4e1b-859f-1b0dd9d1ba2f","local_time":"20210111221112","is_ascension_mode":true,"campfire_choices":[],"circlet_count":0,"master_deck":["Clockwork:Strike","Clockwork:Strike","Clockwork:Strike","Clockwork:Strike","Clockwork:Shield","Clockwork:Shield","Clockwork:Shield","Clockwork:Shield+1","Clockwork:Tinker","Clockwork:WarmUp","Clockwork:Handicap","Clockwork:Selectivity","Clockwork:QuantumStrike"],"relics":["Clockwork:MomentumEngine","halation:PenCase"],"acts_visited":["Exordium"],"potions_floor_usage":[],"damage_taken":[{"damage":3.0,"enemies":"Menagerie:WhisperingWraith","floor":1.0,"turns":9.0},{"damage":1.0,"enemies":"Menagerie:2_RABBITS","floor":3.0,"turns":8.0},{"damage":6.0,"enemies":"Menagerie:MonstrousExperiment","floor":4.0,"turns":9.0},{"damage":10,"enemies":"Menagerie:MaskedSummoner","floor":6,"turns":3}],"seed_played":"5763702292595696791","potions_obtained":[],"is_trial":false,"path_per_floor":["M","$","M","M","?","E"],"character_chosen":"CLOCKWORK","items_purchased":[],"campfire_rested":0,"item_purchase_floors":[],"current_hp_per_floor":[82,82,81,75,75,65,65],"gold":75,"neow_bonus":"ONE_RARE_RELIC","is_daily":false,"chose_seed":false,"campfire_upgraded":0,"win_rate":0.0,"timestamp":1610363472,"path_taken":["M","?","?","M","?","E"],"items_purchased_type":[],"build_version":"2020-12-22","purchased_purges":0,"victory":false,"max_hp_per_floor":[85,85,85,85,85,85,85],"relic_stats":{"counters":[4,29],"obtain_stats":[{"Clockwork:MomentumEngine":0,"halation:PenCase":0},{"Clockwork:MomentumEngine":0,"halation:PenCase":0},{"Clockwork:MomentumEngine":0,"halation:PenCase":0}]},"card_choices":[{"not_picked":["Clockwork:Enhance","Clockwork:SystemScan"],"picked":"Clockwork:Selectivity","floor":1.0},{"not_picked":["Clockwork:Redundancy","Clockwork:SpurOn","Clockwork:CogBarrier"],"picked":"SKIP","floor":3.0},{"not_picked":["Clockwork:StasisBreak","Clockwork:Redundancy"],"picked":"Clockwork:QuantumStrike","floor":4.0}],"player_experience":1410670,"relics_obtained":[],"event_choices":[{"damage_healed":0.0,"max_hp_gain":0.0,"max_hp_loss":0.0,"gold_gain":20.0,"event_name":"Menagerie:CloudVision","player_choice":"Cunning","floor":5.0,"gold_loss":0.0,"damage_taken":0.0,"cards_upgraded":["Clockwork:Shield"]}],"is_beta":false,"boss_relics":[],"items_purged_floors":[],"is_endless":false,"potions_floor_spawned":[],"killed_by":"Menagerie:MaskedSummoner","ascension_level":2}}