{"host":"3rj1dc1g3sucuw9t","time":1610370095,"event":{"mods":["BaseMod","Colored Powertips","Hermit","Minty Spire (QoL Compilation)","Replay The Spire","StSLib"],"gold_per_floor":[116,116,116,132,147,172,172,272,272,272,290,304,316,329,329,432,432,442,442,462,462,131,131,159,159,459,473,487,384,384,487,487,591,591,609,619,191,210,227,239,271,271,271,284,284,301,311,311,311],"floor_reached":48,"playtime":3110,"items_purged":["hermit:Strike_Hermit"],"score":588,"play_id":"9789fcca-7e96-4fa2-8bf6-dd4813b5d9ed","local_time":"20210111140135","is_ascension_mode":false,"campfire_choices":[{"data":"hermit:Maintenance","floor":7,"key":"SMITH"},{"data":"ReplayTheSpireMod:Doomed","floor":10,"key":"PURGE"},{"floor":15,"key":"REST"},{"floor":23,"key":"REST"},{"floor":25,"key":"REST"},{"data":"ReplayTheSpireMod:Splinters","floor":32,"key":"PURGE"},{"floor":42,"key":"REST"},{"floor":45,"key":"REST"}],"circlet_count":0,"master_deck":["hermit:Strike_Hermit","hermit:Strike_Hermit","hermit:Defend_Hermit","hermit:Defend_Hermit","hermit:Defend_Hermit+1","hermit:Defend_Hermit+1","hermit:Snapshot","hermit:Covet","hermit:Maintenance+1","Regret","hermit:Headshot+1","hermit:Ricochet+1","hermit:FatalDesire","hermit:HighCaliber","hermit:Snipe+1","hermit:Glare","hermit:GoldenBullet","hermit:HighNoon","hermit:Ricochet+1","hermit:Enervate+1","hermit:CalledShot+1","hermit:GhostlyPresence","hermit:WideOpen+1","hermit:Virtue+1","hermit:Feint","hermit:GoldenBullet+1","hermit:Feint+1","hermit:Virtue+1","hermit:Gambit","hermit:Manifest+1","hermit:FlashPowder+1","hermit:FinalCanter","Pot Of Greed","Pot Of Greed","Pot Of Greed","hermit:FlashPowder+1","hermit:Enervate+1","hermit:Vantage","hermit:Brawl+1","Pot Of Greed","hermit:Deadeye"],"relics":["hermit:Momento","Replay:PocketPolymizer","Ginger","The Courier","Peace Pipe","Honey Jar","ReplayTheSpireMod:TigerMarble","Replay:Rubber Ducky","OrangePellets","Gremlin Food","Replay:Baseball","Old Coin","Pet Ghost","Painkiller Herb","Singing Bowl","Grinning Jar","Boot","Sundial"],"acts_visited":["Exordium","TheCity","TheBeyond"],"potions_floor_usage":[6,16,20,24,24,33,33,41,41,41,48],"damage_taken":[{"damage":7,"enemies":"2 Louse","floor":1,"turns":3},{"damage":3,"enemies":"Jaw Worm","floor":4,"turns":4},{"damage":6,"enemies":"Cultist","floor":5,"turns":3},{"damage":12,"enemies":"Gremlin Nob","floor":6,"turns":2},{"damage":2,"enemies":"3 Louse","floor":11,"turns":3},{"damage":11,"enemies":"Exordium Wildlife","floor":12,"turns":4},{"damage":5,"enemies":"2 Fungi Beasts","floor":13,"turns":3},{"damage":0,"enemies":"Gremlin Gang","floor":14,"turns":4},{"damage":1,"enemies":"Slime Boss","floor":16,"turns":10},{"damage":35,"enemies":"Spheric Guardian","floor":18,"turns":5},{"damage":20,"enemies":"3 Byrds","floor":20,"turns":5},{"damage":23,"enemies":"Gremlin Leader","floor":24,"turns":6},{"damage":17,"enemies":"Snake Plant","floor":27,"turns":4},{"damage":10,"enemies":"Cultist and Chosen","floor":28,"turns":4},{"damage":2,"enemies":"Champ","floor":33,"turns":10},{"damage":17,"enemies":"3 Darklings","floor":35,"turns":7},{"damage":5,"enemies":"3 Shapes","floor":36,"turns":4},{"damage":0,"enemies":"Spire Growth","floor":38,"turns":4},{"damage":13,"enemies":"4 Shapes","floor":39,"turns":4},{"damage":9,"enemies":"Jaw Worm Horde","floor":40,"turns":5},{"damage":2,"enemies":"Reptomancer","floor":41,"turns":6},{"damage":30,"enemies":"3 Darklings","floor":44,"turns":3},{"damage":20,"enemies":"Sphere and 2 Shapes","floor":46,"turns":5},{"damage":1,"enemies":"4 Shapes","floor":47,"turns":5},{"damage":28,"enemies":"Transient","floor":48,"turns":5}],"seed_played":"-8068869888624709267","potions_obtained":[{"floor":1,"key":"Death Potion"},{"floor":4,"key":"Venom Potion"},{"floor":11,"key":"hermit:Tonic"},{"floor":13,"key":"FearPotion"},{"floor":16,"key":"AttackPotion"},{"floor":18,"key":"SteroidPotion"},{"floor":28,"key":"Adrenaline Potion"},{"floor":36,"key":"Block Potion"},{"floor":39,"key":"LiquidBronze"},{"floor":40,"key":"Swift Potion"},{"floor":44,"key":"LifebloodPotion"}],"is_trial":false,"path_per_floor":["M","?","?","M","M","E","R","?","T","R","M","M","M","M","R","B",null,"M","T","M","?","$","R","E","R","T","M","M","$","?","?","R","B",null,"?","?","T","?","?","?","E","T","T","?","T","?","?","?"],"character_chosen":"HERMIT","items_purchased":["hermit:CalledShot+1","hermit:GhostlyPresence","OrangePellets","Gremlin Food","hermit:GoldenBullet+1","hermit:FinalCanter","Singing Bowl","Grinning Jar"],"campfire_rested":5,"item_purchase_floors":[22,22,22,22,29,37,37,37],"current_hp_per_floor":[68,68,53,50,44,32,32,32,32,32,30,19,14,14,36,35,75,40,40,20,20,20,42,19,41,41,24,14,14,14,14,14,12,75,58,53,53,53,42,33,33,56,56,26,49,29,28,0,0],"gold":311,"neow_bonus":"ONE_RARE_RELIC","is_daily":false,"chose_seed":false,"campfire_upgraded":1,"win_rate":0.0,"timestamp":1610370095,"path_taken":["M","?","?","M","M","E","R","?","T","R","M","M","M","M","R","BOSS","M","?","M","?","$","R","E","R","T","?","M","$","?","?","R","BOSS","?","?","T","?","?","?","E","T","T","?","T","?","?","?"],"items_purchased_type":["Card","Card","Relic","Relic","Card","Card","Relic","Relic"],"build_version":"2020-12-22","purchased_purges":1,"victory":false,"max_hp_per_floor":[75,75,75,75,75,75,75,75,75,75,75,75,75,75,75,75,75,75,75,75,75,75,75,75,75,75,75,75,75,75,75,75,75,75,75,75,75,75,77,77,79,79,79,79,79,79,79,79,79],"card_choices":[{"not_picked":["hermit:BodyArmor","hermit:Glare"],"picked":"hermit:Maintenance","floor":1},{"not_picked":["hermit:Feint","hermit:WideOpen"],"picked":"hermit:Headshot","floor":4},{"not_picked":["hermit:Maintenance","hermit:Combo"],"picked":"hermit:Ricochet","floor":5},{"not_picked":["hermit:Feint","hermit:Roulette"],"picked":"hermit:FatalDesire","floor":6},{"not_picked":["hermit:Quickdraw","hermit:CalledShot"],"picked":"hermit:HighCaliber","floor":11},{"not_picked":["hermit:Desperado","hermit:LoneWolf"],"picked":"hermit:Snipe","floor":12},{"not_picked":["hermit:TakeCover","hermit:TakeAim","hermit:Combo"],"picked":"SKIP","floor":13},{"not_picked":["hermit:HighCaliber","hermit:CalledShot"],"picked":"hermit:Glare","floor":14},{"not_picked":["hermit:Roughhouse","hermit:HeroicBravado"],"picked":"hermit:HighNoon","floor":16},{"not_picked":["hermit:Headshot","hermit:TrackingShot","hermit:ItchyTrigger"],"picked":"hermit:Ricochet+1","floor":18},{"not_picked":["hermit:HighCaliber","hermit:ShadowCloak","hermit:Combo+1"],"picked":"hermit:Enervate+1","floor":20},{"not_picked":["hermit:Determination","hermit:CalledShot","hermit:Gestalt"],"picked":"hermit:WideOpen","floor":24},{"not_picked":["hermit:Roulette","hermit:LowProfile","hermit:TrackingShot"],"picked":"hermit:Virtue+1","floor":27},{"not_picked":["hermit:CalledShot+1","hermit:Determination","hermit:WideOpen+1"],"picked":"hermit:Feint","floor":28},{"not_picked":["hermit:CursedWeapon","hermit:GoldenBullet+1","hermit:Horror+1"],"picked":"hermit:Feint+1","floor":31},{"not_picked":["hermit:Malice","hermit:TakeCover","hermit:BigShot+1"],"picked":"hermit:Virtue+1","floor":31},{"not_picked":["hermit:FromBeyond","hermit:BlackWind","hermit:Magnum"],"picked":"hermit:Gambit","floor":33},{"not_picked":["hermit:Gestalt+1","hermit:Horror","hermit:Feint+1"],"picked":"hermit:Manifest+1","floor":35},{"not_picked":["hermit:Malice","hermit:TrackingShot+1","hermit:BodyArmor"],"picked":"hermit:FlashPowder+1","floor":36},{"not_picked":["hermit:Glare","hermit:LowProfile","hermit:BodyArmor"],"picked":"hermit:FlashPowder+1","floor":38},{"not_picked":["hermit:Glare","hermit:TrackingShot+1","hermit:Desperado","hermit:Snipe+1"],"picked":"Singing Bowl","floor":39},{"not_picked":["hermit:Grudge","hermit:LuckOfTheDraw","hermit:Roulette"],"picked":"hermit:Enervate+1","floor":40},{"not_picked":["hermit:LowProfile","hermit:FlashPowder+1","hermit:Misfire+1","hermit:TakeAim+1"],"picked":"Singing Bowl","floor":41},{"not_picked":["hermit:ShadowCloak+1","hermit:OverwhelmingPower","hermit:TrackingShot"],"picked":"hermit:Vantage","floor":44},{"not_picked":["hermit:Ricochet+1","hermit:TakeAim+1","hermit:Manifest"],"picked":"hermit:Brawl+1","floor":46},{"not_picked":["hermit:Grudge+1","hermit:GhostlyPresence+1","hermit:Ricochet+1"],"picked":"hermit:Deadeye","floor":47}],"player_experience":420418,"relics_obtained":[{"floor":6,"key":"The Courier"},{"floor":9,"key":"Peace Pipe"},{"floor":19,"key":"ReplayTheSpireMod:TigerMarble"},{"floor":24,"key":"Replay:Baseball"},{"floor":26,"key":"Old Coin"},{"floor":31,"key":"Pet Ghost"},{"floor":41,"key":"Boot"},{"floor":43,"key":"Sundial"}],"event_choices":[{"damage_healed":0,"gold_gain":0,"player_choice":"Box","damage_taken":0,"relics_obtained":["Ginger"],"max_hp_gain":0,"max_hp_loss":0,"event_name":"Big Fish","floor":2,"gold_loss":0,"cards_obtained":["Regret"]},{"damage_healed":0,"gold_gain":0,"player_choice":"Entered Light","damage_taken":15,"max_hp_gain":0,"max_hp_loss":0,"event_name":"Shining Light","floor":3,"gold_loss":0,"cards_upgraded":["hermit:Defend_Hermit","hermit:Defend_Hermit"]},{"damage_healed":0,"gold_gain":100,"player_choice":"Pray","damage_taken":0,"max_hp_gain":0,"max_hp_loss":0,"event_name":"Golden Shrine","floor":8,"gold_loss":0},{"damage_healed":0,"gold_gain":0,"player_choice":"Ignored","damage_taken":0,"max_hp_gain":0,"max_hp_loss":0,"event_name":"Vampires","floor":30,"gold_loss":0}],"is_beta":false,"boss_relics":[{"not_picked":["Coffee Dripper","Runic Pyramid"],"picked":"Honey Jar"},{"not_picked":["Pandora\u0027s Box","ReplayTheSpireMod:DimensionalGlitch"],"picked":"Painkiller Herb"}],"items_purged_floors":[29],"is_endless":false,"potions_floor_spawned":[1,4,11,13,16,18,28,36,39,40,44],"killed_by":"Transient","ascension_level":0}}