{"host":"6swbl1yqdi8v28pk","time":1610332483,"event":{"mods":["AchievementEnabler","BaseMod","Colored Map","Minty Spire (QoL Compilation)","Quick Restart"],"gold_per_floor":[119,136,146,221,236,236,263,263,287,316,329,329,128,202,202,328,391,404,404,503,580,605,605,640,640,640,661,661,679,722,740,740,865,865,888,246,305,305,329,329,364,364,364,31,51,0,33,48,48,48],"floor_reached":51,"playtime":2846,"items_purged":["Defend_G","Reflex","Bane"],"score":839,"play_id":"ece3989c-9bd7-4c3f-9ca9-c8e84108d9f1","local_time":"20210110203443","is_ascension_mode":true,"campfire_choices":[{"data":"Neutralize","floor":6,"key":"SMITH"},{"floor":8,"key":"REST"},{"data":"Footwork","floor":15,"key":"SMITH"},{"data":"Leg Sweep","floor":23,"key":"SMITH"},{"floor":25,"key":"REST"},{"floor":28,"key":"REST"},{"floor":32,"key":"REST"},{"floor":40,"key":"REST"},{"floor":42,"key":"REST"},{"data":"Burst","floor":49,"key":"SMITH"}],"circlet_count":0,"master_deck":["Survivor","Neutralize+1","Footwork+1","Poisoned Stab","Prepared","Leg Sweep+1","Slice","Blade Dance","Deflect","Blur","Blade Dance","Die Die Die","Slice","PiercingWail","Finisher","Leg Sweep","Acrobatics+1","Tools of the Trade","Slice","Slice+1","Die Die Die","Distraction","Glass Knife","Poisoned Stab","Escape Plan","Backstab","Malaise","Slice","Cloak And Dagger+1","Apotheosis","Burst+1","Cloak And Dagger","Cloak And Dagger+1"],"relics":["WristBlade","Juzu Bracelet","Oddly Smooth Stone","Centennial Puzzle","Golden Idol","Pantograph","Tiny House","Meat on the Bone","Singing Bowl","MealTicket","Pandora\u0027s Box","Ornamental Fan","InkBottle","Gambling Chip","Kunai","Shuriken","Pen Nib","Red Mask","Dead Branch"],"acts_visited":["Exordium","TheCity","TheBeyond"],"potions_floor_usage":[7,16,24,24,30,30,30,33,41,50,50],"damage_taken":[{"damage":0,"enemies":"Cultist","floor":1,"turns":4},{"damage":2,"enemies":"Small Slimes","floor":2,"turns":4},{"damage":0,"enemies":"Jaw Worm","floor":3,"turns":5},{"damage":1,"enemies":"3 Louse","floor":5,"turns":6},{"damage":16,"enemies":"3 Sentries","floor":7,"turns":11},{"damage":0,"enemies":"Lagavulin","floor":10,"turns":10},{"damage":0,"enemies":"Blue Slaver","floor":11,"turns":3},{"damage":37,"enemies":"Slime Boss","floor":16,"turns":16},{"damage":11,"enemies":"3 Byrds","floor":18,"turns":6},{"damage":0,"enemies":"Shell Parasite","floor":22,"turns":6},{"damage":10,"enemies":"Gremlin Leader","floor":24,"turns":8},{"damage":21,"enemies":"Snake Plant","floor":27,"turns":5},{"damage":9,"enemies":"Cultist and Chosen","floor":29,"turns":8},{"damage":33,"enemies":"Slavers","floor":30,"turns":9},{"damage":6,"enemies":"Centurion and Healer","floor":31,"turns":5},{"damage":44,"enemies":"Collector","floor":33,"turns":13},{"damage":0,"enemies":"3 Darklings","floor":35,"turns":5},{"damage":23,"enemies":"2 Orb Walkers","floor":37,"turns":5},{"damage":0,"enemies":"Orb Walker","floor":39,"turns":4},{"damage":40,"enemies":"Nemesis","floor":41,"turns":7},{"damage":7,"enemies":"Sphere and 2 Shapes","floor":45,"turns":3},{"damage":1,"enemies":"Giant Head","floor":47,"turns":6},{"damage":7,"enemies":"Writhing Mass","floor":48,"turns":6},{"damage":25,"enemies":"Awakened One","floor":50,"turns":8}],"seed_played":"4039844914513606163","potions_obtained":[{"floor":2,"key":"CunningPotion"},{"floor":3,"key":"LiquidMemories"},{"floor":10,"key":"FearPotion"},{"floor":17,"key":"DistilledChaos"},{"floor":22,"key":"SpeedPotion"},{"floor":24,"key":"Strength Potion"},{"floor":29,"key":"Fire Potion"},{"floor":31,"key":"Regen Potion"},{"floor":37,"key":"Weak Potion"},{"floor":41,"key":"EssenceOfSteel"},{"floor":45,"key":"PowerPotion"}],"is_trial":false,"path_per_floor":["M","M","M","?","M","R","E","R","T","E","M","?","$","T","R","B",null,"M","?","?","T","M","R","E","R","T","M","R","M","E","M","R","B",null,"M","$","?","?","M","R","E","R","T","$","M","?","E","M","R","B",null],"character_chosen":"THE_SILENT","items_purchased":["Blur","Blade Dance","Slice","Ornamental Fan","InkBottle","Cloak And Dagger","Pen Nib"],"campfire_rested":6,"item_purchase_floors":[13,13,36,36,36,44,44],"current_hp_per_floor":[70,68,68,57,56,56,40,61,61,61,61,44,44,44,44,32,75,64,64,64,64,64,64,54,75,75,54,75,66,45,39,61,41,75,77,77,54,54,56,79,51,74,74,79,72,72,73,68,68,58],"gold":48,"neow_bonus":"BOSS_RELIC","is_daily":false,"chose_seed":false,"campfire_upgraded":4,"win_rate":0.0,"timestamp":1610332483,"path_taken":["M","M","M","?","M","R","E","R","T","E","M","?","$","?","R","BOSS","M","?","?","?","M","R","E","R","T","M","R","M","E","M","R","BOSS","M","$","?","?","M","R","E","R","T","$","M","?","E","M","R","BOSS"],"items_purchased_type":["Card","Card","Card","Relic","Relic","Card","Relic"],"build_version":"2020-12-22","purchased_purges":3,"victory":true,"max_hp_per_floor":[70,70,70,70,70,70,70,70,70,70,70,70,70,70,70,70,75,75,75,75,75,75,75,75,75,75,75,75,75,75,75,75,75,75,77,77,77,77,79,79,79,79,79,79,79,79,81,83,83,83],"card_choices":[{"not_picked":["Poisoned Stab","Dagger Throw"],"picked":"Footwork","floor":1},{"not_picked":["Bane","Deadly Poison"],"picked":"Poisoned Stab","floor":2},{"not_picked":["Skewer","Dagger Throw"],"picked":"Prepared","floor":3},{"not_picked":["Quick Slash","Dagger Throw"],"picked":"Leg Sweep","floor":5},{"not_picked":["Infinite Blades","Die Die Die"],"picked":"Slice","floor":7},{"not_picked":["Reflex","Tactician"],"picked":"Blade Dance","floor":10},{"not_picked":["Bane","Leg Sweep"],"picked":"Deflect","floor":11},{"not_picked":["Unload","Doppelganger"],"picked":"Die Die Die","floor":16},{"not_picked":["Skewer","Catalyst"],"picked":"Slice","floor":17},{"not_picked":["Flechettes+1","Deflect+1"],"picked":"PiercingWail","floor":18},{"not_picked":["Catalyst","Skewer+1"],"picked":"Finisher","floor":22},{"not_picked":["Quick Slash","Terror"],"picked":"Leg Sweep","floor":24},{"not_picked":["Underhanded Strike","Escape Plan"],"picked":"Acrobatics+1","floor":27},{"not_picked":["Footwork","Deflect"],"picked":"Tools of the Trade","floor":29},{"not_picked":["Escape Plan","Sucker Punch"],"picked":"Slice","floor":30},{"not_picked":["Poisoned Stab","Quick Slash+1"],"picked":"Slice+1","floor":31},{"not_picked":["Glass Knife","Storm of Steel"],"picked":"Die Die Die","floor":33},{"not_picked":["Deadly Poison+1","Riddle With Holes","Leg Sweep+1"],"picked":"Singing Bowl","floor":35},{"not_picked":["Flying Knee+1","Infinite Blades"],"picked":"Cloak And Dagger+1","floor":37},{"not_picked":["Mind Blast","Good Instincts"],"picked":"Apotheosis","floor":38},{"not_picked":["Sucker Punch","Dodge and Roll","Poisoned Stab+1"],"picked":"Singing Bowl","floor":39},{"not_picked":["Wraith Form v2","Quick Slash+1"],"picked":"Burst","floor":41},{"not_picked":["Acrobatics","Expertise+1"],"picked":"Cloak And Dagger+1","floor":45},{"not_picked":["Dagger Throw","Dodge and Roll","Deflect+1"],"picked":"Singing Bowl","floor":47},{"not_picked":["Sucker Punch+1","Bane","Quick Slash+1"],"picked":"Singing Bowl","floor":48}],"player_experience":101877,"relics_obtained":[{"floor":7,"key":"Juzu Bracelet"},{"floor":9,"key":"Oddly Smooth Stone"},{"floor":10,"key":"Centennial Puzzle"},{"floor":14,"key":"Pantograph"},{"floor":21,"key":"Meat on the Bone"},{"floor":24,"key":"Singing Bowl"},{"floor":30,"key":"MealTicket"},{"floor":37,"key":"Gambling Chip"},{"floor":41,"key":"Kunai"},{"floor":43,"key":"Shuriken"},{"floor":47,"key":"Dead Branch"}],"event_choices":[{"damage_healed":0,"gold_gain":75,"player_choice":"Gather Gold","damage_taken":11,"max_hp_gain":0,"max_hp_loss":0,"event_name":"World of Goop","floor":4,"gold_loss":0},{"damage_healed":0,"gold_gain":0,"player_choice":"Take Damage","damage_taken":17,"relics_obtained":["Golden Idol"],"max_hp_gain":0,"max_hp_loss":0,"event_name":"Golden Idol","floor":12,"gold_loss":0},{"cards_removed":["Strike_G"],"damage_healed":0,"gold_gain":0,"player_choice":"Elegance","damage_taken":0,"max_hp_gain":0,"max_hp_loss":0,"event_name":"Back to Basics","floor":19,"gold_loss":0},{"damage_healed":0,"gold_gain":99,"player_choice":"Stole From Cult","damage_taken":0,"max_hp_gain":0,"max_hp_loss":0,"event_name":"Nest","floor":20,"gold_loss":0},{"damage_healed":0,"gold_gain":0,"player_choice":"Fight","damage_taken":0,"max_hp_gain":0,"max_hp_loss":0,"event_name":"Mysterious Sphere","floor":37,"gold_loss":0},{"damage_healed":0,"gold_gain":0,"player_choice":"Memory 1","damage_taken":0,"max_hp_gain":0,"max_hp_loss":0,"event_name":"SensoryStone","floor":38,"gold_loss":0},{"damage_healed":0,"gold_gain":0,"player_choice":"Paid","damage_taken":0,"relics_obtained":["Red Mask"],"max_hp_gain":0,"max_hp_loss":0,"event_name":"Tomb of Lord Red Mask","floor":46,"gold_loss":51}],"is_beta":false,"boss_relics":[{"not_picked":["Ectoplasm","Philosopher\u0027s Stone"],"picked":"Tiny House"},{"not_picked":["Calling Bell","Astrolabe"],"picked":"Pandora\u0027s Box"}],"items_purged_floors":[13,36,44],"is_endless":false,"potions_floor_spawned":[2,3,10,22,24,29,31,37,41,45],"ascension_level":1}}