{"host":"d7v3kvhe79blqf0r","time":1610359576,"event":{"mods":["ATMod(°¢èªMod)","Act Like it!","BaseMod","Dota2Spire","Gensokyo","Koishi","Lobotomy","LobotomyExtend","Marisa£¨ìFÓê¡¡Ä§ÀíÉ³£©","Minty Spire (QoL Compilation)","Quick Restart","Replay The Spire","RumiaBox-Â¶Ã×æ«µÄÉñÃØºÐ×Ó","StSLib","The Alterego","UnlockEverythingMod","WarShipGirlsR/Õ½½¢ÉÙÅ®R mod","Yakumo Yukari mod","Youmu£¨»êÆÇÑýÃÎ£©","Yuyuko","¡¾ÒÅÎï¿¨ÅÆ¡¿REMEMod"],"gold_per_floor":[136,156,156,18,18,53,53,53],"floor_reached":7,"playtime":1059,"items_purged":[],"score":41,"play_id":"46d72188-2940-4dc9-b544-777dea20858a","local_time":"20210111180616","is_ascension_mode":false,"campfire_choices":[],"circlet_count":0,"master_deck":["AT_purpleEX","AT_purpleEX","AT_purpleEX","AT_purpleEX","Defend_purpleEX","Defend_purpleEX","Defend_purpleEX","Defend_purpleEX","Observe_purple_1","Observe_purple_2","alterego_mod:AlterEgo","AT_ThreeBodyProblem","StateErode_purple","Mirror_Drifter_purple","DimensionStaggered_purple","Yakumo_Ran_purple+1","CommonSense_AntiCommonSense_purple","Mirror_TwoAndThreeElementRealm_purple","Fantasy_PerpetualMotionMachine_purple"],"relics":["Boundary_crack","Memoryfragments_purpleEX","AT_ATBox","REME_ComplimentaryCards","AddBug","SecretRecord"],"acts_visited":["Gensokyo:Gensokyo"],"potions_floor_usage":[],"damage_taken":[{"damage":9,"enemies":"Gensokyo:3_Fairies","floor":1,"turns":5},{"damage":7,"enemies":"Gensokyo:Gryphon","floor":2,"turns":3},{"damage":8,"enemies":"Gensokyo:2_Kodama","floor":6,"turns":4},{"damage":42,"enemies":"Gensokyo:Cirno","floor":7,"turns":9}],"seed_played":"3091901954778126084","potions_obtained":[],"is_trial":false,"path_per_floor":["M","M","T","$","?","M","E"],"character_chosen":"Youkari","items_purchased":["Yakumo_Ran_purple+1","CommonSense_AntiCommonSense_purple"],"campfire_rested":0,"item_purchase_floors":[4,4],"current_hp_per_floor":[63,58,58,58,58,61,19,19],"gold":53,"neow_bonus":"THREE_CARDS","is_daily":false,"chose_seed":false,"campfire_upgraded":0,"win_rate":0.0,"timestamp":1610359576,"path_taken":["M","?","?","$","?","M","E"],"items_purchased_type":["Card","Card"],"build_version":"2020-12-22","purchased_purges":0,"victory":false,"max_hp_per_floor":[70,70,70,70,70,70,70,70],"card_choices":[{"not_picked":["RuleDissolution_purple","Erosivefilter_purple"],"picked":"StateErode_purple","floor":0},{"not_picked":["StateDuplicate_purple","Line_surface_state_purple"],"picked":"Mirror_Drifter_purple","floor":1},{"not_picked":["WingOfChimera_purple","Worldmountain_purple"],"picked":"DimensionStaggered_purple","floor":2},{"not_picked":[],"picked":"Mirror_TwoAndThreeElementRealm_purple","floor":5},{"not_picked":["Mirror_FormAndEmptin_purple","Erosivefilter_purple"],"picked":"Fantasy_PerpetualMotionMachine_purple","floor":6}],"player_experience":74567,"relics_obtained":[{"floor":1,"key":"AddBug"},{"floor":3,"key":"Toxic Egg 2"}],"event_choices":[],"is_beta":false,"boss_relics":[],"items_purged_floors":[],"is_endless":false,"potions_floor_spawned":[],"killed_by":"Gensokyo:Cirno","ascension_level":0}}