{"host":"enmin8e0t0h2jpek","time":1610388164,"event":{"mods":["AchievementEnabler","BaseMod","BetterRewards","Colored Map","Colored Powertips","DeckTracker","Gremlin Skip","Highlight Path","Minty Spire (QoL Compilation)","Quick Restart","Rare Cards Sparkle","Relic Stats","Remove Card Discount Mod","Replay The Spire","Shop Mod","StSLib","SuperFastMode","Transform Curses","slay the spire mod where everything is the same but ironclad has a cowboy hat"],"gold_per_floor":[120,148,423,443,470,489,519,579,579,137,157,202,228,236,236,353,353,377,516,551,579,601,648,682,682,757,757,266,294,407,437,437,567,667,701,701,701,733,781,839,899,951,951,1004,1004,1052,1103,1103,1103,1143,1143,1143,549,606,660],"floor_reached":56,"playtime":2861,"items_purged":["Bash","Defend_R","Defend_R","Defend_R","Strike_R","Strike_R","Strike_R","Strike_R","Decay","Defend_R+1"],"score":2002,"play_id":"fbe7a6cd-f764-45ca-aa42-929d89f932a4","local_time":"20210111190244","is_ascension_mode":false,"campfire_choices":[{"floor":15,"key":"RECALL"},{"data":"1","floor":25,"key":"LIFT"},{"data":"2","floor":32,"key":"LIFT"},{"data":"3","floor":45,"key":"LIFT"}],"circlet_count":0,"master_deck":["Strike_R+1","Swift Strike+1","Metallicize+1"],"relics":["Burning Blood","Ginger","ReplayFunnel","Mummified Hand","Lee\u0027s Waffle","Orichalcum","Strange Spoon","Durian","Regal Pillow","Toy Ornithopter","BargainBundle","Du-Vu Doll","Replay:Wax Seal","Garlic","Toolbox","Ice Cream","Letter Opener","Frozen Eye","Replay:Bottled Eggs","Another Sword","WingedGreaves","Self Forming Clay","Cauldron","Peace Pipe","Replay:Baseball","Centennial Puzzle","ClockworkSouvenir","Prayer Wheel","Counterbalance","Bird Faced Urn","ReplayTheSpireMod:ShopPack","Girya","MerchantsRug","Pen Nib","Torii","Bag of Preparation","Medical Kit","Mirror","Snack Pack","Sling","Whetstone","War Paint","Orrery","Unceasing Top","Replay:Bandana","InkBottle","HandDrill","Replay:Multitool","Ancient Tea Set","OrangePellets","ReplayTheSpireMod:Spearhead","Pocketwatch","Golden Egg","Chemical X","Champion Belt","CaptainsWheel","Red Skull","StoneCalendar","Guide Book","Thread and Needle","Meat on the Bone","TheAbacus","Calipers","Omamori","Pet Ghost","Matryoshka","MealTicket","Anchor","Bronze Scales","Brimstone","Replay:Bottled Flurry","Abe\u0027s Treasure","Oddly Smooth Stone","Tiny Chest","Pear","Replay:Bottled Steam","Gremlin Horn","HornCleat","ReplayTheSpireMod:Ninjato","Replay:Wanted Poster","Mercury Hourglass","Frozen Egg 2","Replay:WaspNest","ReplayTheSpireMod:Lightbulb","Blue Doll","BranchBurnRelic","Ring of Hypnosis","ReplayTheSpireMod:Ring of Addiction","White Beast Statue","Potion Belt","FossilizedHelix","Lantern","PrismaticShard","Ornamental Fan"],"acts_visited":["Exordium","TheCity","TheBeyond","TheEnding"],"potions_floor_usage":[0,0,0,0,0,0,0,0,0,0,0,0,0,0,0,0,0,0,0,0,0,0,0,0,0,0,0,0,0,0,0,0,0,0,0,0,0,0,0,0,0,0,0,0,0,0,0,0,0,0,0,0,0,0,0,0,0,0,0,0,0,0,0,0,0,0,0,0,0,0,0,0,0,0,0,0,0,0,0,0,0,0,5,5,5,5,5,5,5,5,5,5,5,5,5,5,5,5,5,5,5,5,5,5,5,5,5,5,5,5,5,5,5,5,5,5,5,5,5,5,5,5,5,5,5,5,5,5,5,5,5,5,5,5,5,5,5,5,5,5,5,5,5,5,5,5,5,5,5,5,5,5,5,5,5,5,5,5,5,5,5,5,5,5,5,5,5,5,5,5,5,5,5,5,5,5,5,5,5,5,5,5,11,18,18,18,18,18,18,18,18,18,22,22,22,22,22,22,22,22,22,22,22,22,22,22,22,22,22,22,22,22,22,22,22,22,22,22,22,22,22,22,22,22,22,22,22,22,22,22,22,22,22,22,22,22,22,22,22,22,22,22,22,22,22,22,22,22,22,22,22,22,22,22,22,22,22,22,22,22,22,22,22,22,22,22,22,22,22,22,22,22,22,22,22,22,22,22,22,22,22,22],"damage_taken":[{"damage":0,"enemies":"Cultist","floor":1,"turns":2},{"damage":0,"enemies":"Jaw Worm","floor":2,"turns":1},{"damage":0,"enemies":"2 Louse","floor":4,"turns":1},{"damage":0,"enemies":"Exordium Wildlife","floor":5,"turns":2},{"damage":0,"enemies":"2 Fungi Beasts","floor":6,"turns":1},{"damage":0,"enemies":"Blue Slaver","floor":7,"turns":2},{"damage":0,"enemies":"Replay:BlueRogue","floor":8,"turns":2},{"damage":0,"enemies":"Looter","floor":11,"turns":1},{"damage":6,"enemies":"Lagavulin","floor":12,"turns":1},{"damage":0,"enemies":"Exordium Wildlife","floor":13,"turns":2},{"damage":0,"enemies":"Red Slaver","floor":14,"turns":1},{"damage":325,"enemies":"Hexaghost","floor":16,"turns":3},{"damage":0,"enemies":"Chosen","floor":18,"turns":2},{"damage":0,"enemies":"3 Byrds","floor":20,"turns":2},{"damage":0,"enemies":"Snecko","floor":21,"turns":2},{"damage":0,"enemies":"Snake Plant","floor":22,"turns":1},{"damage":0,"enemies":"Gremlin Leader","floor":23,"turns":2},{"damage":0,"enemies":"Sentry and Sphere","floor":24,"turns":1},{"damage":0,"enemies":"Snecko","floor":29,"turns":1},{"damage":3,"enemies":"Slavers","floor":30,"turns":2},{"damage":0,"enemies":"Centurion and Healer","floor":31,"turns":2},{"damage":1,"enemies":"Automaton","floor":33,"turns":3},{"damage":0,"enemies":"3 Darklings","floor":35,"turns":1},{"damage":0,"enemies":"3 Shapes","floor":38,"turns":1},{"damage":0,"enemies":"Writhing Mass","floor":39,"turns":2},{"damage":6,"enemies":"R_Hoarder","floor":40,"turns":3},{"damage":0,"enemies":"Maw","floor":41,"turns":3},{"damage":8,"enemies":"Nemesis","floor":42,"turns":3},{"damage":5,"enemies":"R_Hoarder","floor":44,"turns":3},{"damage":0,"enemies":"Reptomancer","floor":46,"turns":1},{"damage":0,"enemies":"Transient","floor":47,"turns":5},{"damage":0,"enemies":"Time Eater","floor":50,"turns":5},{"damage":0,"enemies":"Shield and Spear","floor":54,"turns":2},{"damage":0,"enemies":"The Heart","floor":55,"turns":4}],"seed_played":"2152890314345185801","potions_obtained":[{"floor":0,"key":"Fruit Juice"},{"floor":0,"key":"DistilledChaos"},{"floor":0,"key":"ColorlessPotion"},{"floor":0,"key":"Fruit Juice"},{"floor":4,"key":"LiquidMemories"},{"floor":5,"key":"Block Potion"},{"floor":6,"key":"Adrenaline Potion"},{"floor":7,"key":"Elixir"},{"floor":11,"key":"Swift Potion"},{"floor":13,"key":"Adrenaline Potion"},{"floor":18,"key":"Toxic Potion"},{"floor":19,"key":"Death Potion"},{"floor":30,"key":"GamblersBrew"},{"floor":52,"key":"Adrenaline Potion"},{"floor":52,"key":"Languid Potion"},{"floor":52,"key":"Dexterity Potion"}],"is_trial":false,"path_per_floor":["M","M","?","M","M","M","M","E","T","$","M","E","M","M","R","B",null,"M","?","M","M","M","E","M","R","T","?","$","M","E","M","R_BF","B",null,"M","?","T","M","M","E","M","E","T","E","R","E","M","?","R_BF","B",null,"R","$","E","B",null],"character_chosen":"IRONCLAD","items_purchased":["ReplayFunnel","Mummified Hand","Lee\u0027s Waffle","Swift Strike","Orichalcum","Strange Spoon","Regal Pillow","Toy Ornithopter","BargainBundle","Replay:Wax Seal","Garlic","Toolbox","Letter Opener","Frozen Eye","Replay:Bottled Eggs","WingedGreaves","Self Forming Clay","Cauldron","Replay:Baseball","Centennial Puzzle","ClockworkSouvenir","Counterbalance","Bird Faced Urn","ReplayTheSpireMod:ShopPack","MerchantsRug","Pen Nib","Bag of Preparation","Medical Kit","Mirror","Snack Pack","Sling","Whetstone","War Paint","Orrery","Replay:Bandana","InkBottle","HandDrill","Ancient Tea Set","OrangePellets","ReplayTheSpireMod:Spearhead","Golden Egg","Chemical X","Champion Belt","Red Skull","StoneCalendar","Guide Book","Meat on the Bone","TheAbacus","Omamori","Pet Ghost","Anchor","Bronze Scales","Brimstone","Gremlin Horn","HornCleat","FossilizedHelix","Lantern","PrismaticShard","Metallicize+1"],"campfire_rested":0,"item_purchase_floors":[0,0,0,0,0,0,0,0,0,0,0,0,0,0,0,0,0,0,0,0,0,0,0,0,0,0,0,0,0,0,0,0,0,0,0,0,0,0,0,0,0,0,0,0,0,0,0,0,0,0,10,10,10,28,28,53,53,53,53],"current_hp_per_floor":[502,502,502,502,1002,1002,1002,1002,1002,1002,1007,1007,1007,1007,1007,688,1007,1052,632,642,650,1502,1512,1512,1512,1512,1512,1512,1512,1512,1512,1512,1512,1512,1512,1512,1512,1512,1512,1512,1512,1512,1512,1512,1512,1512,1512,1512,1512,1512,1512,1512,1512,1512,1512],"gold":660,"neow_bonus":"","is_daily":false,"chose_seed":false,"campfire_upgraded":0,"win_rate":0.0,"timestamp":1610388164,"path_taken":["M","M","?","M","M","?","M","E","T","$","M","E","M","M","R","BOSS","M","?","M","M","M","E","M","R","T","?","$","M","E","?","R_BF","BOSS","M","?","?","M","?","E","M","E","T","E","R","E","M","?","R_BF","BOSS","R","$","E","BOSS"],"items_purchased_type":["Relic","Relic","Relic","Card","Relic","Relic","Relic","Relic","Relic","Relic","Relic","Relic","Relic","Relic","Relic","Relic","Relic","Relic","Relic","Relic","Relic","Relic","Relic","Relic","Relic","Relic","Relic","Relic","Relic","Relic","Relic","Relic","Relic","Relic","Relic","Relic","Relic","Relic","Relic","Relic","Relic","Relic","Relic","Relic","Relic","Relic","Relic","Relic","Relic","Relic","Relic","Relic","Relic","Relic","Relic","Relic","Relic","Relic","Card"],"build_version":"2020-12-22","purchased_purges":10,"victory":true,"max_hp_per_floor":[502,502,502,502,1002,1002,1002,1002,1002,1002,1007,1007,1007,1007,1007,1007,1007,1052,1052,1052,1052,1502,1512,1512,1512,1512,1512,1512,1512,1512,1512,1512,1512,1512,1512,1512,1512,1512,1512,1512,1512,1512,1512,1512,1512,1512,1512,1512,1512,1512,1512,1512,1512,1512,1512],"relic_stats":{"Regal Pillow":0,"Torii":0,"Gremlin Horn":[11,12],"StoneCalendar":[0],"Bag of Preparation":[0],"Ginger":[6],"Whetstone":["Strike_R"],"Burning Blood":38,"Centennial Puzzle":[21],"TheAbacus":[1092],"Mummified Hand":[19],"Prayer Wheel":21,"MealTicket":0,"Tiny Chest":1,"HandDrill":[32],"Chemical X":[5],"InkBottle":[33],"Lee\u0027s Waffle":7,"counters":[34,70],"Self Forming Clay":[30],"Pen Nib":[34],"Letter Opener":[169],"Orichalcum":[6],"War Paint":["Defend_R"],"Medical Kit":[8],"Mercury Hourglass":[88],"Peace Pipe":0,"Strange Spoon":[61],"OrangePellets":[0],"Ornamental Fan":[36],"Bird Faced Urn":[4],"Bronze Scales":[171],"Champion Belt":[21],"obtain_stats":[{"Ice Cream":0,"Golden Egg":0,"Calipers":0,"Gremlin Horn":28,"Ginger":0,"Whetstone":0,"Sling":0,"Replay:Wanted Poster":34,"Centennial Puzzle":0,"HornCleat":28,"Prayer Wheel":0,"MealTicket":9,"HandDrill":0,"Replay:Bottled Flurry":12,"Replay:Wax Seal":0,"Replay:Bottled Steam":26,"Girya":0,"MerchantsRug":0,"Pear":23,"Ring of Hypnosis":52,"Counterbalance":0,"Dead Branch":0,"ReplayTheSpireMod:Ring of Addiction":52,"Oddly Smooth Stone":19,"Pen Nib":0,"Letter Opener":0,"War Paint":0,"Du-Vu Doll":0,"OrangePellets":0,"Replay:Baseball":0,"ReplayTheSpireMod:Spearhead":0,"Brimstone":10,"Bird Faced Urn":0,"Bronze Scales":10,"Mirror":0,"Unceasing Top":0,"Abe\u0027s Treasure":17,"Pocketwatch":0,"Meat on the Bone":0,"ReplayFunnel":0,"Regal Pillow":0,"Lantern":53,"Torii":0,"StoneCalendar":0,"Blue Doll":46,"Bag of Preparation":0,"Replay:Multitool":0,"Ancient Tea Set":0,"PrismaticShard":53,"Burning Blood":0,"Pet Ghost":0,"ClockworkSouvenir":0,"Frozen Eye":0,"BranchBurnRelic":49,"Replay:Bandana":0,"TheAbacus":0,"Matryoshka":8,"Mummified Hand":0,"Toolbox":0,"Tiny Chest":19,"WingedGreaves":0,"Chemical X":0,"Replay:Bottled Snecko":37,"Replay:Bottled Eggs":0,"InkBottle":0,"Red Skull":0,"Potion Belt":52,"Lee\u0027s Waffle":0,"BargainBundle":0,"ReplayTheSpireMod:Ninjato":30,"Self Forming Clay":0,"Guide Book":0,"Thread and Needle":0,"Replay:WaspNest":43,"Omamori":0,"Orichalcum":0,"Frozen Egg 2":42,"Medical Kit":0,"White Beast Statue":52,"Mercury Hourglass":40,"Peace Pipe":0,"Strange Spoon":0,"Cauldron":0,"CaptainsWheel":0,"Anchor":10,"Ornamental Fan":54,"Orrery":0,"Another Sword":0,"Durian":0,"Garlic":0,"Snack Pack":0,"Champion Belt":0,"ReplayTheSpireMod:Lightbulb":44,"Toy Ornithopter":0,"FossilizedHelix":53,"ReplayTheSpireMod:ShopPack":0},{"Ice Cream":0,"Golden Egg":0,"Calipers":0,"Gremlin Horn":18,"Ginger":0,"Whetstone":0,"Sling":0,"Replay:Wanted Poster":22,"Centennial Puzzle":0,"HornCleat":18,"Prayer Wheel":0,"MealTicket":7,"HandDrill":0,"Replay:Bottled Flurry":9,"Replay:Wax Seal":0,"Replay:Bottled Steam":18,"Girya":0,"MerchantsRug":0,"Pear":17,"Ring of Hypnosis":32,"Counterbalance":0,"Dead Branch":0,"ReplayTheSpireMod:Ring of Addiction":32,"Oddly Smooth Stone":13,"Pen Nib":0,"Letter Opener":0,"War Paint":0,"Du-Vu Doll":0,"OrangePellets":0,"Replay:Baseball":0,"ReplayTheSpireMod:Spearhead":0,"Brimstone":7,"Bird Faced Urn":0,"Bronze Scales":7,"Mirror":0,"Unceasing Top":0,"Abe\u0027s Treasure":12,"Pocketwatch":0,"Meat on the Bone":0,"ReplayFunnel":0,"Regal Pillow":0,"Lantern":32,"Torii":0,"StoneCalendar":0,"Blue Doll":30,"Bag of Preparation":0,"Replay:Multitool":0,"Ancient Tea Set":0,"PrismaticShard":32,"Burning Blood":0,"Pet Ghost":0,"ClockworkSouvenir":0,"Frozen Eye":0,"BranchBurnRelic":31,"Replay:Bandana":0,"TheAbacus":0,"Matryoshka":7,"Mummified Hand":0,"Toolbox":0,"Tiny Chest":13,"WingedGreaves":0,"Chemical X":0,"Replay:Bottled Snecko":23,"Replay:Bottled Eggs":0,"InkBottle":0,"Red Skull":0,"Potion Belt":32,"Lee\u0027s Waffle":0,"BargainBundle":0,"ReplayTheSpireMod:Ninjato":20,"Self Forming Clay":0,"Guide Book":0,"Thread and Needle":0,"Replay:WaspNest":28,"Omamori":0,"Orichalcum":0,"Frozen Egg 2":28,"Medical Kit":0,"White Beast Statue":32,"Mercury Hourglass":26,"Peace Pipe":0,"Strange Spoon":0,"Cauldron":0,"CaptainsWheel":0,"Anchor":7,"Ornamental Fan":33,"Orrery":0,"Another Sword":0,"Durian":0,"Garlic":0,"Snack Pack":0,"Champion Belt":0,"ReplayTheSpireMod:Lightbulb":29,"Toy Ornithopter":0,"FossilizedHelix":32,"ReplayTheSpireMod:ShopPack":0},{"Ice Cream":0,"Golden Egg":0,"Calipers":0,"Gremlin Horn":29,"Ginger":0,"Whetstone":0,"Sling":0,"Replay:Wanted Poster":37,"Centennial Puzzle":0,"HornCleat":29,"Prayer Wheel":0,"MealTicket":11,"HandDrill":0,"Replay:Bottled Flurry":13,"Replay:Wax Seal":0,"Replay:Bottled Steam":29,"Girya":0,"MerchantsRug":0,"Pear":28,"Ring of Hypnosis":64,"Counterbalance":0,"Dead Branch":0,"ReplayTheSpireMod:Ring of Addiction":64,"Oddly Smooth Stone":21,"Pen Nib":0,"Letter Opener":0,"War Paint":0,"Du-Vu Doll":0,"OrangePellets":0,"Replay:Baseball":0,"ReplayTheSpireMod:Spearhead":0,"Brimstone":11,"Bird Faced Urn":0,"Bronze Scales":11,"Mirror":0,"Unceasing Top":0,"Abe\u0027s Treasure":19,"Pocketwatch":0,"Meat on the Bone":0,"ReplayFunnel":0,"Regal Pillow":0,"Lantern":64,"Torii":0,"StoneCalendar":0,"Blue Doll":54,"Bag of Preparation":0,"Replay:Multitool":0,"Ancient Tea Set":0,"PrismaticShard":64,"Burning Blood":0,"Pet Ghost":0,"ClockworkSouvenir":0,"Frozen Eye":0,"BranchBurnRelic":59,"Replay:Bandana":0,"TheAbacus":0,"Matryoshka":11,"Mummified Hand":0,"Toolbox":0,"Tiny Chest":21,"WingedGreaves":0,"Chemical X":0,"Replay:Bottled Snecko":38,"Replay:Bottled Eggs":0,"InkBottle":0,"Red Skull":0,"Potion Belt":64,"Lee\u0027s Waffle":0,"BargainBundle":0,"ReplayTheSpireMod:Ninjato":32,"Self Forming Clay":0,"Guide Book":0,"Thread and Needle":0,"Replay:WaspNest":50,"Omamori":0,"Orichalcum":0,"Frozen Egg 2":50,"Medical Kit":0,"White Beast Statue":64,"Mercury Hourglass":44,"Peace Pipe":0,"Strange Spoon":0,"Cauldron":0,"CaptainsWheel":0,"Anchor":11,"Ornamental Fan":66,"Orrery":0,"Another Sword":0,"Durian":0,"Garlic":0,"Snack Pack":0,"Champion Belt":0,"ReplayTheSpireMod:Lightbulb":53,"Toy Ornithopter":0,"FossilizedHelix":64,"ReplayTheSpireMod:ShopPack":0}],"Toy Ornithopter":392,"Unceasing Top":[37],"Pocketwatch":[0],"Meat on the Bone":0},"card_choices":[{"not_picked":["Sword Boomerang","Pommel Strike","Disarm"],"picked":"SKIP","floor":1},{"not_picked":["Warcry","Perfected Strike","Rampage"],"picked":"SKIP","floor":1},{"not_picked":["Fiend Fire","Anger","Clash"],"picked":"SKIP","floor":2},{"not_picked":["Reckless Charge","Havoc","Wild Strike"],"picked":"SKIP","floor":2},{"not_picked":["Limit Break","Pummel","Reckless Charge"],"picked":"SKIP","floor":4},{"not_picked":["Pommel Strike","Combust","True Grit"],"picked":"SKIP","floor":4},{"not_picked":["ReplayTheSpireMod:Stacked","Iron Wave","Armaments"],"picked":"SKIP","floor":5},{"not_picked":["Iron Wave","Anger","Feel No Pain"],"picked":"SKIP","floor":5},{"not_picked":["Body Slam","Clash","Pommel Strike"],"picked":"SKIP","floor":6},{"not_picked":["Second Wind","Wild Strike","Warcry"],"picked":"SKIP","floor":6},{"not_picked":["Run Through","Evolve","Berserk"],"picked":"SKIP","floor":7},{"not_picked":["Flame Barrier","Havoc","Replay:Undeath\u0027s Touch"],"picked":"SKIP","floor":7},{"not_picked":["Clash","Battle Trance","Shrug It Off"],"picked":"SKIP","floor":8},{"not_picked":["Replay:Undeath\u0027s Touch","Metallicize","ReplayTheSpireMod:Muscle Training"],"picked":"SKIP","floor":11},{"not_picked":["Replay:Undeath\u0027s Touch","Feed","ReplayTheSpireMod:Muscle Training"],"picked":"SKIP","floor":11},{"not_picked":["Battle Trance","ReplayTheSpireMod:Stacked","ReplayTheSpireMod:Strike From Hell"],"picked":"SKIP","floor":12},{"not_picked":["Sword Boomerang","Bloodletting","Run Through"],"picked":"SKIP","floor":13},{"not_picked":["Twin Strike","Evolve","ReplayTheSpireMod:Corrosion Curse"],"picked":"SKIP","floor":13},{"not_picked":["Anger","Shrug It Off","Flex"],"picked":"SKIP","floor":14},{"not_picked":["Entrench","True Grit","Barricade"],"picked":"SKIP","floor":14},{"not_picked":["Shrug It Off","Evolve","Twin Strike"],"picked":"SKIP","floor":18},{"not_picked":["Massacre","Blood for Blood","Headbutt+1"],"picked":"SKIP","floor":18},{"not_picked":["Defy Death","Intimidate","Run Through"],"picked":"SKIP","floor":20},{"not_picked":["Replay:Undeath\u0027s Touch+1","ReplayReversal","Twin Strike"],"picked":"SKIP","floor":20},{"not_picked":["Pommel Strike+1","Cleave","ReplayTheSpireMod:Strike From Hell"],"picked":"SKIP","floor":21},{"not_picked":["Headbutt","Bloodletting+1","True Grit+1"],"picked":"SKIP","floor":21},{"not_picked":["Fiend Fire","Cleave+1","Clash"],"picked":"SKIP","floor":22},{"not_picked":["Sword Boomerang","Armaments","Havoc+1"],"picked":"SKIP","floor":22},{"not_picked":["Carnage","Headbutt","Twin Strike+1"],"picked":"SKIP","floor":23},{"not_picked":["Reaper","Iron Wave","Metallicize"],"picked":"SKIP","floor":24},{"not_picked":["ReplayTheSpireMod:Corrosion Curse","Shrug It Off+1","Sword Boomerang"],"picked":"SKIP","floor":24},{"not_picked":["Infernal Blade","Headbutt+1","Thunderclap"],"picked":"SKIP","floor":29},{"not_picked":["Flex","Sword Boomerang","Twin Strike+1"],"picked":"SKIP","floor":29},{"not_picked":["Second Wind+1","Shrug It Off+1","Inflame"],"picked":"SKIP","floor":30},{"not_picked":["Entrench","Warcry","Flex+1"],"picked":"SKIP","floor":31},{"not_picked":["Warcry","Sword Boomerang","Heavy Blade"],"picked":"SKIP","floor":31},{"not_picked":["Battle Trance","Spot Weakness","Clash"],"picked":"SKIP","floor":35},{"not_picked":["ReplayTheSpireMod:Strike From Hell","Burning Pact+1","Spot Weakness+1"],"picked":"SKIP","floor":35},{"not_picked":["Headbutt+1","Wild Strike","Perfected Strike"],"picked":"SKIP","floor":38},{"not_picked":["Clothesline","Rupture+1","ReplayTheSpireMod:Strike From Hell+1"],"picked":"SKIP","floor":38},{"not_picked":["Defy Death+1","Sentinel","Fire Breathing+1"],"picked":"SKIP","floor":39},{"not_picked":["Cleave+1","Clothesline+1","Infernal Blade"],"picked":"SKIP","floor":39},{"not_picked":["Flex","Disarm+1","Bloodletting"],"picked":"SKIP","floor":40},{"not_picked":["ReplayTheSpireMod:Strike From Hell","Searing Blow","Burning Pact+1"],"picked":"SKIP","floor":41},{"not_picked":["Brutality","Flex+1","Headbutt+1"],"picked":"SKIP","floor":41},{"not_picked":["ReplayTheSpireMod:Muscle Training+1","Intimidate","Run Through"],"picked":"SKIP","floor":42},{"not_picked":["Iron Wave+1","Run Through+1","Reckless Charge+1"],"picked":"SKIP","floor":44},{"not_picked":["Warcry+1","Headbutt","Hemogenesis"],"picked":"SKIP","floor":46},{"not_picked":["Headbutt+1","Searing Blow+1","Spot Weakness+1"],"picked":"SKIP","floor":47},{"not_picked":["Dropkick","Headbutt+1","Thunderclap"],"picked":"SKIP","floor":47},{"not_picked":["Deadly Poison","Anger","Reflex"],"picked":"SKIP","floor":54}],"player_experience":56865,"relics_obtained":[{"floor":8,"key":"Matryoshka"},{"floor":9,"key":"MealTicket"},{"floor":12,"key":"Replay:Bottled Flurry"},{"floor":19,"key":"Oddly Smooth Stone"},{"floor":19,"key":"Tiny Chest"},{"floor":23,"key":"Pear"},{"floor":26,"key":"Replay:Bottled Steam"},{"floor":30,"key":"ReplayTheSpireMod:Ninjato"},{"floor":37,"key":"Replay:Bottled Snecko"},{"floor":40,"key":"Mercury Hourglass"},{"floor":42,"key":"Frozen Egg 2"},{"floor":43,"key":"Replay:WaspNest"},{"floor":44,"key":"ReplayTheSpireMod:Lightbulb"},{"floor":46,"key":"Blue Doll"},{"floor":52,"key":"Ring of Hypnosis"},{"floor":52,"key":"ReplayTheSpireMod:Ring of Addiction"},{"floor":52,"key":"White Beast Statue"},{"floor":52,"key":"Potion Belt"},{"floor":54,"key":"Ornamental Fan"}],"event_choices":[{"damage_healed":0,"gold_gain":275,"player_choice":"Desecrate","damage_taken":0,"max_hp_gain":0,"max_hp_loss":0,"event_name":"Golden Shrine","floor":3,"gold_loss":0,"cards_obtained":["Regret"]},{"damage_healed":0,"gold_gain":0,"player_choice":"Smashed Altar","damage_taken":0,"max_hp_gain":0,"max_hp_loss":0,"event_name":"Forgotten Altar","floor":27,"gold_loss":0,"cards_obtained":["Decay"]},{"damage_healed":0,"gold_gain":0,"player_choice":"0 cards matched","damage_taken":0,"max_hp_gain":0,"max_hp_loss":0,"event_name":"Match and Keep!","floor":36,"gold_loss":0,"cards_obtained":[]},{"damage_healed":0,"gold_gain":0,"player_choice":"Ignored","damage_taken":0,"max_hp_gain":0,"max_hp_loss":0,"event_name":"Falling","floor":48,"gold_loss":0}],"is_beta":false,"boss_relics":[{"not_picked":["Snecko Eye","Tiny House"],"picked":"Abe\u0027s Treasure"},{"not_picked":["Empty Cage","Cursed Key"],"picked":"Replay:Wanted Poster"}],"items_purged_floors":[0,0,0,0,0,0,0,0,28,53],"is_endless":false,"potions_floor_spawned":[4,5,6,7,11,13,14,18,22,23,30,38,40,42,47,54],"ascension_level":0}}