{"host":"avjwtc49fhlk6kym","time":1610399964,"event":{"mods":["AchievementEnabler","BaseMod","Better Match","Better Note","Better Third Choice","Colored Map","Colored Powertips","Displayed Cursed Tome","Highlight Path","Minty Spire (QoL Compilation)","Permanent Neow","Quick Restart","StSLib"],"gold_per_floor":[114,114,130,150,184,211,211,230,230,258,228,239,253,266,266,365,365,380,380,398,412,327,327,327,340,340,356,356,373,373,69,69,166,166,184,196,206,256,2,2,16,48,99,99,110,110,124,124,124,124,124],"floor_reached":50,"playtime":2639,"items_purged":["Regret","Strike_P"],"score":490,"play_id":"a4a0fa87-e8dd-4d5b-a73e-efcad5f2237a","local_time":"20210111161924","is_ascension_mode":false,"campfire_choices":[{"data":"FearNoEvil","floor":7.0,"key":"SMITH"},{"floor":15.0,"key":"REST"},{"data":"BattleHymn","floor":23.0,"key":"SMITH"},{"floor":28.0,"key":"REST"},{"floor":30.0,"key":"REST"},{"data":"Devotion","floor":32.0,"key":"SMITH"},{"floor":40.0,"key":"REST"},{"floor":44.0,"key":"REST"},{"data":"Pain","floor":49,"key":"PURGE"}],"circlet_count":0,"master_deck":["Strike_P+1","Strike_P+1","Strike_P+1","Defend_P","Defend_P","Defend_P+1","Eruption+1","Vigilance","LessonLearned+1","BowlingBash","BowlingBash+1","Evaluate","Evaluate","Sanctity+1","FearNoEvil+1","WheelKick","CrushJoints+1","CrushJoints","Devotion","BattleHymn+1","BowlingBash+1","LikeWater+1","PathToVictory","ThirdEye","Devotion+1","Wallop","Devotion","Consecrate","PathToVictory","Study+1","FlurryOfBlows+1","Madness","Madness","Chrysalis"],"relics":["PureWater","Meat on the Bone","HornCleat","Ornamental Fan","Cursed Key","Letter Opener","DollysMirror","SacredBark","Peace Pipe","Toolbox","Vajra","Orichalcum"],"acts_visited":["Exordium","TheCity","TheBeyond"],"potions_floor_usage":[50],"damage_taken":[{"damage":6.0,"enemies":"2 Louse","floor":1.0,"turns":3.0},{"damage":0.0,"enemies":"Cultist","floor":3.0,"turns":2.0},{"damage":0.0,"enemies":"Small Slimes","floor":4.0,"turns":2.0},{"damage":2.0,"enemies":"Gremlin Gang","floor":5.0,"turns":3.0},{"damage":9.0,"enemies":"3 Sentries","floor":6.0,"turns":6.0},{"damage":4.0,"enemies":"Looter","floor":8.0,"turns":3.0},{"damage":21.0,"enemies":"Gremlin Nob","floor":10.0,"turns":4.0},{"damage":7.0,"enemies":"Exordium Wildlife","floor":12.0,"turns":2.0},{"damage":3.0,"enemies":"Red Slaver","floor":13.0,"turns":2.0},{"damage":0.0,"enemies":"Blue Slaver","floor":14.0,"turns":4.0},{"damage":49.0,"enemies":"The Guardian","floor":16.0,"turns":14.0},{"damage":4.0,"enemies":"Chosen","floor":18.0,"turns":5.0},{"damage":1.0,"enemies":"3 Byrds","floor":20.0,"turns":5.0},{"damage":10.0,"enemies":"Cultist and Chosen","floor":21.0,"turns":5.0},{"damage":0.0,"enemies":"Snecko","floor":25.0,"turns":3.0},{"damage":7.0,"enemies":"3 Cultists","floor":27.0,"turns":6.0},{"damage":15.0,"enemies":"Snake Plant","floor":29.0,"turns":5.0},{"damage":19.0,"enemies":"Collector","floor":33.0,"turns":8.0},{"damage":15.0,"enemies":"3 Darklings","floor":35.0,"turns":5.0},{"damage":6.0,"enemies":"3 Shapes","floor":36.0,"turns":6.0},{"damage":17.0,"enemies":"3 Darklings","floor":37.0,"turns":4.0},{"damage":24.0,"enemies":"Mind Bloom Boss Battle","floor":38.0,"turns":5.0},{"damage":26.0,"enemies":"Transient","floor":41.0,"turns":5.0},{"damage":2.0,"enemies":"Giant Head","floor":42.0,"turns":5.0},{"damage":18.0,"enemies":"Sphere and 2 Shapes","floor":45.0,"turns":4.0},{"damage":11.0,"enemies":"Maw","floor":47.0,"turns":6.0},{"damage":32,"enemies":"Time Eater","floor":50,"turns":4}],"seed_played":"4642475187511463871","potions_obtained":[{"floor":1.0,"key":"ColorlessPotion"},{"floor":3.0,"key":"DuplicationPotion"},{"floor":4.0,"key":"ColorlessPotion"},{"floor":5.0,"key":"SpeedPotion"},{"floor":10.0,"key":"LiquidMemories"},{"floor":11.0,"key":"BlessingOfTheForge"},{"floor":11.0,"key":"EntropicBrew"},{"floor":16.0,"key":"Strength Potion"},{"floor":18.0,"key":"DuplicationPotion"},{"floor":20.0,"key":"SpeedPotion"},{"floor":29.0,"key":"FearPotion"},{"floor":33.0,"key":"Energy Potion"},{"floor":37.0,"key":"Ancient Potion"},{"floor":38.0,"key":"BlessingOfTheForge"},{"floor":42.0,"key":"DuplicationPotion"},{"floor":45.0,"key":"BottledMiracle"}],"is_trial":false,"path_per_floor":["M","?","M","M","M","E","R","M","T","E","?","M","M","M","R","B",null,"M","?","M","M","?","R","?","M","T","M","R","M","R","$","R","B",null,"M","M","M","?","$","R","M","E","T","R","M","?","M","?","R","B"],"character_chosen":"WATCHER","items_purchased":["DollysMirror","Wallop","Toolbox"],"campfire_rested":5,"item_purchase_floors":[31,31,39],"current_hp_per_floor":[59,59,59,59,57,48,48,44,44,35,35,40,37,37,56,19,65,61,61,60,50,50,50,39,39,39,44,65,50,70,70,70,51,70,55,49,44,32,32,53,39,37,37,58,40,31,32,32,32,0,0],"gold":124,"neow_bonus":"THREE_RARE_CARDS","is_daily":false,"chose_seed":false,"campfire_upgraded":3,"win_rate":0.0,"timestamp":1610399964,"path_taken":["M","?","M","M","?","E","R","M","T","E","?","?","M","M","R","BOSS","M","?","?","M","?","R","?","M","T","M","R","M","R","?","R","BOSS","M","M","M","?","$","R","M","E","T","R","M","?","M","?","R","BOSS"],"items_purchased_type":["Relic","Card","Relic"],"build_version":"2020-12-22","purchased_purges":2,"victory":false,"max_hp_per_floor":[65,65,65,65,65,65,65,65,65,65,65,65,65,65,65,65,65,65,65,65,65,65,65,70,70,70,70,70,70,70,70,70,70,70,70,70,70,70,70,70,70,70,70,70,70,70,70,70,70,70,70],"card_choices":[{"not_picked":["ConjureBlade","Scrawl"],"picked":"LessonLearned","floor":0.0},{"not_picked":["InnerPeace","Fasting2"],"picked":"BowlingBash","floor":1.0},{"not_picked":["Study","Adaptation"],"picked":"Evaluate","floor":3.0},{"not_picked":["Crescendo","EmptyBody"],"picked":"Evaluate","floor":4.0},{"not_picked":["ClearTheMind","ThirdEye"],"picked":"Sanctity","floor":5.0},{"not_picked":["Weave","Tantrum"],"picked":"FearNoEvil","floor":6.0},{"not_picked":["BowlingBash","PathToVictory"],"picked":"WheelKick","floor":8.0},{"not_picked":["JustLucky","Evaluate"],"picked":"CrushJoints","floor":10.0},{"not_picked":["Consecrate","Vengeance"],"picked":"CrushJoints","floor":12.0},{"not_picked":["SashWhip","EmptyBody","Evaluate"],"picked":"SKIP","floor":13.0},{"not_picked":["Crescendo","EmptyFist","Pray"],"picked":"SKIP","floor":14.0},{"not_picked":["Alpha","MasterReality"],"picked":"Devotion","floor":16.0},{"not_picked":["Protect","Prostrate"],"picked":"BattleHymn","floor":18.0},{"not_picked":["EmptyBody","Prostrate"],"picked":"BowlingBash+1","floor":20.0},{"not_picked":["Prostrate","FollowUp"],"picked":"LikeWater","floor":21.0},{"not_picked":["Consecrate","FlyingSleeves+1"],"picked":"PathToVictory","floor":25.0},{"not_picked":["FlurryOfBlows","ClearTheMind","Sanctity"],"picked":"SKIP","floor":27.0},{"not_picked":["Vengeance+1","Omniscience"],"picked":"ThirdEye","floor":29.0},{"not_picked":["Omniscience","DeusExMachina"],"picked":"Devotion","floor":33.0},{"not_picked":["Evaluate","FlurryOfBlows+1"],"picked":"Consecrate","floor":35.0},{"not_picked":["ThirdEye+1","WaveOfTheHand"],"picked":"PathToVictory","floor":36.0},{"not_picked":["DeceiveReality","EmptyMind","CutThroughFate"],"picked":"SKIP","floor":37.0},{"not_picked":["Alpha","JustLucky+1"],"picked":"Study+1","floor":38.0},{"not_picked":["BowlingBash","Fasting2+1","Study+1"],"picked":"SKIP","floor":41.0},{"not_picked":["Fasting2","Meditate"],"picked":"FlurryOfBlows+1","floor":42.0},{"not_picked":["BowlingBash","EmptyFist+1","FlurryOfBlows"],"picked":"SKIP","floor":45.0},{"not_picked":["Perseverance","CutThroughFate","DeceiveReality+1"],"picked":"SKIP","floor":47.0},{"not_picked":["Forethought","Purity"],"picked":"Chrysalis","floor":48.0}],"player_experience":373894,"relics_obtained":[{"floor":6.0,"key":"Meat on the Bone"},{"floor":9.0,"key":"HornCleat"},{"floor":10.0,"key":"Ornamental Fan"},{"floor":38.0,"key":"Peace Pipe"},{"floor":42.0,"key":"Vajra"},{"floor":43.0,"key":"Orichalcum"}],"event_choices":[{"damage_healed":0.0,"max_hp_gain":0.0,"max_hp_loss":0.0,"gold_gain":0.0,"cards_transformed":["Defend_P"],"event_name":"Transmorgrifier","player_choice":"Transformed","floor":2.0,"gold_loss":0.0,"damage_taken":0.0,"cards_obtained":["BowlingBash"]},{"damage_healed":0.0,"max_hp_gain":0.0,"max_hp_loss":0.0,"gold_gain":0.0,"event_name":"The Woman in Blue","player_choice":"Bought 2 Potions","floor":11.0,"gold_loss":0.0,"damage_taken":0.0},{"cards_removed":["Strike_P"],"damage_healed":0.0,"max_hp_gain":0.0,"max_hp_loss":0.0,"gold_gain":0.0,"event_name":"betterNote:BetterNote","player_choice":"Give","floor":19.0,"gold_loss":0.0,"damage_taken":0.0,"cards_obtained":["Defend_P"]},{"damage_healed":0.0,"max_hp_gain":0.0,"max_hp_loss":0.0,"gold_gain":0.0,"event_name":"Addict","player_choice":"Obtained Relic","floor":22.0,"gold_loss":85.0,"damage_taken":0.0,"relics_obtained":["Letter Opener"]},{"damage_healed":0.0,"max_hp_gain":5.0,"max_hp_loss":0.0,"gold_gain":0.0,"event_name":"Forgotten Altar","player_choice":"Shed Blood","floor":24.0,"gold_loss":0.0,"damage_taken":16.0},{"damage_healed":0.0,"max_hp_gain":0.0,"max_hp_loss":0.0,"gold_gain":0.0,"event_name":"MindBloom","player_choice":"Fight","floor":38.0,"gold_loss":0.0,"damage_taken":0.0},{"damage_healed":0.0,"max_hp_gain":0.0,"max_hp_loss":0.0,"gold_gain":0.0,"event_name":"Winding Halls","player_choice":"Embrace Madness","floor":46.0,"gold_loss":0.0,"damage_taken":9.0,"cards_obtained":["Madness","Madness"]},{"damage_healed":0.0,"max_hp_gain":0.0,"max_hp_loss":0.0,"gold_gain":0.0,"event_name":"SensoryStone","player_choice":"Memory 1","floor":48.0,"gold_loss":0.0,"damage_taken":0.0}],"is_beta":false,"boss_relics":[{"not_picked":["VioletLotus","Tiny House"],"picked":"Cursed Key"},{"not_picked":["Coffee Dripper","Fusion Hammer"],"picked":"SacredBark"}],"items_purged_floors":[31,39],"is_endless":false,"potions_floor_spawned":[1,3,4,5,10,16,18,20,29,33,37,38,42,45],"killed_by":"Time Eater","ascension_level":0}}