{"host":"w97dq1whmpm6b2tc","time":1610387703,"event":{"mods":["BaseMod","Challenge The Spire","Downfall","Minty Spire (QoL Compilation)","Replay The Spire","StSLib","The Animator"],"gold_per_floor":[111,186,214,214,214,214,214],"floor_reached":6,"playtime":489,"items_purged":[],"score":68,"play_id":"b2057c25-b2ab-4ec2-a8b5-f4ec5155df89","local_time":"20210111195503","is_ascension_mode":true,"campfire_choices":[],"circlet_count":0,"master_deck":["AscendersBane","animator:Strike_Fate","animator:Defend_Fate+1","animator:Strike+1","animator:Strike","animator:Strike","animator:Defend","animator:Defend","animator:Alexander","animator:Rider","CurseOfTheBell","animator:Witch","animator:Caster"],"relics":["animator:TheMissingPiece","Calling Bell","Replay:Towering Pillar of Hats","ReplayTheSpireMod:Ninjato","ReplayTheSpireMod:TigerMarble"],"acts_visited":["Exordium"],"potions_floor_usage":[6],"damage_taken":[{"damage":11,"enemies":"Small Slimes","floor":1,"turns":4},{"damage":0,"enemies":"2 Louse","floor":3,"turns":1},{"damage":15,"enemies":"Replay:BlueRogue","floor":6,"turns":6}],"seed_played":"6146529305324009727","potions_obtained":[{"floor":3,"key":"champ:CounterPotion"}],"is_trial":false,"path_per_floor":["M","?","M","?","?","E"],"character_chosen":"THE_ANIMATOR","items_purchased":[],"campfire_rested":0,"item_purchase_floors":[],"current_hp_per_floor":[43,32,32,32,14,0,0],"gold":214,"neow_bonus":"BOSS_RELIC","is_daily":false,"chose_seed":false,"campfire_upgraded":0,"win_rate":0.0,"timestamp":1610387703,"path_taken":["M","?","M","?","?","E"],"items_purchased_type":[],"build_version":"2020-12-22","purchased_purges":0,"victory":false,"max_hp_per_floor":[60,60,60,60,60,60,60],"card_choices":[{"not_picked":["animator:Priestess","animator:Rider"],"picked":"animator:Witch","floor":1},{"not_picked":["animator:Cocytus","animator:ChaikaBohdan"],"picked":"animator:Caster","floor":3}],"player_experience":4390072,"relics_obtained":[{"floor":0,"key":"Replay:Towering Pillar of Hats"},{"floor":0,"key":"ReplayTheSpireMod:Ninjato"},{"floor":0,"key":"ReplayTheSpireMod:TigerMarble"}],"event_choices":[{"damage_healed":0,"gold_gain":75,"player_choice":"Gather Gold","damage_taken":11,"max_hp_gain":0,"max_hp_loss":0,"event_name":"World of Goop","floor":2,"gold_loss":0},{"damage_healed":0,"gold_gain":0,"player_choice":"Entered Light","damage_taken":18,"max_hp_gain":0,"max_hp_loss":0,"event_name":"Shining Light","floor":5,"gold_loss":0,"cards_upgraded":["animator:Defend_Fate","animator:Strike"]}],"is_beta":false,"boss_relics":[],"items_purged_floors":[],"is_endless":false,"potions_floor_spawned":[3],"killed_by":"Replay:BlueRogue","ascension_level":20}}