{"host":"5gc11emcm5chfr5t","time":1610394489,"event":{"mods":["2.2 Compatiblity","AchievementEnabler","BaseMod","Bestiary","Better Note","Colored Map","Colored Powertips","Downfall","Googly Eyes","Minty Spire (QoL Compilation)","Rare Cards Sparkle","StSLib"],"gold_per_floor":[119,119,119,139,139,170,170,197,197,230,250,250,250,283,283,377,377,391,441,460,476,112,146,146,146,146,146,164,164,189,203,203,312,312,328,10,86,86,0,0,0],"floor_reached":40,"playtime":1753,"items_purged":[],"score":960,"play_id":"a31d0593-e889-4549-9515-b46e04055251","local_time":"20210111144809","is_ascension_mode":true,"campfire_choices":[{"floor":7,"key":"REST"},{"floor":13,"key":"REST"},{"floor":15,"key":"REST"},{"floor":24,"key":"REST"},{"floor":27,"key":"DIG"},{"floor":29,"key":"RECALL"},{"floor":32,"key":"REST"}],"circlet_count":0,"master_deck":["AscendersBane","sneckomod:TailWhip","sneckomod:SnekBite","sneckomod:Unknown","sneckomod:Unknown","sneckomod:RainOfDice","sneckomod:DangerNoodle","sneckomod:PureSnecko","sneckomod:UnknownColorless","sneckomod:DefensiveFlair","sneckomod:UnknownClassBLUE","sneckomod:UnknownUncommonAttack","sneckomod:IronFang","sneckomod:UnlimitedRolls","sneckomod:WideSting","sneckomod:QuickMove","sneckomod:UnknownEthereal","sneckomod:UnknownRareSkill","sneckomod:UnknownRarePower+2","sneckomod:QuickBite","sneckomod:SnakeSap","sneckomod:SnakeSap","sneckomod:UnknownRareAttack","sneckomod:UnknownRareSkill","sneckomod:UnknownRarePower","expansioncontent:HyperBeam","Master of Strategy","sneckomod:SerpentIdol","sneckomod:RainOfDice+1","sneckomod:QuickBite","sneckomod:Unknown3Cost","sneckomod:UnknownClassBLUE"],"relics":["Pandora\u0027s Box","Shovel","Pocketwatch","The Courier","TungstenRod","Kunai","Golden Idol","HornCleat","Fusion Hammer","sneckomod:RareBoosterPack","Akabeko","Gambling Chip","Busted Crown","Incense Burner","Peace Pipe","Red Mask"],"acts_visited":["Exordium","TheCity","TheBeyond"],"potions_floor_usage":[8,8,14,23,31,37,37,40],"damage_taken":[{"damage":4,"enemies":"Jaw Worm","floor":1,"turns":2},{"damage":0,"enemies":"Small Slimes","floor":4,"turns":3},{"damage":20,"enemies":"3 Sentries","floor":6,"turns":4},{"damage":0,"enemies":"Gremlin Nob","floor":8,"turns":2},{"damage":23,"enemies":"Lagavulin","floor":10,"turns":4},{"damage":0,"enemies":"Cultist","floor":11,"turns":2},{"damage":44,"enemies":"3 Sentries","floor":14,"turns":5},{"damage":28,"enemies":"Slime Boss","floor":16,"turns":8},{"damage":17,"enemies":"3 Byrds","floor":18,"turns":5},{"damage":15,"enemies":"2 Thieves","floor":20,"turns":4},{"damage":20,"enemies":"Shelled Parasite and Fungi","floor":21,"turns":3},{"damage":0,"enemies":"Book of Stabbing","floor":23,"turns":3},{"damage":5,"enemies":"Centurion and Healer","floor":28,"turns":4},{"damage":8,"enemies":"Cultist and Chosen","floor":30,"turns":4},{"damage":24,"enemies":"Snake Plant","floor":31,"turns":5},{"damage":12,"enemies":"Champ","floor":33,"turns":11},{"damage":15,"enemies":"3 Darklings","floor":35,"turns":3},{"damage":44,"enemies":"2 Orb Walkers","floor":37,"turns":4},{"damage":39,"enemies":"Nemesis","floor":40,"turns":4}],"seed_played":"8053467474522658515","potions_obtained":[{"floor":1,"key":"Slimebound:ThreeZeroPotion"},{"floor":6,"key":"CultistPotion"},{"floor":10,"key":"DistilledChaos"},{"floor":21,"key":"FearPotion"},{"floor":28,"key":"Block Potion"},{"floor":31,"key":"Block Potion"},{"floor":37,"key":"FearPotion"}],"is_trial":false,"path_per_floor":["M","?","$","M","?","E","R","E","T","E","M","?","R","E","R","B",null,"M","?","M","M","$","E","R","?","T","R","M","R","M","M","R","B",null,"M","$","?","?","?","E"],"character_chosen":"THE_SNECKO","items_purchased":["sneckomod:RareBoosterPack","expansioncontent:HyperBeam","Master of Strategy","Incense Burner","Energy Potion"],"campfire_rested":5,"item_purchase_floors":[22,22,22,36,36],"current_hp_per_floor":[71,71,71,71,53,33,57,57,57,34,34,34,58,14,38,14,66,64,57,42,22,22,22,46,46,46,46,44,44,36,12,37,25,71,56,56,12,12,12,0,0],"gold":0,"neow_bonus":"BOSS_RELIC","is_daily":false,"chose_seed":false,"campfire_upgraded":0,"win_rate":0.0,"timestamp":1610394489,"path_taken":["M","?","$","M","?","E","R","E","T","E","M","?","R","E","R","BOSS","M","?","M","?","$","E","R","?","T","R","M","R","M","M","R","BOSS","M","$","?","?","?","E"],"items_purchased_type":["Relic","Card","Card","Relic","Potion"],"build_version":"2020-12-22","purchased_purges":0,"victory":false,"max_hp_per_floor":[83,83,83,83,83,83,83,83,83,83,83,83,83,83,83,83,83,83,83,83,83,83,83,83,83,83,83,86,86,86,86,86,86,86,86,86,86,86,86,86,86],"card_choices":[{"not_picked":["sneckomod:QuickBite","sneckomod:DiceCrush"],"picked":"sneckomod:UnknownClassBLUE","floor":1},{"not_picked":["sneckomod:UnknownWeak","sneckomod:DiceCrush"],"picked":"sneckomod:IronFang","floor":4},{"not_picked":["sneckomod:SoulDraw","sneckomod:MixItUp","sneckomod:UnknownBlock"],"picked":"SKIP","floor":6},{"not_picked":["sneckomod:UnknownClassGUARDIAN","sneckomod:UnknownX"],"picked":"sneckomod:UnlimitedRolls","floor":8},{"not_picked":["sneckomod:UnknownClassTHE_CHAMP_GRAY","sneckomod:SoulDraw"],"picked":"sneckomod:WideSting","floor":10},{"not_picked":["sneckomod:UnknownStrike","sneckomod:SoulDraw"],"picked":"sneckomod:QuickMove","floor":11},{"not_picked":["sneckomod:SoulRoll","sneckomod:UnknownClassSLIMEBOUND"],"picked":"sneckomod:UnknownEthereal","floor":14},{"not_picked":["sneckomod:GlitteringGambit","sneckomod:UnlimitedRolls"],"picked":"sneckomod:UnknownRareSkill","floor":16},{"not_picked":["sneckomod:Restock","sneckomod:UnlimitedRolls"],"picked":"sneckomod:UnknownRarePower","floor":16},{"not_picked":["sneckomod:MasterEye","sneckomod:Unknown1Cost"],"picked":"sneckomod:QuickBite","floor":18},{"not_picked":["sneckomod:UnknownStrength","sneckomod:DiceCrush"],"picked":"sneckomod:SnakeSap","floor":20},{"not_picked":["sneckomod:Unknown1Cost","sneckomod:QuickBite"],"picked":"sneckomod:SnakeSap","floor":21},{"not_picked":["sneckomod:Nope","sneckomod:UnknownClassRED"],"picked":"sneckomod:SerpentIdol","floor":23},{"not_picked":["sneckomod:QuickBite","sneckomod:UnknownBlock+1"],"picked":"sneckomod:RainOfDice+1","floor":28},{"not_picked":["sneckomod:UnknownStrike","sneckomod:UnknownVulnerable","sneckomod:UnknownCommonAttack"],"picked":"SKIP","floor":30},{"not_picked":["hexamod:FirstSeal","hexamod:SixthSeal"],"picked":"hexamod:SecondSeal","floor":31},{"not_picked":["sneckomod:RainOfDice","sneckomod:UnknownBlock"],"picked":"sneckomod:QuickBite","floor":31},{"not_picked":["sneckomod:DangerNoodle","sneckomod:UnknownRareSkill"],"picked":"sneckomod:Unknown3Cost","floor":33},{"not_picked":[],"picked":"sneckomod:UnknownClassBLUE","floor":35}],"player_experience":545316,"relics_obtained":[{"floor":6,"key":"Pocketwatch"},{"floor":8,"key":"The Courier"},{"floor":9,"key":"TungstenRod"},{"floor":10,"key":"Kunai"},{"floor":14,"key":"HornCleat"},{"floor":23,"key":"Akabeko"},{"floor":27,"key":"Gambling Chip"},{"floor":37,"key":"Peace Pipe"}],"event_choices":[{"damage_healed":0,"gold_gain":0,"cards_transformed":["sneckomod:MasterEye"],"player_choice":"Change","damage_taken":0,"max_hp_gain":0,"max_hp_loss":0,"event_name":"Living Wall","floor":2,"gold_loss":0,"cards_obtained":["sneckomod:UnknownUncommonAttack"]},{"damage_healed":0,"gold_gain":0,"player_choice":"Success","damage_taken":18,"relics_obtained":["Shovel"],"max_hp_gain":0,"max_hp_loss":0,"event_name":"Scrap Ooze","floor":5,"gold_loss":0},{"damage_healed":0,"gold_gain":0,"player_choice":"Take Wound","damage_taken":0,"relics_obtained":["Golden Idol"],"max_hp_gain":0,"max_hp_loss":0,"event_name":"Golden Idol","floor":12,"gold_loss":0,"cards_obtained":["Injury"]},{"damage_healed":0,"gold_gain":50,"player_choice":"Touch","damage_taken":8,"max_hp_gain":0,"max_hp_loss":0,"event_name":"FaceTrader","floor":19,"gold_loss":0},{"damage_healed":0,"gold_gain":0,"player_choice":"Fight","damage_taken":0,"max_hp_gain":0,"max_hp_loss":0,"event_name":"Mysterious Sphere","floor":37,"gold_loss":0},{"cards_removed":["hexamod:SecondSeal"],"damage_healed":0,"gold_gain":0,"player_choice":"Removed Power","damage_taken":0,"max_hp_gain":0,"max_hp_loss":0,"event_name":"Falling","floor":38,"gold_loss":0},{"damage_healed":0,"gold_gain":0,"player_choice":"Paid","damage_taken":0,"relics_obtained":["Red Mask"],"max_hp_gain":0,"max_hp_loss":0,"event_name":"Tomb of Lord Red Mask","floor":39,"gold_loss":86}],"is_beta":false,"boss_relics":[{"not_picked":["Empty Cage","Sozu"],"picked":"Fusion Hammer"},{"not_picked":["Cursed Key","Velvet Choker"],"picked":"Busted Crown"}],"items_purged_floors":[],"is_endless":false,"potions_floor_spawned":[1,6,10,21,28,31,37],"killed_by":"Nemesis","ascension_level":20}}