{"host":"eeuhgv8goqdjv4ip","time":1610367862,"event":{"mods":["2.2 Compatiblity","AchievementEnabler","BaseMod","Challenge The Spire","Colored Map","Colored Powertips","Conspire","Custom Start","Dark Map","Hubris","Infinite Spire","Marisa????????","Minty Spire (QoL Compilation)","Permanent Neow","Quick Restart","Replay The Spire","SIMod","StSLib","The Animator","The Saiyan","The Servant 0.9.4","The Wild Card"],"gold_per_floor":[97,111,111,122,138,138,165,165,165,184,35,35,64,64,64,160,160,170,170,170,188,188,188,219,219,219,239,254,254,344,361,361,457,457,470,37,85,100,115,115,126,126,126,159,177,202,202,219,219,219],"floor_reached":51,"playtime":10657,"items_purged":["Saiyan:SAIYA_Strike","Writhe"],"score":1178,"play_id":"7bc71fe7-931e-4b36-ac5d-6db0461522cc","local_time":"20210111082422","is_ascension_mode":true,"campfire_choices":[{"data":"Saiyan:Taunt","floor":6,"key":"SMITH"},{"data":"Saiyan:Taunt","floor":8,"key":"SMITH"},{"data":"infinitespire:NeuralNetwork","floor":15,"key":"SMITH"},{"data":"Saiyan:BurningSoul","floor":23,"key":"SMITH"},{"data":"Saiyan:BurningSoul","floor":25,"key":"SMITH"},{"data":"Saiyan:Quickening","floor":29,"key":"SMITH"},{"floor":32,"key":"REST"},{"data":"Saiyan:KameHameHa","floor":40,"key":"SMITH"},{"data":"Flash of Steel","floor":42,"key":"SMITH"},{"data":"Saiyan:GenkiDama","floor":49,"key":"SMITH"}],"circlet_count":0,"master_deck":["Saiyan:Taunt+1","Saiyan:UltraInstinct+1","Saiyan:UltraInstinct+1","Saiyan:UltraInstinct+1","Saiyan:SAIYA_Defend","Saiyan:SAIYA_Defend","Saiyan:SAIYA_Strike","Saiyan:SAIYA_Strike","Saiyan:SAIYA_Strike","Saiyan:SAIYA_Strike","Saiyan:ExtremeSpeed","Saiyan:Taunt+1","Saiyan:MeteorDash","Saiyan:Quickening+1","Saiyan:Expend+1","Saiyan:Honing+1","Saiyan:UltraInstinct+1","Saiyan:Planning+1","infinitespire:NeuralNetwork+1","AbeCurse","Saiyan:Overexert+1","Saiyan:BurningSoul+1","Saiyan:BurningSoul+1","Saiyan:FingerParry+1","Saiyan:Rekindle+1","Saiyan:PowerUp+1","Saiyan:GenkiDama+1","Saiyan:DragonFist+1","Flash of Steel+1","Saiyan:FingerParry+1","Saiyan:KiStrike+1","Saiyan:KameHameHa+1","Parasite","Saiyan:Flurry","Saiyan:SoulSpice+1","Purity+1","ReplayTheSpireMod:Private Reserves+1","Secret Technique+1","Saiyan:Flurry"],"relics":["SaiyanSoul","SaiyanHeart","Replay:Bottled Eggs","Toxic Egg 2","Replay:Bottled Steam","Pear","Replay:WaspNest","Abe\u0027s Treasure","hubris:Potato","Blue Doll","conspire:Dentures","Runic Dome","hubris:MysteriousPyramids","CatCart","infinitespire:PuzzleCube","hubris:BottledRain","infinitespire:Lucky Rock","Honey Jar","ReplayTheSpireMod:ShopPack"],"acts_visited":["Exordium","TheCity","TheBeyond"],"potions_floor_usage":[21,31,35,50,50],"damage_taken":[{"damage":0,"enemies":"Jaw Worm","floor":1,"turns":3},{"damage":14,"enemies":"Cultist","floor":2,"turns":5},{"damage":8,"enemies":"Small Slimes","floor":4,"turns":4},{"damage":0,"enemies":"Exordium Wildlife","floor":5,"turns":5},{"damage":8,"enemies":"3 Sentries","floor":7,"turns":7},{"damage":0,"enemies":"Looter","floor":10,"turns":3},{"damage":0,"enemies":"Lagavulin","floor":13,"turns":5},{"damage":0,"enemies":"Slime Boss","floor":16,"turns":11},{"damage":0,"enemies":"Spheric Guardian","floor":18,"turns":5},{"damage":27,"enemies":"2 Thieves","floor":21,"turns":2},{"damage":0,"enemies":"Gremlin Leader","floor":24,"turns":7},{"damage":0,"enemies":"Cultist and Chosen","floor":27,"turns":4},{"damage":0,"enemies":"Snecko","floor":28,"turns":5},{"damage":4,"enemies":"Shelled Parasite and Fungi","floor":31,"turns":4},{"damage":16,"enemies":"hubris:MusketHawk","floor":33,"turns":9},{"damage":10,"enemies":"3 Darklings","floor":35,"turns":4},{"damage":0,"enemies":"Orin","floor":37,"turns":9},{"damage":0,"enemies":"Orb Walker","floor":38,"turns":3},{"damage":0,"enemies":"Spire Growth","floor":39,"turns":6},{"damage":0,"enemies":"Writhing Mass","floor":41,"turns":4},{"damage":3,"enemies":"Nemesis","floor":44,"turns":7},{"damage":10,"enemies":"Sphere and 2 Shapes","floor":45,"turns":4},{"damage":0,"enemies":"Giant Head","floor":46,"turns":8},{"damage":0,"enemies":"Maw","floor":48,"turns":6},{"damage":38,"enemies":"hubris:GrandSnecko","floor":50,"turns":11}],"seed_played":"-7065217578729694826","potions_obtained":[{"floor":2,"key":"SteroidPotion"},{"floor":3,"key":"Milkshake"},{"floor":3,"key":"EssenceOfSteel"},{"floor":5,"key":"PowerPotion"},{"floor":27,"key":"Explosive Potion"},{"floor":33,"key":"SkillPotion"},{"floor":35,"key":"Dexterity Potion"},{"floor":39,"key":"Dexterity Potion"}],"is_trial":true,"path_per_floor":["M","M","?","M","M","R","E","R","T","M","$","T","E","?","R","B",null,"M","?","?","M","?","R","E","R","T","M","M","R","?","M","R","B",null,"M","$","?","M","M","R","M","R","T","E","M","E","AVR","M","R","B",null],"character_chosen":"SAIYAJIN","items_purchased":["Saiyan:UltraInstinct+1","Flash of Steel","hubris:MysteriousPyramids"],"campfire_rested":1,"item_purchase_floors":[11,36,36],"current_hp_per_floor":[60,46,46,39,41,41,33,33,33,33,33,43,43,26,26,26,61,62,62,62,36,22,22,22,22,22,24,27,27,15,14,40,27,75,69,69,70,72,74,74,77,77,77,76,68,71,71,74,74,41],"gold":219,"neow_bonus":"","is_daily":false,"chose_seed":false,"campfire_upgraded":9,"win_rate":0.0,"timestamp":1610367862,"path_taken":["M","M","?","?","M","R","E","R","T","M","$","?","E","?","R","BOSS","M","?","?","?","?","R","E","R","T","M","M","R","?","?","R","BOSS","M","$","?","M","M","R","M","R","T","E","M","E","AVR","M","R","BOSS"],"items_purchased_type":["Card","Card","Relic"],"build_version":"2020-12-22","purchased_purges":2,"victory":true,"max_hp_per_floor":[60,60,60,61,63,63,63,63,63,63,63,73,73,73,73,73,73,74,74,74,75,80,80,80,80,80,82,85,85,85,88,88,91,91,95,95,96,98,100,100,103,103,103,105,107,110,110,113,113,115],"card_choices":[{"not_picked":["Saiyan:SaiyanHubris","Saiyan:PlotArmor"],"picked":"Saiyan:ExtremeSpeed","floor":1},{"not_picked":["Saiyan:RemoveWeights","Saiyan:Quickening"],"picked":"Saiyan:Taunt","floor":2},{"not_picked":["Saiyan:ConcussiveBlow","Saiyan:PressOn"],"picked":"Saiyan:MeteorDash","floor":4},{"not_picked":["Saiyan:HyperTimeChamber","Saiyan:Scouter"],"picked":"Saiyan:Quickening","floor":5},{"not_picked":["Saiyan:TransfigurationBeam","Saiyan:Scouter+1"],"picked":"Saiyan:Expend+1","floor":7},{"not_picked":["Saiyan:FinalFlash","Saiyan:AugmentedBlast"],"picked":"Saiyan:Honing+1","floor":10},{"not_picked":["Saiyan:ExtremeSpeed","Saiyan:Makankosappo"],"picked":"Saiyan:Planning+1","floor":13},{"not_picked":["ReplayTheSpireMod:Haul","infinitespire:Execution"],"picked":"infinitespire:NeuralNetwork","floor":14},{"not_picked":["Saiyan:PowerUp+1","Saiyan:KameHameHa"],"picked":"Saiyan:Overexert+1","floor":18},{"not_picked":["Saiyan:AugmentedBlast","Saiyan:TurtleShell","Saiyan:DrainingStrike+1"],"picked":"SKIP","floor":21},{"not_picked":["Saiyan:MajinSeal","Saiyan:TheBomb+1"],"picked":"Saiyan:BurningSoul","floor":24},{"not_picked":["Saiyan:SaiyanHubris+1","Saiyan:KiExplosion+1"],"picked":"Saiyan:FingerParry+1","floor":27},{"not_picked":["Saiyan:Planning+1","Saiyan:Fly+1"],"picked":"Saiyan:Rekindle+1","floor":28},{"not_picked":["Saiyan:Planning+1","Saiyan:PlotArmor"],"picked":"Saiyan:PowerUp+1","floor":31},{"not_picked":["Saiyan:TheBomb+1","Saiyan:HyperTimeChamber"],"picked":"Saiyan:GenkiDama","floor":33},{"not_picked":["Saiyan:KameHameHa","Saiyan:PlotArmor+1"],"picked":"Saiyan:DragonFist+1","floor":35},{"not_picked":["Saiyan:Kienzan","Saiyan:SaiyanHubris+1"],"picked":"Saiyan:FingerParry+1","floor":37},{"not_picked":["Saiyan:Scouter+1","Saiyan:Twize+1"],"picked":"Saiyan:KiStrike+1","floor":38},{"not_picked":["Saiyan:DoubleMasenko","Saiyan:ExtremeSpeed+1"],"picked":"Saiyan:KameHameHa","floor":39},{"not_picked":["Saiyan:Scouter+1","Saiyan:Fly+1","Saiyan:Planning+1"],"picked":"SKIP","floor":41},{"not_picked":["Saiyan:FinalFlash+1","Saiyan:Fly+1","Saiyan:WarmUp"],"picked":"SKIP","floor":44},{"not_picked":["Saiyan:DragonFist","Saiyan:Expend+1"],"picked":"Saiyan:Flurry","floor":45},{"not_picked":["Saiyan:PlotArmor","Saiyan:Overexert+1"],"picked":"Saiyan:SoulSpice+1","floor":46},{"not_picked":["ReplayTheSpireMod:Uncanny Aura","Replay:BasicMightCard","Bandage Up"],"picked":"Purity","floor":47},{"not_picked":["Dramatic Entrance","ReplayTheSpireMod:Brewmster","Mind Blast"],"picked":"ReplayTheSpireMod:Private Reserves","floor":47},{"not_picked":["ReplayTheSpireMod:Brewmster","Chrysalis","HandOfGreed"],"picked":"Secret Technique","floor":47},{"not_picked":["Saiyan:DoubleMasenko","Saiyan:SpiritSword","Saiyan:Planning+1"],"picked":"Saiyan:Flurry","floor":48}],"player_experience":478959,"relics_obtained":[{"floor":7,"key":"Toxic Egg 2"},{"floor":9,"key":"Replay:Bottled Steam"},{"floor":12,"key":"Pear"},{"floor":13,"key":"Replay:WaspNest"},{"floor":24,"key":"Blue Doll"},{"floor":26,"key":"conspire:Dentures"},{"floor":37,"key":"CatCart"},{"floor":43,"key":"infinitespire:PuzzleCube"},{"floor":44,"key":"hubris:BottledRain"},{"floor":46,"key":"infinitespire:Lucky Rock"}],"event_choices":[{"damage_healed":0,"gold_gain":0,"player_choice":"Got Potions","damage_taken":0,"max_hp_gain":0,"max_hp_loss":0,"event_name":"Lab","floor":3,"gold_loss":0},{"damage_healed":0,"gold_gain":0,"player_choice":"Read","damage_taken":0,"max_hp_gain":0,"max_hp_loss":0,"event_name":"The Library","floor":19,"gold_loss":0,"cards_obtained":["Saiyan:BurningSoul"]},{"damage_healed":0,"gold_gain":0,"player_choice":"Opened","damage_taken":0,"relics_obtained":["hubris:Potato"],"max_hp_gain":0,"max_hp_loss":0,"event_name":"The Mausoleum","floor":20,"gold_loss":0,"cards_obtained":["Writhe"]},{"damage_healed":0,"gold_gain":0,"player_choice":"Shed Blood","damage_taken":19,"max_hp_gain":5,"max_hp_loss":0,"event_name":"Forgotten Altar","floor":22,"gold_loss":0},{"damage_healed":0,"gold_gain":90,"player_choice":"GOLD ","damage_taken":12,"max_hp_gain":0,"max_hp_loss":0,"event_name":"Knowing Skull","floor":30,"potions_obtained":[],"gold_loss":0,"cards_obtained":[]},{"damage_healed":0,"gold_gain":0,"player_choice":"Fight","damage_taken":0,"max_hp_gain":0,"max_hp_loss":0,"event_name":"OrinTheCat","floor":37,"gold_loss":0}],"is_beta":false,"boss_relics":[{"not_picked":["Fusion Hammer","Ectoplasm"],"picked":"Abe\u0027s Treasure"},{"not_picked":["Snecko Heart","hubris:CrackedHourglass"],"picked":"Runic Dome"}],"items_purged_floors":[11,36],"is_endless":false,"potions_floor_spawned":[2,5,13,18,27,28,33,35,39,44,46],"ascension_level":5}}