{"host":"92108ef2q9tm8rod","time":1610363327,"event":{"mods":["BaseMod","Defuse TimeMaze Blight","Minty Spire (QoL Compilation)","StSLib","The Jungle"],"gold_per_floor":[118,131,141,160,160,160,188,213,251,290,302,349,361,389,401,513,525,555,567,598,305,127,127,160,160,160,160,160,175,193,221,221,317,317,330,330,349,369,385,385,417,417,417,0,27,62,62,62,62,62],"floor_reached":51,"playtime":2003,"items_purged":[],"score":1126,"play_id":"34247d1e-b49b-42c6-ab93-3cfac55cff8e","local_time":"20210111110847","daily_mods":["SealedDeck","Purple Cards","Heirloom","Flight"],"is_ascension_mode":false,"campfire_choices":[{"data":"Neutralize","floor":6,"key":"SMITH"},{"data":"Corpse Explosion","floor":11,"key":"SMITH"},{"data":"Catalyst","floor":13,"key":"SMITH"},{"floor":15,"key":"REST"},{"data":"Sadistic Nature","floor":23,"key":"SMITH"},{"data":"Perseverance","floor":25,"key":"SMITH"},{"data":"Leg Sweep","floor":27,"key":"SMITH"},{"data":"Poisoned Stab","floor":28,"key":"SMITH"},{"data":"Dodge and Roll","floor":32,"key":"SMITH"},{"data":"Caltrops","floor":40,"key":"SMITH"},{"data":"Blur","floor":42,"key":"SMITH"},{"data":"Deadly Poison","floor":49,"key":"SMITH"}],"circlet_count":0,"master_deck":["Caltrops+1","Flying Knee","Dodge and Roll+1","ThirdEye","Consecrate","Leg Sweep+1","Bane","Catalyst+1","Perseverance+1","Neutralize+1","Corpse Explosion+1","Poisoned Stab+1","Sadistic Nature+1","Blur+1","Deadly Poison+1"],"relics":["Ring of the Snake","Tingsha","Mercury Hourglass","MawBank","Anchor","PreservedInsect","Darkstone Periapt","Empty Cage","Medical Kit","Bronze Scales","Thread and Needle","Lantern","Happy Flower","Blood Vial","TwistedFunnel","Gremlin Horn","InkBottle","Art of War"],"acts_visited":["Exordium","Exordium","TheBeyond"],"potions_floor_usage":[10,30,33,41,50,50,50],"damage_taken":[{"damage":0,"enemies":"Jaw Worm","floor":1,"turns":4},{"damage":0,"enemies":"Cultist","floor":2,"turns":3},{"damage":0,"enemies":"Small Slimes","floor":3,"turns":5},{"damage":3,"enemies":"Red Slaver","floor":4,"turns":4},{"damage":7,"enemies":"Gremlin Nob","floor":7,"turns":4},{"damage":9,"enemies":"3 Sentries","floor":8,"turns":5},{"damage":4,"enemies":"Lagavulin","floor":10,"turns":5},{"damage":0,"enemies":"3 Sentries","floor":12,"turns":2},{"damage":0,"enemies":"Exordium Wildlife","floor":14,"turns":3},{"damage":8,"enemies":"Hexaghost","floor":16,"turns":9},{"damage":1,"enemies":"theJungle:GiantWrat","floor":18,"turns":4},{"damage":0,"enemies":"theJungle:Flameango_and_Byrd","floor":20,"turns":4},{"damage":0,"enemies":"theJungle:2_Phrogs","floor":24,"turns":3},{"damage":0,"enemies":"theJungle:2_Flameangoes","floor":29,"turns":3},{"damage":0,"enemies":"theJungle:2_Snecko_Cultists","floor":30,"turns":2},{"damage":0,"enemies":"theJungle:MamaSnecko","floor":31,"turns":3},{"damage":0,"enemies":"theJungle:QueenSpyder","floor":33,"turns":9},{"damage":0,"enemies":"3 Darklings","floor":35,"turns":2},{"damage":0,"enemies":"3 Shapes","floor":37,"turns":2},{"damage":1,"enemies":"Sphere and 2 Shapes","floor":38,"turns":5},{"damage":0,"enemies":"4 Shapes","floor":39,"turns":3},{"damage":0,"enemies":"Nemesis","floor":41,"turns":3},{"damage":0,"enemies":"Reptomancer","floor":45,"turns":3},{"damage":0,"enemies":"Nemesis","floor":46,"turns":3},{"damage":24,"enemies":"Donu and Deca","floor":50,"turns":7}],"seed_played":"-2336217485168221827","potions_obtained":[{"floor":7,"key":"Energy Potion"},{"floor":10,"key":"Weak Potion"},{"floor":12,"key":"SmokeBomb"},{"floor":16,"key":"Strength Potion"},{"floor":20,"key":"Dexterity Potion"},{"floor":29,"key":"LiquidMemories"},{"floor":38,"key":"FearPotion"},{"floor":39,"key":"SteroidPotion"},{"floor":45,"key":"Weak Potion"}],"is_trial":true,"path_per_floor":["M","M","M","M","?","R","E","E","T","E","R","E","R","M","R","B",null,"M","?","M","$","$","R","E","R","T","R","R","M","M","E","R","B",null,"M","?","M","M","M","R","E","R","T","$","E","E","?","$","R","B",null],"character_chosen":"THE_SILENT","items_purchased":["Medical Kit","Bronze Scales","Sadistic Nature","TwistedFunnel","Deadly Poison","Gremlin Horn"],"campfire_rested":1,"item_purchase_floors":[21,21,22,44,44,44],"current_hp_per_floor":[70,70,70,67,67,67,60,51,51,47,47,47,47,47,68,60,70,69,69,69,69,69,69,69,69,69,69,69,69,69,69,69,69,70,70,70,70,69,69,69,69,69,69,69,70,70,70,70,70,46],"gold":62,"neow_bonus":"","is_daily":false,"chose_seed":false,"campfire_upgraded":11,"win_rate":0.0,"timestamp":1610363327,"path_taken":["M","M","M","M","?","R","E","E","T","E","R","E","R","M","R","BOSS","M","?","M","$","$","R","E","R","T","R","R","M","M","E","R","BOSS","M","?","?","M","M","R","E","R","T","$","E","E","?","$","R","BOSS"],"items_purchased_type":["Relic","Relic","Card","Relic","Card","Relic"],"build_version":"2020-12-22","purchased_purges":0,"victory":true,"max_hp_per_floor":[70,70,70,70,70,70,70,70,70,70,70,70,70,70,70,70,70,70,70,70,70,70,70,70,70,70,70,70,70,70,70,70,70,70,70,70,70,70,70,70,70,70,70,70,70,70,70,70,70,70],"card_choices":[{"not_picked":["Accuracy","Bane","WheelKick"],"picked":"SKIP","floor":1},{"not_picked":["Blade Dance","Dodge and Roll"],"picked":"Perseverance","floor":2},{"not_picked":["Bane","Terror","FlurryOfBlows"],"picked":"SKIP","floor":3},{"not_picked":["Footwork","Evaluate","Dagger Throw"],"picked":"SKIP","floor":4},{"not_picked":["BowlingBash","Acrobatics","FollowUp"],"picked":"SKIP","floor":7},{"not_picked":["Worship","SashWhip"],"picked":"Corpse Explosion","floor":8},{"not_picked":["ThirdEye","Flying Knee","CutThroughFate"],"picked":"SKIP","floor":10},{"not_picked":["EmptyFist","Backflip","Collect"],"picked":"SKIP","floor":12},{"not_picked":["PathToVictory","Sucker Punch","SashWhip"],"picked":"SKIP","floor":14},{"not_picked":["Leg Sweep","LikeWater"],"picked":"Poisoned Stab","floor":18},{"not_picked":["Infinite Blades+1","FollowUp","Backflip"],"picked":"SKIP","floor":20},{"not_picked":["FlurryOfBlows","Slice+1","Skewer+1"],"picked":"SKIP","floor":24},{"not_picked":["EmptyMind","Bane+1","Acrobatics"],"picked":"SKIP","floor":29},{"not_picked":["Dagger Spray+1","Leg Sweep","CutThroughFate+1"],"picked":"SKIP","floor":30},{"not_picked":["Outmaneuver","Consecrate","EmptyMind"],"picked":"SKIP","floor":31},{"not_picked":["Leg Sweep+1","Fasting2+1","Sucker Punch+1"],"picked":"SKIP","floor":35},{"not_picked":["EmptyFist+1","Predator+1","Prepared+1"],"picked":"SKIP","floor":37},{"not_picked":["Blade Dance","Outmaneuver+1","Evaluate+1"],"picked":"SKIP","floor":38},{"not_picked":["Vengeance+1","Flying Knee+1","Consecrate"],"picked":"SKIP","floor":39},{"not_picked":["EmptyBody+1","Outmaneuver"],"picked":"Blur","floor":41},{"not_picked":["CarveReality","Leg Sweep+1","Alpha"],"picked":"SKIP","floor":45},{"not_picked":["Crescendo","CrushJoints+1","Finisher+1"],"picked":"SKIP","floor":46}],"player_experience":3269433,"relics_obtained":[{"floor":7,"key":"Mercury Hourglass"},{"floor":8,"key":"MawBank"},{"floor":9,"key":"Anchor"},{"floor":10,"key":"PreservedInsect"},{"floor":12,"key":"Darkstone Periapt"},{"floor":24,"key":"Thread and Needle"},{"floor":26,"key":"Lantern"},{"floor":31,"key":"Happy Flower"},{"floor":41,"key":"Blood Vial"},{"floor":45,"key":"InkBottle"},{"floor":46,"key":"Art of War"}],"event_choices":[{"damage_healed":0,"gold_gain":0,"player_choice":"1 cards matched","damage_taken":0,"max_hp_gain":0,"max_hp_loss":0,"event_name":"Match and Keep!","floor":5,"gold_loss":0,"cards_obtained":["Neutralize"]},{"damage_healed":0,"gold_gain":0,"player_choice":"Ignored","damage_taken":0,"max_hp_gain":0,"max_hp_loss":0,"event_name":"NoteForYourself","floor":36,"gold_loss":0},{"damage_healed":0,"gold_gain":0,"player_choice":"Ignored","damage_taken":0,"max_hp_gain":0,"max_hp_loss":0,"event_name":"Mysterious Sphere","floor":47,"gold_loss":0}],"is_beta":false,"boss_relics":[{"not_picked":["Fusion Hammer","Cursed Key"],"picked":"Empty Cage"},{"not_picked":["Sozu","Coffee Dripper","Runic Dome"]}],"items_purged_floors":[],"is_endless":false,"potions_floor_spawned":[7,10,12,16,20,24,29,38,39,45,46],"ascension_level":0}}