{"host":"9709z2dy8v1s63sm","time":1610377522,"event":{"mods":["AchievementEnabler","BaseMod","Minty Spire (QoL Compilation)","StSLib","SuperFastMode"],"gold_per_floor":[116,191,208,218,229,229,329,355,355,355,370,382,415,431,431,533,533,543,559,573,7,7,7],"floor_reached":22,"playtime":1182,"items_purged":["Strike_R"],"score":270,"play_id":"162d85a6-5e18-4b9f-a729-498b64f26fd2","local_time":"20210112000522","is_ascension_mode":true,"campfire_choices":[{"data":"Body Slam","floor":6.0,"key":"SMITH"},{"data":"Clothesline","floor":10.0,"key":"SMITH"},{"data":"Shrug It Off","floor":15.0,"key":"SMITH"}],"circlet_count":0,"master_deck":["Strike_R","Strike_R","Strike_R","Defend_R","Defend_R","Defend_R","Bash","Clothesline+1","Warcry","Body Slam+1","Fire Breathing","Evolve","Burning Pact","Shrug It Off+1","Double Tap","Dual Wield","Wild Strike","Shrug It Off+1"],"relics":["Burning Blood","Meat on the Bone","The Courier","Fusion Hammer","Matryoshka","DollysMirror","Sundial"],"acts_visited":["Exordium","TheCity"],"potions_floor_usage":[22],"damage_taken":[{"damage":2.0,"enemies":"2 Louse","floor":1.0,"turns":3.0},{"damage":2.0,"enemies":"Jaw Worm","floor":3.0,"turns":4.0},{"damage":2.0,"enemies":"Cultist","floor":4.0,"turns":4.0},{"damage":13.0,"enemies":"2 Fungi Beasts","floor":5.0,"turns":4.0},{"damage":29.0,"enemies":"Gremlin Nob","floor":8.0,"turns":4.0},{"damage":14.0,"enemies":"Blue Slaver","floor":11.0,"turns":4.0},{"damage":24.0,"enemies":"Gremlin Gang","floor":12.0,"turns":8.0},{"damage":15.0,"enemies":"3 Sentries","floor":13.0,"turns":4.0},{"damage":7.0,"enemies":"Red Slaver","floor":14.0,"turns":3.0},{"damage":22.0,"enemies":"Slime Boss","floor":16.0,"turns":8.0},{"damage":39.0,"enemies":"Spheric Guardian","floor":18.0,"turns":6.0},{"damage":28.0,"enemies":"3 Byrds","floor":19.0,"turns":7.0},{"damage":33.0,"enemies":"Sentry and Sphere","floor":20.0,"turns":6.0},{"damage":23,"enemies":"Snecko","floor":22,"turns":5}],"seed_played":"-5831545773320358062","potions_obtained":[{"floor":3.0,"key":"ElixirPotion"},{"floor":4.0,"key":"DuplicationPotion"},{"floor":11.0,"key":"LiquidMemories"},{"floor":12.0,"key":"Dexterity Potion"},{"floor":13.0,"key":"Weak Potion"},{"floor":14.0,"key":"SneckoOil"}],"is_trial":false,"path_per_floor":["M","?","M","M","M","R","?","E","T","R","M","M","E","M","R","B",null,"M","M","M","$","M"],"character_chosen":"IRONCLAD","items_purchased":["Matryoshka","DollysMirror","Sundial"],"campfire_rested":0,"item_purchase_floors":[21,21,21],"current_hp_per_floor":[55,44,48,52,45,45,45,22,22,22,26,20,23,34,34,30,68,47,37,22,22,0,0],"gold":7,"neow_bonus":"TRANSFORM_TWO_CARDS","is_daily":false,"chose_seed":false,"campfire_upgraded":3,"win_rate":0.0,"timestamp":1610377522,"path_taken":["M","?","M","M","M","R","?","E","T","R","M","?","E","M","R","BOSS","M","M","M","$","M"],"items_purchased_type":["Relic","Relic","Relic"],"build_version":"2020-12-22","purchased_purges":1,"victory":false,"max_hp_per_floor":[80,80,80,80,80,80,80,80,80,80,80,80,80,80,80,80,80,80,80,80,80,80,80],"card_choices":[{"not_picked":["Havoc","Armaments"],"picked":"Body Slam","floor":1.0},{"not_picked":["Whirlwind","Inflame"],"picked":"Fire Breathing","floor":3.0},{"not_picked":["Inflame","Searing Blow"],"picked":"Evolve","floor":4.0},{"not_picked":["Anger","Thunderclap","True Grit"],"picked":"SKIP","floor":5.0},{"not_picked":["Pommel Strike","Infernal Blade"],"picked":"Burning Pact","floor":8.0},{"not_picked":["Heavy Blade","Perfected Strike"],"picked":"Shrug It Off","floor":11.0},{"not_picked":["Armaments","Warcry","Heavy Blade"],"picked":"SKIP","floor":12.0},{"not_picked":["Uppercut","Thunderclap","Pommel Strike"],"picked":"SKIP","floor":13.0},{"not_picked":["Headbutt","Whirlwind","Shockwave"],"picked":"SKIP","floor":14.0},{"not_picked":["Limit Break","Juggernaut"],"picked":"Double Tap","floor":16.0},{"not_picked":["Headbutt","True Grit"],"picked":"Dual Wield","floor":18.0},{"not_picked":["Armaments","Heavy Blade"],"picked":"Wild Strike","floor":19.0},{"not_picked":["True Grit","Sword Boomerang+1","Flex"],"picked":"SKIP","floor":20.0}],"player_experience":61342,"relics_obtained":[{"floor":8.0,"key":"Meat on the Bone"},{"floor":9.0,"key":"The Courier"}],"event_choices":[{"damage_healed":0.0,"max_hp_gain":0.0,"max_hp_loss":0.0,"gold_gain":75.0,"event_name":"World of Goop","player_choice":"Gather Gold","floor":2.0,"gold_loss":0.0,"damage_taken":11.0},{"damage_healed":0.0,"max_hp_gain":0.0,"max_hp_loss":0.0,"gold_gain":100.0,"event_name":"Golden Shrine","player_choice":"Pray","floor":7.0,"gold_loss":0.0,"damage_taken":0.0}],"is_beta":false,"boss_relics":[{"not_picked":["Ectoplasm","Snecko Eye"],"picked":"Fusion Hammer"}],"items_purged_floors":[21],"is_endless":false,"potions_floor_spawned":[3,4,11,12,13,14],"killed_by":"Snecko","ascension_level":7}}