{"host":"684z1xpuwaoqmmh1","time":1610400190,"event":{"mods":["Bard","BaseMod","Downfall","Hermit","Jorbs\u0027s Wanderer Trilogy","Marisa????????","Minty Spire (QoL Compilation)","Robot Space Explorer","Shade Mod","StSLib","The Hierophant","The Marked","The Mystic"],"gold_per_floor":[109,122,122,142,152,152,183,183,183,183,34,69,69,81,81,177,177,196,196,209,209,228,260,270,300,326,356,356,84,84,84,84,186,186,205,222,274,274,284,310,310,337,364,364,375,375,375,400,400,400,400,400,22,50,50],"floor_reached":56,"playtime":2207,"items_purged":["Pain"],"score":1645,"play_id":"c9c6517b-bc33-4d56-be11-011219b3b306","local_time":"20210111232310","is_ascension_mode":true,"campfire_choices":[{"data":"RobotSpaceExplorer:MiniBoosters","floor":6.0,"key":"SMITH"},{"data":"RobotSpaceExplorer:DualCore","floor":8.0,"key":"SMITH"},{"data":"RobotSpaceExplorer:PowerGlove","floor":10.0,"key":"SMITH"},{"data":"RobotSpaceExplorer:PowerCollector","floor":15.0,"key":"SMITH"},{"data":"RobotSpaceExplorer:MiniBoosters","floor":28,"key":"SMITH"},{"data":"RobotSpaceExplorer:MiniBoosters","floor":30,"key":"SMITH"},{"floor":32,"key":"REST"},{"floor":41,"key":"RECALL"},{"floor":44,"key":"REST"},{"floor":47,"key":"REST"},{"floor":49,"key":"REST"},{"floor":52,"key":"REST"}],"circlet_count":0,"master_deck":["RobotSpaceExplorer:Strike+1","RobotSpaceExplorer:Strike+1","RobotSpaceExplorer:Defend+1","RobotSpaceExplorer:Defend+1","RobotSpaceExplorer:Defend+1","RobotSpaceExplorer:Defend+1","RobotSpaceExplorer:Scan","RobotSpaceExplorer:MiniLasers","RobotSpaceExplorer:MiniBoosters+1","RobotSpaceExplorer:LuckyStrike","RobotSpaceExplorer:Jetpack","RobotSpaceExplorer:StarLightning","RobotSpaceExplorer:PowerGlove+1","RobotSpaceExplorer:DualCore+1","RobotSpaceExplorer:MiniBoosters+1","RobotSpaceExplorer:PowerCollector+1","RobotSpaceExplorer:Blaster","RobotSpaceExplorer:MiniBoosters+1","RobotSpaceExplorer:ScrapMissile+1","RobotSpaceExplorer:LuckyStrike","RobotSpaceExplorer:Jetpack","RobotSpaceExplorer:Probe","RobotSpaceExplorer:MiniDrones","RobotSpaceExplorer:Ammunition","RobotSpaceExplorer:ShockMissile","RobotSpaceExplorer:ScrapShield+1","RobotSpaceExplorer:ToxicBomb","RobotSpaceExplorer:GearShield+1","RobotSpaceExplorer:ScrapMissile+1","RobotSpaceExplorer:BlastShield","RobotSpaceExplorer:LuckyStrike+1","RobotSpaceExplorer:MiniBoosters","RobotSpaceExplorer:Fix+1"],"relics":["RobotSpaceExplorer:TurboCore","WarpedTongs","Art of War","PreservedInsect","Bottled Tornado","Enchiridion","Gambling Chip","Tiny Chest","Strawberry","TungstenRod","RobotSpaceExplorer:PlasmaHourglass","Fusion Hammer","CatCart","Happy Flower","InkBottle","Omamori","Potion Belt","Guardian:PocketSentry","Medical Kit","Bottled Flame"],"acts_visited":["Exordium","TheCity","TheBeyond","TheEnding"],"potions_floor_usage":[23,37,42,55,55,55],"damage_taken":[{"damage":0.0,"enemies":"Small Slimes","floor":1.0,"turns":3.0},{"damage":1.0,"enemies":"Cultist","floor":2.0,"turns":4.0},{"damage":4.0,"enemies":"Jaw Worm","floor":4.0,"turns":3.0},{"damage":10.0,"enemies":"Exordium Thugs","floor":5.0,"turns":5.0},{"damage":10.0,"enemies":"Lagavulin","floor":7.0,"turns":7.0},{"damage":14.0,"enemies":"Gremlin Nob","floor":12.0,"turns":3.0},{"damage":0.0,"enemies":"Blue Slaver","floor":14.0,"turns":3.0},{"damage":8.0,"enemies":"Hexaghost","floor":16.0,"turns":7.0},{"damage":7.0,"enemies":"Chosen","floor":18.0,"turns":4.0},{"damage":5.0,"enemies":"3 Byrds","floor":20.0,"turns":3.0},{"damage":0.0,"enemies":"Centurion and Healer","floor":22.0,"turns":3.0},{"damage":9,"enemies":"Slavers","floor":23,"turns":3},{"damage":5,"enemies":"Snake Plant","floor":24,"turns":3},{"damage":0,"enemies":"Gremlin Leader","floor":25,"turns":4},{"damage":13,"enemies":"Slavers","floor":27,"turns":4},{"damage":8,"enemies":"Collector","floor":33,"turns":6},{"damage":0,"enemies":"3 Darklings","floor":35,"turns":2},{"damage":0,"enemies":"Orb Walker","floor":36,"turns":1},{"damage":0,"enemies":"Orin","floor":37,"turns":5},{"damage":3,"enemies":"Writhing Mass","floor":39,"turns":3},{"damage":0,"enemies":"Nemesis","floor":40,"turns":3},{"damage":0,"enemies":"Giant Head","floor":42,"turns":5},{"damage":0,"enemies":"Spire Growth","floor":45,"turns":3},{"damage":0,"enemies":"Nemesis","floor":48,"turns":3},{"damage":0,"enemies":"Time Eater","floor":50,"turns":5},{"damage":3,"enemies":"Shield and Spear","floor":54,"turns":3},{"damage":13,"enemies":"The Heart","floor":55,"turns":6}],"seed_played":"-9137802345189340783","potions_obtained":[{"floor":2.0,"key":"BlessingOfTheForge"},{"floor":5.0,"key":"LiquidBronze"},{"floor":7.0,"key":"Fruit Juice"},{"floor":16.0,"key":"FairyPotion"},{"floor":20.0,"key":"LiquidBronze"},{"floor":22.0,"key":"SkillPotion"},{"floor":33,"key":"DuplicationPotion"},{"floor":36,"key":"FearPotion"},{"floor":37,"key":"DistilledChaos"},{"floor":48,"key":"Weak Potion"}],"is_trial":false,"path_per_floor":["M","M","?","M","M","R","E","R","T","R","$","E","?","M","R","B",null,"M","?","M","?","M","E","M","E","T","E","R","$","R","?","R","B",null,"M","M","?","T","M","E","R","E","T","R","M","?","R","E","R","B",null,"R","$","E","B",null],"character_chosen":"RobotSpaceExplorer","items_purchased":["RobotSpaceExplorer:MiniBoosters","RobotSpaceExplorer:PlasmaHourglass","RobotSpaceExplorer:Ammunition","Guardian:PocketSentry","Medical Kit","RobotSpaceExplorer:MiniBoosters"],"campfire_rested":5,"item_purchase_floors":[11,29,29,53,53,53],"current_hp_per_floor":[75,74,74,70,60,60,50,50,50,50,50,36,36,36,36,28,75,68,52,47,47,52,43,38,38,45,32,32,32,32,16,43,35,92,92,92,92,92,89,89,89,89,89,92,92,92,92,92,92,92,92,92,92,89,82],"gold":50,"neow_bonus":"THREE_CARDS","is_daily":false,"chose_seed":false,"campfire_upgraded":6,"win_rate":0.0,"timestamp":1610400190,"path_taken":["M","M","?","M","?","R","E","R","T","R","$","E","?","M","R","BOSS","M","?","M","?","M","E","M","E","T","E","R","?","R","?","R","BOSS","M","M","?","?","M","E","R","E","T","R","M","?","R","E","R","BOSS","R","$","E","BOSS"],"items_purchased_type":["Card","Relic","Card","Relic","Relic","Card"],"build_version":"2020-12-22","purchased_purges":1,"victory":true,"max_hp_per_floor":[75,75,75,75,75,75,75,75,75,75,75,75,75,75,75,75,75,75,75,75,75,80,80,80,80,87,87,87,87,87,92,92,92,92,92,92,92,92,92,92,92,92,92,92,92,92,92,92,92,92,92,92,92,92,92],"card_choices":[{"not_picked":["RobotSpaceExplorer:SurgingShield","RobotSpaceExplorer:ImprovisedAttack"],"picked":"RobotSpaceExplorer:MiniBoosters","floor":0.0},{"not_picked":["RobotSpaceExplorer:StunGrenade","RobotSpaceExplorer:ShockKick"],"picked":"RobotSpaceExplorer:LuckyStrike","floor":1.0},{"not_picked":["RobotSpaceExplorer:GlueSpray","RobotSpaceExplorer:Counterblock"],"picked":"RobotSpaceExplorer:Jetpack","floor":2.0},{"not_picked":["RobotSpaceExplorer:FranticSearch","RobotSpaceExplorer:SwiftStep"],"picked":"RobotSpaceExplorer:StarLightning","floor":4.0},{"not_picked":["RobotSpaceExplorer:ExhaustFan","RobotSpaceExplorer:Discharger"],"picked":"RobotSpaceExplorer:PowerGlove","floor":5.0},{"not_picked":["RobotSpaceExplorer:MetalStrike","RobotSpaceExplorer:Discharger"],"picked":"RobotSpaceExplorer:DualCore","floor":7.0},{"not_picked":["RobotSpaceExplorer:ShovelStrike","RobotSpaceExplorer:SurgingStrike","RobotSpaceExplorer:StunGrenade"],"picked":"SKIP","floor":12.0},{"not_picked":["RobotSpaceExplorer:ExhaustFan","RobotSpaceExplorer:SwiftStep"],"picked":"RobotSpaceExplorer:PowerCollector","floor":14.0},{"not_picked":["RobotSpaceExplorer:Explosion","RobotSpaceExplorer:DroneSwarm"],"picked":"RobotSpaceExplorer:Blaster","floor":16.0},{"not_picked":["RobotSpaceExplorer:PowerCollector","RobotSpaceExplorer:Ammunition"],"picked":"RobotSpaceExplorer:MiniBoosters","floor":18.0},{"not_picked":["RobotSpaceExplorer:ShockKick+1","RobotSpaceExplorer:StunGrenade"],"picked":"RobotSpaceExplorer:ScrapMissile+1","floor":20.0},{"not_picked":["RobotSpaceExplorer:ImprovisedAttack","RobotSpaceExplorer:SurgingStrike","RobotSpaceExplorer:StunGrenade"],"picked":"SKIP","floor":22.0},{"not_picked":["RobotSpaceExplorer:SurgingShield","RobotSpaceExplorer:Calculate"],"picked":"RobotSpaceExplorer:LuckyStrike","floor":23},{"not_picked":["RobotSpaceExplorer:GlueShot","RobotSpaceExplorer:LuckyStrike"],"picked":"RobotSpaceExplorer:Jetpack","floor":24},{"not_picked":["RobotSpaceExplorer:FranticSearch","RobotSpaceExplorer:Pulsar"],"picked":"RobotSpaceExplorer:Probe","floor":25},{"not_picked":["RobotSpaceExplorer:StunGrenade+1","RobotSpaceExplorer:BigMissile+1"],"picked":"RobotSpaceExplorer:MiniDrones","floor":27},{"not_picked":["RobotSpaceExplorer:DroneSwarm","RobotSpaceExplorer:Asteroid"],"picked":"RobotSpaceExplorer:ShockMissile","floor":33},{"not_picked":["RobotSpaceExplorer:ShockKick+1","RobotSpaceExplorer:SlimeMissile+1"],"picked":"RobotSpaceExplorer:ScrapShield+1","floor":35},{"not_picked":["RobotSpaceExplorer:ShovelStrike+1","RobotSpaceExplorer:Smokescreen"],"picked":"RobotSpaceExplorer:ToxicBomb","floor":36},{"not_picked":["RobotSpaceExplorer:DoubleBlock","RobotSpaceExplorer:Jetpack","RobotSpaceExplorer:ShovelStrike+1"],"picked":"SKIP","floor":39},{"not_picked":["RobotSpaceExplorer:DoubleBlock","RobotSpaceExplorer:Jetpack","RobotSpaceExplorer:ShovelStrike+1"],"picked":"SKIP","floor":39},{"not_picked":["RobotSpaceExplorer:ShovelStrike+1","RobotSpaceExplorer:SwiftStep"],"picked":"RobotSpaceExplorer:GearShield+1","floor":40},{"not_picked":["RobotSpaceExplorer:Probe+1","RobotSpaceExplorer:ShockKick"],"picked":"RobotSpaceExplorer:ScrapMissile+1","floor":42},{"not_picked":["RobotSpaceExplorer:FrostMissile+1","RobotSpaceExplorer:ShockKick"],"picked":"RobotSpaceExplorer:BlastShield","floor":45},{"not_picked":["RobotSpaceExplorer:Counterblock+1","RobotSpaceExplorer:GlueShot"],"picked":"RobotSpaceExplorer:LuckyStrike+1","floor":48},{"not_picked":["RobotSpaceExplorer:Discharger+1","RobotSpaceExplorer:ShockKick+1"],"picked":"RobotSpaceExplorer:Fix+1","floor":54}],"player_experience":2482777,"relics_obtained":[{"floor":7.0,"key":"Art of War"},{"floor":9.0,"key":"PreservedInsect"},{"floor":12.0,"key":"Bottled Tornado"},{"floor":19.0,"key":"Enchiridion"},{"floor":23,"key":"Gambling Chip"},{"floor":25,"key":"Tiny Chest"},{"floor":26,"key":"Strawberry"},{"floor":27,"key":"TungstenRod"},{"floor":37,"key":"CatCart"},{"floor":38,"key":"Happy Flower"},{"floor":40,"key":"InkBottle"},{"floor":42,"key":"Omamori"},{"floor":48,"key":"Potion Belt"},{"floor":54,"key":"Bottled Flame"}],"event_choices":[{"damage_healed":0.0,"max_hp_gain":0.0,"max_hp_loss":0.0,"gold_gain":0.0,"event_name":"Accursed Blacksmith","player_choice":"Rummage","floor":3.0,"gold_loss":0.0,"damage_taken":0.0,"relics_obtained":["WarpedTongs"],"cards_obtained":["Pain"]},{"cards_removed":["RobotSpaceExplorer:Strike"],"damage_healed":0.0,"max_hp_gain":0.0,"max_hp_loss":0.0,"gold_gain":0.0,"event_name":"Bonfire Elementals","player_choice":"Offered Basic","floor":13.0,"gold_loss":0.0,"damage_taken":0.0},{"damage_healed":0.0,"max_hp_gain":0.0,"max_hp_loss":0.0,"gold_gain":0.0,"event_name":"Cursed Tome","player_choice":"Obtained Book","floor":19.0,"gold_loss":0.0,"damage_taken":16.0},{"damage_healed":0.0,"max_hp_gain":0.0,"max_hp_loss":0.0,"gold_gain":0.0,"event_name":"Back to Basics","player_choice":"Simplicity","floor":21.0,"gold_loss":0.0,"damage_taken":0.0,"cards_upgraded":["RobotSpaceExplorer:Strike","RobotSpaceExplorer:Strike","RobotSpaceExplorer:Strike","RobotSpaceExplorer:Defend","RobotSpaceExplorer:Defend","RobotSpaceExplorer:Defend","RobotSpaceExplorer:Defend"]},{"damage_healed":0,"gold_gain":0,"player_choice":"Shed Blood","damage_taken":22,"max_hp_gain":5,"max_hp_loss":0,"event_name":"Forgotten Altar","floor":31,"gold_loss":0},{"damage_healed":0,"gold_gain":0,"player_choice":"Fight","damage_taken":0,"max_hp_gain":0,"max_hp_loss":0,"event_name":"OrinTheCat","floor":37,"gold_loss":0},{"cards_removed":["RobotSpaceExplorer:Strike"],"damage_healed":0,"gold_gain":0,"player_choice":"Purged","damage_taken":0,"max_hp_gain":0,"max_hp_loss":0,"event_name":"Purifier","floor":46,"gold_loss":0}],"is_beta":false,"boss_relics":[{"not_picked":["sneckomod:SneckoTalon","SlaversCollar"],"picked":"RobotSpaceExplorer:TurboCore"},{"not_picked":["Busted Crown","Runic Dome"],"picked":"Fusion Hammer"}],"items_purged_floors":[11],"is_endless":false,"potions_floor_spawned":[2,5,7,16,20,22,33,36,37,39,48],"ascension_level":3}}