{"host":"ad59wuc8ynh8u2z6","time":1610368963,"event":{"mods":["AchievementEnabler","BaseMod","Colored Powertips","DeckTracker","Highlight Path","Minty Spire (QoL Compilation)","Permanent Neow"],"gold_per_floor":[112,124,124,49,14,14,46,46,46,57,84,101,133,133,133,252,252,272,290,309,334,234,234,268,268,318,354,379,379,415,433,433,553,553,569,582,582,605,626,626,641,685,685,741,753,798,35,48,48,48],"floor_reached":51,"playtime":1608,"items_purged":["Strike_R","Strike_R","Strike_R"],"score":1111,"play_id":"0984cb42-50d4-47ae-a8bf-2874a353f1cc","local_time":"20210111134243","is_ascension_mode":true,"campfire_choices":[{"data":"Disarm","floor":6.0,"key":"SMITH"},{"data":"1","floor":8.0,"key":"LIFT"},{"data":"2","floor":15.0,"key":"LIFT"},{"data":"3","floor":23.0,"key":"LIFT"},{"data":"Whirlwind","floor":25.0,"key":"SMITH"},{"data":"Offering","floor":32.0,"key":"SMITH"},{"data":"Double Tap","floor":40.0,"key":"SMITH"},{"data":"Heavy Blade","floor":49.0,"key":"SMITH"}],"circlet_count":0,"master_deck":["Strike_R","Strike_R","Defend_R","Defend_R","Defend_R","Defend_R","Bash","Disarm+1","Headbutt","Offering+1","True Grit","Heavy Blade+1","Whirlwind+1","Double Tap+1","Offering","Inflame+1","Battle Trance"],"relics":["Burning Blood","Pen Nib","Girya","Ginger","Gambling Chip","Letter Opener","Golden Idol","Coffee Dripper","Strawberry","Omamori","Thread and Needle","Toy Ornithopter","Question Card","Velvet Choker","Blood Vial","MawBank","Torii","Bag of Marbles","Potion Belt","HandDrill","Bird Faced Urn"],"acts_visited":["Exordium","TheCity","TheBeyond"],"potions_floor_usage":[50,50,50,50,50],"damage_taken":[{"damage":1.0,"enemies":"Cultist","floor":1.0,"turns":3.0},{"damage":2.0,"enemies":"2 Louse","floor":2.0,"turns":3.0},{"damage":28.0,"enemies":"Gremlin Nob","floor":7.0,"turns":4.0},{"damage":7.0,"enemies":"Jaw Worm","floor":10.0,"turns":3.0},{"damage":12.0,"enemies":"Lagavulin","floor":11.0,"turns":7.0},{"damage":0.0,"enemies":"3 Louse","floor":12.0,"turns":4.0},{"damage":20.0,"enemies":"Gremlin Nob","floor":13.0,"turns":3.0},{"damage":6.0,"enemies":"Slime Boss","floor":16.0,"turns":6.0},{"damage":0.0,"enemies":"3 Byrds","floor":18.0,"turns":2.0},{"damage":6.0,"enemies":"Chosen","floor":19.0,"turns":3.0},{"damage":6.0,"enemies":"Snake Plant","floor":20.0,"turns":2.0},{"damage":6.0,"enemies":"Cultist and Chosen","floor":21.0,"turns":4.0},{"damage":6.0,"enemies":"Slavers","floor":24.0,"turns":1.0},{"damage":0.0,"enemies":"Gremlin Leader","floor":27.0,"turns":3.0},{"damage":6.0,"enemies":"3 Cultists","floor":28.0,"turns":1.0},{"damage":6.0,"enemies":"Slavers","floor":30.0,"turns":1.0},{"damage":6.0,"enemies":"Centurion and Healer","floor":31.0,"turns":2.0},{"damage":67.0,"enemies":"Champ","floor":33.0,"turns":6.0},{"damage":20.0,"enemies":"3 Shapes","floor":35.0,"turns":1.0},{"damage":0.0,"enemies":"3 Darklings","floor":36.0,"turns":1.0},{"damage":12.0,"enemies":"Writhing Mass","floor":38.0,"turns":1.0},{"damage":33.0,"enemies":"4 Shapes","floor":39.0,"turns":1.0},{"damage":0.0,"enemies":"3 Darklings","floor":41.0,"turns":1.0},{"damage":22.0,"enemies":"Reptomancer","floor":42.0,"turns":4.0},{"damage":58.0,"enemies":"Nemesis","floor":44.0,"turns":3.0},{"damage":35.0,"enemies":"Giant Head","floor":46.0,"turns":6.0},{"damage":0.0,"enemies":"Jaw Worm Horde","floor":48.0,"turns":1.0},{"damage":12,"enemies":"Donu and Deca","floor":50,"turns":1}],"seed_played":"3417950308140763394","potions_obtained":[{"floor":2.0,"key":"BlessingOfTheForge"},{"floor":7.0,"key":"Dexterity Potion"},{"floor":11.0,"key":"Weak Potion"},{"floor":16.0,"key":"Strength Potion"},{"floor":20.0,"key":"Swift Potion"},{"floor":21.0,"key":"Regen Potion"},{"floor":27.0,"key":"Weak Potion"},{"floor":28.0,"key":"SteroidPotion"},{"floor":30.0,"key":"FairyPotion"},{"floor":46.0,"key":"HeartOfIron"}],"is_trial":false,"path_per_floor":["M","M","T","$","?","R","E","R","T","M","E","M","E","?","R","B",null,"M","M","M","M","$","R","E","R","T","E","M","?","E","M","R","B",null,"M","M","?","M","M","R","M","E","T","E","T","E","$","M","R","B",null],"character_chosen":"IRONCLAD","items_purchased":["HandDrill","HeartOfIron","Battle Trance","Energy Potion","Bird Faced Urn"],"campfire_rested":0,"item_purchase_floors":[47,47,47,47,47],"current_hp_per_floor":[77,81,81,81,96,96,74,74,74,73,67,73,59,35,35,35,96,96,96,96,96,96,96,103,103,103,103,103,103,103,103,103,42,103,89,95,103,97,70,70,76,60,60,10,10,22,22,30,30,53],"gold":48,"neow_bonus":"TWENTY_PERCENT_HP_BONUS","is_daily":false,"chose_seed":false,"campfire_upgraded":5,"win_rate":0.0,"timestamp":1610368963,"path_taken":["M","M","?","$","?","R","E","R","T","M","E","M","E","?","R","BOSS","M","M","M","M","$","R","E","R","T","E","M","?","E","M","R","BOSS","M","M","?","M","?","R","M","E","T","E","?","E","$","M","R","BOSS"],"items_purchased_type":["Relic","Potion","Card","Potion","Relic"],"build_version":"2020-12-22","purchased_purges":3,"victory":true,"max_hp_per_floor":[96,96,96,96,96,96,96,96,96,96,96,96,96,96,96,96,96,96,96,96,96,96,96,103,103,103,103,103,103,103,103,103,103,103,103,103,103,103,103,103,103,103,103,103,103,103,103,103,103,103],"card_choices":[{"not_picked":["Heavy Blade","Flex"],"picked":"Disarm","floor":1.0},{"not_picked":["Clothesline","Body Slam"],"picked":"Headbutt","floor":2.0},{"not_picked":["Flex","Blood for Blood"],"picked":"Offering","floor":7.0},{"not_picked":["Spot Weakness","Body Slam"],"picked":"True Grit","floor":10.0},{"not_picked":["Reckless Charge","True Grit"],"picked":"Heavy Blade","floor":11.0},{"not_picked":["Intimidate","Dark Embrace","Bloodletting"],"picked":"SKIP","floor":12.0},{"not_picked":["Searing Blow","Juggernaut"],"picked":"Whirlwind","floor":13.0},{"not_picked":["Juggernaut","Bludgeon"],"picked":"Double Tap","floor":16.0},{"not_picked":["Dark Embrace+1","Wild Strike","Fire Breathing+1"],"picked":"SKIP","floor":18.0},{"not_picked":["Iron Wave","Perfected Strike","Dropkick"],"picked":"SKIP","floor":19.0},{"not_picked":["Uppercut","Sword Boomerang","Searing Blow"],"picked":"SKIP","floor":20.0},{"not_picked":["Pummel+1","Dropkick","Rupture"],"picked":"SKIP","floor":21.0},{"not_picked":["Warcry","Flame Barrier","Rupture"],"picked":"SKIP","floor":24.0},{"not_picked":["Anger","Rupture","Clash"],"picked":"SKIP","floor":27.0},{"not_picked":["True Grit","Rage","Heavy Blade+1"],"picked":"SKIP","floor":28.0},{"not_picked":["Bludgeon","Cleave","Feed"],"picked":"SKIP","floor":30.0},{"not_picked":["Anger","Pommel Strike","Spot Weakness+1","Wild Strike"],"picked":"SKIP","floor":31.0},{"not_picked":["Impervious","Double Tap","Corruption"],"picked":"Offering","floor":33.0},{"not_picked":["Dark Embrace+1","Combust+1","Wild Strike","Clash"],"picked":"SKIP","floor":35.0},{"not_picked":["Pommel Strike+1","Metallicize","Pummel","Rampage+1"],"picked":"SKIP","floor":36.0},{"not_picked":["Flex","Sever Soul+1","Disarm","Body Slam"],"picked":"SKIP","floor":38.0},{"not_picked":["Warcry","Shrug It Off","Dark Embrace+1","Heavy Blade+1"],"picked":"SKIP","floor":39.0},{"not_picked":["Cleave+1","Wild Strike+1","Dark Embrace+1","Feel No Pain"],"picked":"SKIP","floor":41.0},{"not_picked":["Ghostly Armor+1","Pommel Strike+1","Berserk"],"picked":"Inflame+1","floor":42.0},{"not_picked":["Headbutt+1","Reckless Charge","Clash","Flex"],"picked":"SKIP","floor":44.0},{"not_picked":["Corruption","Bloodletting","Iron Wave","Infernal Blade+1"],"picked":"SKIP","floor":46.0},{"not_picked":["Shockwave+1","Cleave+1","Hemokinesis+1","Dropkick+1"],"picked":"SKIP","floor":48.0}],"player_experience":55143,"relics_obtained":[{"floor":3.0,"key":"Pen Nib"},{"floor":7.0,"key":"Girya"},{"floor":9.0,"key":"Ginger"},{"floor":11.0,"key":"Gambling Chip"},{"floor":13.0,"key":"Letter Opener"},{"floor":24.0,"key":"Strawberry"},{"floor":26.0,"key":"Omamori"},{"floor":27.0,"key":"Thread and Needle"},{"floor":30.0,"key":"Question Card"},{"floor":42.0,"key":"Blood Vial"},{"floor":43.0,"key":"MawBank"},{"floor":44.0,"key":"Torii"},{"floor":45.0,"key":"Bag of Marbles"},{"floor":46.0,"key":"Potion Belt"}],"event_choices":[{"damage_healed":24.0,"max_hp_gain":0.0,"max_hp_loss":0.0,"gold_gain":0.0,"event_name":"The Cleric","player_choice":"Healed","floor":5.0,"gold_loss":35.0,"damage_taken":0.0},{"damage_healed":0.0,"max_hp_gain":0.0,"max_hp_loss":0.0,"gold_gain":0.0,"event_name":"Golden Idol","player_choice":"Take Damage","floor":14.0,"gold_loss":0.0,"damage_taken":24.0,"relics_obtained":["Golden Idol"]},{"damage_healed":0.0,"max_hp_gain":0.0,"max_hp_loss":0.0,"gold_gain":0.0,"event_name":"The Mausoleum","player_choice":"Opened","floor":29.0,"gold_loss":0.0,"damage_taken":0.0,"relics_obtained":["Toy Ornithopter"]},{"damage_healed":8.0,"max_hp_gain":0.0,"max_hp_loss":0.0,"gold_gain":0.0,"event_name":"Wheel of Change","player_choice":"Full Heal","floor":37.0,"gold_loss":0.0,"damage_taken":0.0}],"is_beta":false,"boss_relics":[{"not_picked":["Astrolabe","Philosopher\u0027s Stone"],"picked":"Coffee Dripper"},{"not_picked":["Calling Bell","Snecko Eye"],"picked":"Velvet Choker"}],"items_purged_floors":[4,22,47],"is_endless":false,"potions_floor_spawned":[2,7,11,16,20,21,27,28,30,36,39,41,46,48],"ascension_level":2}}