{"host":"z6c1sol8rulx2ubz","time":1610402863,"event":{"mods":["AchievementEnabler","Act Like it!","BaseMod","Better Note","Better Third Choice","Downfall","Elementarium","Gold Saver","Hallownest","Hermit","Hubris","Infinite Spire","Jorbs\u0027s Wanderer Trilogy","Minty Spire (QoL Compilation)","Potionbrewer","Quick Restart","Rare Cards Sparkle","StSLib","The Animator","The Bug Knight","The Cursed","The Dragon Tamer","The Necromancer","Wandering Minibosses"],"gold_per_floor":[119,119,119,130,2,27,38,73,73,73,92,92,111,111,111,211,211,226,226,226,226,226],"floor_reached":21,"playtime":1301,"items_purged":[],"score":212,"play_id":"726dcdff-693f-4964-aba1-71bda5fd1a54","local_time":"20210111220743","is_ascension_mode":false,"campfire_choices":[{"data":"HollowMod:SoulEater","floor":10,"key":"SMITH"},{"data":"HollowMod:SoulEater","floor":15,"key":"SMITH"}],"circlet_count":0,"master_deck":["HollowMod:NailStrikeStart","HollowMod:NailStrikeStart","HollowMod:NailStrikeStart","HollowMod:NailStrikeStart","HollowMod:QuickDashStart","HollowMod:QuickDashStart","HollowMod:QuickDashStart","HollowMod:QuickDashStart","HollowMod:FocusHealStart","HollowMod:PogoStrike","HollowMod:DesolateDive","HollowMod:GoodIntentions","HollowMod:SoulVessel","HollowMod:SoulEater+1","HollowMod:VengefulSpirit","HollowMod:ChannelNail","HollowMod:SoulEater+1","HollowMod:Hiveblood","HollowMod:GoodIntentions+1","infinitespire:Collect"],"relics":["HollowMod:VesselMask","NeowsBlessing","Hallownest:DreamNailRelic","FossilizedHelix","HollowMod:PaleOreRelic","hubris:RunicObelisk","Hallownest:WatcherSealRelic"],"acts_visited":["Hallownest:Greenpath","Hallownest:CityofTears"],"potions_floor_usage":[1,8,16,18,21],"damage_taken":[{"damage":0,"enemies":"Hallownest:monsterHuskWarrior","floor":1,"turns":1},{"damage":0,"enemies":"Hallownest:monsterHuskGuard","floor":4,"turns":1},{"damage":0,"enemies":"Hallownest:eliteMossKnight","floor":6,"turns":1},{"damage":3,"enemies":"2_ Uuma","floor":7,"turns":5},{"damage":4,"enemies":"Hallownest:eliteCrystalGuardian","floor":8,"turns":5},{"damage":0,"enemies":"Hallownest:Wandering_and_Horned","floor":11,"turns":5},{"damage":0,"enemies":"Hallownest:1_Baldur_1_Crawlid_1_Warrior","floor":13,"turns":6},{"damage":101,"enemies":"Hallownest:BossHornet","floor":16,"turns":19},{"damage":69,"enemies":"Hallownest:2_Mistakes","floor":18,"turns":17},{"damage":10,"enemies":"Hallownest:3_Youths","floor":21,"turns":2}],"seed_played":"-1482314111453399086","potions_obtained":[{"floor":1,"key":"potionbrewer:SplittingPotion"},{"floor":4,"key":"potionbrewer:CleansingPotion"},{"floor":16,"key":"Dexterity Potion"}],"is_trial":false,"path_per_floor":["M","?","$","M","$","E","M","E","T","R","M","?","M","$","R","B",null,"M","?","?","M"],"character_chosen":"THE_BUGKNIGHT","items_purchased":["HollowMod:GoodIntentions","HollowMod:SoulVessel"],"campfire_rested":0,"item_purchase_floors":[5,5],"current_hp_per_floor":[75,75,75,75,75,75,75,71,71,71,71,80,80,80,80,6,84,28,7,7,0,0],"gold":226,"neow_bonus":"THREE_ENEMY_KILL","is_daily":false,"chose_seed":false,"campfire_upgraded":2,"win_rate":0.0,"timestamp":1610402863,"path_taken":["M","?","$","M","$","E","?","E","T","R","M","?","M","?","R","BOSS","M","?","?","M"],"items_purchased_type":["Card","Card"],"build_version":"2020-12-22","purchased_purges":0,"victory":false,"max_hp_per_floor":[75,75,75,75,75,75,75,75,75,75,75,84,84,84,84,84,84,84,84,84,84,84],"card_choices":[{"not_picked":["HollowMod:DashSlash","HollowMod:CrystalDash"],"picked":"HollowMod:DesolateDive","floor":1},{"not_picked":["HollowMod:NewLittleFool","HollowMod:DungDefenderAura","HollowMod:MothsMistake"],"picked":"SKIP","floor":4},{"not_picked":["HollowMod:DungDefenderAura","HollowMod:DescendingDark"],"picked":"HollowMod:SoulEater","floor":6},{"not_picked":["HollowMod:DoubleDash","HollowMod:NewJinnsSoul"],"picked":"HollowMod:VengefulSpirit","floor":7},{"not_picked":["HollowMod:LifebloodCocoon","HollowMod:CycloneSlash","HollowMod:HowlingWraiths"],"picked":"SKIP","floor":8},{"not_picked":["HollowMod:LifebloodCocoon","HollowMod:VengefulSpirit"],"picked":"HollowMod:ChannelNail","floor":11},{"not_picked":["HollowMod:PerfectDash","HollowMod:FastStrike"],"picked":"HollowMod:SoulEater","floor":13},{"not_picked":["HollowMod:Weaversong","HollowMod:MidwifesHunger"],"picked":"HollowMod:Hiveblood","floor":16},{"not_picked":["HollowMod:InfectedAttack","HollowMod:PerfectDash"],"picked":"HollowMod:GoodIntentions+1","floor":18},{"not_picked":["infinitespire:Punishment","hubris:InfiniteBlow+6"],"picked":"infinitespire:Collect","floor":19}],"player_experience":281322,"relics_obtained":[{"floor":6,"key":"FossilizedHelix"},{"floor":8,"key":"HollowMod:PaleOreRelic"}],"event_choices":[],"is_beta":false,"boss_relics":[{"not_picked":["Fusion Hammer","Pandora\u0027s Box"],"picked":"hubris:RunicObelisk"}],"items_purged_floors":[],"is_endless":false,"potions_floor_spawned":[1,4,16],"killed_by":"Hallownest:3_Youths","ascension_level":0}}