{"host":"obplhmlw33xb91v8","time":1610358866,"event":{"mods":["BaseMod","Block Reminder","Curses Come First","Evolution","Minty Spire (QoL Compilation)","Quick Restart","Relic Stats","Spicy Shops","StSLib","Uncapped","Waifu the Spire","slay the spire mod where everything is the same but ironclad has a cowboy hat"],"gold_per_floor":[110,110,110,35,35,67,67,67,67,67,95,19,37,49,49,147,147,134,134,148,0,18,18,18],"floor_reached":23,"playtime":736,"items_purged":["Regret"],"score":272,"play_id":"a21f93f2-d4bc-4ecf-b51d-bc9e2311c4fd","local_time":"20210111045426","is_ascension_mode":true,"campfire_choices":[{"data":"Dualcast","floor":7,"key":"SMITH"},{"data":"Defragment","floor":15,"key":"SMITH"}],"circlet_count":0,"master_deck":["Strike_B","Strike_B","Defend_B+1","Defend_B","Defend_B","Zap","Dualcast+1","Conserve Battery","Scrape","Leap","Defragment+1","Glacier","Biased Cognition","Static Discharge","Cold Snap"],"relics":["Cracked Core","EVO:Axolotl","NeowsBlessing","Kunai","Juzu Bracelet","Pen Nib","Darkstone Periapt","SacredBark","Toy Ornithopter"],"acts_visited":["Exordium","TheCity"],"potions_floor_usage":[16,22,23,23,23],"damage_taken":[{"damage":0,"enemies":"Small Slimes","floor":1,"turns":1},{"damage":0,"enemies":"Gremlin Nob","floor":6,"turns":1},{"damage":0,"enemies":"Lagavulin","floor":11,"turns":1},{"damage":0,"enemies":"Jaw Worm","floor":13,"turns":3},{"damage":0,"enemies":"Cultist","floor":14,"turns":3},{"damage":30,"enemies":"Slime Boss","floor":16,"turns":9},{"damage":22,"enemies":"2 Thieves","floor":18,"turns":4},{"damage":7,"enemies":"3 Byrds","floor":20,"turns":2},{"damage":0,"enemies":"Snake Plant","floor":22,"turns":3},{"damage":128,"enemies":"Gremlin Leader","floor":23,"turns":12}],"seed_played":"671924918079153114","potions_obtained":[{"floor":1,"key":"LiquidMemories"},{"floor":14,"key":"Regen Potion"},{"floor":18,"key":"Fire Potion"},{"floor":20,"key":"SpeedPotion"},{"floor":22,"key":"FocusPotion"}],"is_trial":false,"path_per_floor":["M","?","?","$","?","E","R","?","T","?","E","$","M","M","R","B",null,"M","?","M","$","M","E"],"character_chosen":"DEFECT","items_purchased":["Defragment","Toy Ornithopter"],"campfire_rested":0,"item_purchase_floors":[12,21],"current_hp_per_floor":[75,68,68,68,68,68,68,53,53,53,53,53,53,53,53,23,75,53,53,46,46,51,0,0],"gold":18,"neow_bonus":"THREE_ENEMY_KILL","is_daily":false,"chose_seed":false,"campfire_upgraded":2,"win_rate":0.0,"timestamp":1610358866,"path_taken":["M","?","?","$","?","E","R","?","T","?","E","?","M","M","R","BOSS","M","?","M","$","M","E"],"items_purchased_type":["Card","Relic"],"build_version":"2020-12-22","purchased_purges":1,"victory":false,"max_hp_per_floor":[75,75,75,75,75,75,75,75,75,75,75,75,75,75,75,75,75,75,75,75,75,75,75,75],"relic_stats":{"Darkstone Periapt":0,"counters":[10,39],"Pen Nib":[3],"Juzu Bracelet":1,"Kunai":[1],"obtain_stats":[{"Darkstone Periapt":11,"NeowsBlessing":0,"SacredBark":17,"Pen Nib":9,"Juzu Bracelet":6,"EVO:Axolotl":0,"Kunai":3,"Cracked Core":0,"Toy Ornithopter":21},{"Darkstone Periapt":3,"NeowsBlessing":0,"SacredBark":6,"Pen Nib":2,"Juzu Bracelet":2,"EVO:Axolotl":0,"Kunai":1,"Cracked Core":0,"Toy Ornithopter":8},{"Darkstone Periapt":3,"NeowsBlessing":0,"SacredBark":18,"Pen Nib":2,"Juzu Bracelet":2,"EVO:Axolotl":0,"Kunai":1,"Cracked Core":0,"Toy Ornithopter":24}],"Toy Ornithopter":20},"card_choices":[{"not_picked":["Stack","Go for the Eyes","Gash"],"picked":"SKIP","floor":1},{"not_picked":["Stack","Compile Driver"],"picked":"Conserve Battery","floor":6},{"not_picked":["Recycle","Redo"],"picked":"Leap","floor":11},{"not_picked":["White Noise","Defragment"],"picked":"Glacier","floor":13},{"not_picked":["Fission","Beam Cell","Tempest"],"picked":"SKIP","floor":14},{"not_picked":["Reboot","Fission"],"picked":"Biased Cognition","floor":16},{"not_picked":["Go for the Eyes","Redo"],"picked":"Static Discharge","floor":18},{"not_picked":["Beam Cell+1","Conserve Battery"],"picked":"Cold Snap","floor":20},{"not_picked":["Leap","Rebound","Chaos"],"picked":"SKIP","floor":22}],"player_experience":159743,"relics_obtained":[{"floor":6,"key":"Juzu Bracelet"},{"floor":9,"key":"Pen Nib"},{"floor":11,"key":"Darkstone Periapt"}],"event_choices":[{"cards_removed":["Strike_B"],"damage_healed":0,"gold_gain":0,"player_choice":"Card Removal","damage_taken":7,"max_hp_gain":0,"max_hp_loss":0,"event_name":"Golden Wing","floor":2,"gold_loss":0},{"damage_healed":0,"gold_gain":0,"player_choice":"Box","damage_taken":0,"relics_obtained":["Kunai"],"max_hp_gain":0,"max_hp_loss":0,"event_name":"Big Fish","floor":3,"gold_loss":0,"cards_obtained":["Regret"]},{"cards_removed":["Defend_B"],"damage_healed":0,"gold_gain":0,"player_choice":"Purged","damage_taken":0,"max_hp_gain":0,"max_hp_loss":0,"event_name":"Purifier","floor":5,"gold_loss":0},{"damage_healed":0,"gold_gain":0,"player_choice":"Entered Light","damage_taken":15,"max_hp_gain":0,"max_hp_loss":0,"event_name":"Shining Light","floor":8,"gold_loss":0,"cards_upgraded":["Strike_B","Defend_B"]},{"damage_healed":0,"gold_gain":0,"cards_transformed":["Strike_B"],"player_choice":"Transformed","damage_taken":0,"max_hp_gain":0,"max_hp_loss":0,"event_name":"Transmorgrifier","floor":10,"gold_loss":0,"cards_obtained":["Scrape"]},{"damage_healed":0,"gold_gain":0,"player_choice":"Ignored","damage_taken":0,"max_hp_gain":0,"max_hp_loss":0,"event_name":"Vampires","floor":19,"gold_loss":0}],"is_beta":false,"boss_relics":[{"not_picked":["Fusion Hammer","Philosopher\u0027s Stone"],"picked":"SacredBark"}],"items_purged_floors":[4],"is_endless":false,"potions_floor_spawned":[1,14,18,20,22],"killed_by":"Gremlin Leader","ascension_level":2}}