{"host":"3a1ypf1irl30q4k8","time":1610387646,"event":{"mods":["AchievementEnabler","BaseMod","Bestiary","Colored Map","Minty Spire (QoL Compilation)","Relic Stats"],"gold_per_floor":[115,44,58,70,85,113,113,113,113,132,149,165,180,34,34,130,130,142,162,162,17,34,69,69,69,121,132,132,148,18,29,29,129,129,147,166,166,177,177,177,209,209,209,209,222,247,247,58,58,58,58],"floor_reached":50,"playtime":3812,"items_purged":["Defend_G"],"score":629,"play_id":"9f415224-dc50-4ca2-ba3a-13126fd7f6c6","local_time":"20210111175406","is_ascension_mode":true,"campfire_choices":[{"data":"Accuracy","floor":7,"key":"SMITH"},{"data":"Dagger Spray","floor":15,"key":"SMITH"},{"floor":24,"key":"REST"},{"floor":28,"key":"REST"},{"data":"A Thousand Cuts","floor":32,"key":"SMITH"},{"floor":40,"key":"REST"},{"floor":44,"key":"REST"},{"floor":47,"key":"REST"},{"floor":49,"key":"RECALL"}],"circlet_count":0,"master_deck":["Defend_G","Defend_G","Defend_G","Defend_G","Survivor","Neutralize","Dagger Throw","Accuracy+1","Cloak And Dagger","Prepared","Blade Dance","Crippling Poison","Infinite Blades","Quick Slash","PiercingWail","Finisher","Blade Dance","Leg Sweep","Dagger Spray+1","Bullet Time","Tools of the Trade+1","Crippling Poison+1","Tactician+1","Accuracy","A Thousand Cuts+1","Blur","Bullet Time","Blade Dance","Accuracy","Blade Dance","Corpse Explosion","Cloak And Dagger+1","Accuracy","The Bomb","Panache","Enlightenment","Dash","Dash","Footwork"],"relics":["WristBlade","The Specimen","Prayer Wheel","Turnip","OrangePellets","Astrolabe","Membership Card","Mummified Hand","Happy Flower","Lee\u0027s Waffle","Fusion Hammer","Mercury Hourglass","Du-Vu Doll","Medical Kit"],"acts_visited":["Exordium","TheCity","TheBeyond"],"potions_floor_usage":[13,16,19,33,35,41,42,46],"damage_taken":[{"damage":0,"enemies":"Cultist","floor":1,"turns":4},{"damage":3,"enemies":"Small Slimes","floor":3,"turns":4},{"damage":3,"enemies":"Jaw Worm","floor":4,"turns":3},{"damage":1,"enemies":"Blue Slaver","floor":5,"turns":5},{"damage":9,"enemies":"3 Sentries","floor":6,"turns":7},{"damage":0,"enemies":"Gremlin Gang","floor":10,"turns":4},{"damage":8,"enemies":"Exordium Wildlife","floor":11,"turns":3},{"damage":2,"enemies":"2 Fungi Beasts","floor":12,"turns":3},{"damage":11,"enemies":"Red Slaver","floor":13,"turns":3},{"damage":7,"enemies":"Slime Boss","floor":16,"turns":7},{"damage":0,"enemies":"Chosen","floor":18,"turns":3},{"damage":9,"enemies":"2 Thieves","floor":19,"turns":3},{"damage":28,"enemies":"Sentry and Sphere","floor":22,"turns":6},{"damage":26,"enemies":"Gremlin Leader","floor":23,"turns":5},{"damage":9,"enemies":"Snake Plant","floor":27,"turns":4},{"damage":6,"enemies":"Cultist and Chosen","floor":29,"turns":6},{"damage":0,"enemies":"Snecko","floor":31,"turns":3},{"damage":8,"enemies":"Collector","floor":33,"turns":5},{"damage":16,"enemies":"3 Darklings","floor":35,"turns":3},{"damage":0,"enemies":"3 Shapes","floor":36,"turns":3},{"damage":7,"enemies":"Sphere and 2 Shapes","floor":38,"turns":4},{"damage":40,"enemies":"Nemesis","floor":41,"turns":7},{"damage":0,"enemies":"Writhing Mass","floor":42,"turns":1},{"damage":12,"enemies":"4 Shapes","floor":45,"turns":5},{"damage":27,"enemies":"Reptomancer","floor":46,"turns":6},{"damage":50,"enemies":"Donu and Deca","floor":50,"turns":4}],"seed_played":"-2756447152792718055","potions_obtained":[{"floor":1,"key":"SkillPotion"},{"floor":11,"key":"Fire Potion"},{"floor":12,"key":"PowerPotion"},{"floor":13,"key":"BlessingOfTheForge"},{"floor":16,"key":"DistilledChaos"},{"floor":27,"key":"AttackPotion"},{"floor":29,"key":"Poison Potion"},{"floor":31,"key":"Fruit Juice"},{"floor":33,"key":"SmokeBomb"},{"floor":35,"key":"SteroidPotion"},{"floor":45,"key":"CunningPotion"}],"is_trial":false,"path_per_floor":["M","$","M","M","M","E","R","?","T","M","M","M","M","$","R","B",null,"M","M","?","$","M","E","R","?","T","M","R","M","$","M","R","B",null,"M","M","?","M","?","R","E","M","T","R","M","E","R","$","R","B"],"character_chosen":"THE_SILENT","items_purchased":["Accuracy","OrangePellets","Membership Card","Lee\u0027s Waffle","Blade Dance","Accuracy","Medical Kit","LiquidBronze","Ancient Potion"],"campfire_rested":5,"item_purchase_floors":[2,14,21,30,30,30,48,48,48],"current_hp_per_floor":[70,70,67,64,63,54,54,54,54,54,46,44,33,33,33,26,70,70,61,61,61,33,7,28,28,28,19,40,34,77,77,77,69,77,66,66,56,49,49,73,33,33,33,57,45,18,42,42,42,0,0],"gold":58,"neow_bonus":"BOSS_RELIC","is_daily":false,"chose_seed":false,"campfire_upgraded":3,"win_rate":0.0,"timestamp":1610387646,"path_taken":["M","$","M","M","?","E","R","?","T","M","M","?","M","$","R","BOSS","M","M","?","?","M","E","R","?","T","M","R","M","$","?","R","BOSS","M","M","?","M","?","R","E","M","T","R","?","E","R","$","R","BOSS"],"items_purchased_type":["Card","Relic","Relic","Relic","Card","Card","Relic","Potion","Potion"],"build_version":"2020-12-22","purchased_purges":1,"victory":false,"max_hp_per_floor":[70,70,70,70,70,70,70,70,70,70,70,70,70,70,70,70,70,70,70,70,70,70,70,70,70,70,70,70,70,77,77,77,77,77,82,82,82,82,82,82,82,82,82,82,82,82,82,82,82,82,82],"relic_stats":{"OrangePellets":[18],"Lee\u0027s Waffle":43,"Happy Flower":[17],"counters":[26,111],"Mummified Hand":[51],"Astrolabe":["Tools of the Trade","Crippling Poison","Tactician"],"Prayer Wheel":14,"Turnip":[18],"Medical Kit":[0],"obtain_stats":[{"Lee\u0027s Waffle":30,"The Specimen":6,"Happy Flower":26,"Astrolabe":17,"Medical Kit":48,"Mercury Hourglass":41,"Du-Vu Doll":46,"OrangePellets":14,"WristBlade":0,"Mummified Hand":23,"Prayer Wheel":8,"Turnip":9,"Fusion Hammer":34,"Membership Card":21,"Ring of the Snake":0},{"Lee\u0027s Waffle":16,"The Specimen":5,"Happy Flower":14,"Astrolabe":10,"Medical Kit":25,"Mercury Hourglass":22,"Du-Vu Doll":25,"OrangePellets":9,"WristBlade":0,"Mummified Hand":14,"Prayer Wheel":5,"Turnip":5,"Fusion Hammer":18,"Membership Card":12,"Ring of the Snake":0},{"Lee\u0027s Waffle":70,"The Specimen":23,"Happy Flower":60,"Astrolabe":43,"Medical Kit":107,"Mercury Hourglass":95,"Du-Vu Doll":107,"OrangePellets":36,"WristBlade":0,"Mummified Hand":60,"Prayer Wheel":23,"Turnip":23,"Fusion Hammer":78,"Membership Card":49,"Ring of the Snake":0}],"Mercury Hourglass":[102]},"card_choices":[{"not_picked":["Expertise","Deadly Poison"],"picked":"Dagger Throw","floor":1},{"not_picked":["Deadly Poison","Outmaneuver"],"picked":"Cloak And Dagger","floor":3},{"not_picked":["Noxious Fumes","Bouncing Flask"],"picked":"Prepared","floor":4},{"not_picked":["Masterful Stab","Cloak And Dagger"],"picked":"Blade Dance","floor":5},{"not_picked":["Acrobatics","Distraction"],"picked":"Crippling Poison","floor":6},{"not_picked":["Heel Hook","Distraction"],"picked":"Infinite Blades","floor":10},{"not_picked":["Calculated Gamble","Dagger Spray"],"picked":"Quick Slash","floor":10},{"not_picked":["Dagger Spray","Acrobatics"],"picked":"PiercingWail","floor":11},{"not_picked":["Prepared","Envenom"],"picked":"Finisher","floor":11},{"not_picked":["Skewer","Slice"],"picked":"Blade Dance","floor":12},{"not_picked":["Outmaneuver","Terror","Poisoned Stab"],"picked":"SKIP","floor":12},{"not_picked":["Underhanded Strike","Choke"],"picked":"Leg Sweep","floor":13},{"not_picked":["Slice","Poisoned Stab"],"picked":"Dagger Spray","floor":13},{"not_picked":["Corpse Explosion","Die Die Die"],"picked":"Bullet Time","floor":16},{"not_picked":["Quick Slash+1","Outmaneuver","Caltrops"],"picked":"SKIP","floor":18},{"not_picked":["Dagger Throw","Deadly Poison","Acrobatics+1"],"picked":"SKIP","floor":18},{"not_picked":["Dagger Throw","Flechettes+1"],"picked":"Accuracy","floor":19},{"not_picked":["Dagger Spray","Escape Plan"],"picked":"A Thousand Cuts","floor":19},{"not_picked":["Concentrate+1","Expertise"],"picked":"Blur","floor":22},{"not_picked":["Dodge and Roll","Escape Plan+1","Sucker Punch"],"picked":"SKIP","floor":22},{"not_picked":["Underhanded Strike","Masterful Stab","Heel Hook"],"picked":"SKIP","floor":23},{"not_picked":["Concentrate","Dodge and Roll","Sucker Punch"],"picked":"SKIP","floor":27},{"not_picked":["Heel Hook+1","Cloak And Dagger","Riddle With Holes"],"picked":"SKIP","floor":27},{"not_picked":["Tactician","Slice","Backflip"],"picked":"SKIP","floor":29},{"not_picked":["Terror","Bane","Underhanded Strike"],"picked":"SKIP","floor":29},{"not_picked":["Underhanded Strike","PiercingWail"],"picked":"Blade Dance","floor":31},{"not_picked":["Masterful Stab+1","Distraction+1","Noxious Fumes"],"picked":"SKIP","floor":31},{"not_picked":["Phantasmal Killer","Grand Finale"],"picked":"Corpse Explosion","floor":33},{"not_picked":["Distraction","Leg Sweep+1"],"picked":"Cloak And Dagger+1","floor":35},{"not_picked":["Distraction","Noxious Fumes","Poisoned Stab"],"picked":"SKIP","floor":35},{"not_picked":["Deflect+1","Dagger Throw"],"picked":"Accuracy","floor":36},{"not_picked":["Slice+1","Dodge and Roll","Poisoned Stab+1"],"picked":"SKIP","floor":36},{"not_picked":["Chrysalis","HandOfGreed"],"picked":"The Bomb","floor":37},{"not_picked":["Madness","Flash of Steel"],"picked":"Panache","floor":37},{"not_picked":["Metamorphosis","Magnetism"],"picked":"Enlightenment","floor":37},{"not_picked":["Deadly Poison+1","Quick Slash"],"picked":"Dash","floor":38},{"not_picked":["Endless Agony+1","Blade Dance","Deflect"],"picked":"SKIP","floor":38},{"not_picked":["Flying Knee","A Thousand Cuts"],"picked":"Footwork","floor":41},{"not_picked":["Bouncing Flask","Infinite Blades","Poisoned Stab+1"],"picked":"SKIP","floor":45},{"not_picked":["Caltrops","Backflip","Sucker Punch+1"],"picked":"SKIP","floor":45},{"not_picked":["Terror","Prepared+1","Dodge and Roll"],"picked":"SKIP","floor":46}],"player_experience":1022911,"relics_obtained":[{"floor":6,"key":"The Specimen"},{"floor":9,"key":"Turnip"},{"floor":23,"key":"Mummified Hand"},{"floor":26,"key":"Happy Flower"},{"floor":41,"key":"Mercury Hourglass"},{"floor":46,"key":"Du-Vu Doll"}],"event_choices":[{"damage_healed":0,"gold_gain":0,"player_choice":"Gave Potion","damage_taken":0,"relics_obtained":["Prayer Wheel"],"max_hp_gain":0,"max_hp_loss":0,"event_name":"WeMeetAgain","floor":8,"gold_loss":0},{"cards_removed":["Strike_G"],"damage_healed":0,"gold_gain":0,"player_choice":"Elegance","damage_taken":0,"max_hp_gain":0,"max_hp_loss":0,"event_name":"Back to Basics","floor":20,"gold_loss":0},{"damage_healed":0,"gold_gain":0,"cards_transformed":["Strike_G"],"player_choice":"Transformed","damage_taken":0,"max_hp_gain":0,"max_hp_loss":0,"event_name":"Transmorgrifier","floor":25,"gold_loss":0,"cards_obtained":["Bullet Time"]},{"damage_healed":0,"gold_gain":0,"player_choice":"Memory 3","damage_taken":10,"max_hp_gain":0,"max_hp_loss":0,"event_name":"SensoryStone","floor":37,"gold_loss":0},{"damage_healed":0,"gold_gain":0,"player_choice":"Copied","damage_taken":0,"max_hp_gain":0,"max_hp_loss":0,"event_name":"Duplicator","floor":39,"gold_loss":0,"cards_obtained":["Dash"]}],"is_beta":false,"boss_relics":[{"not_picked":["Cursed Key","Runic Dome"],"picked":"Astrolabe"},{"not_picked":["Black Star","Pandora\u0027s Box"],"picked":"Fusion Hammer"}],"items_purged_floors":[48],"is_endless":false,"potions_floor_spawned":[1,11,12,13,16,27,29,31,33,35,36,42,45],"killed_by":"Donu and Deca","ascension_level":1}}