{"host":"en3i0mvpfa3c1sbz","time":1610372646,"event":{"mods":["Act Like it!","Aspiration","BaseMod","BetterRewards","Conspire","Dota2Spire","Downfall","GifTheSpireLib","Hubris","Infinite Spire","Marisa£®ÏF”Í°°ƒß¿Ì…≥£©","Minty Spire (QoL Compilation)","READ ME - Guardian Mod","Relic Stats","Replay The Spire","Shop Mod","StSLib","Stuff the Spire","The Administrix","The Factory","The Jungle","TheWitcher"],"gold_per_floor":[119,138,156,166,176,176,201,201,201,233,245,262,292,310,310,411,411,425,463,481,499,499,499,499],"floor_reached":23,"playtime":2538,"items_purged":[],"score":380,"play_id":"765cea94-53c4-49cc-853b-503e1cba3876","local_time":"20210111214406","is_ascension_mode":true,"campfire_choices":[{"data":"1","floor":6.0,"key":"LIFT"},{"data":"2","floor":8,"key":"LIFT"},{"floor":15,"key":"DIG"}],"circlet_count":0,"master_deck":["Strike_R","Strike_R","Strike_R","Defend_R","Defend_R","Bash","Pummel","hubris:ReadiedAction","hubris:SharpeningStone","Shrug It Off","ReplayTheSpireMod:LeadingStrike","Eclipse","Replay:Undeath\u0027s Touch","Dual Wield","hubris:DuctTapeCard","ReplayReversal","Body Slam","Sentinel","Impervious","Defy Death+1","hubris:ReadiedAction","Evolve+1","conspire:Charge","ReplayTheSpireMod:Book of Names"],"relics":["Burning Blood","TungstenRod","Girya","hubris:HerbalPaste","infinitespire:BottledMercury","hubris:DuctTape","Dota2Spire:ShadowBlade","CaptainsWheel","aspiration:ChemicalBlood","conspire:SpecialSausage","StuffTheSpire:Barrel","Dota2Spire:OrchidMalevolence","Honey Jar"],"acts_visited":["Exordium","TheCity"],"potions_floor_usage":[7,12,13,16,19,20,21,21,23,23],"damage_taken":[{"damage":8.0,"enemies":"Small Slimes","floor":1.0,"turns":4.0},{"damage":11.0,"enemies":"Jaw Worm","floor":2.0,"turns":4.0},{"damage":13.0,"enemies":"infinitespire:Voidling","floor":3.0,"turns":4.0},{"damage":9.0,"enemies":"2 Fungi Beasts","floor":4.0,"turns":4.0},{"damage":11.0,"enemies":"Gremlin Gang","floor":5.0,"turns":4.0},{"damage":35,"enemies":"Nightmare","floor":7,"turns":11},{"damage":5,"enemies":"3 Sentries","floor":10,"turns":8},{"damage":4,"enemies":"Blue Slaver","floor":11,"turns":2},{"damage":2,"enemies":"Exordium Thugs","floor":12,"turns":3},{"damage":7,"enemies":"Replay:BlueRogue","floor":13,"turns":3},{"damage":12,"enemies":"3 Louse","floor":14,"turns":2},{"damage":29,"enemies":"Fading Forest","floor":16,"turns":11},{"damage":0,"enemies":"3 Byrds","floor":18,"turns":4},{"damage":38,"enemies":"conspire:MimicChest","floor":19,"turns":5},{"damage":9,"enemies":"2 Thieves","floor":20,"turns":3},{"damage":27,"enemies":"Centurion and Healer","floor":21,"turns":7},{"damage":58,"enemies":"Nightmare","floor":23,"turns":5}],"seed_played":"-3999397477852494348","potions_obtained":[{"floor":1.0,"key":"Reflective Coating"},{"floor":3.0,"key":"LiquidMemories"},{"floor":5.0,"key":"hexamod:EctoCoolerPotion"},{"floor":7,"key":"Block Potion"},{"floor":12,"key":"Slimebound:ThreeZeroPotion"},{"floor":14,"key":"champ:CounterPotion"},{"floor":19,"key":"Dota2Spire:HealingSalve"},{"floor":21,"key":"Block Potion"}],"is_trial":false,"path_per_floor":["M","M","M","M","M","R","NM","R","T","E","M","M","E","M","R","B",null,"M","?","M","M","AVR","NM"],"character_chosen":"IRONCLAD","items_purchased":["Girya","hubris:HerbalPaste"],"campfire_rested":0,"item_purchase_floors":[0,0],"current_hp_per_floor":[48,49,48,51,52,52,29,29,29,36,41,50,54,51,51,42,80,80,49,51,51,51,0,0],"gold":499,"neow_bonus":"","is_daily":false,"chose_seed":false,"campfire_upgraded":0,"win_rate":0.0,"timestamp":1610372646,"path_taken":["M","M","M","M","M","R","E","R","T","E","M","M","E","M","R","BOSS","M","?","M","M","AVR","NM"],"items_purchased_type":["Relic","Relic"],"build_version":"2020-12-22","purchased_purges":0,"victory":false,"max_hp_per_floor":[80,80,80,80,80,80,80,80,80,80,80,80,80,80,80,80,80,80,80,80,80,80,80,80],"relic_stats":{"counters":[17,84],"obtain_stats":[{"Girya":0,"infinitespire:BottledMercury":7,"StuffTheSpire:Barrel":19,"hubris:DuctTape":9,"Dota2Spire:OrchidMalevolence":22,"conspire:SpecialSausage":17,"Dota2Spire:ShadowBlade":10,"Burning Blood":0,"CaptainsWheel":13,"hubris:HerbalPaste":0,"Honey Jar":22,"TungstenRod":0,"aspiration:ChemicalBlood":15},{"Girya":0,"infinitespire:BottledMercury":6,"StuffTheSpire:Barrel":14,"hubris:DuctTape":6,"Dota2Spire:OrchidMalevolence":16,"conspire:SpecialSausage":12,"Dota2Spire:ShadowBlade":7,"Burning Blood":0,"CaptainsWheel":10,"hubris:HerbalPaste":0,"Honey Jar":16,"TungstenRod":0,"aspiration:ChemicalBlood":11},{"Girya":0,"infinitespire:BottledMercury":31,"StuffTheSpire:Barrel":69,"hubris:DuctTape":31,"Dota2Spire:OrchidMalevolence":79,"conspire:SpecialSausage":60,"Dota2Spire:ShadowBlade":39,"Burning Blood":0,"CaptainsWheel":47,"hubris:HerbalPaste":0,"Honey Jar":79,"TungstenRod":0,"aspiration:ChemicalBlood":49}],"Burning Blood":90,"TungstenRod":69},"card_choices":[{"not_picked":["True Grit","StuffTheSpire:RockThrow"],"picked":"hubris:SharpeningStone","floor":1.0},{"not_picked":["Burning Pact","Fire Breathing"],"picked":"Shrug It Off","floor":2.0},{"not_picked":["Pommel Strike","Havoc"],"picked":"ReplayTheSpireMod:LeadingStrike","floor":3.0},{"not_picked":["StuffTheSpire:Incineration","Anger"],"picked":"Eclipse","floor":4.0},{"not_picked":["Sword Boomerang","Cleave"],"picked":"Replay:Undeath\u0027s Touch","floor":5.0},{"not_picked":["StuffTheSpire:Incineration","Rupture"],"picked":"Dual Wield","floor":7},{"not_picked":["StuffTheSpire:Incineration","ReplayTheSpireMod:Strike From Hell"],"picked":"ReplayReversal","floor":10},{"not_picked":["Seeing Red","Searing Blow","StuffTheSpire:Incineration"],"picked":"SKIP","floor":11},{"not_picked":["Life Link","Dropkick"],"picked":"Body Slam","floor":12},{"not_picked":["StuffTheSpire:RagingBull","Life Link","Combust"],"picked":"SKIP","floor":13},{"not_picked":["StuffTheSpire:Slingshot","Ghostly Armor"],"picked":"Sentinel","floor":14},{"not_picked":["Brutality","Offering"],"picked":"Impervious","floor":16},{"not_picked":["Sword Boomerang","Blood for Blood+1"],"picked":"Defy Death+1","floor":18},{"not_picked":["Bloodletting","Burning Pact"],"picked":"hubris:ReadiedAction","floor":19},{"not_picked":["Intimidate","Reckless Charge+1"],"picked":"Evolve+1","floor":20},{"not_picked":["Infernal Blade","Metallicize"],"picked":"conspire:Charge","floor":21}],"player_experience":338255,"relics_obtained":[{"floor":7,"key":"infinitespire:BottledMercury"},{"floor":9,"key":"hubris:DuctTape"},{"floor":10,"key":"Dota2Spire:ShadowBlade"},{"floor":13,"key":"CaptainsWheel"},{"floor":15,"key":"aspiration:ChemicalBlood"},{"floor":19,"key":"StuffTheSpire:Barrel"}],"event_choices":[],"is_beta":false,"boss_relics":[{"not_picked":["hubris:RunicObelisk","StuffTheSpire:RunicConfusion"],"picked":"conspire:SpecialSausage"}],"items_purged_floors":[],"is_endless":true,"potions_floor_spawned":[1,3,5,7,12,14,16,19,21],"killed_by":"Nightmare","ascension_level":4}}