{"host":"1a3cjta80tad0aqj","time":1610329009,"event":{"mods":["2.2 Compatiblity","AchievementEnabler","BaseMod","Colored Map","DeckTracker","KOR Keyword Fix","Keyboard Shortcuts","Minty Spire (QoL Compilation)","Permanent Neow","Quick Restart","Random Character Button","StSLib","SuperFastMode","everything is the same but u backflip on backflip"],"gold_per_floor":[114,129,204,219,69,69,99,99,149,164,14,14,29,59,59,159,159,174,189,104,119,47,47,62,62,112,112,112,142,142,157,157,157,157],"floor_reached":33,"playtime":1370,"items_purged":[],"score":265,"play_id":"de6b6a05-7006-4faa-9951-cedc094ff811","local_time":"20210111103649","daily_mods":["Allstar","ControlledChaos","Lethality"],"is_ascension_mode":false,"campfire_choices":[{"data":"Mayhem","floor":6.0,"key":"SMITH"},{"data":"Bash","floor":8.0,"key":"SMITH"},{"data":"Twin Strike","floor":12.0,"key":"SMITH"},{"data":"Power Through","floor":15.0,"key":"SMITH"},{"data":"Barricade","floor":23.0,"key":"SMITH"},{"data":"Second Wind","floor":25.0,"key":"SMITH"},{"data":"Body Slam","floor":27.0,"key":"SMITH"},{"floor":30,"key":"REST"},{"floor":32,"key":"REST"}],"circlet_count":0,"master_deck":["Strike_R","Strike_R","Strike_R","Strike_R","Strike_R","Defend_R","Defend_R","Defend_R","Defend_R","Bash+1","Mayhem+1","Panacea","Apotheosis","Good Instincts","Metamorphosis","Anger","Headbutt","Flex","Twin Strike+1","Power Through+1","Second Wind+1","Heavy Blade","Barricade+1","CurseOfTheBell","Intimidate+1","Body Slam+1","Body Slam","Bloodletting","Dark Embrace+1","Decay","Immolate","Havoc"],"relics":["Burning Blood","Frozen Eye","Lantern","Magic Flower","Potion Belt","Lee\u0027s Waffle","Sundial","Calling Bell","Akabeko","Frozen Egg 2","Unceasing Top","StrikeDummy","Pen Nib","Juzu Bracelet"],"acts_visited":["Exordium","TheCity"],"potions_floor_usage":[33],"damage_taken":[{"damage":3.0,"enemies":"Jaw Worm","floor":1.0,"turns":3.0},{"damage":6.0,"enemies":"2 Louse","floor":2.0,"turns":2.0},{"damage":0.0,"enemies":"Small Slimes","floor":4.0,"turns":3.0},{"damage":25.0,"enemies":"Gremlin Nob","floor":7.0,"turns":4.0},{"damage":16.0,"enemies":"Red Slaver","floor":10.0,"turns":2.0},{"damage":3.0,"enemies":"Looter","floor":13.0,"turns":2.0},{"damage":27.0,"enemies":"3 Sentries","floor":14.0,"turns":5.0},{"damage":53.0,"enemies":"Hexaghost","floor":16.0,"turns":7.0},{"damage":6.0,"enemies":"Chosen","floor":18.0,"turns":4.0},{"damage":31.0,"enemies":"3 Byrds","floor":19.0,"turns":7.0},{"damage":18.0,"enemies":"Snake Plant","floor":21.0,"turns":3.0},{"damage":14.0,"enemies":"Chosen and Byrds","floor":24.0,"turns":4.0},{"damage":34,"enemies":"Book of Stabbing","floor":29,"turns":5},{"damage":13,"enemies":"Shelled Parasite and Fungi","floor":31,"turns":3},{"damage":77,"enemies":"Automaton","floor":33,"turns":6}],"seed_played":"2608465768335268498","potions_obtained":[{"floor":2.0,"key":"GamblersBrew"},{"floor":4.0,"key":"DuplicationPotion"},{"floor":7.0,"key":"Regen Potion"},{"floor":18.0,"key":"SkillPotion"},{"floor":29,"key":"DuplicationPotion"}],"is_trial":false,"path_per_floor":["M","M","?","M","$","R","E","R","T","M","$","R","M","?","R","B",null,"M","M","?","M","$","R","M","R","T","R","?","E","R","M","R","B"],"character_chosen":"IRONCLAD","items_purchased":["Lantern","Lee\u0027s Waffle","Bloodletting"],"campfire_rested":2,"item_purchase_floors":[5,11,22],"current_hp_per_floor":[80,80,69,75,75,75,56,56,56,49,87,87,87,69,69,39,87,87,65,65,56,56,56,51,51,51,51,51,26,52,48,74,0,0],"gold":157,"neow_bonus":"","is_daily":true,"chose_seed":false,"campfire_upgraded":7,"win_rate":0.0,"timestamp":1610329009,"path_taken":["M","M","?","M","$","R","E","R","T","M","$","R","M","?","R","BOSS","M","M","?","M","$","R","M","R","T","R","?","E","R","M","R","BOSS"],"items_purchased_type":["Relic","Relic","Card"],"build_version":"2020-12-22","purchased_purges":0,"victory":false,"max_hp_per_floor":[80,80,80,80,80,80,80,80,80,80,87,87,87,87,87,87,87,87,87,87,87,87,87,87,87,87,87,87,87,87,87,87,87,87],"card_choices":[{"not_picked":["Warcry","Sword Boomerang"],"picked":"Anger","floor":1.0},{"not_picked":["Metallicize","Warcry"],"picked":"Headbutt","floor":2.0},{"not_picked":["Cleave","Intimidate"],"picked":"Flex","floor":4.0},{"not_picked":["Evolve","Metallicize"],"picked":"Twin Strike","floor":7.0},{"not_picked":["Body Slam","Iron Wave"],"picked":"Power Through","floor":10.0},{"not_picked":["Anger","True Grit"],"picked":"Second Wind","floor":13.0},{"not_picked":["Sever Soul","Exhume"],"picked":"Heavy Blade","floor":14.0},{"not_picked":["Exhume","Brutality"],"picked":"Barricade","floor":16.0},{"not_picked":["Thunderclap","Clash"],"picked":"Intimidate+1","floor":18.0},{"not_picked":["Flex","Twin Strike"],"picked":"Body Slam","floor":19.0},{"not_picked":["Twin Strike","Headbutt"],"picked":"Body Slam","floor":21.0},{"not_picked":["Headbutt+1","Heavy Blade"],"picked":"Dark Embrace+1","floor":24.0},{"not_picked":["Pommel Strike","Body Slam"],"picked":"Immolate","floor":29},{"not_picked":["Armaments","True Grit"],"picked":"Havoc","floor":31}],"player_experience":281783,"relics_obtained":[{"floor":7.0,"key":"Magic Flower"},{"floor":9.0,"key":"Potion Belt"},{"floor":14.0,"key":"Sundial"},{"floor":17.0,"key":"Akabeko"},{"floor":17.0,"key":"Frozen Egg 2"},{"floor":17.0,"key":"Unceasing Top"},{"floor":26.0,"key":"Pen Nib"},{"floor":29,"key":"Juzu Bracelet"}],"event_choices":[{"damage_healed":0.0,"max_hp_gain":0.0,"max_hp_loss":0.0,"gold_gain":75.0,"event_name":"World of Goop","player_choice":"Gather Gold","floor":3.0,"gold_loss":0.0,"damage_taken":11.0},{"damage_healed":0.0,"max_hp_gain":0.0,"max_hp_loss":0.0,"gold_gain":0.0,"event_name":"Dead Adventurer","player_choice":"Searched \u00272\u0027 times","floor":14.0,"gold_loss":0.0,"damage_taken":0.0},{"damage_healed":0.0,"max_hp_gain":0.0,"max_hp_loss":0.0,"gold_gain":0.0,"event_name":"Addict","player_choice":"Obtained Relic","floor":20.0,"gold_loss":85.0,"damage_taken":0.0,"relics_obtained":["StrikeDummy"]},{"damage_healed":0.0,"max_hp_gain":0.0,"max_hp_loss":0.0,"gold_gain":0.0,"event_name":"Wheel of Change","player_choice":"Cursed","floor":28.0,"gold_loss":0.0,"damage_taken":0.0,"cards_obtained":["Decay"]}],"is_beta":false,"boss_relics":[{"not_picked":["Runic Dome","Fusion Hammer"],"picked":"Calling Bell"}],"items_purged_floors":[],"is_endless":false,"potions_floor_spawned":[2,4,7,18,29],"killed_by":"Automaton","ascension_level":0}}