{"host":"oigynbtg272c19pw","time":1610380697,"event":{"mods":["BaseMod","Colored Map","Minty Spire (QoL Compilation)","Relic Stats","StSLib"],"gold_per_floor":[109,69,88,105,115,141,141,158,158,172,9,9,0,0,0,93,93,117,135,135,135,149,149,149],"floor_reached":23,"playtime":1129,"items_purged":[],"score":386,"play_id":"6dcdd087-2042-46f5-a927-6c35bc89ee0d","local_time":"20210111165817","is_ascension_mode":true,"campfire_choices":[{"data":"Fire Breathing","floor":7.0,"key":"SMITH"},{"floor":12.0,"key":"REST"},{"data":"Double Tap","floor":15.0,"key":"SMITH"}],"circlet_count":0,"master_deck":["AscendersBane","Strike_R","Defend_R","Defend_R","Defend_R","Defend_R","Bash","Double Tap+1","Wild Strike","Spot Weakness","Fire Breathing+1","Ghostly Armor","Dual Wield","Barricade","Shrug It Off","Feed","Feel No Pain","Immolate+1","Flame Barrier","Immolate"],"relics":["Burning Blood","Turnip","CaptainsWheel","OrangePellets","Golden Idol","Mark of Pain"],"acts_visited":["Exordium","TheCity"],"potions_floor_usage":[23],"damage_taken":[{"damage":3.0,"enemies":"2 Louse","floor":1.0,"turns":4.0},{"damage":7.0,"enemies":"Cultist","floor":3.0,"turns":4.0},{"damage":9.0,"enemies":"Jaw Worm","floor":4.0,"turns":4.0},{"damage":7.0,"enemies":"Looter","floor":5.0,"turns":4.0},{"damage":23.0,"enemies":"3 Sentries","floor":6.0,"turns":6.0},{"damage":43.0,"enemies":"Gremlin Gang","floor":8.0,"turns":5.0},{"damage":8.0,"enemies":"Blue Slaver","floor":10.0,"turns":6.0},{"damage":28.0,"enemies":"Slime Boss","floor":16.0,"turns":9.0},{"damage":24.0,"enemies":"3 Byrds","floor":18.0,"turns":4.0},{"damage":18.0,"enemies":"Shell Parasite","floor":19.0,"turns":9.0},{"damage":2.0,"enemies":"Centurion and Healer","floor":22.0,"turns":6.0},{"damage":33,"enemies":"Slavers","floor":23,"turns":2}],"seed_played":"-7886591239137781306","potions_obtained":[{"floor":1.0,"key":"BloodPotion"},{"floor":2.0,"key":"Dexterity Potion"},{"floor":2.0,"key":"EssenceOfSteel"},{"floor":6.0,"key":"Energy Potion"},{"floor":8.0,"key":"Dexterity Potion"},{"floor":16.0,"key":"SpeedPotion"},{"floor":18.0,"key":"Block Potion"},{"floor":22.0,"key":"ElixirPotion"}],"is_trial":false,"path_per_floor":["M","?","M","M","M","E","R","M","T","M","$","R","?","?","R","B",null,"M","M","?","?","M","E"],"character_chosen":"IRONCLAD","items_purchased":["OrangePellets"],"campfire_rested":1,"item_purchase_floors":[11],"current_hp_per_floor":[53,68,67,64,63,46,46,9,9,7,7,29,29,29,29,7,53,35,23,23,23,27,0,0],"gold":149,"neow_bonus":"TRANSFORM_TWO_CARDS","is_daily":false,"chose_seed":false,"campfire_upgraded":2,"win_rate":0.0,"timestamp":1610380697,"path_taken":["M","?","M","?","M","E","R","M","T","M","$","R","?","?","R","BOSS","M","M","?","?","M","E"],"items_purchased_type":["Relic"],"build_version":"2020-12-13","purchased_purges":0,"victory":false,"max_hp_per_floor":[75,75,75,75,75,75,75,75,75,75,75,75,75,68,68,68,68,68,68,68,68,68,68,68],"relic_stats":{"OrangePellets":[0],"counters":[12,63],"Golden Idol":31,"Turnip":[13],"obtain_stats":[{"OrangePellets":11,"CaptainsWheel":9,"Golden Idol":14,"Turnip":6,"Mark of Pain":17,"Burning Blood":0},{"OrangePellets":7,"CaptainsWheel":6,"Golden Idol":7,"Turnip":5,"Mark of Pain":8,"Burning Blood":0},{"OrangePellets":33,"CaptainsWheel":27,"Golden Idol":33,"Turnip":22,"Mark of Pain":42,"Burning Blood":0}],"Burning Blood":66},"card_choices":[{"not_picked":["Clothesline","Wild Strike"],"picked":"Spot Weakness","floor":1.0},{"not_picked":["Clash","Intimidate"],"picked":"Fire Breathing","floor":3.0},{"not_picked":["Clash","Rampage"],"picked":"Ghostly Armor","floor":4.0},{"not_picked":["Whirlwind","Wild Strike"],"picked":"Dual Wield","floor":5.0},{"not_picked":["True Grit","Whirlwind"],"picked":"Barricade","floor":6.0},{"not_picked":["Blood for Blood","Anger"],"picked":"Shrug It Off","floor":8.0},{"not_picked":["Rupture","Havoc","Perfected Strike"],"picked":"SKIP","floor":10.0},{"not_picked":["Double Tap","Offering"],"picked":"Feed","floor":16.0},{"not_picked":["Headbutt","Anger"],"picked":"Feel No Pain","floor":18.0},{"not_picked":["Armaments","Iron Wave","Pommel Strike"],"picked":"SKIP","floor":19.0},{"not_picked":["Warcry","Iron Wave"],"picked":"Immolate","floor":22.0}],"player_experience":1364166,"relics_obtained":[{"floor":6.0,"key":"Turnip"},{"floor":9.0,"key":"CaptainsWheel"}],"event_choices":[{"damage_healed":0.0,"max_hp_gain":0.0,"max_hp_loss":0.0,"gold_gain":0.0,"event_name":"The Woman in Blue","player_choice":"Bought 3 Potions","floor":2.0,"gold_loss":0.0,"damage_taken":0.0},{"damage_healed":0.0,"max_hp_gain":0.0,"max_hp_loss":0.0,"gold_gain":0.0,"event_name":"World of Goop","player_choice":"Left Gold","floor":13.0,"gold_loss":9.0,"damage_taken":0.0},{"damage_healed":0.0,"max_hp_gain":0.0,"max_hp_loss":7.0,"gold_gain":0.0,"event_name":"Golden Idol","player_choice":"Lose Max HP","floor":14.0,"gold_loss":0.0,"damage_taken":0.0,"relics_obtained":["Golden Idol"]},{"damage_healed":0.0,"max_hp_gain":0.0,"max_hp_loss":0.0,"gold_gain":0.0,"cards_transformed":["Strike_R","Strike_R"],"event_name":"Drug Dealer","player_choice":"Became Test Subject","floor":20.0,"gold_loss":0.0,"damage_taken":0.0,"cards_obtained":["Immolate","Flame Barrier"]},{"damage_healed":0.0,"max_hp_gain":0.0,"max_hp_loss":0.0,"gold_gain":0.0,"event_name":"Accursed Blacksmith","player_choice":"Forge","floor":21.0,"gold_loss":0.0,"damage_taken":0.0,"cards_upgraded":["Immolate"]}],"is_beta":false,"boss_relics":[{"not_picked":["Runic Dome","Philosopher\u0027s Stone"],"picked":"Mark of Pain"}],"items_purged_floors":[],"is_endless":false,"potions_floor_spawned":[1,6,8,16,18,22],"killed_by":"Slavers","ascension_level":20}}