{"host":"pno9h1fupbyz205f","time":1610398996,"event":{"mods":["Aspiration","BaseMod","Better Altar","Better Match","Better Note","Better Sensory Stone","Better Skull","Better Third Choice","Colored Map","Colored Powertips","Hubris","Infinite Spire","Jedi Mod","Mad Scientist","Marisa????????","Minty Spire (QoL Compilation)","Permanent Neow","Potionbrewer","Replay The Spire","Shop Mod","Spicy Shops","StSLib","Td1madao Mod","The Blackbeard","The Gatherer","The Hierophant","The Poker Player","The Runesmith","The Servant 0.9.4","thorton","vexMod"],"gold_per_floor":[119,136,136,136,136,136,27,27,27,27,27,27,27,27,27,27,27,27,27,27,27,27,27,34,34,34,71,71,46,13,46,46,66,66],"floor_reached":33,"playtime":2589,"items_purged":["MadScienceMod:Defend_MadScience"],"score":271,"play_id":"e378e92f-9fa8-4f77-9d29-c89d3439edc0","local_time":"20210111130316","daily_mods":["Allstar","Heirloom"],"is_ascension_mode":false,"campfire_choices":[{"data":"MadScienceMod:FlexibleSpear","floor":6,"key":"SMITH"},{"data":"Deep Breath","floor":10,"key":"SMITH"},{"data":"Outmaneuver","floor":15,"key":"SMITH"},{"data":"Hologram","floor":23,"key":"SMITH"},{"data":"MadScienceMod:CondenseVapors","floor":25,"key":"SMITH"},{"data":"MadScienceMod:Lightbulb","floor":32,"key":"SMITH"}],"circlet_count":0,"master_deck":["MadScienceMod:Strike_MadScience","MadScienceMod:Strike_MadScience","MadScienceMod:Strike_MadScience","MadScienceMod:Strike_MadScience","MadScienceMod:Defend_MadScience","MadScienceMod:Defend_MadScience","MadScienceMod:Defend_MadScience","MadScienceMod:PoweredStrike","MadScienceMod:HideBehindJunk","Master of Strategy+1","Bandage Up","jedi:LeechingStrike","Master of Strategy","Deep Breath+1","MadScienceMod:FlexibleSpear+1","MadScienceMod:OilDrum","jedi:thedog","Outmaneuver+1","MadScienceMod:RadioactiveSword","MadScienceMod:OilDrum","MadScienceMod:Lightbulb+1","MadScienceMod:ShrinkRay","MadScienceMod:CondenseVapors+1","Hologram+1","Madness+1","Conserve Battery","Reprogram+1","Conserve Battery"],"relics":["Ring of the Snake","replay:Trail_Library","hubris:CuriousFeather","infinitespire:Cubic Diamond","hubris:DisguiseKit","jedi:ominousloannote","aspiration:StickyExplosives_weak","MerchantsRug","jedi:heavyjacket","ReplayTheSpireMod:Lightbulb","Juzu Bracelet","aspiration:DefectSkillbook","hubris:Metronome","Ornamental Fan"],"acts_visited":["Exordium","TheCity"],"potions_floor_usage":[16,19,27,31,31],"damage_taken":[{"damage":15,"enemies":"Cultist","floor":1,"turns":7},{"damage":0,"enemies":"2 Louse","floor":2,"turns":2},{"damage":20,"enemies":"Gremlin Nob","floor":8,"turns":4},{"damage":6,"enemies":"Lagavulin","floor":12,"turns":7},{"damage":0,"enemies":"Small Slimes","floor":13,"turns":3},{"damage":5,"enemies":"Exordium Wildlife","floor":14,"turns":4},{"damage":30,"enemies":"Slime Boss","floor":16,"turns":9},{"damage":8,"enemies":"3 Byrds","floor":18,"turns":6},{"damage":0,"enemies":"Spheric Guardian","floor":19,"turns":5},{"damage":14,"enemies":"Book of Stabbing","floor":24,"turns":7},{"damage":39,"enemies":"Cultist and Chosen","floor":27,"turns":7},{"damage":0,"enemies":"Shelled Parasite and Fungi","floor":31,"turns":6},{"damage":65,"enemies":"Champ","floor":33,"turns":13}],"seed_played":"-5024859381639067549","potions_obtained":[{"floor":2,"key":"potionbrewer:AcidPotion"},{"floor":12,"key":"Regen Potion"},{"floor":14,"key":"SkillPotion"},{"floor":18,"key":"DistilledChaos"},{"floor":19,"key":"Elixir"},{"floor":27,"key":"potionbrewer:EndurancePotion"}],"is_trial":true,"path_per_floor":["M","M","?","?","?","R","$","E","T","R","$","E","M","M","R","B",null,"M","M","?","?","?","R","E","R","T","M","$","?","$","M","R","B"],"character_chosen":"MAD_SCIENTIST","items_purchased":["jedi:ominousloannote","aspiration:StickyExplosives_weak","MerchantsRug","Conserve Battery"],"campfire_rested":0,"item_purchase_floors":[7,7,7,30],"current_hp_per_floor":[70,74,74,74,74,74,74,54,54,54,54,61,71,74,74,60,75,75,75,75,60,60,60,51,51,51,29,29,29,29,47,47,0,0],"gold":66,"neow_bonus":"","is_daily":false,"chose_seed":false,"campfire_upgraded":6,"win_rate":0.0,"timestamp":1610398996,"path_taken":["M","?","?","?","?","R","$","E","T","R","?","E","M","M","R","BOSS","M","M","?","?","?","R","E","R","T","M","$","?","?","M","R","BOSS"],"items_purchased_type":["Relic","Relic","Relic","Card"],"build_version":"2020-12-22","purchased_purges":1,"victory":false,"max_hp_per_floor":[75,75,75,75,75,75,75,75,75,75,75,75,75,75,75,75,75,75,75,75,75,75,75,75,75,75,75,75,75,75,75,75,75,75],"card_choices":[{"not_picked":["MadScienceMod:Sprocket","MadScienceMod:Tune"],"picked":"MadScienceMod:FlexibleSpear","floor":1},{"not_picked":["MadScienceMod:ImposingConstruct","MadScienceMod:BoxOfScraps"],"picked":"MadScienceMod:OilDrum","floor":2},{"not_picked":["MadScienceMod:FlameCannon","MadScienceMod:OmniHammer","MadScienceMod:Sprocket"],"picked":"Outmaneuver","floor":8},{"not_picked":["MadScienceMod:JunkLaser","MadScienceMod:SelfDestruct","Flechettes"],"picked":"MadScienceMod:OilDrum","floor":12},{"not_picked":["MadScienceMod:Bombardment","MadScienceMod:AntimatterBomb","PiercingWail"],"picked":"MadScienceMod:Lightbulb","floor":13},{"not_picked":["MadScienceMod:Strafe","MadScienceMod:AntimatterBomb","All Out Attack"],"picked":"MadScienceMod:ShrinkRay","floor":14},{"not_picked":["MadScienceMod:GatherParts","MadScienceMod:Booster","Night Terror"],"picked":"MadScienceMod:CondenseVapors","floor":16},{"not_picked":["MadScienceMod:Detonate","MadScienceMod:ShrinkRay+1","MadScienceMod:LightOnFire","Skewer"],"picked":"Hologram","floor":18},{"not_picked":["Compile Driver","MadScienceMod:ParticleBeam+1","MadScienceMod:AcidSpray+1","Sweeping Beam","Finisher"],"picked":"SKIP","floor":19},{"not_picked":["MadScienceMod:OmniHammer","MadScienceMod:CloneVats","jedi:BurstLightning+1","Prepared"],"picked":"Conserve Battery","floor":24},{"not_picked":["Stack","MadScienceMod:FlameCannon","MadScienceMod:SelfDestruct","Acrobatics"],"picked":"Reprogram+1","floor":27},{"not_picked":["jedi:blockon","Steam Power","Capacitor+1","hubris:PowerSurge+1","Deflect"],"picked":"SKIP","floor":31}],"player_experience":153237,"relics_obtained":[{"floor":8,"key":"jedi:heavyjacket"},{"floor":9,"key":"ReplayTheSpireMod:Lightbulb"},{"floor":12,"key":"Juzu Bracelet"},{"floor":24,"key":"hubris:Metronome"},{"floor":26,"key":"Ornamental Fan"}],"event_choices":[{"cards_removed":["Deep Breath"],"damage_healed":0,"gold_gain":0,"player_choice":"Give","damage_taken":0,"max_hp_gain":0,"max_hp_loss":0,"event_name":"betterNote:BetterNote","floor":20,"gold_loss":0,"cards_obtained":["None"]},{"damage_healed":0,"gold_gain":2,"player_choice":"2","damage_taken":0,"max_hp_gain":0,"max_hp_loss":15,"event_name":"betterStone:BetterStone","floor":21,"gold_loss":0},{"damage_healed":0,"gold_gain":99,"player_choice":"Steal","damage_taken":0,"max_hp_gain":0,"max_hp_loss":0,"event_name":"betterThird:BetterNest","floor":22,"gold_loss":0}],"is_beta":false,"boss_relics":[{"not_picked":["jedi:paperlyon","aspiration:SecretTechniqueScroll"],"picked":"aspiration:DefectSkillbook"}],"items_purged_floors":[7],"is_endless":false,"potions_floor_spawned":[2,12,14,18,19,27],"killed_by":"Champ","ascension_level":0}}