{"host":"m77rrhbqzv44va4v","time":1610396721,"event":{"mods":["AchievementEnabler","BaseMod","Colored Map","DeckTracker","Keyboard Shortcuts","Minty Spire (QoL Compilation)","StSLib","SuperFastMode","everything is the same but u backflip on backflip"],"gold_per_floor":[114,127,127,143,68,95,245,245,245,245,280,355,355,22,22,22,22],"floor_reached":16,"playtime":162,"items_purged":["Strike_G"],"score":212,"play_id":"317fd4bb-59c4-402d-953f-f287cd84537e","local_time":"20210112052521","is_ascension_mode":true,"campfire_choices":[{"data":"Bane","floor":10,"key":"SMITH"},{"floor":15,"key":"REST"}],"circlet_count":0,"master_deck":["AscendersBane","Strike_G","Strike_G","Strike_G","Strike_G","Defend_G","Defend_G","Defend_G","Defend_G","Defend_G","Survivor","Neutralize","Sucker Punch+1","Poisoned Stab","Bane+1","Doubt","Unload"],"relics":["Ring of the Snake","NeowsBlessing","Meat on the Bone","Ninja Scroll","Dream Catcher","Letter Opener","Tough Bandages"],"acts_visited":["Exordium"],"potions_floor_usage":[6,6],"damage_taken":[{"damage":0,"enemies":"Small Slimes","floor":1,"turns":1},{"damage":0,"enemies":"Cultist","floor":2,"turns":1},{"damage":0,"enemies":"2 Louse","floor":4,"turns":1},{"damage":32,"enemies":"Lagavulin","floor":6,"turns":7},{"damage":44,"enemies":"Gremlin Nob","floor":11,"turns":5},{"damage":50,"enemies":"The Guardian","floor":16,"turns":7}],"seed_played":"-1686110267781005777","potions_obtained":[{"floor":1,"key":"Explosive Potion"},{"floor":2,"key":"SneckoOil"},{"floor":4,"key":"Block Potion"}],"is_trial":false,"path_per_floor":["M","M","?","M","$","E","?","?","T","R","E","?","T","$","R","B"],"character_chosen":"THE_SILENT","items_purchased":["Tough Bandages"],"campfire_rested":1,"item_purchase_floors":[14],"current_hp_per_floor":[59,59,59,59,59,27,27,49,49,49,17,6,6,6,25,0,0],"gold":22,"neow_bonus":"THREE_ENEMY_KILL","is_daily":false,"chose_seed":false,"campfire_upgraded":1,"win_rate":0.0,"timestamp":1610396721,"path_taken":["M","M","?","?","$","E","?","?","T","R","E","?","?","?","R","BOSS"],"items_purchased_type":["Relic"],"build_version":"2020-12-22","purchased_purges":1,"victory":false,"max_hp_per_floor":[66,66,66,66,66,66,66,66,66,66,66,66,66,66,66,66,66],"card_choices":[{"not_picked":["Finisher","Deadly Poison"],"picked":"Sucker Punch","floor":1},{"not_picked":["Flying Knee","Finisher","Prepared"],"picked":"SKIP","floor":2},{"not_picked":["Quick Slash","Setup"],"picked":"Poisoned Stab","floor":4},{"not_picked":["Skewer","Calculated Gamble"],"picked":"Bane","floor":6},{"not_picked":["Distraction","Deadly Poison"],"picked":"Unload","floor":11}],"player_experience":927935,"relics_obtained":[{"floor":6,"key":"Meat on the Bone"},{"floor":9,"key":"Ninja Scroll"},{"floor":11,"key":"Dream Catcher"},{"floor":13,"key":"Letter Opener"}],"event_choices":[{"damage_healed":0,"gold_gain":0,"player_choice":"Forge","damage_taken":0,"max_hp_gain":0,"max_hp_loss":0,"event_name":"Accursed Blacksmith","floor":3,"gold_loss":0,"cards_upgraded":["Sucker Punch"]},{"damage_healed":0,"gold_gain":150,"player_choice":"AGREE","damage_taken":0,"max_hp_gain":0,"max_hp_loss":0,"event_name":"Liars Game","floor":7,"gold_loss":0,"cards_obtained":["Doubt"]},{"damage_healed":22,"gold_gain":0,"player_choice":"Banana","damage_taken":0,"max_hp_gain":0,"max_hp_loss":0,"event_name":"Big Fish","floor":8,"gold_loss":0},{"damage_healed":0,"gold_gain":75,"player_choice":"Gather Gold","damage_taken":11,"max_hp_gain":0,"max_hp_loss":0,"event_name":"World of Goop","floor":12,"gold_loss":0}],"is_beta":false,"boss_relics":[],"items_purged_floors":[5],"is_endless":false,"potions_floor_spawned":[1,2,4],"killed_by":"The Guardian","ascension_level":20}}