{"host":"6to0pdz5g3mubtyg","time":1610377049,"event":{"mods":["Act Like it!","Aspiration","BaseMod","BetterRewards","Colored Map","Energized Spire","Hallownest","Highlight Path","Infinite Spire","Jorbs\u0027s Wanderer Trilogy","Minty Spire (QoL Compilation)","Shade Mod","StSLib","The Animator","The Blue Laboratory","The Bug Knight"],"gold_per_floor":[16,91,91,17,192,192,217,234,288,35,35,35,35,54,54,157,157,170,170,16,36,36,36,36,36,36,47,47,58,58,58,58,153,153,170,0,0,0,18,52,52,78,115,127,139,151,163,186,198,210],"floor_reached":51,"playtime":2237,"items_purged":["Shade:Strike_Shade"],"score":767,"play_id":"1b317b10-ae6d-44a1-8c7e-5f5b84438585","local_time":"20210111075729","is_ascension_mode":false,"campfire_choices":[{"floor":6.0,"key":"REST"},{"floor":15.0,"key":"REST"},{"floor":23.0,"key":"DIG"},{"floor":25,"key":"DIG"},{"floor":32,"key":"DIG"},{"floor":41,"key":"DIG"},{"floor":45,"key":"REST"},{"floor":47,"key":"DIG"},{"floor":49,"key":"DIG"}],"circlet_count":0,"master_deck":["Shade:Strike_Shade","Shade:Strike_Shade","Shade:Defend_Shade","Shade:Defend_Shade","Shade:AnimateDead+1","Shade:CarefulCut","Shade:PressTheAttack+1","Shade:FleshToFlesh","Shade:Brains","Doubt","Shade:SensePrey","Shade:Trample","Shade:Carnophage","Shade:SkeletonArmy","Shade:FleshToFlesh","Shade:LoseControl","Shade:FeralStrike","Shade:Carnophage","Shade:Carnophage","Shade:GoDigging+1","Shade:Excise+1","Hallownest:curseDreamersLament","Normality","infinitespire:FutureSight","Shade:LastGasp","Shade:Excise","Shade:Trample+1","Shade:FleshOffering","Shade:Bonestorm+1","Shade:Bonestorm+1","Shade:Trample+1","Shade:FuneraryJewels+1"],"relics":["Shade:YorickSkull","PreservedInsect","infinitespire:Satchel","Strange Spoon","aspiration:StickyExplosives_weak","Sozu","Shovel","infinitespire:BottledMercury","Oddly Smooth Stone","Letter Opener","HollowMod:LifeEnderRelic","Eternal Feather","energizedSpire:RedRose","Red Mask","Molten Egg 2","MawBank","Dream Catcher","Bottled Tornado","Vajra","Strawberry"],"acts_visited":["Exordium","TheCity","TheBeyond"],"potions_floor_usage":[],"damage_taken":[{"damage":13.0,"enemies":"Jaw Worm","floor":1.0,"turns":4.0},{"damage":25.0,"enemies":"Gremlin Nob","floor":7.0,"turns":6.0},{"damage":3.0,"enemies":"2 Louse","floor":8.0,"turns":2.0},{"damage":0.0,"enemies":"Small Slimes","floor":14.0,"turns":2.0},{"damage":8.0,"enemies":"Hexaghost","floor":16.0,"turns":10.0},{"damage":0.0,"enemies":"2 Thieves","floor":18.0,"turns":3.0},{"damage":4.0,"enemies":"Shell Parasite","floor":21.0,"turns":4.0},{"damage":5,"enemies":"Snake Plant","floor":27,"turns":4},{"damage":0,"enemies":"Snecko","floor":29,"turns":4},{"damage":1,"enemies":"Automaton","floor":33,"turns":11},{"damage":33,"enemies":"3 Shapes","floor":35,"turns":2},{"damage":3,"enemies":"Orb Walker","floor":39,"turns":4},{"damage":12,"enemies":"Nemesis","floor":40,"turns":7},{"damage":35,"enemies":"4 Shapes","floor":42,"turns":5},{"damage":9,"enemies":"Spire Growth","floor":48,"turns":5},{"damage":41,"enemies":"Awakened One","floor":50,"turns":15}],"seed_played":"2305674742696110147","potions_obtained":[{"floor":7.0,"key":"Energy Potion"},{"floor":16.0,"key":"GamblersBrew"}],"is_trial":false,"path_per_floor":["M","?","?","$","?","R","E","M","T","$","?","?","$","M","R","B",null,"M","?","$","M","AVR","R","?","R","T","M","?","M","$","?","R","B",null,"M","?","?","?","M","E","R","M","T","AVR","R","?","R","M","R","B",null],"character_chosen":"SHADE","items_purchased":["Shade:FleshToFlesh","Shade:Brains","Shade:Carnophage","Strange Spoon","Shade:SkeletonArmy","Shade:Carnophage"],"campfire_rested":3,"item_purchase_floors":[4,4,10,10,10,20],"current_hp_per_floor":[52,41,28,28,28,47,22,19,19,19,12,33,33,33,52,44,65,65,65,65,61,61,61,61,61,61,56,56,56,56,56,56,55,65,32,32,39,39,36,24,39,4,4,4,38,38,56,47,72,31],"gold":222,"neow_bonus":"REMOVE_TWO","is_daily":false,"chose_seed":false,"campfire_upgraded":0,"win_rate":0.0,"timestamp":1610377049,"path_taken":["M","?","?","$","?","R","E","M","T","?","?","?","$","M","R","BOSS","M","?","$","M","AVR","R","?","R","T","M","?","?","$","?","R","BOSS","M","?","?","?","?","E","R","M","T","AVR","R","?","R","?","R","BOSS"],"items_purchased_type":["Card","Card","Card","Relic","Card","Card"],"build_version":"2020-12-22","purchased_purges":1,"victory":true,"max_hp_per_floor":[65,65,65,65,65,65,65,65,65,65,65,65,65,65,65,65,65,65,65,65,65,65,65,65,65,65,65,65,65,65,65,65,65,65,65,65,65,65,65,65,65,65,65,65,65,65,65,65,72,72],"card_choices":[{"not_picked":["Shade:CommandSoldier","Shade:RitualOffering"],"picked":"Shade:PressTheAttack","floor":1.0},{"not_picked":["Shade:CoffinDance","Shade:Excise"],"picked":"Shade:SensePrey","floor":7.0},{"not_picked":["Shade:ExtraLimbs","Shade:WallOfFlesh"],"picked":"Shade:Trample","floor":8.0},{"not_picked":["Shade:GoDigging","Shade:Premonition"],"picked":"Shade:FleshToFlesh","floor":14.0},{"not_picked":["Shade:Coordination","Shade:LastGasp"],"picked":"Shade:LoseControl","floor":16.0},{"not_picked":["Shade:Premonition","Shade:DangerousRitual+1"],"picked":"Shade:FeralStrike","floor":18.0},{"not_picked":["Shade:StitchTogether","Shade:OpenGraves+1"],"picked":"Shade:Carnophage","floor":21.0},{"not_picked":["Shade:GreyBargain+1","Shade:SensePrey+1"],"picked":"Shade:GoDigging+1","floor":27},{"not_picked":["Shade:FingerOfDeath","Shade:Frenzy"],"picked":"Shade:Excise+1","floor":29},{"not_picked":["infinitespire:UltimateForm","infinitespire:Oblivion"],"picked":"infinitespire:FutureSight","floor":31},{"not_picked":["Shade:SoulPierce","Shade:GreaterAnimation"],"picked":"Shade:LastGasp","floor":33},{"not_picked":["Shade:ExtraLimbs","Shade:SkeletonHug+1"],"picked":"Shade:Excise","floor":35},{"not_picked":["Shade:PoundOfFlesh+1","Shade:GraveStillness+1"],"picked":"Shade:Trample+1","floor":39},{"not_picked":["Shade:GoDigging","Shade:Tombstone+1"],"picked":"Shade:FleshOffering","floor":40},{"not_picked":["Shade:Awaken+1","Shade:PoundOfFlesh+1"],"picked":"Shade:Bonestorm+1","floor":42},{"not_picked":["Shade:SkeletonHug+1","Shade:ExtraLimbs+1"],"picked":"Shade:Bonestorm+1","floor":45},{"not_picked":["Shade:CommandSoldier+1","Shade:ClawBack+1"],"picked":"Shade:FuneraryJewels+1","floor":48}],"player_experience":258962,"relics_obtained":[{"floor":7.0,"key":"PreservedInsect"},{"floor":9.0,"key":"infinitespire:Satchel"},{"floor":23.0,"key":"infinitespire:BottledMercury"},{"floor":25,"key":"Letter Opener"},{"floor":26,"key":"HollowMod:LifeEnderRelic"},{"floor":32,"key":"Eternal Feather"},{"floor":40,"key":"Molten Egg 2"},{"floor":41,"key":"MawBank"},{"floor":43,"key":"Dream Catcher"},{"floor":47,"key":"Vajra"},{"floor":49,"key":"Strawberry"}],"event_choices":[{"damage_healed":0.0,"max_hp_gain":0.0,"max_hp_loss":0.0,"gold_gain":75.0,"event_name":"World of Goop","player_choice":"Gather Gold","floor":2.0,"gold_loss":0.0,"damage_taken":11.0},{"damage_healed":0.0,"max_hp_gain":0.0,"max_hp_loss":0.0,"gold_gain":0.0,"event_name":"Shining Light","player_choice":"Entered Light","floor":3.0,"gold_loss":0.0,"damage_taken":13.0,"cards_upgraded":["Shade:AnimateDead","Shade:PressTheAttack"]},{"damage_healed":0.0,"max_hp_gain":0.0,"max_hp_loss":0.0,"gold_gain":175.0,"event_name":"Liars Game","player_choice":"AGREE","floor":5.0,"gold_loss":0.0,"damage_taken":0.0,"cards_obtained":["Doubt"]},{"damage_healed":0.0,"max_hp_gain":0.0,"max_hp_loss":0.0,"gold_gain":0.0,"event_name":"Scrap Ooze","player_choice":"Success","floor":11.0,"gold_loss":0.0,"damage_taken":7.0,"relics_obtained":["aspiration:StickyExplosives_weak"]},{"damage_healed":21.0,"max_hp_gain":0.0,"max_hp_loss":0.0,"gold_gain":0.0,"event_name":"Big Fish","player_choice":"Banana","floor":12.0,"gold_loss":0.0,"damage_taken":0.0},{"cards_removed":["Shade:Strike_Shade"],"damage_healed":0.0,"max_hp_gain":0.0,"max_hp_loss":0.0,"gold_gain":0.0,"event_name":"Back to Basics","player_choice":"Elegance","floor":19.0,"gold_loss":0.0,"damage_taken":0.0},{"damage_healed":0,"gold_gain":0,"player_choice":"Opened","damage_taken":0,"relics_obtained":["Oddly Smooth Stone"],"max_hp_gain":0,"max_hp_loss":0,"event_name":"The Mausoleum","floor":24,"gold_loss":0},{"damage_healed":0,"gold_gain":0,"player_choice":"Ignored","damage_taken":0,"max_hp_gain":0,"max_hp_loss":0,"event_name":"NoteForYourself","floor":28,"gold_loss":0},{"damage_healed":0,"gold_gain":0,"player_choice":"Paid","damage_taken":0,"relics_obtained":["Red Mask"],"max_hp_gain":0,"max_hp_loss":0,"event_name":"Tomb of Lord Red Mask","floor":36,"gold_loss":170},{"damage_healed":0,"gold_gain":0,"player_choice":"Ignored","damage_taken":0,"max_hp_gain":0,"max_hp_loss":0,"event_name":"Fountain of Cleansing","floor":38,"gold_loss":0},{"damage_healed":0,"gold_gain":0,"player_choice":"1 cards matched","damage_taken":0,"max_hp_gain":0,"max_hp_loss":0,"event_name":"Match and Keep!","floor":46,"gold_loss":0,"cards_obtained":["Shade:Trample"]}],"is_beta":false,"boss_relics":[{"not_picked":["infinitespire:Cupcake","energizedSpire:EnergizedDie"],"picked":"Sozu"},{"not_picked":["Tiny House","aspiration:WatcherSkillbook"],"picked":"energizedSpire:RedRose"}],"items_purged_floors":[20],"is_endless":false,"potions_floor_spawned":[7,16,18,33,42,48],"ascension_level":0}}