{"host":"yecadp3kwkksam5a","time":1610390065,"event":{"mods":["BaseMod","Minty Spire (QoL Compilation)","StSLib","The Cursed","The Jungle","The Poker Player","WarShipGirlsR/??á´Ò³R mod"],"gold_per_floor":[109,109,123,48,67,99,99,131,131,147,180,194,221,239,239,317,317,327,104,131,51,51,80,80,110,110,137,137,137,137,56,56,132,132,145,145,159,159,174,174,200,213,240,177,207,226,226,261,261,261,261,261,261,46,81,81],"floor_reached":57,"playtime":2962,"items_purged":["Blade Dance","Cloak And Dagger","Infinite Blades","Crippling Poison"],"score":3773,"play_id":"a276c81b-b8e7-4964-919e-61862c9b02fa","local_time":"20210112033425","daily_mods":["Draft"],"is_ascension_mode":true,"campfire_choices":[{"data":"Prepared","floor":15.0,"key":"SMITH"},{"floor":24.0,"key":"RECALL"},{"data":"Reflex","floor":28.0,"key":"SMITH"},{"data":"Well Laid Plans","floor":30.0,"key":"SMITH"},{"data":"Acrobatics","floor":32.0,"key":"SMITH"},{"data":"Choke","floor":40.0,"key":"SMITH"},{"data":"Underhanded Strike","floor":49,"key":"SMITH"},{"data":"Acrobatics","floor":53,"key":"SMITH"}],"circlet_count":0,"master_deck":["AscendersBane","Acrobatics+1","Well Laid Plans+1","Underhanded Strike+1","Footwork","Prepared+1","Acrobatics+1","Reflex+1","Adrenaline+1","Catalyst+1","Well Laid Plans+1","Adrenaline+1","Choke+1"],"relics":["Ring of the Snake","Sundial","Happy Flower","Boot","HornCleat","Toy Ornithopter","HoveringKite","Membership Card","Vajra","Medical Kit","Prayer Wheel","Anchor","Toxic Egg 2","Ancient Tea Set","TheAbacus","Astrolabe","Art of War","Regal Pillow","Smiling Mask","Singing Bowl","Bronze Scales","TwistedFunnel","Bottled Lightning"],"acts_visited":["Exordium","TheCity","TheBeyond","TheEnding"],"potions_floor_usage":[],"damage_taken":[{"damage":3.0,"enemies":"Small Slimes","floor":1.0,"turns":2.0},{"damage":0.0,"enemies":"Cultist","floor":3.0,"turns":2.0},{"damage":7.0,"enemies":"Jaw Worm","floor":5.0,"turns":2.0},{"damage":0.0,"enemies":"Gremlin Nob","floor":6.0,"turns":2.0},{"damage":0.0,"enemies":"Lagavulin","floor":8.0,"turns":2.0},{"damage":0.0,"enemies":"Gremlin Gang","floor":10.0,"turns":1.0},{"damage":0.0,"enemies":"3 Sentries","floor":11.0,"turns":1.0},{"damage":4.0,"enemies":"Lots of Slimes","floor":12.0,"turns":2.0},{"damage":0.0,"enemies":"Gremlin Nob","floor":13.0,"turns":2.0},{"damage":0.0,"enemies":"2 Fungi Beasts","floor":14.0,"turns":1.0},{"damage":0.0,"enemies":"Hexaghost","floor":16.0,"turns":1.0},{"damage":0.0,"enemies":"Spheric Guardian","floor":18.0,"turns":2.0},{"damage":21.0,"enemies":"Slavers","floor":23.0,"turns":2.0},{"damage":0.0,"enemies":"Book of Stabbing","floor":25.0,"turns":1.0},{"damage":0.0,"enemies":"Slavers","floor":27.0,"turns":1.0},{"damage":0.0,"enemies":"Collector","floor":33.0,"turns":1.0},{"damage":0.0,"enemies":"3 Darklings","floor":35.0,"turns":1.0},{"damage":0.0,"enemies":"Orb Walker","floor":37.0,"turns":1.0},{"damage":0.0,"enemies":"3 Darklings","floor":39.0,"turns":1.0},{"damage":0.0,"enemies":"Nemesis","floor":41.0,"turns":1.0},{"damage":0.0,"enemies":"Writhing Mass","floor":42.0,"turns":1.0},{"damage":0,"enemies":"Reptomancer","floor":45,"turns":1},{"damage":0,"enemies":"Maw","floor":46,"turns":1},{"damage":0,"enemies":"Nemesis","floor":48,"turns":1},{"damage":0,"enemies":"Donu and Deca","floor":50,"turns":1},{"damage":0,"enemies":"Awakened One","floor":51,"turns":2},{"damage":0,"enemies":"Shield and Spear","floor":55,"turns":1},{"damage":0,"enemies":"The Heart","floor":56,"turns":4}],"seed_played":"4922334936600002167","potions_obtained":[{"floor":1.0,"key":"EntropicBrew"},{"floor":5.0,"key":"DistilledChaos"},{"floor":11.0,"key":"ColorlessPotion"}],"is_trial":true,"path_per_floor":["M","?","M","$","M","E","?","E","T","M","E","M","E","M","R","B",null,"M","$","T","$","?","E","R","E","T","E","R","?","R","$","R","B",null,"M","?","M","$","M","R","E","M","T","$","E","M","?","E","R","B","B",null,"R","$","E","B",null],"character_chosen":"THE_SILENT","items_purchased":["Membership Card","Medical Kit","TheAbacus","Bronze Scales","TwistedFunnel"],"campfire_rested":0,"item_purchase_floors":[19,21,31,54,54],"current_hp_per_floor":[56,56,56,56,49,49,54,54,54,54,54,50,50,50,50,50,62,62,62,62,62,62,41,41,41,41,41,41,41,41,41,41,41,61,61,61,61,61,61,61,61,61,61,61,61,61,61,63,63,63,63,67,67,67,69,69],"gold":81,"neow_bonus":"","is_daily":false,"chose_seed":false,"campfire_upgraded":7,"win_rate":0.0,"timestamp":1610390065,"path_taken":["M","?","?","$","M","E","?","E","T","M","E","?","E","M","R","BOSS","M","$","?","$","?","E","R","E","T","E","R","?","R","?","R","BOSS","M","?","M","$","M","R","E","?","T","$","E","?","?","E","R","BOSS","BOSS","R","$","E","BOSS"],"items_purchased_type":["Relic","Relic","Relic","Relic","Relic"],"build_version":"2020-12-22","purchased_purges":4,"victory":true,"max_hp_per_floor":[66,66,66,66,66,66,66,66,66,66,66,66,66,66,66,66,66,66,66,66,66,66,66,66,66,66,66,66,66,66,66,66,66,66,66,66,66,66,66,66,66,66,66,66,66,66,66,68,68,68,68,68,68,68,70,70],"card_choices":[{"not_picked":["Riddle With Holes","Slice"],"picked":"Acrobatics","floor":0.0},{"not_picked":["Predator","Dagger Throw"],"picked":"Underhanded Strike","floor":0.0},{"not_picked":["Blade Dance","Deadly Poison"],"picked":"Crippling Poison","floor":0.0},{"not_picked":["Dash","Deflect"],"picked":"Bane","floor":0.0},{"not_picked":["Blade Dance","Distraction"],"picked":"Well Laid Plans","floor":0.0},{"not_picked":["Outmaneuver","Leg Sweep"],"picked":"Blade Dance","floor":0.0},{"not_picked":["Sucker Punch","Poisoned Stab"],"picked":"Backflip","floor":0.0},{"not_picked":["Infinite Blades","Deadly Poison"],"picked":"Reflex","floor":0.0},{"not_picked":["Setup","Reflex"],"picked":"Escape Plan","floor":0.0},{"not_picked":["Outmaneuver","Slice"],"picked":"Infinite Blades","floor":0.0},{"not_picked":["Outmaneuver","Dodge and Roll"],"picked":"Underhanded Strike","floor":0.0},{"not_picked":["Deflect","PiercingWail"],"picked":"Footwork","floor":0.0},{"not_picked":["Reflex","PiercingWail"],"picked":"Prepared","floor":0.0},{"not_picked":["Slice","Setup"],"picked":"Cloak And Dagger","floor":0.0},{"not_picked":["Dagger Throw","Heel Hook"],"picked":"Poisoned Stab","floor":0.0},{"not_picked":["Dagger Spray","Blade Dance","Well Laid Plans"],"picked":"SKIP","floor":1.0},{"not_picked":["Slice","Skewer"],"picked":"Acrobatics","floor":3.0},{"not_picked":["Sucker Punch","Underhanded Strike","Backstab"],"picked":"SKIP","floor":5.0},{"not_picked":["Bullet Time","Masterful Stab"],"picked":"Reflex","floor":6.0},{"not_picked":["Slice","Catalyst","Dash"],"picked":"SKIP","floor":8.0},{"not_picked":["Well Laid Plans","Underhanded Strike","Expertise"],"picked":"SKIP","floor":10.0},{"not_picked":["Well Laid Plans","Underhanded Strike","Tools of the Trade"],"picked":"SKIP","floor":11.0},{"not_picked":["Sucker Punch","Predator","Underhanded Strike"],"picked":"SKIP","floor":12.0},{"not_picked":["Acrobatics","Backflip"],"picked":"Tactician","floor":13.0},{"not_picked":["Slice","Accuracy","Sucker Punch"],"picked":"SKIP","floor":14.0},{"not_picked":["Dash","Deflect","Cloak And Dagger"],"picked":"SKIP","floor":18.0},{"not_picked":["A Thousand Cuts","Leg Sweep","Dodge and Roll"],"picked":"SKIP","floor":23.0},{"not_picked":["Deadly Poison","Eviscerate","Accuracy+1"],"picked":"SKIP","floor":25.0},{"not_picked":["Malaise+1","Masterful Stab","Backstab"],"picked":"SKIP","floor":27.0},{"not_picked":["Corpse Explosion+1","Wraith Form v2"],"picked":"Adrenaline+1","floor":33.0},{"not_picked":["Cloak And Dagger+1","Slice","Quick Slash"],"picked":"SKIP","floor":35.0},{"not_picked":["Noxious Fumes","Setup+1","Acrobatics+1"],"picked":"SKIP","floor":35.0},{"not_picked":["Poisoned Stab+1","Reflex+1","Blur+1"],"picked":"SKIP","floor":37.0},{"not_picked":["Cloak And Dagger+1","Deflect+1","Bane"],"picked":"SKIP","floor":37.0},{"not_picked":["Cloak And Dagger+1","Expertise+1"],"picked":"Choke","floor":39.0},{"not_picked":["Finisher","Outmaneuver+1","Masterful Stab"],"picked":"SKIP","floor":39.0},{"not_picked":["Choke","Expertise+1","Bouncing Flask+1"],"picked":"SKIP","floor":41.0},{"not_picked":["Acrobatics+1","Backflip+1","Accuracy"],"picked":"SKIP","floor":42.0},{"not_picked":["Expertise+1","Acrobatics+1","Deflect+1"],"picked":"SKIP","floor":42.0},{"not_picked":["Quick Slash","Backflip+1","Wraith Form v2"],"picked":"SKIP","floor":45},{"not_picked":["Choke","Accuracy","Dodge and Roll+1"],"picked":"SKIP","floor":46},{"not_picked":["Deadly Poison+1","Flying Knee","Sucker Punch+1"],"picked":"SKIP","floor":46},{"not_picked":["Terror+1","Dagger Spray+1","Bane"],"picked":"Singing Bowl","floor":48},{"not_picked":["Distraction+1","Endless Agony","Tools of the Trade"],"picked":"Singing Bowl","floor":55}],"player_experience":508267,"relics_obtained":[{"floor":6.0,"key":"Happy Flower"},{"floor":8.0,"key":"Boot"},{"floor":11.0,"key":"HornCleat"},{"floor":13.0,"key":"Toy Ornithopter"},{"floor":20.0,"key":"Vajra"},{"floor":23.0,"key":"Prayer Wheel"},{"floor":25.0,"key":"Anchor"},{"floor":26.0,"key":"Toxic Egg 2"},{"floor":27.0,"key":"Ancient Tea Set"},{"floor":41.0,"key":"Art of War"},{"floor":43.0,"key":"Regal Pillow"},{"floor":45,"key":"Smiling Mask"},{"floor":48,"key":"Singing Bowl"},{"floor":55,"key":"Bottled Lightning"}],"event_choices":[{"cards_removed":["Poisoned Stab"],"damage_healed":0.0,"max_hp_gain":0.0,"max_hp_loss":0.0,"gold_gain":0.0,"event_name":"WeMeetAgain","player_choice":"Gave Card","floor":2.0,"gold_loss":0.0,"damage_taken":0.0,"relics_obtained":["Sundial"]},{"cards_removed":["Bane"],"damage_healed":5.0,"max_hp_gain":0.0,"max_hp_loss":0.0,"gold_gain":0.0,"event_name":"Bonfire Elementals","player_choice":"Offered Common","floor":7.0,"gold_loss":0.0,"damage_taken":0.0},{"cards_removed":["Bane"],"damage_healed":5.0,"max_hp_gain":0.0,"max_hp_loss":0.0,"gold_gain":0.0,"event_name":"Bonfire Elementals","player_choice":"Offered Special","floor":7.0,"gold_loss":0.0,"damage_taken":0.0},{"damage_healed":0.0,"max_hp_gain":0.0,"max_hp_loss":0.0,"gold_gain":0.0,"event_name":"Ghosts","player_choice":"Ignored","floor":22.0,"gold_loss":0.0,"damage_taken":0.0},{"cards_removed":["Underhanded Strike"],"damage_healed":0.0,"max_hp_gain":0.0,"max_hp_loss":0.0,"gold_gain":0.0,"event_name":"Back to Basics","player_choice":"Elegance","floor":29.0,"gold_loss":0.0,"damage_taken":0.0},{"damage_healed":0.0,"max_hp_gain":0.0,"max_hp_loss":0.0,"gold_gain":0.0,"event_name":"Duplicator","player_choice":"Copied","floor":36.0,"gold_loss":0.0,"damage_taken":0.0,"cards_obtained":["Adrenaline"]},{"cards_removed":["Reflex"],"damage_healed":0,"gold_gain":0,"player_choice":"Removed Skill","damage_taken":0,"max_hp_gain":0,"max_hp_loss":0,"event_name":"Falling","floor":47,"gold_loss":0}],"is_beta":false,"boss_relics":[{"not_picked":["Philosopher\u0027s Stone","Fusion Hammer"],"picked":"HoveringKite"},{"not_picked":["Calling Bell","Sozu"],"picked":"Astrolabe"}],"items_purged_floors":[4,19,44,54],"is_endless":false,"potions_floor_spawned":[1,5,11,12,23,35,37,42,46],"ascension_level":20}}