{"host":"c7y19xegjhmhlks5","time":1610327722,"event":{"mods":["AchievementEnabler","BaseMod","Better Note","Block Reminder","Colored Map","Downfall","Highlight Path","Infinite Spire","Minty Spire (QoL Compilation)","Replay The Spire","StSLib","everything is the same but u backflip on backflip"],"gold_per_floor":[99,99,99,99,99,99,99,118,145,245,95,112,112,97,110,211,211,211,224,252,352,352,352,379,399,432,501,520,288,213,240,265,371,371,371,392,407,244,244,244,244,244],"floor_reached":40,"playtime":11564,"items_purged":["Pride"],"score":447,"play_id":"dfdfecaf-6f75-40e6-abec-8c319f286889","local_time":"20210110201522","is_ascension_mode":true,"campfire_choices":[{"floor":1.0,"key":"RECALL"},{"floor":11.0,"key":"REST"},{"floor":13.0,"key":"REST"},{"floor":18,"key":"REST"},{"floor":23,"key":"REST"},{"floor":30,"key":"REST"},{"floor":35,"key":"REST"}],"circlet_count":0,"master_deck":["hexamod:Strike","hexamod:Strike","hexamod:Strike","hexamod:Strike","hexamod:Defend","hexamod:Defend","hexamod:Defend","hexamod:Defend","hexamod:Sear","hexamod:Float+1","hexamod:AdvancingGuard","hexamod:Hexaguard","hexamod:Firestarter","hexamod:RadiantFlame","hexamod:GiftsFromTheDead","hexamod:NightmareStrike","hexamod:FirstSeal","hexamod:EtherealExpedition","hexamod:TimeOfNeed","hexamod:SecondSeal","hexamod:FastForward","Shame","hexamod:HauntingEcho","hexamod:BurningTouch","hexamod:ThermalTransfer+1","hexamod:NightmareGuise+1","hexamod:EmpoweredFlame","hexamod:VolcanoVisage","hexamod:FifthSeal","hexamod:ThirdSeal","hexamod:GhostOfSpirePast+1","hexamod:CatchUp+1","hexamod:FourthSeal","hexamod:HeatMetal+1","hexamod:GhostflameInferno","hexamod:SpectralAdrenaline","hexamod:ParanormalForm","hexamod:GhostflameBarrier","hexamod:GhostLash","Delirium","hexamod:Sear","Replay:SS_fish_3","hexamod:EmpoweringStance","hexamod:PhantomCloak+1","CrushJoints","hexamod:HauntingEcho+1","Whirlwind+1"],"relics":["downfall:GremlinSack","Replay:M_SmolderingBlood","Orrery","infinitespire:EmptyRelic","infinitespire:EmptyRelic","infinitespire:EmptyRelic","infinitespire:EmptyRelic","infinitespire:EmptyRelic","infinitespire:EmptyRelic","infinitespire:EmptyRelic","infinitespire:EmptyRelic","infinitespire:EmptyRelic","infinitespire:EmptyRelic","infinitespire:EmptyRelic","infinitespire:EmptyRelic","infinitespire:EmptyRelic","infinitespire:EmptyRelic","infinitespire:Chaos"],"acts_visited":["Exordium","TheCity","TheBeyond"],"potions_floor_usage":[28,33,37,38],"damage_taken":[{"damage":0.0,"enemies":"Small Slimes","floor":2.0,"turns":1.0},{"damage":0.0,"enemies":"downfall:FleeingMerchant","floor":4.0,"turns":1.0},{"damage":0.0,"enemies":"Cultist","floor":5.0,"turns":1.0},{"damage":6.0,"enemies":"2 Louse","floor":8.0,"turns":3.0},{"damage":47.0,"enemies":"Gremlin Nob","floor":9.0,"turns":6.0},{"damage":2.0,"enemies":"Lots of Slimes","floor":12.0,"turns":5.0},{"damage":0.0,"enemies":"downfall:FleeingMerchant","floor":14.0,"turns":4.0},{"damage":0.0,"enemies":"3 Louse","floor":15.0,"turns":4.0},{"damage":35.0,"enemies":"downfall:Silent","floor":16.0,"turns":9.0},{"damage":0,"enemies":"3 Byrds","floor":19,"turns":4},{"damage":8,"enemies":"Spheric Guardian","floor":20,"turns":5},{"damage":16,"enemies":"Shelled Parasite and Fungi","floor":25,"turns":6},{"damage":40,"enemies":"Nightmare","floor":26,"turns":12},{"damage":21,"enemies":"Centurion and Healer","floor":28,"turns":8},{"damage":8,"enemies":"downfall:FleeingMerchant","floor":29,"turns":4},{"damage":4,"enemies":"Cultist and Chosen","floor":31,"turns":6},{"damage":15,"enemies":"3 Cultists","floor":32,"turns":6},{"damage":43,"enemies":"downfall:Watcher","floor":33,"turns":9},{"damage":1,"enemies":"3 Shapes","floor":36,"turns":5},{"damage":31,"enemies":"3 Darklings","floor":37,"turns":7},{"damage":19,"enemies":"downfall:FleeingMerchant","floor":38,"turns":5},{"damage":28,"enemies":"Jaw Worm Horde","floor":40,"turns":2}],"seed_played":"-6753318478470551438","potions_obtained":[{"floor":3.0,"key":"Block Potion"},{"floor":3.0,"key":"Block Potion"},{"floor":3.0,"key":"Flashbang"},{"floor":9.0,"key":"DuplicationPotion"},{"floor":28,"key":"SkillPotion"},{"floor":33,"key":"Energy Potion"},{"floor":37,"key":"Adrenaline Potion"},{"floor":38,"key":"BlessingOfTheForge"}],"is_trial":false,"path_per_floor":["R","M","?","$","M","?","T","M","E","?","R","M","R","$","M","B",null,"R","M","M","?","?","R","T","M","NM","T","M","$","R","M","M","B",null,"R","M","M","$","?","M"],"character_chosen":"THE_SPIRIT","items_purchased":["HandDrill","infinitespire:Chaos"],"campfire_rested":6,"item_purchase_floors":[29,38],"current_hp_per_floor":[70,70,70,70,70,70,70,64,17,17,51,49,73,73,80,52,80,80,80,79,79,79,80,80,71,38,38,24,38,62,65,50,7,80,80,80,56,59,59,31,31,31],"gold":244,"neow_bonus":"THREE_ENEMY_KILL","is_daily":false,"chose_seed":false,"campfire_upgraded":0,"win_rate":0.0,"timestamp":1610327722,"path_taken":["R","M","?","$","?","?","T","?","E","?","R","M","R","?","M","BOSS","R","M","M","?","?","R","T","M","NM","?","M","$","R","M","M","BOSS","R","M","M","$","?","M"],"items_purchased_type":["Relic","Relic"],"build_version":"2020-12-22","purchased_purges":1,"victory":false,"max_hp_per_floor":[70,70,70,70,70,70,70,70,70,70,80,80,80,80,80,80,80,80,80,80,80,80,80,80,80,80,80,80,80,80,80,80,80,80,80,80,80,80,80,80,80,80],"card_choices":[{"not_picked":["hexamod:EtherealExpedition","hexamod:RainOfEmbers"],"picked":"hexamod:AdvancingGuard","floor":2.0},{"not_picked":["hexamod:Rewind","hexamod:GhostOfSpirePresent"],"picked":"hexamod:Hexaguard","floor":4.0},{"not_picked":["hexamod:InspiringFlames","hexamod:RetreatToShadows"],"picked":"hexamod:Firestarter","floor":5.0},{"not_picked":["hexamod:PhantomCloak","hexamod:ShieldOfDarkness"],"picked":"hexamod:RadiantFlame","floor":8.0},{"not_picked":["hexamod:NightmareGuise","hexamod:FastForward"],"picked":"hexamod:GiftsFromTheDead","floor":9.0},{"not_picked":["hexamod:PhantomFireball","hexamod:RetreatToShadows"],"picked":"hexamod:NightmareStrike","floor":12.0},{"not_picked":["hexamod:AdvancingGuard","hexamod:StepThrough"],"picked":"hexamod:FirstSeal","floor":14.0},{"not_picked":["hexamod:ThermalTransfer","hexamod:HeatShield"],"picked":"hexamod:EtherealExpedition","floor":15.0},{"not_picked":["hexamod:UnleashSpirits","hexamod:GhostflameInferno"],"picked":"hexamod:TimeOfNeed","floor":16.0},{"not_picked":["hexamod:BacktrackSmack","hexamod:SoulSteal"],"picked":"hexamod:SecondSeal","floor":19},{"not_picked":["hexamod:InspiringFlames+1","hexamod:GhostLash+1"],"picked":"hexamod:FastForward","floor":20},{"not_picked":["hexamod:ThermalTransfer","hexamod:InspiringFlames"],"picked":"hexamod:HauntingEcho","floor":25},{"not_picked":["hexamod:ThermalTransfer","hexamod:GhostLash"],"picked":"hexamod:BurningTouch","floor":26},{"not_picked":["hexamod:ShieldOfDarkness","hexamod:SecondSeal"],"picked":"hexamod:ThermalTransfer+1","floor":28},{"not_picked":["hexamod:SwordOfDarkness","hexamod:ThermalTransfer"],"picked":"hexamod:NightmareGuise+1","floor":29},{"not_picked":["hexamod:Firestarter","hexamod:SwordOfDarkness"],"picked":"hexamod:EmpoweredFlame","floor":31},{"not_picked":["hexamod:SwordOfDarkness","hexamod:GhostLash"],"picked":"hexamod:VolcanoVisage","floor":32},{"not_picked":["hexamod:WildfireWeapon","hexamod:SearingWound"],"picked":"hexamod:FifthSeal","floor":33},{"not_picked":["hexamod:FirstSeal","hexamod:SecondSeal"],"picked":"hexamod:ThirdSeal","floor":36},{"not_picked":["hexamod:Firestarter","hexamod:BurningTouch+1"],"picked":"hexamod:GhostOfSpirePast+1","floor":36},{"not_picked":["hexamod:GhostOfSpirePast","hexamod:BacktrackSmack+1"],"picked":"hexamod:CatchUp+1","floor":37},{"not_picked":["hexamod:SecondSeal","hexamod:ThirdSeal"],"picked":"hexamod:FourthSeal","floor":37},{"not_picked":["hexamod:SpectersWail","hexamod:RadiantFlame+1"],"picked":"hexamod:HeatMetal+1","floor":37},{"not_picked":["hexamod:GhostOfSpirePast","hexamod:BacktrackSmack+1"],"picked":"hexamod:GhostflameInferno","floor":38},{"not_picked":["hexamod:StepThrough","hexamod:DynamicBlow+1"],"picked":"hexamod:SpectralAdrenaline","floor":38},{"not_picked":["hexamod:DynamicBlow+1","Carnage+1"],"picked":"hexamod:EmpoweringStance","floor":38},{"not_picked":["hexamod:BurningTouch","Swivel"],"picked":"hexamod:PhantomCloak+1","floor":38},{"not_picked":["hexamod:InspiringFlames","hexamod:GiftsFromTheDead"],"picked":"CrushJoints","floor":38},{"not_picked":["hexamod:PhantomCloak+1","hexamod:SecondSeal"],"picked":"hexamod:HauntingEcho+1","floor":38},{"not_picked":["CrushJoints","hexamod:BurningTouch"],"picked":"Whirlwind+1","floor":38}],"player_experience":606515,"relics_obtained":[{"floor":9.0,"key":"hexamod:MatchstickCase"},{"floor":24,"key":"MealTicket"},{"floor":26,"key":"Matryoshka"},{"floor":27,"key":"Replay:Baseball"},{"floor":27,"key":"Replay:Bottled Flurry"}],"event_choices":[{"damage_healed":0.0,"max_hp_gain":0.0,"max_hp_loss":0.0,"gold_gain":0.0,"event_name":"Lab","player_choice":"Got Potions","floor":3.0,"gold_loss":0.0,"damage_taken":0.0},{"damage_healed":0.0,"max_hp_gain":0.0,"max_hp_loss":0.0,"gold_gain":0.0,"event_name":"Upgrade Shrine","player_choice":"Upgraded","floor":6.0,"gold_loss":0.0,"damage_taken":0.0,"cards_upgraded":["hexamod:Float"]},{"damage_healed":0,"gold_gain":0,"player_choice":"Stole Relic","damage_taken":0,"relics_obtained":["White Beast Statue"],"max_hp_gain":0,"max_hp_loss":0,"event_name":"Addict","floor":22,"gold_loss":0,"cards_obtained":["Shame"]}],"is_beta":false,"boss_relics":[{"not_picked":["Empty Cage","Painkiller Herb"],"picked":"Fusion Hammer"},{"not_picked":["Sozu","Replay:Bronze Core"],"picked":"Replay:Grab Bag"},{"not_picked":["ReplayTheSpireMod:Onyx Gauntlets","Replay:Wanted Poster"],"picked":"hexamod:IceCube"},{"not_picked":["Abe\u0027s Treasure","ChewingGum"],"picked":"Philosopher\u0027s Stone"},{"not_picked":["Snecko Eye","Runic Pyramid"],"picked":"Ring of Chaos"}],"items_purged_floors":[29],"is_endless":true,"potions_floor_spawned":[8,9,25,26,28,29,31,32,33,36,37,38],"killed_by":"Jaw Worm Horde","ascension_level":1}}