{"host":"nia1zwr35jsu5y7h","time":1610389728,"event":{"mods":["2.2 Compatiblity","Abigail Mod","Bard","BaseMod","Colored Map","Conspire","Downfall","Friendly Minions","Hermit","Highlight Path","Hubris","Infinite Spire","Kiyohime????","Koishi","Marisa????????","Minty Spire (QoL Compilation)","Quick Restart","Replay The Spire","Shade Mod","Shop Mod","StSLib","The Administrix","The Animator","The Construct","The Cursed","The Disciple","The Mystic","The Necromancer","The Servant 0.9.4"],"gold_per_floor":[111,111,111,141,164,164,191,191,218,293,308,308,338,360,360,460,460,472,272,272,328,53,53,107,152,152,152,152,244,159,195,195,231,231],"floor_reached":33,"playtime":1807,"items_purged":["animator:Strike_NoGameNoLife"],"score":382,"play_id":"86b3c7f9-b032-4bed-948d-86ce0afa6c7c","local_time":"20210111102848","is_ascension_mode":true,"campfire_choices":[{"data":"animator:DolaStephanie","floor":6,"key":"SMITH"},{"data":"animator:DolaSchwi","floor":8,"key":"SMITH"},{"floor":15,"key":"REST"},{"floor":23,"key":"REST"},{"floor":28,"key":"REST"},{"floor":32,"key":"REST"}],"circlet_count":0,"master_deck":["animator:Defend_NoGameNoLife","animator:Defend","animator:Defend","animator:DolaSchwi","animator:DolaCouronne","animator:Megumin+10","animator:PandorasActor","animator:DolaStephanie+1","animator:DolaSchwi+1","animator:Lancer","animator:Witch","animator:MetalKnight","animator:Albedo","animator:DolaSchwi","animator:DolaStephanie","animator:ChlammyZell","animator:Aqua","conspire:SpireCoStock","conspire:SpireCoStock","conspire:SpireCoStock","conspire:SpireCoStock","animator:Archer","animator:HououinKyouma","animator:CowGirl","animator:GuildGirl","animator:Canti","animator:MetalKnight","animator:Rimuru","infinitespire:SevenWalls","animator:Saber","animator:Lancer"],"relics":["animator:LivingPicture","animator:TheMissingPiece","animator:PurgingStone","NeowsBlessing","Pear","Happy Flower","Shuriken","animator:RacePiece","conspire:Boomerang","BargainBundle","construct:FoamFinger","infinitespire:FocusingShard","hexamod:BolsterEngine","Blood Vial","hubris:Reverence"],"acts_visited":["Exordium","TheCity"],"potions_floor_usage":[21,25,29,31,31,33],"damage_taken":[{"damage":0,"enemies":"Cultist","floor":1,"turns":1},{"damage":0,"enemies":"2 Louse","floor":4,"turns":1},{"damage":0,"enemies":"Small Slimes","floor":5,"turns":1},{"damage":48,"enemies":"Gremlin Nob","floor":7,"turns":6},{"damage":1,"enemies":"3 Louse","floor":11,"turns":2},{"damage":18,"enemies":"Lagavulin","floor":13,"turns":6},{"damage":14,"enemies":"Exordium Thugs","floor":14,"turns":5},{"damage":28,"enemies":"The Guardian","floor":16,"turns":10},{"damage":2,"enemies":"Spheric Guardian","floor":18,"turns":4},{"damage":48,"enemies":"conspire:MimicChest","floor":21,"turns":7},{"damage":32,"enemies":"2 Thieves","floor":24,"turns":4},{"damage":6,"enemies":"Snecko","floor":25,"turns":4},{"damage":10,"enemies":"Nightmare","floor":29,"turns":8},{"damage":0,"enemies":"Replay:Snechameleon","floor":31,"turns":6},{"damage":50,"enemies":"Automaton","floor":33,"turns":8}],"seed_played":"-2006978544580231782","potions_obtained":[{"floor":5,"key":"EssenceOfSteel"},{"floor":7,"key":"BlessingOfTheForge"},{"floor":12,"key":"FairyPotion"},{"floor":13,"key":"Strength Potion"},{"floor":24,"key":"SteroidPotion"},{"floor":31,"key":"Explosive Potion"}],"is_trial":false,"path_per_floor":["M","?","?","M","M","R","E","R","T","?","M","?","E","M","R","B",null,"M","?","?","?","$","R","M","M","T","T","R","NM","?","E","R","B"],"character_chosen":"THE_ANIMATOR","items_purchased":["BargainBundle","animator:HououinKyouma","animator:CowGirl","animator:GuildGirl","animator:Canti"],"campfire_rested":4,"item_purchase_floors":[22,22,22,22,22],"current_hp_per_floor":[66,66,66,66,66,66,28,28,28,17,16,16,22,8,30,3,77,75,75,61,15,15,39,9,3,3,3,27,19,19,21,45,0,0],"gold":231,"neow_bonus":"THREE_ENEMY_KILL","is_daily":false,"chose_seed":false,"campfire_upgraded":2,"win_rate":0.0,"timestamp":1610389728,"path_taken":["M","?","?","M","M","R","E","R","T","?","M","?","E","?","R","BOSS","M","?","?","?","$","R","?","M","T","?","R","NM","?","E","R","BOSS"],"items_purchased_type":["Relic","Card","Card","Card","Card"],"build_version":"2020-12-22","purchased_purges":1,"victory":false,"max_hp_per_floor":[66,66,66,66,66,66,76,76,76,76,76,76,76,76,76,77,77,77,77,82,82,82,82,82,82,82,82,82,82,82,82,82,82,82],"card_choices":[{"not_picked":["animator:HighElfArcher","animator:Demiurge"],"picked":"animator:Megumin","floor":1},{"not_picked":["animator:NarberalGamma","animator:GazelDwargon"],"picked":"animator:PandorasActor","floor":4},{"not_picked":["animator:Jibril","animator:DolaCouronne"],"picked":"animator:DolaStephanie","floor":5},{"not_picked":["animator:DolaCouronne","animator:DolaRiku"],"picked":"animator:DolaSchwi","floor":7},{"not_picked":["animator:KyokoSakura","animator:IrohaTamaki"],"picked":"animator:Lancer","floor":11},{"not_picked":["animator:SuzuneAmano","animator:KyokoSakura"],"picked":"animator:Witch","floor":13},{"not_picked":["animator:PandorasActor","animator:NagisaMomoe"],"picked":"animator:MetalKnight","floor":14},{"not_picked":["animator:Boros","animator:Saitama"],"picked":"animator:Albedo","floor":16},{"not_picked":["animator:Verdia","animator:Mitsurugi"],"picked":"animator:Aqua","floor":18},{"not_picked":["animator:Hakurou","animator:Jibril"],"picked":"animator:Archer","floor":21},{"not_picked":["animator:Verdia","animator:Jibril+1"],"picked":"animator:MetalKnight","floor":24},{"not_picked":["animator:FielNirvalen","animator:Emonzaemon+1"],"picked":"animator:Rimuru","floor":25},{"not_picked":["infinitespire:DeathsTouch","infinitespire:Fortify"],"picked":"infinitespire:SevenWalls","floor":29},{"not_picked":["animator:Millim+1","animator:ChlammyZell"],"picked":"animator:Saber","floor":29},{"not_picked":["animator:Alexander","animator:SakuraMatou"],"picked":"animator:Lancer","floor":31}],"player_experience":2249231,"relics_obtained":[{"floor":7,"key":"Pear"},{"floor":9,"key":"Happy Flower"},{"floor":13,"key":"Shuriken"},{"floor":21,"key":"conspire:Boomerang"},{"floor":26,"key":"construct:FoamFinger"},{"floor":27,"key":"infinitespire:FocusingShard"},{"floor":29,"key":"hexamod:BolsterEngine"},{"floor":31,"key":"hubris:Reverence"}],"event_choices":[{"damage_healed":0,"gold_gain":75,"player_choice":"Gather Gold","damage_taken":11,"max_hp_gain":0,"max_hp_loss":0,"event_name":"World of Goop","floor":10,"gold_loss":0},{"damage_healed":0,"gold_gain":0,"player_choice":"Got Potions","damage_taken":0,"max_hp_gain":0,"max_hp_loss":0,"event_name":"Lab","floor":12,"gold_loss":0},{"damage_healed":0,"gold_gain":0,"player_choice":"Invest 4","damage_taken":0,"max_hp_gain":0,"max_hp_loss":0,"event_name":"conspire:Investor","floor":19,"gold_loss":0},{"damage_healed":0,"gold_gain":0,"player_choice":"Shed Blood","damage_taken":19,"max_hp_gain":5,"max_hp_loss":0,"event_name":"Forgotten Altar","floor":20,"gold_loss":0},{"damage_healed":0,"gold_gain":0,"player_choice":"Obtained Relic","damage_taken":0,"relics_obtained":["Blood Vial"],"max_hp_gain":0,"max_hp_loss":0,"event_name":"Addict","floor":30,"gold_loss":85}],"is_beta":false,"boss_relics":[{"not_picked":["Ring of Chaos","Fusion Hammer"],"picked":"animator:RacePiece"}],"items_purged_floors":[22],"is_endless":false,"potions_floor_spawned":[5,7,13,24,31],"killed_by":"Automaton","ascension_level":1}}