{"host":"ji1fk25fd1ga4ji1","time":1610381850,"event":{"mods":["2.2 Compatiblity","BaseMod","Colored Map","DeckTracker","Minty Spire (QoL Compilation)","Permanent Neow","Quick Restart","StSLib","SuperFastMode"],"gold_per_floor":[115,115,65,80,80,80,120,158,158,66,97,22,62,86,86,86,86],"floor_reached":16,"playtime":372,"items_purged":["Defend_P"],"score":122,"play_id":"45111d0c-e5c9-42c5-909e-985e5079961f","local_time":"20210112011730","is_ascension_mode":true,"campfire_choices":[{"data":"Eruption","floor":6.0,"key":"SMITH"},{"floor":15.0,"key":"REST"}],"circlet_count":0,"master_deck":["Strike_P","Strike_P","Strike_P","Strike_P","Defend_P","Defend_P","Eruption+1","Vigilance","EmptyBody","Consecrate","Evaluate","DeusExMachina","Worship+1","EmptyBody+1","Prostrate+1","Worship+1"],"relics":["Sozu","Golden Idol","Peace Pipe","Odd Mushroom","Toxic Egg 2","Oddly Smooth Stone","Singing Bowl"],"acts_visited":["Exordium"],"potions_floor_usage":[],"damage_taken":[{"damage":2.0,"enemies":"2 Louse","floor":1.0,"turns":3.0},{"damage":3.0,"enemies":"Small Slimes","floor":4.0,"turns":5.0},{"damage":19.0,"enemies":"Gremlin Nob","floor":7.0,"turns":4.0},{"damage":11.0,"enemies":"The Mushroom Lair","floor":8.0,"turns":3.0},{"damage":13.0,"enemies":"3 Sentries","floor":11.0,"turns":12.0},{"damage":9.0,"enemies":"Lagavulin","floor":13.0,"turns":8.0},{"damage":0.0,"enemies":"Cultist","floor":14.0,"turns":3.0},{"damage":6,"enemies":"Hexaghost","floor":16,"turns":9}],"seed_played":"3681245564573899039","potions_obtained":[],"is_trial":false,"path_per_floor":["M","?","?","M","?","R","E","?","T","$","E","$","E","M","R","B"],"character_chosen":"WATCHER","items_purchased":["Worship+1","EmptyBody+1"],"campfire_rested":1,"item_purchase_floors":[10,10],"current_hp_per_floor":[70,52,52,49,72,72,53,42,42,42,29,29,20,20,41,35,35],"gold":86,"neow_bonus":"BOSS_RELIC","is_daily":false,"chose_seed":false,"campfire_upgraded":1,"win_rate":0.0,"timestamp":1610381850,"path_taken":["M","?","?","M","?","R","E","?","T","?","E","$","E","?","R","BOSS"],"items_purchased_type":["Card","Card"],"build_version":"2020-12-22","purchased_purges":1,"victory":false,"max_hp_per_floor":[72,72,72,72,72,72,72,72,72,72,72,72,72,72,72,72,72],"card_choices":[{"not_picked":["SashWhip","Evaluate"],"picked":"EmptyBody","floor":1.0},{"not_picked":["ForeignInfluence","Fasting2"],"picked":"Consecrate","floor":4.0},{"not_picked":["ForeignInfluence","ClearTheMind"],"picked":"Evaluate","floor":7.0},{"not_picked":["DeceiveReality","Meditate"],"picked":"DeusExMachina","floor":8.0},{"not_picked":["BowlingBash","JustLucky","CutThroughFate"],"picked":"SKIP","floor":11.0},{"not_picked":["BowlingBash","ThirdEye+1"],"picked":"Prostrate+1","floor":13.0},{"not_picked":["Tantrum","SandsOfTime"],"picked":"Worship+1","floor":14.0}],"player_experience":471726,"relics_obtained":[{"floor":7.0,"key":"Peace Pipe"},{"floor":8.0,"key":"Odd Mushroom"},{"floor":9.0,"key":"Toxic Egg 2"},{"floor":11.0,"key":"Oddly Smooth Stone"},{"floor":13.0,"key":"Singing Bowl"}],"event_choices":[{"damage_healed":0.0,"max_hp_gain":0.0,"max_hp_loss":0.0,"gold_gain":0.0,"event_name":"Golden Idol","player_choice":"Take Damage","floor":2.0,"gold_loss":0.0,"damage_taken":18.0,"relics_obtained":["Golden Idol"]},{"cards_removed":["Defend_P"],"damage_healed":0.0,"max_hp_gain":0.0,"max_hp_loss":0.0,"gold_gain":0.0,"event_name":"The Cleric","player_choice":"Card Removal","floor":3.0,"gold_loss":50.0,"damage_taken":0.0},{"damage_healed":24.0,"max_hp_gain":0.0,"max_hp_loss":0.0,"gold_gain":0.0,"event_name":"Big Fish","player_choice":"Banana","floor":5.0,"gold_loss":0.0,"damage_taken":0.0},{"damage_healed":0.0,"max_hp_gain":0.0,"max_hp_loss":0.0,"gold_gain":0.0,"event_name":"Mushrooms","player_choice":"Fought Mushrooms","floor":8.0,"gold_loss":0.0,"damage_taken":0.0}],"is_beta":false,"boss_relics":[],"items_purged_floors":[12],"is_endless":false,"potions_floor_spawned":[4,7,11],"killed_by":"Hexaghost","ascension_level":1}}