{"host":"u7lm8z2rvb4dg2oo","time":1610374396,"event":{"mods":["AchievementEnabler","BaseMod","Colored Map","Colored Powertips","Curses Come First","Googly Eyes","Highlight Path","Minty Spire (QoL Compilation)","Quick Restart","StSLib"],"gold_per_floor":[131,93,105,135,167,179,219,243,255,278,300,312,343,355,367,477,489,514,526,463,463,481,481,481,481],"floor_reached":24,"playtime":924,"items_purged":["Strike_G"],"score":228,"play_id":"0d485831-47a2-4425-8533-8d0c6e0702c9","local_time":"20210111091316","is_ascension_mode":true,"campfire_choices":[{"data":"Leg Sweep","floor":6.0,"key":"SMITH"},{"floor":12.0,"key":"REST"},{"data":"Terror","floor":15.0,"key":"SMITH"},{"data":"Envenom","floor":23.0,"key":"SMITH"}],"circlet_count":0,"master_deck":["Strike_G","Defend_G","Defend_G","Defend_G","Defend_G","Defend_G","Survivor","Neutralize","Finisher","Choke","Leg Sweep+1","Blur","Blade Dance","Dash","Terror+1","Envenom+1","Flying Knee+1"],"relics":["Ring of the Snake","MawBank","Blood Vial","Kunai","Pantograph","Black Star"],"acts_visited":["Exordium","TheCity"],"potions_floor_usage":[],"damage_taken":[{"damage":2.0,"enemies":"2 Louse","floor":1.0,"turns":4.0},{"damage":2.0,"enemies":"Small Slimes","floor":4.0,"turns":6.0},{"damage":0.0,"enemies":"Cultist","floor":5.0,"turns":5.0},{"damage":22.0,"enemies":"Gremlin Nob","floor":7.0,"turns":5.0},{"damage":9.0,"enemies":"Exordium Wildlife","floor":8.0,"turns":9.0},{"damage":9.0,"enemies":"Looter","floor":10.0,"turns":3.0},{"damage":7.0,"enemies":"Large Slime","floor":11.0,"turns":5.0},{"damage":4.0,"enemies":"Exordium Wildlife","floor":13.0,"turns":6.0},{"damage":8.0,"enemies":"Hexaghost","floor":16.0,"turns":9.0},{"damage":0.0,"enemies":"3 Byrds","floor":18.0,"turns":9.0},{"damage":0.0,"enemies":"Chosen","floor":22.0,"turns":3.0},{"damage":0,"enemies":"Book of Stabbing","floor":24,"turns":1}],"seed_played":"-2887902882094601547","potions_obtained":[{"floor":5.0,"key":"Explosive Potion"},{"floor":7.0,"key":"Energy Potion"},{"floor":8.0,"key":"PowerPotion"},{"floor":10.0,"key":"EssenceOfSteel"},{"floor":13.0,"key":"SteroidPotion"},{"floor":16.0,"key":"SmokeBomb"},{"floor":18.0,"key":"FearPotion"}],"is_trial":false,"path_per_floor":["M","?","?","M","M","R","E","M","T","M","M","R","M","T","R","B",null,"M","?","$","?","M","R","E"],"character_chosen":"THE_SILENT","items_purchased":[],"campfire_rested":1,"item_purchase_floors":[],"current_hp_per_floor":[68,68,68,66,66,66,44,37,37,30,25,46,44,44,44,62,70,70,70,70,70,70,70,70,70],"gold":481,"neow_bonus":"RANDOM_COMMON_RELIC","is_daily":false,"chose_seed":false,"campfire_upgraded":3,"win_rate":0.0,"timestamp":1610374396,"path_taken":["M","?","?","M","M","R","E","M","T","M","?","R","M","?","R","BOSS","M","?","$","?","M","R","E"],"items_purchased_type":[],"build_version":"2020-12-22","purchased_purges":1,"victory":false,"max_hp_per_floor":[70,70,70,70,70,70,70,70,70,70,70,70,70,70,70,70,70,70,70,70,70,70,70,70,70],"card_choices":[{"not_picked":["PiercingWail","Dodge and Roll"],"picked":"Finisher","floor":1.0},{"not_picked":["Tactician","Acrobatics"],"picked":"Choke","floor":4.0},{"not_picked":["Outmaneuver","Acrobatics"],"picked":"Leg Sweep","floor":5.0},{"not_picked":["Riddle With Holes","Backflip","PiercingWail"],"picked":"SKIP","floor":7.0},{"not_picked":["Quick Slash","Slice"],"picked":"Blur","floor":8.0},{"not_picked":["Deadly Poison","Skewer"],"picked":"Blade Dance","floor":10.0},{"not_picked":["Unload","Underhanded Strike"],"picked":"Dash","floor":11.0},{"not_picked":["Distraction","Skewer"],"picked":"Terror","floor":13.0},{"not_picked":["Venomology","Malaise"],"picked":"Envenom","floor":16.0},{"not_picked":["Deadly Poison","Prepared"],"picked":"Flying Knee+1","floor":18.0},{"not_picked":["Flechettes","Sucker Punch","Bane"],"picked":"SKIP","floor":22.0}],"player_experience":941914,"relics_obtained":[{"floor":7.0,"key":"Blood Vial"},{"floor":9.0,"key":"Kunai"},{"floor":14.0,"key":"Pantograph"}],"event_choices":[{"cards_removed":["Strike_G"],"damage_healed":0.0,"max_hp_gain":0.0,"max_hp_loss":0.0,"gold_gain":0.0,"event_name":"The Cleric","player_choice":"Card Removal","floor":2.0,"gold_loss":50.0,"damage_taken":0.0},{"cards_removed":["Strike_G"],"damage_healed":0.0,"max_hp_gain":0.0,"max_hp_loss":0.0,"gold_gain":0.0,"event_name":"Wheel of Change","player_choice":"Card Removal","floor":3.0,"gold_loss":0.0,"damage_taken":0.0},{"damage_healed":0.0,"max_hp_gain":0.0,"max_hp_loss":0.0,"gold_gain":0.0,"event_name":"Ghosts","player_choice":"Ignored","floor":19.0,"gold_loss":0.0,"damage_taken":0.0},{"cards_removed":["Strike_G"],"damage_healed":0.0,"max_hp_gain":0.0,"max_hp_loss":0.0,"gold_gain":0.0,"event_name":"Back to Basics","player_choice":"Elegance","floor":21.0,"gold_loss":0.0,"damage_taken":0.0}],"is_beta":false,"boss_relics":[{"not_picked":["Ectoplasm","Runic Dome"],"picked":"Black Star"}],"items_purged_floors":[20],"is_endless":false,"potions_floor_spawned":[5,7,8,10,13,16,18],"killed_by":"Book of Stabbing","ascension_level":3}}