{"host":"4amcrcg6ktw8dbzk","time":1610349917,"event":{"mods":["ATMod(°¢èªMod)","BaseMod","Dota2Spire","Minty Spire (QoL Compilation)","MostiFishMod","Spicy Shops","StSLib","Waifu the Spire"],"gold_per_floor":[114,114,34,45,45,45,78,92,92,92,131,158,201,201,201,300,300,363,288,288,288,383,383,485,485,485,593,657,707,289,289,289,438,438,583,697,734,734,385,436,486,588,588,638,724,774,3,141,141,166,336,336,336,13,95,120],"floor_reached":57,"playtime":2188,"items_purged":["Strike_G","Strike_G","Strike_G"],"score":3812,"play_id":"93f000b9-1bcd-4833-802a-e3854b59a2cb","local_time":"20210111152517","is_ascension_mode":true,"campfire_choices":[{"data":"AT_FamilyPortrait","floor":6.0,"key":"SMITH"},{"data":"MostiFishMod:WinterMarkForm","floor":10.0,"key":"SMITH"},{"data":"Bullet Time","floor":15.0,"key":"SMITH"},{"data":"After Image","floor":23.0,"key":"SMITH"},{"data":"Acrobatics","floor":25.0,"key":"SMITH"},{"data":"Phantasmal Killer","floor":32.0,"key":"SMITH"},{"floor":49,"key":"RECALL"},{"data":"Footwork","floor":53,"key":"SMITH"}],"circlet_count":0,"master_deck":["AscendersBane","Strike_G","Defend_G","Defend_G","Defend_G","Defend_G","Survivor","Neutralize","MostiFishMod:FrostNova","MostiFishMod:WinterMarkForm+1","AT_FamilyPortrait+1","MostiFishMod:TheEndOfMoonlight","MostiFishMod:SparklingWater+1","MostiFishMod:FantasySummer","MostiFishMod:NightSea","Dagger Spray","Accuracy","Bullet Time+1","Acrobatics+1","After Image+1","Prepared+1","Acrobatics","AT_Desolate","Phantasmal Killer+1","Footwork+1","Escape Plan","Tools of the Trade","AT_KingSlayer","Acrobatics+1","Prepared+1","AT_KneejerkReflex+1","Blur","Tactician","Backflip","After Image+1","Cloak And Dagger"],"relics":["DaveBox","AT_ATBox","FrostBlade","MoonlightInvasionPlan","SynthV:TestCard","OrangePellets","AT_RedTearstoneRing","Pear","AT_MibuBalloonWealth","HereWithMe","White Beast Statue","AT_BellDemon","Dota2Spire:Desolator","Question Card","AT_DeathDance","Orrery","Ornamental Fan","Nloth\u0027s Gift","ShadowXiaoBlade","Frozen Egg 2","TimeFreeze","Omamori","Dota2Spire:Mjollnir","Dota2Spire:ShivaGuard","Pen Nib","AT_SilvercatRing","Dota2Spire:BattleFury","AT_ChloranthyRing","Dota2Spire:MonkeyKingBar","Bottled Lightning","Dota2Spire:CrimsonGuard","Dota2Spire:MagicBottle"],"acts_visited":["Exordium","TheCity","TheBeyond","TheEnding"],"potions_floor_usage":[33,37,37,46],"damage_taken":[{"damage":0.0,"enemies":"Small Slimes","floor":1.0,"turns":1.0},{"damage":0.0,"enemies":"Cultist","floor":4.0,"turns":3.0},{"damage":0.0,"enemies":"Gremlin Nob","floor":7.0,"turns":2.0},{"damage":0.0,"enemies":"Jaw Worm","floor":8.0,"turns":1.0},{"damage":5.0,"enemies":"Red Slaver","floor":11.0,"turns":3.0},{"damage":5.0,"enemies":"Lagavulin","floor":12.0,"turns":4.0},{"damage":0.0,"enemies":"Blue Slaver","floor":13.0,"turns":1.0},{"damage":0.0,"enemies":"Hexaghost","floor":16.0,"turns":4.0},{"damage":0.0,"enemies":"2 Thieves","floor":18.0,"turns":4.0},{"damage":0.0,"enemies":"3 Byrds","floor":22.0,"turns":4.0},{"damage":0.0,"enemies":"Gremlin Leader","floor":24.0,"turns":3.0},{"damage":0.0,"enemies":"Slavers","floor":27.0,"turns":3.0},{"damage":5.0,"enemies":"Centurion and Healer","floor":28.0,"turns":4.0},{"damage":0.0,"enemies":"Book of Stabbing","floor":29.0,"turns":2.0},{"damage":0.0,"enemies":"Collector","floor":33.0,"turns":6.0},{"damage":7,"enemies":"3 Darklings","floor":35,"turns":3},{"damage":0,"enemies":"3 Shapes","floor":36,"turns":4},{"damage":0,"enemies":"Maw","floor":37,"turns":2},{"damage":0,"enemies":"Giant Head","floor":40,"turns":4},{"damage":0,"enemies":"Mind Bloom Boss Battle","floor":41,"turns":2},{"damage":0,"enemies":"Reptomancer","floor":42,"turns":2},{"damage":0,"enemies":"Sphere and 2 Shapes","floor":45,"turns":4},{"damage":0,"enemies":"Giant Head","floor":46,"turns":2},{"damage":0,"enemies":"Writhing Mass","floor":48,"turns":1},{"damage":0,"enemies":"Time Eater","floor":50,"turns":3},{"damage":0,"enemies":"Awakened One","floor":51,"turns":3},{"damage":0,"enemies":"Shield and Spear","floor":55,"turns":1},{"damage":0,"enemies":"The Heart","floor":56,"turns":1}],"seed_played":"5885338784773364348","potions_obtained":[{"floor":11.0,"key":"Weak Potion"},{"floor":12.0,"key":"DistilledChaos"},{"floor":18.0,"key":"GhostInAJar"},{"floor":28.0,"key":"Dexterity Potion"},{"floor":29.0,"key":"LiquidMemories"},{"floor":33,"key":"Fruit Juice"},{"floor":35,"key":"AttackPotion"},{"floor":37,"key":"ColorlessPotion"},{"floor":40,"key":"DuplicationPotion"},{"floor":46,"key":"Fruit Juice"},{"floor":48,"key":"Energy Potion"}],"is_trial":false,"path_per_floor":["M","?","$","M","?","R","E","M","T","R","M","E","M","?","R","B",null,"M","?","?","T","M","R","E","R","T","E","M","E","$","?","R","B",null,"M","M","M","?","$","E","?","E","T","?","M","E","$","M","R","B","B",null,"R","$","E","B",null],"character_chosen":"THE_SILENT","items_purchased":["OrangePellets","Orrery","Ornamental Fan","TimeFreeze","Omamori","Dota2Spire:MonkeyKingBar","Backflip","Bottled Lightning","Dota2Spire:CrimsonGuard","After Image+1","Cloak And Dagger"],"campfire_rested":0,"item_purchase_floors":[3,30,30,39,39,47,47,47,54,54,54],"current_hp_per_floor":[59,52,52,52,52,52,52,52,62,62,57,52,52,52,52,52,70,70,70,70,70,74,74,74,74,74,76,71,71,71,71,71,76,80,73,73,73,73,73,73,73,77,77,77,77,82,82,82,82,82,82,85,85,85,85,85],"gold":120,"neow_bonus":"BOSS_RELIC","is_daily":false,"chose_seed":false,"campfire_upgraded":7,"win_rate":0.0,"timestamp":1610349917,"path_taken":["M","?","$","M","?","R","E","?","T","R","M","E","M","?","R","BOSS","M","?","?","?","M","R","E","R","T","E","M","E","$","?","R","BOSS","BOSS","M","?","M","?","?","E","?","E","T","?","M","E","$","?","R","BOSS","BOSS","R","$","E","BOSS"],"items_purchased_type":["Relic","Relic","Relic","Relic","Relic","Relic","Card","Relic","Relic","Card","Card"],"build_version":"2020-12-22","purchased_purges":3,"victory":true,"max_hp_per_floor":[66,66,66,66,66,66,66,66,76,76,76,76,76,76,76,76,76,76,76,76,76,76,76,76,76,76,76,76,76,76,76,76,81,81,81,81,81,81,81,81,81,81,81,81,81,86,86,86,86,86,86,86,86,86,86,86],"card_choices":[{"not_picked":["Underhanded Strike","Blade Dance"],"picked":"Dagger Spray","floor":1.0},{"not_picked":["PiercingWail","AT_WindRun","Deadly Poison","Flying Knee","MostiFishMod:PerfectParry"],"picked":"SKIP","floor":4.0},{"not_picked":["Bouncing Flask","Underhanded Strike","Infinite Blades","Expertise","Endless Agony"],"picked":"SKIP","floor":7.0},{"not_picked":["Flying Knee","Dagger Spray","AT_ThistleTea","Dodge and Roll","Catalyst"],"picked":"SKIP","floor":8.0},{"not_picked":["Escape Plan","MostiFishMod:ThornCasing","Reflex","Dodge and Roll"],"picked":"Accuracy","floor":11.0},{"not_picked":["Quick Slash","Caltrops","Backflip","Eviscerate"],"picked":"Bullet Time","floor":12.0},{"not_picked":["Bane","Accuracy","Quick Slash","Calculated Gamble"],"picked":"Acrobatics","floor":13.0},{"not_picked":["Malaise","MostiFishMod:Neurotoxin","Adrenaline","MostiFishMod:Confrontation"],"picked":"After Image","floor":16.0},{"not_picked":["Flying Knee","PiercingWail","Deflect+1","Outmaneuver","Distraction"],"picked":"SKIP","floor":18.0},{"not_picked":["All Out Attack","Cloak And Dagger","Concentrate","AT_ThistleTea"],"picked":"Prepared+1","floor":22.0},{"not_picked":["Bane","Crippling Poison","AT_WindFlip+1","Prepared"],"picked":"Acrobatics","floor":24.0},{"not_picked":["Sucker Punch","Bouncing Flask","Dagger Throw","Deadly Poison"],"picked":"AT_Desolate","floor":27.0},{"not_picked":["Cloak And Dagger","Flying Knee","Bane","Dodge and Roll+1"],"picked":"Phantasmal Killer","floor":28.0},{"not_picked":["Sucker Punch","Prepared","Bane","Poisoned Stab","Endless Agony"],"picked":"SKIP","floor":29.0},{"not_picked":["AT_WindFlip","Dagger Spray","Deflect","AT_WomanClash+1","AT_TinkerSharpsword"],"picked":"Footwork","floor":30.0},{"not_picked":["Catalyst","Terror","Die Die Die","AT_WindFlip","Dagger Spray"],"picked":"Escape Plan","floor":30.0},{"not_picked":["Dash","MostiFishMod:InvigoratingSolution","Finisher","PiercingWail","Cloak And Dagger"],"picked":"Tools of the Trade","floor":30.0},{"not_picked":["MostiFishMod:Confrontation","MostiFishMod:SpreadingSpore","Tools of the Trade","MostiFishMod:HiddenBlade","Unload"],"picked":"AT_KingSlayer","floor":33},{"not_picked":["MostiFishMod:ThornCasing","Poisoned Stab","Deadly Poison","Dagger Spray+1","Backflip","Eviscerate+1"],"picked":"SKIP","floor":35},{"not_picked":["Skewer+1","MostiFishMod:PerfectParry+1","Corpse Explosion","Dagger Throw","Malaise"],"picked":"Acrobatics+1","floor":36},{"not_picked":["Heel Hook","Dagger Spray","AT_MyraUnstableElement","Dodge and Roll","Setup"],"picked":"Prepared+1","floor":37},{"not_picked":["Dodge and Roll","Dagger Throw","Storm of Steel","Bouncing Flask","Deadly Poison","Bane+1"],"picked":"SKIP","floor":40},{"not_picked":["Bane","Catalyst","PiercingWail+1","MostiFishMod:HiddenBlade","Infinite Blades+1"],"picked":"AT_KneejerkReflex+1","floor":41},{"not_picked":["AT_TinkerSharpsword+1","MostiFishMod:PreservedThorns","Deflect","Blade Dance+1","AT_ShadowStep","Underhanded Strike"],"picked":"SKIP","floor":42},{"not_picked":["Sucker Punch","Concentrate","Reflex","Bane","Poisoned Stab"],"picked":"Blur","floor":45},{"not_picked":["Underhanded Strike","Slice+1","Dash+1","Concentrate","Eviscerate"],"picked":"Tactician","floor":46},{"not_picked":["Quick Slash+1","Eviscerate","MostiFishMod:PoisonShield","AT_ArcaneSupremacy+1","Infinite Blades+1","Bouncing Flask"],"picked":"SKIP","floor":48},{"not_picked":["PiercingWail","Eviscerate","Quick Slash+1","MostiFishMod:HiddenBlade","Acrobatics","AT_KingSlayer"],"picked":"SKIP","floor":55}],"player_experience":330354,"relics_obtained":[{"floor":1.0,"key":"SynthV:TestCard"},{"floor":7.0,"key":"AT_RedTearstoneRing"},{"floor":9.0,"key":"Pear"},{"floor":12.0,"key":"AT_MibuBalloonWealth"},{"floor":21.0,"key":"White Beast Statue"},{"floor":24.0,"key":"Bag of Marbles"},{"floor":27.0,"key":"AT_BellDemon"},{"floor":28.0,"key":"Dota2Spire:Desolator"},{"floor":29.0,"key":"Question Card"},{"floor":29.0,"key":"AT_DeathDance"},{"floor":37,"key":"Frozen Egg 2"},{"floor":40,"key":"Dota2Spire:Mjollnir"},{"floor":41,"key":"Dota2Spire:ShivaGuard"},{"floor":42,"key":"Pen Nib"},{"floor":43,"key":"AT_SilvercatRing"},{"floor":45,"key":"Dota2Spire:BattleFury"},{"floor":46,"key":"AT_ChloranthyRing"},{"floor":55,"key":"Dota2Spire:MagicBottle"}],"event_choices":[{"cards_removed":["MostiFishMod:Neptune"],"damage_healed":0.0,"max_hp_gain":0.0,"max_hp_loss":0.0,"gold_gain":0.0,"event_name":"Golden Wing","player_choice":"Card Removal","floor":2.0,"gold_loss":0.0,"damage_taken":7.0},{"damage_healed":0.0,"max_hp_gain":0.0,"max_hp_loss":0.0,"gold_gain":0.0,"event_name":"Upgrade Shrine","player_choice":"Upgraded","floor":5.0,"gold_loss":0.0,"damage_taken":0.0,"cards_upgraded":["MostiFishMod:SparklingWater"]},{"cards_removed":["Strike_G"],"damage_healed":0.0,"max_hp_gain":0.0,"max_hp_loss":0.0,"gold_gain":0.0,"event_name":"Purifier","player_choice":"Purged","floor":14.0,"gold_loss":0.0,"damage_taken":0.0},{"cards_removed":["Defend_G"],"damage_healed":0.0,"max_hp_gain":0.0,"max_hp_loss":0.0,"gold_gain":0.0,"event_name":"Beggar","player_choice":"Gave Gold","floor":19.0,"gold_loss":75.0,"damage_taken":0.0},{"damage_healed":0.0,"max_hp_gain":0.0,"max_hp_loss":0.0,"gold_gain":0.0,"event_name":"Cursed Tome","player_choice":"Ignored","floor":20.0,"gold_loss":0.0,"damage_taken":0.0},{"damage_healed":0.0,"max_hp_gain":0.0,"max_hp_loss":0.0,"gold_gain":0.0,"event_name":"N\u0027loth","player_choice":"Traded Relic","floor":31.0,"relics_lost":["Bag of Marbles"],"gold_loss":0.0,"damage_taken":0.0,"relics_obtained":["Nloth\u0027s Gift"]},{"damage_healed":0,"gold_gain":0,"player_choice":"Memory 1","damage_taken":0,"max_hp_gain":0,"max_hp_loss":0,"event_name":"SensoryStone","floor":38,"gold_loss":0},{"damage_healed":0,"gold_gain":0,"player_choice":"Fight","damage_taken":0,"max_hp_gain":0,"max_hp_loss":0,"event_name":"MindBloom","floor":41,"gold_loss":0},{"damage_healed":0,"gold_gain":50,"player_choice":"Pray","damage_taken":0,"max_hp_gain":0,"max_hp_loss":0,"event_name":"Golden Shrine","floor":44,"gold_loss":0}],"is_beta":false,"boss_relics":[{"not_picked":["ExusiaiGun","Runic Pyramid"],"picked":"HereWithMe"},{"not_picked":["Tiny House","HaiYi:Twilight"],"picked":"ShadowXiaoBlade"}],"items_purged_floors":[30,39,47],"is_endless":false,"potions_floor_spawned":[11,12,16,18,22,24,27,28,29,33,35,36,37,40,41,42,45,46,48,55],"ascension_level":20}}