{"host":"91blwi3hgehj6ch9","time":1610367513,"event":{"mods":["2.2 Compatiblity","AchievementEnabler","BaseMod","Colored Map","DeckTracker","Keyboard Shortcuts","Minty Spire (QoL Compilation)","Permanent Neow","Quick Restart","StSLib","SuperFastMode"],"gold_per_floor":[114,114,114,39,50,50,64,64,64,84,96,26,26,44,44,122,122,136,136,136],"floor_reached":19,"playtime":520,"items_purged":["Defend_G"],"score":278,"play_id":"cc24b821-2a8a-45f5-a8fb-7243681d47ef","local_time":"20210111211833","is_ascension_mode":true,"campfire_choices":[{"data":"Concentrate","floor":6.0,"key":"SMITH"},{"data":"Blade Dance","floor":8.0,"key":"SMITH"},{"data":"Dash","floor":15.0,"key":"SMITH"}],"circlet_count":0,"master_deck":["AscendersBane","Strike_G","Strike_G","Strike_G","Defend_G","Defend_G","Defend_G","Defend_G","Survivor","Neutralize","CurseOfTheBell","Blade Dance+1","Concentrate+1","Dagger Throw","PiercingWail","Flechettes","Escape Plan","Dash+1","Grand Finale","Prepared"],"relics":["Calling Bell","Omamori","Blue Candle","Tough Bandages","CultistMask","HornCleat","HoveringKite"],"acts_visited":["Exordium","TheCity"],"potions_floor_usage":[19],"damage_taken":[{"damage":9.0,"enemies":"Jaw Worm","floor":1.0,"turns":6.0},{"damage":0.0,"enemies":"Cultist","floor":5.0,"turns":4.0},{"damage":0.0,"enemies":"2 Louse","floor":7.0,"turns":3.0},{"damage":0.0,"enemies":"2 Fungi Beasts","floor":10.0,"turns":4.0},{"damage":0.0,"enemies":"Looter","floor":11.0,"turns":3.0},{"damage":4.0,"enemies":"Large Slime","floor":14.0,"turns":8.0},{"damage":27.0,"enemies":"Slime Boss","floor":16.0,"turns":7.0},{"damage":34,"enemies":"Shell Parasite","floor":18,"turns":7},{"damage":0,"enemies":"Chosen","floor":19,"turns":4}],"seed_played":"3314258140980116682","potions_obtained":[{"floor":1.0,"key":"ColorlessPotion"},{"floor":5.0,"key":"Weak Potion"},{"floor":18,"key":"DuplicationPotion"}],"is_trial":false,"path_per_floor":["M","?","?","$","M","R","M","R","T","M","M","$","?","M","R","B",null,"M","M"],"character_chosen":"THE_SILENT","items_purchased":["Dash"],"campfire_rested":0,"item_purchase_floors":[12],"current_hp_per_floor":[50,50,50,50,50,50,50,50,50,50,50,50,50,46,46,19,54,20,20,20],"gold":136,"neow_bonus":"BOSS_RELIC","is_daily":false,"chose_seed":false,"campfire_upgraded":3,"win_rate":0.0,"timestamp":1610367513,"path_taken":["M","?","?","$","?","R","M","R","T","?","M","$","?","?","R","BOSS","M","M"],"items_purchased_type":["Card"],"build_version":"2020-12-22","purchased_purges":1,"victory":false,"max_hp_per_floor":[66,66,66,66,66,66,66,66,66,66,66,66,66,66,66,66,66,66,66,66],"card_choices":[{"not_picked":["Prepared","Burst"],"picked":"Blade Dance","floor":1.0},{"not_picked":["PiercingWail","Prepared"],"picked":"Dagger Throw","floor":5.0},{"not_picked":["Cloak And Dagger","Expertise"],"picked":"PiercingWail","floor":7.0},{"not_picked":["Underhanded Strike","Poisoned Stab"],"picked":"Flechettes","floor":10.0},{"not_picked":["Finisher","Bane"],"picked":"Escape Plan","floor":11.0},{"not_picked":["Bane","Underhanded Strike"],"picked":"Grand Finale","floor":14.0},{"not_picked":["Caltrops","Predator"],"picked":"Prepared","floor":18}],"player_experience":156882,"relics_obtained":[{"floor":0.0,"key":"Omamori"},{"floor":0.0,"key":"Blue Candle"},{"floor":0.0,"key":"Tough Bandages"},{"floor":9.0,"key":"HornCleat"}],"event_choices":[{"damage_healed":0.0,"max_hp_gain":0.0,"max_hp_loss":0.0,"gold_gain":0.0,"cards_transformed":["Strike_G"],"event_name":"Living Wall","player_choice":"Change","floor":2.0,"gold_loss":0.0,"damage_taken":0.0,"cards_obtained":["Concentrate"]},{"damage_healed":0.0,"max_hp_gain":0.0,"max_hp_loss":0.0,"gold_gain":0.0,"event_name":"FaceTrader","player_choice":"Trade","floor":3.0,"gold_loss":0.0,"damage_taken":0.0,"relics_obtained":["CultistMask"]},{"cards_removed":["Strike_G"],"damage_healed":0.0,"max_hp_gain":0.0,"max_hp_loss":0.0,"gold_gain":0.0,"event_name":"Purifier","player_choice":"Purged","floor":13.0,"gold_loss":0.0,"damage_taken":0.0}],"is_beta":false,"boss_relics":[{"not_picked":["Runic Dome","Pandora\u0027s Box"],"picked":"HoveringKite"}],"items_purged_floors":[4],"is_endless":false,"potions_floor_spawned":[1,5,11,14,18],"killed_by":"Chosen","ascension_level":15}}