{"host":"gmh2c2g66mxmprnw","time":1610384101,"event":{"mods":["BaseMod","Friendly Minions","Infinite Spire","Minty Spire (QoL Compilation)","Quick Restart","Relic Stats","Replay The Spire","Shop Mod","StSLib"],"gold_per_floor":[114,114,129,145,161,161,187,42,42,73,93,109,129,164,164,261,261,274,274,289,289,199,199,217,217,267,286,286,315,315,615,615,715,715,733,733,796,796,811,811,838,838,910,927,938,240,268,286,286,382,382,372,378,378,378,378,378,383,383,383,30,30,33,23,21,21,96,96,102,102,102,109,109,109,102,157,157,140,140,140,153,181,181,181,181,73,223,223,105,105,105,17,19,19],"floor_reached":93,"playtime":5266,"items_purged":["Shame","ReplayTheSpireMod:Doomed","Strike_P","Decay","Hallucinations","Defend_P","ReplayTheSpireMod:Restless Dread","Replay:Hysterical Blindness","Looming Evil"],"score":1538,"play_id":"c3548406-2f86-4d28-83c7-04d7f36012e5","local_time":"20210111075501","is_ascension_mode":true,"campfire_choices":[{"data":"Meditate","floor":6.0,"key":"SMITH"},{"data":"Omniscience","floor":15.0,"key":"SMITH"},{"data":"Replay:DivineShield","floor":23.0,"key":"SMITH"},{"data":"infinitespire:Gouge","floor":23.0,"key":"SMITH"},{"data":"SpiritShield","floor":25.0,"key":"SMITH"},{"data":"Replay:Anticipation","floor":25.0,"key":"SMITH"},{"data":"InnerPeace","floor":28.0,"key":"SMITH"},{"data":"Protect","floor":28.0,"key":"SMITH"},{"floor":30.0,"key":"REST"},{"data":"Alpha","floor":32.0,"key":"SMITH"},{"data":"BowlingBash","floor":32.0,"key":"SMITH"},{"floor":40.0,"key":"REST"},{"data":"infinitespire:TheBestDefense","floor":57.0,"key":"SMITH"},{"data":"Establishment","floor":57.0,"key":"SMITH"},{"data":"Specialist","floor":59.0,"key":"SMITH"},{"data":"Meditate","floor":59.0,"key":"SMITH"},{"data":"Panacea","floor":62.0,"key":"SMITH"},{"data":"Fasting2","floor":62.0,"key":"SMITH"},{"data":"Judgement","floor":66.0,"key":"SMITH"},{"data":"LikeWater","floor":66.0,"key":"SMITH"},{"data":"Madness","floor":74.0,"key":"SMITH"},{"data":"Madness","floor":74.0,"key":"SMITH"},{"data":"ThirdEye","floor":80.0,"key":"SMITH"},{"data":"infinitespire:Punishment","floor":80.0,"key":"SMITH"},{"data":"ReplayTheSpireMod:??????????????????????","floor":83.0,"key":"SMITH"},{"data":"Nirvana","floor":83.0,"key":"SMITH"},{"data":"Blasphemy","floor":91,"key":"SMITH"},{"data":"Vigilance","floor":91,"key":"SMITH"}],"circlet_count":0,"master_deck":["Strike_P+1","Strike_P+1","Eruption+1","Vigilance+1","BowlingBash+1","Meditate+1","Protect+1","Omniscience+1","InnerPeace+1","Replay:DivineShield+1","SpiritShield+1","EmptyBody","Replay:Anticipation+1","Alpha+1","Judgement+1","ThirdEye+1","Madness+1","Madness+1","Meditate+1","Fasting2+1","Replay:ManipulateFuture+1","Nirvana+1","EmptyFist","Replay:Vibes+1","infinitespire:TheBestDefense+1","Establishment+1","Panacea+1","LikeWater+1","Poisoned Strike+1","FlurryOfBlows+1","Wish+1","infinitespire:Punishment+1","ReplayTheSpireMod:IOU","ReplayTheSpireMod:IOU","ReplayTheSpireMod:IOU","ReplayTheSpireMod:IOU","ReplayTheSpireMod:Brewmster+1","Fasting2+1","ReplayTheSpireMod:IOU","ReplayTheSpireMod:IOU","ReplayTheSpireMod:IOU","FearNoEvil+1","ReplayTheSpireMod:??????????????????????+1","Study+1","Blasphemy+1","Replay:DivineShield+1","infinitespire:SealOfDarkness+","ReplayTheSpireMod:IOU","ReplayTheSpireMod:IOU","ReplayTheSpireMod:IOU","ReplayTheSpireMod:IOU","ReplayTheSpireMod:IOU","ConjureBlade"],"relics":["PureWater","Regal Pillow","Replay:Accelerometer","PreservedInsect","Oddly Smooth Stone","MealTicket","Replay:Purple Gloves","Replay:Wax Seal","ReplayTheSpireMod:Ninjato","Replay:Arrowhead","infinitespire:EmpoweringShard","Snack Pack","Happy Flower","Yang","Cursed Key","ReplayFunnel","Replay:Bottled Flurry","Divine Protection","MerchantsRug","Ornamental Fan","Lantern","CloakClasp","Replay:Bottled Steam","Blue Doll","Replay:Rubber Ducky","Dream Catcher","MutagenicStrength","Frozen Egg 2","Replay:WaspNest","Damaru","InkBottle","Thread and Needle","Orichalcum","ReplayTheSpireMod:CursedCoin","ReplayTheSpireMod:Ring of Challenge","Replay:Bandana","Strange Spoon","Chemical X"],"acts_visited":["Exordium","TheCity","TheBeyond","Exordium","TheCity","TheBeyond"],"potions_floor_usage":[93],"damage_taken":[{"damage":0.0,"enemies":"Small Slimes","floor":1.0,"turns":3.0},{"damage":2.0,"enemies":"Cultist","floor":3.0,"turns":3.0},{"damage":0.0,"enemies":"2 Louse","floor":4.0,"turns":2.0},{"damage":8.0,"enemies":"Blue Slaver","floor":5.0,"turns":4.0},{"damage":0.0,"enemies":"Lagavulin","floor":7.0,"turns":3.0},{"damage":3.0,"enemies":"3 Sentries","floor":10.0,"turns":3.0},{"damage":9.0,"enemies":"Gremlin Gang","floor":11.0,"turns":2.0},{"damage":0.0,"enemies":"Exordium Wildlife","floor":12.0,"turns":2.0},{"damage":6.0,"enemies":"2 Fungi Beasts","floor":13.0,"turns":2.0},{"damage":0.0,"enemies":"Lagavulin","floor":14.0,"turns":2.0},{"damage":25.0,"enemies":"The Guardian","floor":16.0,"turns":10.0},{"damage":20.0,"enemies":"3 Byrds","floor":18.0,"turns":5.0},{"damage":5.0,"enemies":"2 Thieves","floor":20.0,"turns":4.0},{"damage":0.0,"enemies":"Shelled Parasite and Fungi","floor":24.0,"turns":2.0},{"damage":0.0,"enemies":"3 Cultists","floor":27.0,"turns":4.0},{"damage":17.0,"enemies":"Nightmare","floor":29.0,"turns":5.0},{"damage":0.0,"enemies":"Collector","floor":33.0,"turns":7.0},{"damage":0.0,"enemies":"3 Darklings","floor":35.0,"turns":2.0},{"damage":16.0,"enemies":"3 Shapes","floor":39.0,"turns":3.0},{"damage":12.0,"enemies":"Giant Head","floor":41.0,"turns":7.0},{"damage":0.0,"enemies":"Maw","floor":44.0,"turns":6.0},{"damage":6.0,"enemies":"Jaw Worm Horde","floor":45.0,"turns":4.0},{"damage":4.0,"enemies":"Nemesis","floor":47.0,"turns":3.0},{"damage":3.0,"enemies":"Transient","floor":48.0,"turns":5.0},{"damage":0.0,"enemies":"Donu and Deca","floor":50.0,"turns":1.0},{"damage":7.0,"enemies":"Small Slimes","floor":52.0,"turns":6.0},{"damage":0.0,"enemies":"2 Louse","floor":53.0,"turns":3.0},{"damage":2.0,"enemies":"3 Sentries","floor":58.0,"turns":5.0},{"damage":0.0,"enemies":"Cultist","floor":63.0,"turns":3.0},{"damage":0.0,"enemies":"Blue Slaver","floor":64.0,"turns":4.0},{"damage":0.0,"enemies":"2 Fungi Beasts","floor":65.0,"turns":4.0},{"damage":0.0,"enemies":"The Guardian","floor":67.0,"turns":6.0},{"damage":0.0,"enemies":"Chosen","floor":69.0,"turns":3.0},{"damage":25.0,"enemies":"2 Thieves","floor":78.0,"turns":5.0},{"damage":0.0,"enemies":"Sentry and Sphere","floor":81.0,"turns":1.0},{"damage":0.0,"enemies":"Nightmare","floor":82.0,"turns":1.0},{"damage":0.0,"enemies":"Champ","floor":84.0,"turns":1.0},{"damage":16.0,"enemies":"3 Darklings","floor":86.0,"turns":3.0},{"damage":99991,"enemies":"R_Hoarder","floor":93,"turns":2}],"seed_played":"-7005890236597277266","potions_obtained":[{"floor":3.0,"key":"Regen Potion"},{"floor":5.0,"key":"infinitespire:BlackPotion"},{"floor":10.0,"key":"Explosive Potion"},{"floor":11.0,"key":"Block Potion"},{"floor":24.0,"key":"Swift Potion"},{"floor":33.0,"key":"BottledMiracle"},{"floor":37.0,"key":"Venom Potion"},{"floor":47.0,"key":"Ancient Potion"},{"floor":48.0,"key":"EntropicBrew"},{"floor":50.0,"key":"Block Potion"},{"floor":53.0,"key":"Dexterity Potion"},{"floor":58.0,"key":"SkillPotion"},{"floor":65.0,"key":"LifebloodPotion"},{"floor":69.0,"key":"FearPotion"},{"floor":81.0,"key":"Adrenaline Potion"}],"is_trial":false,"path_per_floor":["M","?","M","M","M","R","E","$","T","E","M","M","M","E","R","B",null,"M","?","M","AVR","?","R","M","R","T","M","R","NM","R","T","R","B",null,"M","?","?","AVR","M","R","E","?","T","M","M","$","E","M","R","B",null,"M","M","?","AVR","?","R","E","R","T","$","R","M","M","M","R","B",null,"M","?","?","$","?","R","$","T","T","M","AVR","R","M","NM","R","B",null,"M","AVR","?","$","?","R","$","E"],"character_chosen":"WATCHER","items_purchased":["PreservedInsect","DollysMirror","MerchantsRug","Study","Ornamental Fan","EmptyFist","Specialist","SkillPotion","Blue Doll","Panacea","Replay:Rubber Ducky","Frozen Egg 2","Fruit Juice","ReplayTheSpireMod:Brewmster+1","Fasting2+1","Replay:WaspNest","Replay:Bandana","Strange Spoon","ConjureBlade","Chemical X"],"campfire_rested":2,"item_purchase_floors":[8,46,46,46,46,46,46,46,61,61,61,72,72,72,75,75,89,89,92,92],"current_hp_per_floor":[72,72,70,70,62,62,62,62,62,59,50,50,44,44,44,19,72,52,52,47,47,47,47,51,51,51,55,55,42,72,72,72,72,72,72,63,63,63,49,72,60,60,60,60,56,71,69,68,68,68,72,65,65,70,70,63,63,61,61,61,76,76,77,77,77,77,77,77,77,77,77,82,82,82,82,82,82,57,57,57,57,57,57,57,79,67,67,67,79,79,79,79,0,0],"gold":19,"neow_bonus":"UPGRADE_CARD","is_daily":false,"chose_seed":false,"campfire_upgraded":26,"win_rate":0.0,"timestamp":1610384101,"path_taken":["M","?","M","M","M","R","E","?","T","E","M","M","M","E","R","BOSS","M","?","M","AVR","?","R","?","R","T","M","R","NM","R","?","R","BOSS","M","?","?","AVR","M","R","E","?","T","M","M","$","E","M","R","BOSS","M","M","?","AVR","?","R","E","R","T","$","R","M","M","?","R","BOSS","BOSS","M","?","?","$","?","R","?","?","T","M","AVR","R","?","NM","R","BOSS","M","AVR","?","$","?","R","$","E"],"items_purchased_type":["Relic","Relic","Relic","Card","Relic","Card","Card","Potion","Relic","Card","Relic","Relic","Potion","Card","Card","Relic","Relic","Relic","Card","Relic"],"build_version":"2020-12-22","purchased_purges":9,"victory":false,"max_hp_per_floor":[72,72,72,72,72,72,72,72,72,72,72,72,72,72,72,72,72,72,72,72,72,72,72,72,72,72,72,72,72,72,72,72,72,72,72,72,72,72,72,72,72,72,72,72,72,72,72,72,72,72,72,72,72,77,77,77,77,77,77,77,77,77,77,77,77,77,77,77,77,77,77,82,82,82,82,82,82,82,82,82,82,82,82,82,79,79,79,79,79,79,79,79,79,79],"relic_stats":{"Regal Pillow":11,"Happy Flower":[31],"counters":[39,140],"Yang":[92],"PreservedInsect":556,"CloakClasp":[82],"Orichalcum":[18],"Cursed Key":4,"Strange Spoon":[1],"Dream Catcher":0,"Ornamental Fan":[24],"MealTicket":42,"Chemical X":[1],"obtain_stats":[{"ReplayFunnel":38,"Replay:Accelerometer":7,"Divine Protection":43,"Regal Pillow":2,"Lantern":55,"Replay:Purple Gloves":14,"Yang":29,"Blue Doll":61,"CloakClasp":58,"Whetstone":37,"Cursed Key":34,"Empty Cage":85,"Old Coin":31,"Replay:Rubber Ducky":61,"Dream Catcher":70,"Replay:Bandana":89,"DollysMirror":46,"MealTicket":10,"Replay:Bottled Flurry":41,"Chemical X":92,"Replay:Wax Seal":17,"InkBottle":77,"Replay:Bottled Steam":60,"Potion Belt":47,"MerchantsRug":46,"ReplayTheSpireMod:Ninjato":17,"Happy Flower":26,"ReplayTheSpireMod:CursedCoin":87,"Astrolabe":68,"Oddly Smooth Stone":9,"Damaru":76,"Thread and Needle":79,"PreservedInsect":8,"Replay:WaspNest":75,"Replay:Ancient Bell":17,"Frozen Egg 2":72,"Orichalcum":82,"Replay:Arrowhead":17,"Strange Spoon":89,"Ornamental Fan":46,"MutagenicStrength":71,"infinitespire:EmpoweringShard":19,"Snack Pack":21,"PureWater":0,"Kintsugi":51,"ReplayTheSpireMod:Ring of Challenge":88},{"ReplayFunnel":18,"Replay:Accelerometer":5,"Divine Protection":20,"Regal Pillow":1,"Lantern":27,"Replay:Purple Gloves":10,"Yang":16,"Blue Doll":28,"CloakClasp":28,"Whetstone":18,"Cursed Key":17,"Empty Cage":37,"Old Coin":16,"Replay:Rubber Ducky":28,"Dream Catcher":33,"Replay:Bandana":38,"DollysMirror":22,"MealTicket":6,"Replay:Bottled Flurry":20,"Chemical X":38,"Replay:Wax Seal":11,"InkBottle":33,"Replay:Bottled Steam":28,"Potion Belt":23,"MerchantsRug":22,"ReplayTheSpireMod:Ninjato":11,"Happy Flower":14,"ReplayTheSpireMod:CursedCoin":38,"Astrolabe":32,"Oddly Smooth Stone":5,"Damaru":33,"Thread and Needle":34,"PreservedInsect":5,"Replay:WaspNest":33,"Replay:Ancient Bell":11,"Frozen Egg 2":33,"Orichalcum":36,"Replay:Arrowhead":11,"Strange Spoon":38,"Ornamental Fan":22,"MutagenicStrength":33,"infinitespire:EmpoweringShard":12,"Snack Pack":13,"PureWater":0,"Kintsugi":25,"ReplayTheSpireMod:Ring of Challenge":38},{"ReplayFunnel":65,"Replay:Accelerometer":15,"Divine Protection":75,"Regal Pillow":3,"Lantern":103,"Replay:Purple Gloves":26,"Yang":56,"Blue Doll":108,"CloakClasp":108,"Whetstone":65,"Cursed Key":63,"Empty Cage":136,"Old Coin":56,"Replay:Rubber Ducky":108,"Dream Catcher":128,"Replay:Bandana":139,"DollysMirror":85,"MealTicket":18,"Replay:Bottled Flurry":75,"Chemical X":139,"Replay:Wax Seal":36,"InkBottle":128,"Replay:Bottled Steam":108,"Potion Belt":88,"MerchantsRug":85,"ReplayTheSpireMod:Ninjato":36,"Happy Flower":47,"ReplayTheSpireMod:CursedCoin":139,"Astrolabe":125,"Oddly Smooth Stone":15,"Damaru":128,"Thread and Needle":133,"PreservedInsect":15,"Replay:WaspNest":128,"Replay:Ancient Bell":36,"Frozen Egg 2":128,"Orichalcum":135,"Replay:Arrowhead":36,"Strange Spoon":139,"Ornamental Fan":85,"MutagenicStrength":128,"infinitespire:EmpoweringShard":41,"Snack Pack":45,"PureWater":0,"Kintsugi":94,"ReplayTheSpireMod:Ring of Challenge":139}],"InkBottle":[5]},"card_choices":[{"not_picked":["Replay:AtTheReady","FlyingSleeves"],"picked":"EmptyBody","floor":1.0},{"not_picked":["SashWhip","WheelKick"],"picked":"BowlingBash","floor":3.0},{"not_picked":["Swivel","Prostrate"],"picked":"Meditate","floor":4.0},{"not_picked":["Protect","MentalFortress"],"picked":"SignatureMove","floor":5.0},{"not_picked":["FlyingSleeves","BowlingBash"],"picked":"Protect","floor":7.0},{"not_picked":["SandsOfTime","Replay:ManipulateFuture"],"picked":"Omniscience","floor":10.0},{"not_picked":["Halt","Wallop","ClearTheMind"],"picked":"SKIP","floor":11.0},{"not_picked":["FlyingSleeves","Fasting2"],"picked":"InnerPeace","floor":12.0},{"not_picked":["ClearTheMind","Replay:BluntJabs","SignatureMove"],"picked":"SKIP","floor":13.0},{"not_picked":["Prostrate","BowlingBash"],"picked":"Replay:DivineShield","floor":14.0},{"not_picked":["Omniscience","Brilliance"],"picked":"SpiritShield","floor":16.0},{"not_picked":["Delirium","Languid"],"picked":"Shame","floor":17.0},{"not_picked":["Replay:Hysterical Blindness","Sickly"],"picked":"ReplayTheSpireMod:Doomed","floor":17.0},{"not_picked":["ReplayTheSpireMod:Faulty Equipment","Voices"],"picked":"Spreading Infection","floor":17.0},{"not_picked":["BowlingBash","SignatureMove","Tantrum"],"picked":"SKIP","floor":18.0},{"not_picked":["CrushJoints+1","CutThroughFate"],"picked":"EmptyBody","floor":20.0},{"not_picked":["WheelKick","Indignation"],"picked":"Replay:Anticipation","floor":24.0},{"not_picked":["FlurryOfBlows+1","PathToVictory","Replay:Cycle"],"picked":"SKIP","floor":27.0},{"not_picked":["FlurryOfBlows+1","PathToVictory","Replay:Cycle"],"picked":"SKIP","floor":27.0},{"not_picked":["FollowUp","ForeignInfluence"],"picked":"Alpha","floor":29.0},{"not_picked":["Omniscience","DeusExMachina"],"picked":"Judgement","floor":33.0},{"not_picked":["Consecrate","FlyingSleeves"],"picked":"ThirdEye","floor":35.0},{"not_picked":["Collect+1","ClearTheMind"],"picked":"Meditate","floor":37.0},{"not_picked":["Halt","CarveReality+1"],"picked":"Fasting2","floor":37.0},{"not_picked":["Alpha","InnerPeace","Swivel+1"],"picked":"SKIP","floor":39.0},{"not_picked":["Alpha","InnerPeace","Swivel+1"],"picked":"SKIP","floor":39.0},{"not_picked":["SashWhip+1","Replay:AtTheReady"],"picked":"Replay:ManipulateFuture+1","floor":41.0},{"not_picked":["Tantrum+1","PathToVictory+1"],"picked":"Nirvana","floor":44.0},{"not_picked":["FlyingSleeves+1","Replay:AtTheReady","Vengeance"],"picked":"SKIP","floor":45.0},{"not_picked":["Protect+1","DeceiveReality"],"picked":"Replay:Vibes+1","floor":47.0},{"not_picked":["DeceiveReality+1","PathToVictory","Replay:ManipulateFuture+1"],"picked":"SKIP","floor":48.0},{"not_picked":["DevaForm","Vault"],"picked":"Establishment","floor":50.0},{"not_picked":["FlyingSleeves","BowlingBash","CarveReality"],"picked":"SKIP","floor":52.0},{"not_picked":["EmptyFist","Sanctity","Replay:Vibes"],"picked":"SKIP","floor":53.0},{"not_picked":["Scrawl","CutThroughFate","EmptyFist"],"picked":"SKIP","floor":58.0},{"not_picked":["Scrawl","CutThroughFate","EmptyFist"],"picked":"SKIP","floor":58.0},{"not_picked":["SashWhip","Replay:BluntJabs","Protect"],"picked":"SKIP","floor":63.0},{"not_picked":["FlurryOfBlows","Swivel","Replay:Anticipation"],"picked":"SKIP","floor":64.0},{"not_picked":["CrushJoints","Replay:DivineShield"],"picked":"LikeWater","floor":65.0},{"not_picked":["Judgement","Omniscience"],"picked":"Replay:AllIn","floor":67.0},{"not_picked":["infinitespire:SevenWalls","infinitespire:FinalStrike"],"picked":"infinitespire:Punishment","floor":68.0},{"not_picked":["FlurryOfBlows","Wallop","SandsOfTime+1"],"picked":"SKIP","floor":69.0},{"not_picked":["FlurryOfBlows","SandsOfTime+1"],"picked":"Wallop","floor":69.0},{"not_picked":["Replay:Battleflow","EmptyBody"],"picked":"FearNoEvil+1","floor":78.0},{"not_picked":["SignatureMove","JustLucky"],"picked":"Study+1","floor":81.0},{"not_picked":["FlyingSleeves+1","Crescendo+1","Replay:ManipulateFuture"],"picked":"SKIP","floor":82.0},{"not_picked":["Replay:LoomingThreat+1","Omniscience"],"picked":"Blasphemy","floor":84.0},{"not_picked":["FollowUp+1","Replay:Cycle"],"picked":"Replay:DivineShield+1","floor":86.0}],"player_experience":2095238,"relics_obtained":[{"floor":7.0,"key":"Replay:Accelerometer"},{"floor":9.0,"key":"Oddly Smooth Stone"},{"floor":10.0,"key":"MealTicket"},{"floor":14.0,"key":"Replay:Purple Gloves"},{"floor":26.0,"key":"Happy Flower"},{"floor":29.0,"key":"Yang"},{"floor":31.0,"key":"Old Coin"},{"floor":37.0,"key":"Whetstone"},{"floor":41.0,"key":"Replay:Bottled Flurry"},{"floor":43.0,"key":"Divine Protection"},{"floor":47.0,"key":"Potion Belt"},{"floor":58.0,"key":"CloakClasp"},{"floor":60.0,"key":"Replay:Bottled Steam"},{"floor":76.0,"key":"Damaru"},{"floor":77.0,"key":"InkBottle"},{"floor":82.0,"key":"Orichalcum"},{"floor":88,"key":"ReplayTheSpireMod:Ring of Challenge"}],"event_choices":[{"cards_removed":["EmptyBody"],"damage_healed":0.0,"max_hp_gain":0.0,"max_hp_loss":0.0,"gold_gain":0.0,"event_name":"WeMeetAgain","player_choice":"Gave Card","floor":2.0,"gold_loss":0.0,"damage_taken":0.0,"relics_obtained":["Regal Pillow"]},{"damage_healed":0.0,"max_hp_gain":0.0,"max_hp_loss":0.0,"gold_gain":0.0,"event_name":"The Mausoleum","player_choice":"Opened","floor":19.0,"gold_loss":0.0,"damage_taken":0.0,"relics_obtained":["infinitespire:EmpoweringShard"]},{"cards_removed":["Spreading Infection"],"damage_healed":0.0,"max_hp_gain":0.0,"max_hp_loss":0.0,"gold_gain":0.0,"event_name":"Designer","player_choice":"Upgrade and Remove","floor":22.0,"gold_loss":90.0,"damage_taken":0.0,"cards_upgraded":["Strike_P"]},{"damage_healed":0.0,"max_hp_gain":0.0,"max_hp_loss":0.0,"gold_gain":0.0,"event_name":"Winding Halls","player_choice":"Embrace Madness","floor":36.0,"gold_loss":0.0,"damage_taken":9.0,"cards_obtained":["Madness","Madness"]},{"damage_healed":0.0,"max_hp_gain":0.0,"max_hp_loss":0.0,"gold_gain":0.0,"event_name":"Match and Keep!","player_choice":"0 cards matched","floor":42.0,"gold_loss":0.0,"damage_taken":0.0,"cards_obtained":[]},{"damage_healed":0.0,"max_hp_gain":5.0,"max_hp_loss":0.0,"gold_gain":0.0,"event_name":"Big Fish","player_choice":"Donut","floor":54.0,"gold_loss":0.0,"damage_taken":0.0},{"damage_healed":0.0,"max_hp_gain":0.0,"max_hp_loss":0.0,"gold_gain":0.0,"event_name":"Wheel of Change","player_choice":"Damaged","floor":56.0,"gold_loss":0.0,"damage_taken":7.0},{"damage_healed":0.0,"max_hp_gain":0.0,"max_hp_loss":0.0,"gold_gain":0.0,"event_name":"Addict","player_choice":"Stole Relic","floor":70.0,"gold_loss":0.0,"damage_taken":0.0,"relics_obtained":["Dream Catcher"],"cards_obtained":["Shame"]},{"damage_healed":0.0,"max_hp_gain":0.0,"max_hp_loss":0.0,"gold_gain":0.0,"event_name":"Drug Dealer","player_choice":"Inject Mutagens","floor":71.0,"gold_loss":0.0,"damage_taken":0.0,"relics_obtained":["MutagenicStrength"]},{"cards_removed":["Shame"],"damage_healed":0.0,"max_hp_gain":0.0,"max_hp_loss":0.0,"gold_gain":0.0,"event_name":"Back to Basics","player_choice":"Elegance","floor":73.0,"gold_loss":0.0,"damage_taken":0.0},{"cards_removed":["Wallop"],"damage_healed":0,"gold_gain":0,"player_choice":"Removed Attack","damage_taken":0,"max_hp_gain":0,"max_hp_loss":0,"event_name":"Falling","floor":90,"gold_loss":0}],"is_beta":false,"boss_relics":[{"not_picked":["ReplayTheSpireMod:SealedPack","Replay:Drink Me"],"picked":"Replay:Ancient Bell"},{"not_picked":["infinitespire:PuzzleCube","ReplayTheSpireMod:TigerMarble"],"picked":"Replay:Wax Seal"},{"not_picked":["Singing Bowl","Question Card"],"picked":"ReplayTheSpireMod:Ninjato"},{"not_picked":["Durian","infinitespire:Joker Card"],"picked":"Replay:Arrowhead"},{"not_picked":["SlaversCollar","Philosopher\u0027s Stone"],"picked":"Cursed Key"},{"not_picked":["Astrolabe","HolyWater"],"picked":"Kintsugi"},{"not_picked":["Honey Jar","infinitespire:Cupcake"],"picked":"Astrolabe"},{"not_picked":["Replay:Bronze Core","Painkiller Herb"],"picked":"Empty Cage"}],"items_purged_floors":[21,38,46,55,61,75,79,87,89],"is_endless":true,"potions_floor_spawned":[3,5,10,11,24,33,41,45,47,48,50,53,58,65,69,81],"killed_by":"R_Hoarder","ascension_level":1}}