{"host":"40f49r155zsx8eqk","time":1610398384,"event":{"mods":["AchievementEnabler","Aspiration","BaseMod","Better Note","Better Sensory Stone","Better Skull","Better Third Choice","Better Vampires","Colored Powertips","Curses Come First","Dota2Spire","Evolution","GifTheSpireLib","Googly Eyes","Gremlin Skip","Halation","Hubris","Infinite Spire","Minty Spire (QoL Compilation)","Relic Sorter","Replay The Spire","Spikes Relics","StSLib","Stuff the Spire","The Gatherer","Uncapped","Unceasing Turn Reminder"],"gold_per_floor":[214,226,71,71,82,82,93,126,152,181,181,216,216,216,216,312,312,327,34,44,44,64,64,80,80,103,119,119,119,119,119,119,223,223,239,239,251,262,282,282,85,85,85,110,110,110,127,127,127,127],"floor_reached":51,"playtime":2058,"items_purged":["BowlingBash","Defend_P"],"score":700,"play_id":"8e936475-78b9-4012-acf1-16770af3aab6","local_time":"20210111235304","is_ascension_mode":true,"campfire_choices":[{"data":"PathToVictory","floor":6,"key":"SMITH"},{"floor":11,"key":"REST"},{"data":"Vault","floor":23,"key":"SMITH"},{"floor":25,"key":"REST"},{"data":"hubris:Fate","floor":29,"key":"SMITH"},{"floor":32,"key":"REST"},{"floor":40,"key":"REST"},{"floor":42,"key":"REST"},{"floor":46,"key":"REST"},{"floor":49,"key":"REST"}],"circlet_count":0,"master_deck":["EmptyFist","Defend_P","Defend_P","Eruption","Vigilance","PathToVictory+1","Steam","Vault+1","CurseOfTheBell","ClearTheMind","Wireheading","hubris:Fate+1","ReplayTheSpireMod:Black Plague","Buffer","infinitespire:Menacing","hubris:Fate+1","hubris:StunningStrike","PathToVictory+1"],"relics":["PureWater","EVO:Axolotl","SpikesRelics:DaevaFist","Bag of Marbles","Dota2Spire:MaskOfMadness","Ancient Tea Set","aspiration:TomeofQuesting","Calling Bell","Centennial Puzzle","Replay:Bottled Eggs","hubris:Spice","Replay:Mystery Machine","Nunchaku","PrismaticShard","betterThird:NestCultRelic","TungstenRod","DollysMirror","Simple Rune"],"acts_visited":["Exordium","TheCity","TheBeyond"],"potions_floor_usage":[10,16,16,33,33,33,38,50],"damage_taken":[{"damage":3,"enemies":"Jaw Worm","floor":1,"turns":4},{"damage":0,"enemies":"2 Louse","floor":2,"turns":2},{"damage":0,"enemies":"Cultist","floor":5,"turns":4},{"damage":0,"enemies":"2 Fungi Beasts","floor":7,"turns":3},{"damage":29,"enemies":"Lagavulin","floor":8,"turns":8},{"damage":8,"enemies":"Replay:BlueRogue","floor":10,"turns":4},{"damage":21,"enemies":"Lagavulin","floor":12,"turns":5},{"damage":24,"enemies":"Hexaghost","floor":16,"turns":6},{"damage":21,"enemies":"2 Thieves","floor":18,"turns":5},{"damage":18,"enemies":"Spheric Guardian","floor":20,"turns":6},{"damage":0,"enemies":"Snake Plant","floor":22,"turns":3},{"damage":0,"enemies":"Chosen and Byrds","floor":24,"turns":4},{"damage":0,"enemies":"Snecko","floor":27,"turns":3},{"damage":0,"enemies":"Automaton","floor":33,"turns":9},{"damage":34,"enemies":"3 Darklings","floor":35,"turns":7},{"damage":4,"enemies":"3 Shapes","floor":37,"turns":5},{"damage":20,"enemies":"Sphere and 2 Shapes","floor":38,"turns":5},{"damage":12,"enemies":"Spire Growth","floor":39,"turns":3},{"damage":5,"enemies":"Nemesis","floor":44,"turns":6},{"damage":84,"enemies":"4 Shapes","floor":47,"turns":6},{"damage":19,"enemies":"hubris:GrandSnecko","floor":50,"turns":2}],"seed_played":"-9104595974960419750","potions_obtained":[{"floor":1,"key":"Energy Potion"},{"floor":2,"key":"Ambrosia"},{"floor":12,"key":"ColorlessPotion"},{"floor":24,"key":"Weak Potion"},{"floor":27,"key":"Ambrosia"},{"floor":33,"key":"Dexterity Potion"},{"floor":35,"key":"Milkshake"},{"floor":39,"key":"SteroidPotion"}],"is_trial":false,"path_per_floor":["M","M","$","?","M","R","M","E","T","E","R","E","?","?","R","B",null,"M","$","M","?","M","R","M","R","T","M","AVR","R","?","?","R","B",null,"M","AVR","M","M","M","R","$","R","T","E","?","R","M","?","R","B",null],"character_chosen":"WATCHER","items_purchased":["SpikesRelics:DaevaFist","LiquidMemories","Replay:Mystery Machine","Wireheading","DollysMirror","Energy Potion"],"campfire_rested":7,"item_purchase_floors":[3,19,19,19,41,41],"current_hp_per_floor":[69,69,69,62,62,62,62,33,33,29,50,29,29,29,50,26,80,59,59,41,41,41,41,41,65,65,65,65,65,65,45,69,69,80,46,46,42,22,10,34,34,58,66,61,61,87,3,3,29,10],"gold":127,"neow_bonus":"HUNDRED_GOLD","is_daily":false,"chose_seed":false,"campfire_upgraded":3,"win_rate":0.0,"timestamp":1610398384,"path_taken":["M","M","$","?","M","R","M","E","T","E","R","E","?","?","R","BOSS","M","$","M","?","M","R","M","R","T","?","AVR","R","?","?","R","BOSS","M","AVR","M","M","M","R","$","R","T","E","?","R","M","?","R","BOSS"],"items_purchased_type":["Relic","Potion","Relic","Card","Relic","Potion"],"build_version":"2020-12-22","purchased_purges":2,"victory":true,"max_hp_per_floor":[72,72,72,72,72,72,72,72,72,72,72,72,72,72,72,72,80,80,80,80,80,80,80,80,80,80,80,80,80,80,80,80,80,80,80,80,80,80,80,80,80,80,88,88,88,88,88,88,88,88],"card_choices":[{"not_picked":["Replay:Anticipation","CutThroughFate","WindmillStrike"],"picked":"SKIP","floor":1},{"not_picked":["Replay:Cycle","SashWhip"],"picked":"PathToVictory","floor":2},{"not_picked":["Wallop","Swivel","Vengeance"],"picked":"SKIP","floor":5},{"not_picked":["Crescendo","FlurryOfBlows","CrushJoints"],"picked":"SKIP","floor":7},{"not_picked":["EmptyBody","WheelKick","FlyingSleeves"],"picked":"SKIP","floor":8},{"not_picked":["Replay:DivineShield","FlurryOfBlows","SpiritShield"],"picked":"SKIP","floor":10},{"not_picked":["DeceiveReality","Wallop","Replay:BluntJabs"],"picked":"SKIP","floor":12},{"not_picked":["DevaForm","SpiritShield"],"picked":"Vault","floor":16},{"not_picked":["Protect","CarveReality"],"picked":"ClearTheMind","floor":18},{"not_picked":["ForeignInfluence","CrushJoints","ThirdEye+1"],"picked":"SKIP","floor":20},{"not_picked":["EmptyFist+1","FollowUp","DeceiveReality+1"],"picked":"SKIP","floor":22},{"not_picked":["Halt","SignatureMove","Replay:AtTheReady+1"],"picked":"SKIP","floor":24},{"not_picked":["SashWhip","Crescendo","ThirdEye+1"],"picked":"SKIP","floor":27},{"not_picked":["infinitespire:DeathsTouch","infinitespire:TheBestDefense"],"picked":"ReplayTheSpireMod:Black Plague","floor":31},{"not_picked":["Gatherer:BlackTea","Gatherer:HeartToFruit"],"picked":"Buffer","floor":33},{"not_picked":["Storm+1","Wild Strike+1","Study+1"],"picked":"SKIP","floor":35},{"not_picked":["Clothesline","Headbutt","Gatherer:Convert"],"picked":"SKIP","floor":37},{"not_picked":["StuffTheSpire:BumpUp+1","Backstab","Heavy Blade"],"picked":"SKIP","floor":38},{"not_picked":["StuffTheSpire:Incineration","Gatherer:WoolGloves","Shrug It Off+1"],"picked":"SKIP","floor":39},{"not_picked":["True Grit","ReplayTheSpireMod:Shiv Toss","Gatherer:TreeGrowth+1"],"picked":"SKIP","floor":44},{"not_picked":["Power Through","WheelKick+1"],"picked":"hubris:StunningStrike","floor":47}],"player_experience":184219,"relics_obtained":[{"floor":8,"key":"Bag of Marbles"},{"floor":9,"key":"Dota2Spire:MaskOfMadness"},{"floor":10,"key":"Ancient Tea Set"},{"floor":12,"key":"aspiration:TomeofQuesting"},{"floor":17,"key":"Centennial Puzzle"},{"floor":17,"key":"Replay:Bottled Eggs"},{"floor":17,"key":"hubris:Spice"},{"floor":26,"key":"Nunchaku"},{"floor":43,"key":"hubris:Spice"},{"floor":44,"key":"Simple Rune"}],"event_choices":[{"cards_removed":["EmptyFist"],"damage_healed":0,"gold_gain":0,"player_choice":"Card Removal","damage_taken":7,"max_hp_gain":0,"max_hp_loss":0,"event_name":"Golden Wing","floor":4,"gold_loss":0},{"cards_removed":["PathToVictory"],"damage_healed":0,"gold_gain":0,"player_choice":"Take \u0026 Give","damage_taken":0,"max_hp_gain":0,"max_hp_loss":0,"event_name":"betterNote:BetterNote","floor":21,"gold_loss":0,"cards_obtained":["hubris:Fate"]},{"damage_healed":0,"gold_gain":0,"player_choice":"Madness","damage_taken":0,"relics_obtained":["betterThird:NestCultRelic"],"max_hp_gain":0,"max_hp_loss":0,"event_name":"betterThird:BetterNest","floor":30,"gold_loss":0},{"cards_removed":["BowlingBash"],"damage_healed":0,"gold_gain":0,"player_choice":"Removed Attack","damage_taken":0,"max_hp_gain":0,"max_hp_loss":0,"event_name":"Falling","floor":45,"gold_loss":0},{"damage_healed":0,"gold_gain":3,"player_choice":"4","damage_taken":0,"max_hp_gain":0,"max_hp_loss":0,"event_name":"betterStone:BetterStone","floor":48,"gold_loss":0,"cards_obtained":["PathToVictory"]}],"is_beta":false,"boss_relics":[{"not_picked":["Philosopher\u0027s Stone","Dota2Spire:Bloodstone"],"picked":"Calling Bell"},{"not_picked":["Replay:Drink Me","Velvet Choker","hubris:Spice"]}],"items_purged_floors":[28,36],"is_endless":false,"potions_floor_spawned":[1,2,12,24,27,33,35,39,47],"ascension_level":2}}