{"host":"gzsdmyo07u314vug","time":1610409394,"event":{"mods":["2.2 Compatiblity","BaseMod","Downfall","GifTheSpireLib","Minty Spire (QoL Compilation)","Quick Restart","Rare Cards Sparkle","Relic Stats","Replay The Spire","Robot Space Explorer","Shop Mod","StSLib","The Bug Knight","The Construct","The Elementalist","The IronCluck","The Marked","The Servant 0.9.4","Unceasing Turn Reminder","everything is the same but u backflip on backflip","slay the spire mod where everything is the same but ironclad has a cowboy hat","vexMod"],"gold_per_floor":[115,131,144,144,69,99,112,112,136,136,147,159,159,177,177,277,277,289,309,309,75,75,75,86,98,98,118,118,118,118,143,143,238,238,252,270,283,152,166,166,116,116,116,66,66,166,180,198,198,198],"floor_reached":51,"playtime":3121,"items_purged":["Delirium","theMarked:Strike","theMarked:Strike","theMarked:Strike","theMarked:Strike"],"score":777,"play_id":"d09aa42e-8ebc-45ba-a150-6314d0940d2b","local_time":"20210111205634","is_ascension_mode":true,"campfire_choices":[{"data":"theMarked:SoldierOfQuellstein","floor":8.0,"key":"SMITH"},{"floor":10.0,"key":"REST"},{"data":"theMarked:EmpowerWeapon","floor":13.0,"key":"SMITH"},{"data":"theMarked:Strike","floor":15.0,"key":"PURGE"},{"data":"theMarked:TakeCover","floor":23.0,"key":"SMITH"},{"data":"1","floor":28.0,"key":"LIFT"},{"data":"2","floor":30.0,"key":"LIFT"},{"data":"3","floor":32.0,"key":"LIFT"},{"floor":40.0,"key":"REST"},{"data":"theMarked:ThrowWeapon","floor":42.0,"key":"SMITH"},{"data":"theMarked:ChannelForce","floor":45.0,"key":"SMITH"},{"floor":49.0,"key":"REST"}],"circlet_count":0,"master_deck":["theMarked:Defend","theMarked:Defend","theMarked:Defend","theMarked:Defend","theMarked:SoldierOfQuellstein+1","theMarked:EternalStudent","theMarked:EmpowerWeapon+1","theMarked:TakeCover+1","theMarked:ElectricStrings+1","theMarked:RepellingDischarge+1","theMarked:SwordAndMagic+1","theMarked:Parry+1","theMarked:ChannelForce+1","theMarked:AttractMetal+1","theMarked:Reabsorb","Secret Technique+1","theMarked:FavorableWinds+1","theMarked:ThrowWeapon+1","Parasite"],"relics":["theMarked:ArtifactOfAir","Smiling Mask","Pet Ghost","construct:WeddingRing","Girya","ReplayFunnel","vexMod:ImprovementManual","Toxic Egg 2"],"acts_visited":["Exordium","TheCity","TheBeyond"],"potions_floor_usage":[50,50,50],"damage_taken":[{"damage":6.0,"enemies":"Jaw Worm","floor":1.0,"turns":4.0},{"damage":0.0,"enemies":"Cultist","floor":2.0,"turns":2.0},{"damage":5.0,"enemies":"Small Slimes","floor":3.0,"turns":3.0},{"damage":26.0,"enemies":"Lagavulin","floor":6.0,"turns":6.0},{"damage":0.0,"enemies":"Exordium Wildlife","floor":7.0,"turns":3.0},{"damage":0.0,"enemies":"Exordium Thugs","floor":11.0,"turns":3.0},{"damage":0.0,"enemies":"Blue Slaver","floor":12.0,"turns":4.0},{"damage":3.0,"enemies":"Lots of Slimes","floor":14.0,"turns":5.0},{"damage":11.0,"enemies":"Slime Boss","floor":16.0,"turns":7.0},{"damage":0.0,"enemies":"Spheric Guardian","floor":18.0,"turns":3.0},{"damage":8.0,"enemies":"2 Thieves","floor":19.0,"turns":3.0},{"damage":0.0,"enemies":"Centurion and Healer","floor":24.0,"turns":5.0},{"damage":14.0,"enemies":"Snake Plant","floor":25.0,"turns":3.0},{"damage":5.0,"enemies":"Cultist and Chosen","floor":27.0,"turns":4.0},{"damage":2.0,"enemies":"Gremlin Leader","floor":31.0,"turns":5.0},{"damage":24.0,"enemies":"Pondfish","floor":33.0,"turns":11.0},{"damage":6.0,"enemies":"3 Darklings","floor":35.0,"turns":6.0},{"damage":10.0,"enemies":"Orb Walker","floor":36.0,"turns":3.0},{"damage":12.0,"enemies":"Spire Growth","floor":37.0,"turns":6.0},{"damage":9.0,"enemies":"4 Shapes","floor":39.0,"turns":3.0},{"damage":3.0,"enemies":"Writhing Mass","floor":47.0,"turns":4.0},{"damage":3.0,"enemies":"3 Darklings","floor":48.0,"turns":7.0},{"damage":61,"enemies":"Replay:Hell Engine","floor":50,"turns":7}],"seed_played":"-4562667004233102445","potions_obtained":[{"floor":2.0,"key":"Slimebound:ThreeZeroPotion"},{"floor":4.0,"key":"Fire Potion"},{"floor":4.0,"key":"Venom Potion"},{"floor":11.0,"key":"Strength Potion"},{"floor":16.0,"key":"Explosive Potion"},{"floor":24.0,"key":"AttackPotion"},{"floor":33.0,"key":"CultistPotion"},{"floor":39.0,"key":"Adrenaline Potion"}],"is_trial":false,"path_per_floor":["M","M","M","?","$","E","M","R","T","R","M","M","R","M","R","B",null,"M","M","?","$","?","R","M","M","T","M","R","?","R","E","R","B",null,"M","M","M","$","M","R","$","R","T","$","R","?","M","M","R","B",null],"character_chosen":"THE_DEFAULT","items_purchased":["Secret Technique","theMarked:ThrowWeapon"],"campfire_rested":3,"item_purchase_floors":[21,38],"current_hp_per_floor":[64,64,59,59,59,33,33,33,33,54,54,54,54,51,51,40,70,70,62,62,62,62,62,62,48,48,43,43,43,43,41,41,17,70,64,54,42,42,33,54,54,54,54,54,54,54,51,48,69,8],"gold":198,"neow_bonus":"THREE_RARE_CARDS","is_daily":false,"chose_seed":false,"campfire_upgraded":5,"win_rate":0.0,"timestamp":1610409394,"path_taken":["M","M","M","?","$","E","M","R","T","R","M","M","R","?","R","BOSS","M","M","?","$","?","R","?","M","T","M","R","?","R","E","R","BOSS","M","M","M","$","M","R","?","R","T","$","R","?","M","M","R","BOSS"],"items_purchased_type":["Card","Card"],"build_version":"2020-12-22","purchased_purges":5,"victory":true,"max_hp_per_floor":[70,70,70,70,70,70,70,70,70,70,70,70,70,70,70,70,70,70,70,70,70,70,70,70,70,70,70,70,70,70,70,70,70,70,70,70,70,70,70,70,70,70,70,70,70,70,70,70,70,70],"relic_stats":{"counters":[23,107],"Smiling Mask":350,"obtain_stats":[{"ReplayFunnel":31,"theMarked:ArtifactOfAir":0,"Girya":26,"construct:WeddingRing":17,"Toxic Egg 2":43,"Smiling Mask":6,"Pet Ghost":9,"vexMod:ImprovementManual":34},{"ReplayFunnel":15,"theMarked:ArtifactOfAir":0,"Girya":13,"construct:WeddingRing":9,"Toxic Egg 2":20,"Smiling Mask":4,"Pet Ghost":5,"vexMod:ImprovementManual":16},{"ReplayFunnel":60,"theMarked:ArtifactOfAir":0,"Girya":51,"construct:WeddingRing":37,"Toxic Egg 2":89,"Smiling Mask":15,"Pet Ghost":18,"vexMod:ImprovementManual":71}]},"card_choices":[{"not_picked":["theMarked:SuspiciousRaven","theMarked:MuscleMemory"],"picked":"theMarked:EternalStudent","floor":0.0},{"not_picked":["theMarked:WardOff","theMarked:BanishingStrike"],"picked":"theMarked:EmpowerWeapon","floor":1.0},{"not_picked":["theMarked:HeightenedSenses","theMarked:Aftermath"],"picked":"theMarked:TakeCover","floor":2.0},{"not_picked":["theMarked:BanishingWave","theMarked:EmpowerWeapon"],"picked":"theMarked:ElectricStrings","floor":3.0},{"not_picked":["theMarked:KeepCalmAndFightOn","theMarked:Aftermath","theMarked:ChainLightning"],"picked":"SKIP","floor":6.0},{"not_picked":["theMarked:HeightenedSenses","theMarked:SwordAndMagic","theMarked:ReduceFriction"],"picked":"SKIP","floor":7.0},{"not_picked":["theMarked:ShockingTouch","theMarked:WastefulDefense"],"picked":"theMarked:RepellingDischarge","floor":11.0},{"not_picked":["theMarked:RepellingDischarge","theMarked:Static"],"picked":"theMarked:SwordAndMagic","floor":12.0},{"not_picked":["theMarked:BanishingStrike","theMarked:Polarize"],"picked":"theMarked:Parry","floor":14.0},{"not_picked":["theMarked:Vacuum","theMarked:DispelDoubt"],"picked":"theMarked:ChannelForce","floor":16.0},{"not_picked":["theMarked:SwordAndMagic","theMarked:WastefulAttack"],"picked":"theMarked:AttractMetal+1","floor":18.0},{"not_picked":["theMarked:Frustration","theMarked:HeightenedSenses"],"picked":"theMarked:Reabsorb","floor":19.0},{"not_picked":["theMarked:Aftermath","theMarked:ChainLightning","theMarked:Static"],"picked":"SKIP","floor":24.0},{"not_picked":["theMarked:WastefulAttack+1","theMarked:TwofoldDefense","theMarked:ResourceFulStrike+1"],"picked":"SKIP","floor":25.0},{"not_picked":["theMarked:EmpowerWeapon+1","theMarked:ReduceFriction+1"],"picked":"theMarked:FavorableWinds","floor":27.0},{"not_picked":["theMarked:Parry","theMarked:ParalyzingBlade","theMarked:ResourceFulStrike"],"picked":"SKIP","floor":31.0},{"not_picked":["theMarked:Reabsorb+1","theMarked:Improvise","theMarked:ElectricStrings"],"picked":"SKIP","floor":35.0},{"not_picked":["theMarked:Polarize+1","theMarked:RepellingDischarge","theMarked:Frustration"],"picked":"SKIP","floor":36.0},{"not_picked":["theMarked:BanishingStrike","theMarked:KeepCalmAndFightOn+1","theMarked:ShockingTouch+1"],"picked":"SKIP","floor":37.0},{"not_picked":["theMarked:Overcharge+1","theMarked:WastefulAttack+1","theMarked:Convert"],"picked":"SKIP","floor":39.0},{"not_picked":["theMarked:WardOff+1","theMarked:Frustration+1","theMarked:EmpowerWeapon+1"],"picked":"SKIP","floor":47.0},{"not_picked":["theMarked:WardOff+1","theMarked:WastefulDefense+1","theMarked:LightningStrikesTwice+1"],"picked":"SKIP","floor":48.0}],"player_experience":707839,"relics_obtained":[{"floor":6.0,"key":"Smiling Mask"},{"floor":9.0,"key":"Pet Ghost"},{"floor":26.0,"key":"Girya"},{"floor":31.0,"key":"ReplayFunnel"},{"floor":43.0,"key":"Toxic Egg 2"}],"event_choices":[{"damage_healed":0.0,"max_hp_gain":0.0,"max_hp_loss":0.0,"gold_gain":0.0,"event_name":"Lab","player_choice":"Got Potions","floor":4.0,"gold_loss":0.0,"damage_taken":0.0},{"damage_healed":0.0,"max_hp_gain":0.0,"max_hp_loss":0.0,"gold_gain":0.0,"event_name":"Vampires","player_choice":"Ignored","floor":20.0,"gold_loss":0.0,"damage_taken":0.0},{"damage_healed":0.0,"max_hp_gain":0.0,"max_hp_loss":0.0,"gold_gain":0.0,"event_name":"Accursed Blacksmith","player_choice":"Forge","floor":22.0,"gold_loss":0.0,"damage_taken":0.0,"cards_upgraded":["Secret Technique"]},{"damage_healed":0.0,"max_hp_gain":0.0,"max_hp_loss":0.0,"gold_gain":0.0,"event_name":"Transmorgrifier","player_choice":"Ignored","floor":29.0,"gold_loss":0.0,"damage_taken":0.0},{"damage_healed":0.0,"max_hp_gain":0.0,"max_hp_loss":0.0,"gold_gain":100.0,"event_name":"Golden Shrine","player_choice":"Pray","floor":46.0,"gold_loss":0.0,"damage_taken":0.0}],"is_beta":false,"boss_relics":[{"not_picked":["Busted Crown","Calling Bell"],"picked":"construct:WeddingRing"},{"not_picked":["Fusion Hammer","construct:ClawGrip"],"picked":"vexMod:ImprovementManual"}],"items_purged_floors":[5,21,38,41,44],"is_endless":false,"potions_floor_spawned":[2,6,11,16,24,25,33,39],"ascension_level":1}}