{"host":"yecadp3kwkksam5a","time":1610368931,"event":{"mods":["BaseMod","Minty Spire (QoL Compilation)","StSLib","The Cursed"],"gold_per_floor":[119,138,155,174,174,174,174],"floor_reached":6,"playtime":288,"items_purged":[],"score":42,"play_id":"e06ef8ef-4a5d-4a04-9818-e7b26301f2c7","local_time":"20210111214211","is_ascension_mode":true,"campfire_choices":[],"circlet_count":0,"master_deck":["TheCursedMod:Strike_TheCursed","TheCursedMod:Strike_TheCursed","TheCursedMod:Strike_TheCursed+1","TheCursedMod:Strike_TheCursed","TheCursedMod:Defend_TheCursed","TheCursedMod:Defend_TheCursed","TheCursedMod:Defend_TheCursed","TheCursedMod:Defend_TheCursed","TheCursedMod:CursedWand","TheCursedMod:CleanUpWorkshop","TheCursedMod:Dregs","CurseOfTheBell","TheCursedMod:StingEye+1","TheCursedMod:HellfireBreathing","TheCursedMod:EmpowerCircles","TheCursedMod:CursedStaff"],"relics":["Calling Bell","Centennial Puzzle","Letter Opener","Ginger"],"acts_visited":["Exordium"],"potions_floor_usage":[4],"damage_taken":[{"damage":0.0,"enemies":"Small Slimes","floor":1.0,"turns":3.0},{"damage":1.0,"enemies":"2 Louse","floor":2.0,"turns":2.0},{"damage":2.0,"enemies":"Jaw Worm","floor":3.0,"turns":4.0},{"damage":22,"enemies":"Gremlin Gang","floor":4,"turns":4},{"damage":13,"enemies":"3 Sentries","floor":6,"turns":4}],"seed_played":"3823418858574708142","potions_obtained":[{"floor":1.0,"key":"Regen Potion"},{"floor":3,"key":"DistilledChaos"},{"floor":4,"key":"SpeedPotion"}],"is_trial":false,"path_per_floor":["M","M","M","M","?","E"],"character_chosen":"THE_CURSED","items_purchased":[],"campfire_rested":0,"item_purchase_floors":[],"current_hp_per_floor":[75,74,72,50,35,22,22],"gold":174,"neow_bonus":"BOSS_RELIC","is_daily":false,"chose_seed":false,"campfire_upgraded":0,"win_rate":0.0,"timestamp":1610368931,"path_taken":["M","M","M","M","?","E"],"items_purchased_type":[],"build_version":"2020-12-22","purchased_purges":0,"victory":false,"max_hp_per_floor":[75,75,75,75,75,75,75],"card_choices":[{"not_picked":["TheCursedMod:SaltUponWound","TheCursedMod:ManaBullet"],"picked":"TheCursedMod:StingEye","floor":1.0},{"not_picked":["TheCursedMod:CursedMace","TheCursedMod:RavingStaff"],"picked":"TheCursedMod:HellfireBreathing","floor":2.0},{"not_picked":["TheCursedMod:Wield","TheCursedMod:StingEye"],"picked":"TheCursedMod:EmpowerCircles","floor":3},{"not_picked":["TheCursedMod:CursedBlade","TheCursedMod:SpitefulPray"],"picked":"TheCursedMod:CursedStaff","floor":4}],"player_experience":491588,"relics_obtained":[{"floor":0.0,"key":"Centennial Puzzle"},{"floor":0.0,"key":"Letter Opener"},{"floor":0.0,"key":"Ginger"}],"event_choices":[{"damage_healed":0,"gold_gain":0,"player_choice":"Entered Light","damage_taken":15,"max_hp_gain":0,"max_hp_loss":0,"event_name":"Shining Light","floor":5,"gold_loss":0,"cards_upgraded":["TheCursedMod:Strike_TheCursed","TheCursedMod:StingEye"]}],"is_beta":false,"boss_relics":[],"items_purged_floors":[],"is_endless":false,"potions_floor_spawned":[1,3,4],"killed_by":"3 Sentries","ascension_level":2}}