{"host":"ELF","time":1610345480,"event":{"mods":["BaseMod","Minty Spire (QoL Compilation)"],"gold_per_floor":[113,131,143,158,74,74,100,162,187,187,187,187],"floor_reached":11,"playtime":494,"items_purged":[],"score":146,"play_id":"e4ba51f0-6940-4193-8cb6-ef4ae957f85e","local_time":"20210111001120","is_ascension_mode":true,"campfire_choices":[{"floor":6,"key":"REST"}],"circlet_count":0,"master_deck":["AscendersBane","Strike_G","Strike_G","Strike_G","Strike_G","Strike_G","Defend_G","Defend_G","Defend_G","Defend_G","Defend_G","Survivor","Neutralize","Eviscerate","Underhanded Strike","Acrobatics","Dash","Bullet Time","Blade Dance"],"relics":["SlaversCollar","Vajra","Ancient Tea Set","Blood Vial","Juzu Bracelet"],"acts_visited":["Exordium"],"potions_floor_usage":[7],"damage_taken":[{"damage":0,"enemies":"2 Louse","floor":1,"turns":3},{"damage":21,"enemies":"Jaw Worm","floor":2,"turns":9},{"damage":8,"enemies":"Cultist","floor":3,"turns":4},{"damage":0,"enemies":"2 Fungi Beasts","floor":4,"turns":4},{"damage":22,"enemies":"Lagavulin","floor":7,"turns":6},{"damage":19,"enemies":"3 Sentries","floor":8,"turns":10},{"damage":10,"enemies":"3 Sentries","floor":11,"turns":2}],"seed_played":"5739912212195537281","potions_obtained":[{"floor":2,"key":"CultistPotion"},{"floor":4,"key":"SpeedPotion"}],"is_trial":false,"path_per_floor":["M","M","M","M","$","R","E","?","T","T","E"],"character_chosen":"THE_SILENT","items_purchased":["Dash"],"campfire_rested":1,"item_purchase_floors":[5],"current_hp_per_floor":[59,38,30,30,30,49,27,8,8,8,0,0],"gold":187,"neow_bonus":"BOSS_RELIC","is_daily":false,"chose_seed":false,"campfire_upgraded":0,"win_rate":0.0,"timestamp":1610345480,"path_taken":["M","M","M","M","$","R","E","?","T","?","E"],"items_purchased_type":["Card"],"build_version":"2020-12-18","purchased_purges":0,"victory":false,"max_hp_per_floor":[66,66,66,66,66,66,66,66,66,66,66,66],"card_choices":[{"not_picked":["Bane","Dodge and Roll","Outmaneuver"],"picked":"SKIP","floor":1},{"not_picked":["Deflect","Heel Hook"],"picked":"Eviscerate","floor":2},{"not_picked":["Venomology","Dagger Spray"],"picked":"Underhanded Strike","floor":3},{"not_picked":["Infinite Blades","Blade Dance"],"picked":"Acrobatics","floor":4},{"not_picked":["Noxious Fumes","Sucker Punch"],"picked":"Bullet Time","floor":7},{"not_picked":["Heel Hook","Noxious Fumes"],"picked":"Blade Dance","floor":8}],"player_experience":3169353,"relics_obtained":[{"floor":7,"key":"Vajra"},{"floor":8,"key":"Ancient Tea Set"},{"floor":9,"key":"Blood Vial"},{"floor":10,"key":"Juzu Bracelet"}],"event_choices":[{"damage_healed":0,"gold_gain":30,"player_choice":"Searched \u00272\u0027 times","damage_taken":0,"max_hp_gain":0,"max_hp_loss":0,"event_name":"Dead Adventurer","floor":8,"gold_loss":0}],"is_beta":true,"boss_relics":[],"items_purged_floors":[],"is_endless":false,"potions_floor_spawned":[2,4],"killed_by":"3 Sentries","ascension_level":20}}