{"host":"sav7uxregyirlf69","time":1610335005,"event":{"mods":["AchievementEnabler","BaseMod","Colored Map","DeckTracker","Keyboard Shortcuts","Minty Spire (QoL Compilation)","READ ME - Guardian Mod","StSLib","SuperFastMode"],"gold_per_floor":[118,138,156,58,74,74,74,108,108,108,119,129,141,152,152,252,252,265,297,316,316,316,316],"floor_reached":22,"playtime":451,"items_purged":["Strike_B"],"score":285,"play_id":"e483b392-7622-4a49-bae2-c038ae8f14ea","local_time":"20210111121645","is_ascension_mode":true,"campfire_choices":[{"floor":6,"key":"REST"},{"floor":15,"key":"REST"}],"circlet_count":0,"master_deck":["AscendersBane","Strike_B","Defend_B","Defend_B","Defend_B","Zap","Dualcast","Buffer","Streamline","Rebound","Skim","Cold Snap","Coolheaded","Gash","Gash","All For One","Go for the Eyes","Steam","Recycle","Beam Cell","Steam"],"relics":["Cracked Core","Anchor","Darkstone Periapt","Black Star","Red Mask"],"acts_visited":["Exordium","TheCity"],"potions_floor_usage":[8,16,20],"damage_taken":[{"damage":0,"enemies":"Cultist","floor":1,"turns":3},{"damage":1,"enemies":"2 Louse","floor":2,"turns":2},{"damage":12,"enemies":"Jaw Worm","floor":3,"turns":2},{"damage":22,"enemies":"Large Slime","floor":5,"turns":4},{"damage":13,"enemies":"3 Sentries","floor":8,"turns":6},{"damage":2,"enemies":"Looter","floor":11,"turns":3},{"damage":8,"enemies":"Exordium Wildlife","floor":12,"turns":4},{"damage":1,"enemies":"Blue Slaver","floor":13,"turns":2},{"damage":0,"enemies":"Looter","floor":14,"turns":4},{"damage":9,"enemies":"The Guardian","floor":16,"turns":8},{"damage":14,"enemies":"Shell Parasite","floor":18,"turns":5},{"damage":36,"enemies":"Masked Bandits","floor":19,"turns":5},{"damage":6,"enemies":"3 Byrds","floor":20,"turns":3},{"damage":9,"enemies":"Snake Plant","floor":22,"turns":2}],"seed_played":"6235670748901784900","potions_obtained":[{"floor":2,"key":"SmokeBomb"},{"floor":3,"key":"PotionOfCapacity"},{"floor":5,"key":"Dexterity Potion"},{"floor":8,"key":"LiquidBronze"},{"floor":14,"key":"CultistPotion"}],"is_trial":false,"path_per_floor":["M","M","M","$","M","R","?","E","T","?","M","M","M","M","R","B",null,"M","?","M","?","M"],"character_chosen":"DEFECT","items_purchased":["Cold Snap"],"campfire_rested":2,"item_purchase_floors":[4],"current_hp_per_floor":[50,49,37,37,15,37,37,24,24,24,22,14,13,13,35,26,63,49,13,7,7,0,0],"gold":316,"neow_bonus":"TRANSFORM_TWO_CARDS","is_daily":false,"chose_seed":false,"campfire_upgraded":0,"win_rate":0.0,"timestamp":1610335005,"path_taken":["M","M","M","?","M","R","?","E","T","?","M","M","?","M","R","BOSS","M","?","M","?","M"],"items_purchased_type":["Card"],"build_version":"2020-12-22","purchased_purges":1,"victory":false,"max_hp_per_floor":[75,75,75,75,75,75,75,75,75,75,75,75,75,75,75,75,75,75,75,75,75,75,75],"card_choices":[{"not_picked":["Go for the Eyes","Undo"],"picked":"Rebound","floor":1},{"not_picked":["Redo","Barrage","Heatsinks"],"picked":"SKIP","floor":2},{"not_picked":["Barrage","Rip and Tear"],"picked":"Skim","floor":3},{"not_picked":["Gash","Sweeping Beam"],"picked":"Coolheaded","floor":5},{"not_picked":["Double Energy","Redo"],"picked":"Gash","floor":8},{"not_picked":["Barrage","Coolheaded"],"picked":"Gash","floor":11},{"not_picked":["Gash","BootSequence"],"picked":"All For One","floor":12},{"not_picked":["Hologram","Steam"],"picked":"Go for the Eyes","floor":13},{"not_picked":["Ball Lightning","Rebound"],"picked":"Steam","floor":14},{"not_picked":["Steam","Streamline"],"picked":"Recycle","floor":18},{"not_picked":["Sunder+1","Static Discharge"],"picked":"Beam Cell","floor":19},{"not_picked":["Beam Cell","Streamline"],"picked":"Steam","floor":20}],"player_experience":1237174,"relics_obtained":[{"floor":8,"key":"Anchor"},{"floor":9,"key":"Darkstone Periapt"},{"floor":19,"key":"Red Mask"}],"event_choices":[{"damage_healed":0,"gold_gain":0,"player_choice":"Ignored","damage_taken":0,"max_hp_gain":0,"max_hp_loss":0,"event_name":"Liars Game","floor":7,"gold_loss":0},{"damage_healed":0,"gold_gain":0,"player_choice":"Ignored","damage_taken":0,"max_hp_gain":0,"max_hp_loss":0,"event_name":"NoteForYourself","floor":10,"gold_loss":0},{"damage_healed":0,"gold_gain":0,"player_choice":"Fought Bandits","damage_taken":0,"max_hp_gain":0,"max_hp_loss":0,"event_name":"Masked Bandits","floor":19,"gold_loss":0},{"cards_removed":["Strike_B"],"damage_healed":0,"gold_gain":0,"player_choice":"Elegance","damage_taken":0,"max_hp_gain":0,"max_hp_loss":0,"event_name":"Back to Basics","floor":21,"gold_loss":0}],"is_beta":false,"boss_relics":[{"not_picked":["Nuclear Battery","Inserter"],"picked":"Black Star"}],"items_purged_floors":[4],"is_endless":false,"potions_floor_spawned":[2,3,5,8,14],"killed_by":"Snake Plant","ascension_level":10}}