{"host":"5wznv0010959mrmz","time":1610379476,"event":{"mods":["BaseMod","Highlight Path","Minty Spire (QoL Compilation)","Relic Stats"],"gold_per_floor":[112,130,280,280,205,231,231,276,288,300,300],"floor_reached":10,"playtime":148,"items_purged":[],"score":198,"play_id":"f8f4ca8e-e9a6-40ec-8ba6-66a2cea6676c","local_time":"20210111093756","is_ascension_mode":true,"campfire_choices":[],"circlet_count":0,"master_deck":["AscendersBane","Strike_G","Strike_G","Strike_G","Strike_G","Strike_G","Defend_G","Defend_G","Defend_G","Defend_G","Defend_G","Survivor","Neutralize","Slice","Dagger Spray","Riddle With Holes","Corpse Explosion"],"relics":["Ring of the Snake","NeowsBlessing","Matryoshka","StrikeDummy","MawBank","Snake Skull","Dream Catcher","Lantern","Bottled Lightning"],"acts_visited":["Exordium"],"potions_floor_usage":[],"damage_taken":[{"damage":0,"enemies":"Jaw Worm","floor":1,"turns":1},{"damage":0,"enemies":"2 Louse","floor":2,"turns":1},{"damage":0,"enemies":"3 Sentries","floor":6,"turns":2},{"damage":54,"enemies":"Lagavulin","floor":8,"turns":7},{"damage":32,"enemies":"Gremlin Nob","floor":10,"turns":3}],"seed_played":"8716630618856736574","potions_obtained":[{"floor":2,"key":"FairyPotion"}],"is_trial":false,"path_per_floor":["M","M","?","?","?","E","T","E","T","E"],"character_chosen":"THE_SILENT","items_purchased":[],"campfire_rested":0,"item_purchase_floors":[],"current_hp_per_floor":[59,59,59,54,54,54,54,19,19,0,0],"gold":300,"neow_bonus":"THREE_ENEMY_KILL","is_daily":false,"chose_seed":false,"campfire_upgraded":0,"win_rate":0.0,"timestamp":1610379476,"path_taken":["M","M","?","?","?","E","?","E","T","E"],"items_purchased_type":[],"build_version":"2020-12-22","purchased_purges":0,"victory":false,"max_hp_per_floor":[66,66,66,66,66,66,66,66,66,66,66],"relic_stats":{"Dream Catcher":0,"counters":[5,14],"Snake Skull":[1],"MawBank":36,"obtain_stats":[{"Dream Catcher":8,"Lantern":9,"Matryoshka":4,"NeowsBlessing":0,"Snake Skull":7,"Bottled Lightning":9,"StrikeDummy":6,"MawBank":7,"Ring of the Snake":0},{"Dream Catcher":4,"Lantern":4,"Matryoshka":2,"NeowsBlessing":0,"Snake Skull":3,"Bottled Lightning":4,"StrikeDummy":3,"MawBank":3,"Ring of the Snake":0},{"Dream Catcher":11,"Lantern":11,"Matryoshka":2,"NeowsBlessing":0,"Snake Skull":4,"Bottled Lightning":11,"StrikeDummy":4,"MawBank":4,"Ring of the Snake":0}],"Ring of the Snake":[10]},"card_choices":[{"not_picked":["Deadly Poison","Bane"],"picked":"Slice","floor":1},{"not_picked":["Riddle With Holes","Dodge and Roll"],"picked":"Dagger Spray","floor":2},{"not_picked":["All Out Attack","Tactician"],"picked":"Riddle With Holes","floor":6},{"not_picked":["Cloak And Dagger","Outmaneuver"],"picked":"Corpse Explosion","floor":8}],"player_experience":440941,"relics_obtained":[{"floor":6,"key":"StrikeDummy"},{"floor":7,"key":"MawBank"},{"floor":7,"key":"Snake Skull"},{"floor":8,"key":"Dream Catcher"},{"floor":9,"key":"Lantern"},{"floor":9,"key":"Bottled Lightning"}],"event_choices":[{"damage_healed":0,"gold_gain":150,"player_choice":"AGREE","damage_taken":0,"max_hp_gain":0,"max_hp_loss":0,"event_name":"Liars Game","floor":3,"gold_loss":0,"cards_obtained":["Doubt"]},{"damage_healed":0,"gold_gain":0,"player_choice":"Success","damage_taken":5,"relics_obtained":["Matryoshka"],"max_hp_gain":0,"max_hp_loss":0,"event_name":"Scrap Ooze","floor":4,"gold_loss":0},{"cards_removed":["Doubt"],"damage_healed":0,"gold_gain":0,"player_choice":"Card Removal","damage_taken":0,"max_hp_gain":0,"max_hp_loss":0,"event_name":"The Cleric","floor":5,"gold_loss":75}],"is_beta":false,"boss_relics":[],"items_purged_floors":[],"is_endless":false,"potions_floor_spawned":[2],"killed_by":"Gremlin Nob","ascension_level":20}}