{"host":"56ghxnzsglgdq727","time":1610380585,"event":{"mods":["AchievementEnabler","BaseMod","Downfall","Duelist Mod","Minty Spire (QoL Compilation)","Rare Cards Sparkle","StSLib","The Bug Knight","The Exalted","The Senshi","The Wild Card"],"gold_per_floor":[138,158,4,4,4,4,4,22,49,63,91,91,266,285,285,384,384,399,411,361,375,474,474,301,22,22,36,36,53,53,53,73,200,200,233,263,90,148,148,158,172,228,296,52,109,109,109],"floor_reached":46,"playtime":3344,"items_purged":["theDuelist:Sparks","Doubt","theDuelist:CastleWalls","theDuelist:SevenColoredFish"],"score":548,"play_id":"9ece4b4e-1bd2-4d17-ad68-1172b5fbd9d1","local_time":"20210111105625","is_ascension_mode":false,"campfire_choices":[{"data":"theDuelist:FishborgArcher","floor":7,"key":"SMITH"},{"floor":15,"key":"REST"},{"data":"theDuelist:MadLobster","floor":23,"key":"SMITH"},{"floor":30,"key":"REST"},{"floor":32,"key":"REST"},{"floor":40,"key":"REST"}],"circlet_count":0,"master_deck":["theDuelist:GraydleDragon","theDuelist:CastleWalls+1","theDuelist:IslandTurtle","theDuelist:IslandTurtle+1","theDuelist:RevivalJam","theDuelist:ImperialCustom","theDuelist:FishborgArcher+1","theDuelist:TorrentialReborn+1","theDuelist:ToadallyAwesome","theDuelist:FrillerRabca","theDuelist:ColdEnchanter","theDuelist:CatShark","theDuelist:KoakiMeiruIce","theDuelist:GraydleParasite","theDuelist:ColdEnchanter","theDuelist:MadLobster+1","theDuelist:LeviairSeaDragon","theDuelist:LegendaryOcean","theDuelist:SharkStickers","theDuelist:MorayGreed","theDuelist:GishkiShadow","theDuelist:AquaactressArowana","theDuelist:EvigishkiGustkraken+1","theDuelist:Nameless:Magic:PredaplantSarraceniant","theDuelist:Nameless:Power:SpiralSpearStrike","theDuelist:Nameless:Greed:MagnumShield","theDuelist:AtlanteanHeavyInfantry+1","theDuelist:LeviairSeaDragon+1","theDuelist:PotAvarice","theDuelist:AquaactressArowana+1","theDuelist:Fissure","theDuelist:TerrorkingSalmon"],"relics":["theDuelist:MillenniumPuzzle","theDuelist:CardPoolRelic","theDuelist:CardPoolBasicRelic","theDuelist:BoosterPackPoolRelic","theDuelist:CardPoolAddRelic","theDuelist:CardPoolMinusRelic","theDuelist:CardPoolSaveRelic","theDuelist:CardPoolOptionsRelic","Dream Catcher","Snake Skull","Runic Pyramid","theDuelist:KaibaToken","War Paint","Fusion Hammer","theDuelist:ShopToken","theDuelist:MillenniumPrayerbook","InkBottle"],"acts_visited":["Exordium","TheCity","TheBeyond"],"potions_floor_usage":[16,16,27,29,42,46],"damage_taken":[{"damage":1,"enemies":"Cultist","floor":1,"turns":4},{"damage":4,"enemies":"Jaw Worm","floor":2,"turns":7},{"damage":0,"enemies":"Small Slimes","floor":8,"turns":2},{"damage":0,"enemies":"Exordium Wildlife","floor":10,"turns":3},{"damage":30,"enemies":"Gremlin Nob","floor":11,"turns":7},{"damage":0,"enemies":"3 Louse","floor":14,"turns":8},{"damage":0,"enemies":"The Guardian","floor":16,"turns":15},{"damage":32,"enemies":"3 Byrds","floor":18,"turns":13},{"damage":6,"enemies":"Shell Parasite","floor":19,"turns":6},{"damage":11,"enemies":"Snake Plant","floor":21,"turns":3},{"damage":10,"enemies":"Shelled Parasite and Fungi","floor":27,"turns":8},{"damage":8,"enemies":"Snecko","floor":29,"turns":12},{"damage":31,"enemies":"Collector","floor":33,"turns":10},{"damage":17,"enemies":"3 Darklings","floor":35,"turns":5},{"damage":33,"enemies":"3 Shapes","floor":38,"turns":6},{"damage":2,"enemies":"3 Darklings","floor":41,"turns":2},{"damage":25,"enemies":"Nemesis","floor":42,"turns":7},{"damage":0,"enemies":"Maw","floor":45,"turns":8},{"damage":32,"enemies":"Sphere and 2 Shapes","floor":46,"turns":3}],"seed_played":"-5747247349060122624","potions_obtained":[{"floor":8,"key":"theDuelist:BurningPotionB"},{"floor":10,"key":"theDuelist:VoidBottle"},{"floor":21,"key":"AttackPotion"},{"floor":27,"key":"theDuelist:TributeBottle"},{"floor":29,"key":"FearPotion"},{"floor":35,"key":"theDuelist:ElectricPotion"},{"floor":41,"key":"Energy Potion"}],"is_trial":false,"path_per_floor":["M","M","$","?","?","$","R","M","T","M","E","?","?","M","R","B",null,"M","M","?","M","?","R","$","$","T","M","?","M","R","?","R","B",null,"M","?","$","M","?","R","M","E","T","$","M","M"],"character_chosen":"THE_DUELIST","items_purchased":["theDuelist:ToadallyAwesome","theDuelist:LegendaryOcean","theDuelist:KaibaToken","theDuelist:SharkStickers","theDuelist:ShopToken","theDuelist:Fissure"],"campfire_rested":4,"item_purchase_floors":[3,24,25,25,37,44],"current_hp_per_floor":[79,75,75,75,80,80,80,80,80,80,50,50,50,50,75,75,85,53,47,47,36,36,36,36,36,36,26,26,18,43,43,68,37,85,68,68,68,35,35,59,57,32,32,32,32,0,0],"gold":109,"neow_bonus":"THREE_CARDS","is_daily":false,"chose_seed":false,"campfire_upgraded":2,"win_rate":0.0,"timestamp":1610380585,"path_taken":["M","?","$","?","?","?","R","M","T","M","E","?","?","?","R","BOSS","M","M","?","?","?","R","?","$","T","M","?","?","R","?","R","BOSS","M","?","$","M","?","R","M","E","T","?","M","?"],"items_purchased_type":["Card","Card","Relic","Card","Relic","Card"],"build_version":"2020-12-22","purchased_purges":4,"victory":false,"max_hp_per_floor":[80,80,80,80,85,85,85,85,85,85,85,85,85,85,85,85,85,85,85,85,85,85,85,85,85,85,85,85,85,85,85,85,85,85,85,85,85,85,81,81,81,81,81,81,81,81,81],"card_choices":[{"not_picked":["theDuelist:EvigishkiTetrogre","theDuelist:KoakiMeiruIce"],"picked":"theDuelist:ImperialCustom","floor":0},{"not_picked":["theDuelist:TorrentialReborn","theDuelist:EvigishkiSoulOgre","theDuelist:DewlorenTigerKing","theDuelist:AquaactressArowana"],"picked":"theDuelist:FishborgArcher","floor":1},{"not_picked":["theDuelist:SplashCapture","theDuelist:ImperialCustom","theDuelist:AegisOceanDragon","theDuelist:BubbleBringer"],"picked":"theDuelist:TorrentialReborn","floor":2},{"not_picked":["theDuelist:KoakiMeiruIce","theDuelist:FishborgLauncher","theDuelist:BubbleBringer","theDuelist:GoldenFlyingFish"],"picked":"theDuelist:FrillerRabca","floor":8},{"not_picked":["theDuelist:TripodFish","theDuelist:SeaLordAmulet","theDuelist:GishkiPsychelone","theDuelist:EvigishkiSoulOgre"],"picked":"theDuelist:ColdEnchanter","floor":10},{"not_picked":["theDuelist:SpearfishSoldier","theDuelist:GraydleDragon","theDuelist:EagleShark","theDuelist:DrillBarnacle"],"picked":"theDuelist:CatShark","floor":11},{"not_picked":["theDuelist:Dewdark","theDuelist:BlizzardThunderbird","theDuelist:FishSwaps","theDuelist:IslandTurtle"],"picked":"theDuelist:KoakiMeiruIce","floor":14},{"not_picked":["theDuelist:GraydleSlimeJr","theDuelist:LiquidBeast"],"picked":"theDuelist:GraydleParasite","floor":15},{"not_picked":["theDuelist:SplashCapture","theDuelist:SeaLordAmulet","theDuelist:MorayGreed","theDuelist:AtlanteanAttackSquad"],"picked":"theDuelist:ColdEnchanter","floor":16},{"not_picked":["theDuelist:BlizzardDefender","theDuelist:BarrierStatue","theDuelist:BabyDragon","theDuelist:JamBreeding"],"picked":"theDuelist:MadLobster","floor":18},{"not_picked":["theDuelist:EagleShark","theDuelist:GiantTurtle+1","theDuelist:OhFish+1","theDuelist:StarBoy"],"picked":"theDuelist:LeviairSeaDragon","floor":19},{"not_picked":["theDuelist:ImperialCustom","theDuelist:GraydleParasite","theDuelist:GraydleCombat","theDuelist:FishDepthCharge","theDuelist:BubbleBringer"],"picked":"SKIP","floor":21},{"not_picked":["theDuelist:Monokeros","theDuelist:MermailAbyssalacia+1","theDuelist:FishborgArcher+1","theDuelist:AtlanteanAttackSquad"],"picked":"theDuelist:MorayGreed","floor":27},{"not_picked":["theDuelist:GraydleDragon","theDuelist:Dewdark","theDuelist:BoulderTortoise","theDuelist:AbyssWarrior","theDuelist:GraydleSlimeJr"],"picked":"SKIP","floor":29},{"not_picked":["theDuelist:EvigishkiMindAugus","theDuelist:AquaSnake"],"picked":"theDuelist:GishkiShadow","floor":32},{"not_picked":["theDuelist:SplashCapture+1","theDuelist:MorayGreed","theDuelist:FishborgArcher","theDuelist:AtlanteanAttackSquad"],"picked":"theDuelist:AquaactressArowana","floor":33},{"not_picked":["theDuelist:GraydleEagle","theDuelist:GishkiMollusk+1","theDuelist:GraydleAlligator+1","theDuelist:FishborgDoctor"],"picked":"theDuelist:EvigishkiGustkraken+1","floor":35},{"not_picked":["theDuelist:SevenColoredFish+1","theDuelist:DepthShark+1","theDuelist:IslandTurtle+1","theDuelist:EvigishkiTetrogre+1"],"picked":"theDuelist:AtlanteanHeavyInfantry+1","floor":38},{"not_picked":["theDuelist:CatapultTurtle","theDuelist:GishkiAvance"],"picked":"theDuelist:LeviairSeaDragon+1","floor":40},{"not_picked":["theDuelist:LightningVortex","theDuelist:BabyDragon+1","theDuelist:ColdFeet","theDuelist:FeatherPho+1"],"picked":"theDuelist:PotAvarice","floor":41},{"not_picked":["theDuelist:FuriousSeaKing+1","theDuelist:AtlanteanAttackSquad"],"picked":"theDuelist:AquaactressArowana+1","floor":42},{"not_picked":["theDuelist:AbyssDweller","theDuelist:Akihiron+1","theDuelist:EvigishkiMerrowgeist","theDuelist:KaiserSeaSnake"],"picked":"theDuelist:TerrorkingSalmon","floor":45}],"player_experience":218699,"relics_obtained":[{"floor":9,"key":"Dream Catcher"},{"floor":11,"key":"Snake Skull"},{"floor":26,"key":"War Paint"},{"floor":42,"key":"theDuelist:MillenniumPrayerbook"},{"floor":43,"key":"InkBottle"}],"event_choices":[{"damage_healed":0,"gold_gain":0,"player_choice":"Grow","damage_taken":0,"max_hp_gain":0,"max_hp_loss":0,"event_name":"Living Wall","floor":4,"gold_loss":0,"cards_upgraded":["theDuelist:TorrentialReborn"]},{"damage_healed":0,"gold_gain":0,"player_choice":"Donut","damage_taken":0,"max_hp_gain":5,"max_hp_loss":0,"event_name":"Big Fish","floor":5,"gold_loss":0},{"damage_healed":0,"gold_gain":0,"player_choice":"Leave","duelist":true,"damage_taken":0,"max_hp_gain":0,"max_hp_loss":0,"event_name":"Relic Duplicator","floor":12,"gold_loss":0},{"damage_healed":0,"gold_gain":175,"player_choice":"AGREE","damage_taken":0,"max_hp_gain":0,"max_hp_loss":0,"event_name":"Liars Game","floor":13,"gold_loss":0,"cards_obtained":["Doubt"]},{"damage_healed":0,"gold_gain":0,"player_choice":"Bet on Murderer","damage_taken":0,"max_hp_gain":0,"max_hp_loss":0,"event_name":"The Joust","floor":20,"gold_loss":50},{"damage_healed":0,"gold_gain":99,"player_choice":"Stole From Cult","damage_taken":0,"max_hp_gain":0,"max_hp_loss":0,"event_name":"Nest","floor":22,"gold_loss":0},{"damage_healed":0,"gold_gain":0,"player_choice":"Ignored","damage_taken":0,"max_hp_gain":0,"max_hp_loss":0,"event_name":"Cursed Tome","floor":28,"gold_loss":0},{"damage_healed":0,"gold_gain":0,"player_choice":"Traded Sparks for Graydle Dragon","duelist":true,"damage_taken":0,"max_hp_gain":0,"max_hp_loss":0,"event_name":"Card Trader","floor":31,"gold_loss":0},{"power_reward":4,"total_magic_score":98,"gold_gain":0,"greed_reward":4,"duelist":true,"damage_taken":0,"relics_obtained":[],"points":15,"max_hp_gain":0,"max_hp_loss":0,"spent_points":{"magic":4,"greed":4,"war":0,"power":4,"hunger":0},"event_name":"Nameless Tomb","floor":36,"gold_loss":0,"magic_reward":4,"cards_obtained":["theDuelist:Nameless:Magic:PredaplantSarraceniant","theDuelist:Nameless:Power:SpiralSpearStrike","theDuelist:Nameless:Greed:MagnumShield"]},{"damage_healed":0,"gold_gain":0,"player_choice":"Max HP","damage_taken":0,"max_hp_gain":0,"max_hp_loss":4,"event_name":"Winding Halls","floor":39,"gold_loss":0}],"is_beta":false,"boss_relics":[{"not_picked":["theDuelist:ElectricKey","Velvet Choker"],"picked":"Runic Pyramid"},{"not_picked":["Bromod:ArcaneBarrier","Snecko Eye"],"picked":"Fusion Hammer"}],"items_purged_floors":[3,24,37,44],"is_endless":false,"potions_floor_spawned":[8,10,21,27,29,35,41],"killed_by":"Sphere and 2 Shapes","ascension_level":0}}