{"host":"g01l53quoe6lrer0","time":1610369616,"event":{"mods":["2.2 Compatiblity","AchievementEnabler","BaseMod","Colored Map","Highlight Path","Keyboard Shortcuts","Minty Spire (QoL Compilation)","Permanent Neow","StSLib","SuperFastMode","everything is the same but u backflip on backflip"],"gold_per_floor":[365,378,553,553,424,424,449,449,449,449,461,472,221,241,241,343,343,355,372,372,297,297,297],"floor_reached":22,"playtime":623,"items_purged":["Normality","Strike_B"],"score":276,"play_id":"2d03b938-a4b2-44c2-9c17-e682ffced606","local_time":"20210111215336","is_ascension_mode":true,"campfire_choices":[{"data":"Zap","floor":6.0,"key":"SMITH"},{"floor":8,"key":"REST"},{"floor":10,"key":"DIG"},{"floor":15,"key":"DIG"}],"circlet_count":0,"master_deck":["AscendersBane","Strike_B","Strike_B","Defend_B","Defend_B","Defend_B","Defend_B","Zap+1","Dualcast","Beam Cell","Gash","Hologram","All For One","Streamline","Core Surge","Steam","Echo Form","Rebound"],"relics":["Cracked Core","Dream Catcher","Shovel","Bronze Scales","PreservedInsect","Strawberry","Coffee Dripper"],"acts_visited":["Exordium","TheCity"],"potions_floor_usage":[22],"damage_taken":[{"damage":12.0,"enemies":"Small Slimes","floor":1.0,"turns":3.0},{"damage":7.0,"enemies":"Jaw Worm","floor":2.0,"turns":2.0},{"damage":27,"enemies":"3 Sentries","floor":7,"turns":7},{"damage":0,"enemies":"2 Louse","floor":11,"turns":2},{"damage":0,"enemies":"2 Fungi Beasts","floor":12,"turns":2},{"damage":5,"enemies":"Blue Slaver","floor":14,"turns":3},{"damage":37,"enemies":"The Guardian","floor":16,"turns":9},{"damage":4,"enemies":"Chosen","floor":18,"turns":4},{"damage":18,"enemies":"Shell Parasite","floor":19,"turns":5},{"damage":22,"enemies":"Shelled Parasite and Fungi","floor":22,"turns":3}],"seed_played":"4817611464112504263","potions_obtained":[{"floor":1.0,"key":"FearPotion"},{"floor":11,"key":"FearPotion"},{"floor":14,"key":"GamblersBrew"}],"is_trial":false,"path_per_floor":["M","M","?","?","$","R","E","R","T","R","M","M","$","M","R","B",null,"M","M","?","?","M"],"character_chosen":"DEFECT","items_purchased":["Hologram","PreservedInsect"],"campfire_rested":1,"item_purchase_floors":[5,13],"current_hp_per_floor":[56,49,49,42,42,42,15,37,37,37,37,37,37,32,39,2,62,58,40,24,24,2,2],"gold":297,"neow_bonus":"TWO_FIFTY_GOLD","is_daily":false,"chose_seed":false,"campfire_upgraded":1,"win_rate":0.0,"timestamp":1610369616,"path_taken":["M","M","?","?","$","R","E","R","T","R","M","M","$","M","R","BOSS","M","M","?","?","M"],"items_purchased_type":["Card","Relic"],"build_version":"2020-12-22","purchased_purges":2,"victory":false,"max_hp_per_floor":[75,75,75,75,75,75,75,75,75,75,75,75,75,75,82,82,82,82,82,87,87,87,87],"card_choices":[{"not_picked":["Barrage","Scrape"],"picked":"Beam Cell","floor":1.0},{"not_picked":["FTL","White Noise"],"picked":"Gash","floor":2.0},{"not_picked":["Go for the Eyes","Beam Cell"],"picked":"All For One","floor":7},{"not_picked":["Redo","Beam Cell"],"picked":"Streamline","floor":11},{"not_picked":["Stack","Compile Driver"],"picked":"Core Surge","floor":12},{"not_picked":["Conserve Battery","Glacier"],"picked":"Steam","floor":14},{"not_picked":["Reboot","Machine Learning"],"picked":"Echo Form","floor":16},{"not_picked":["Auto Shields","Sweeping Beam+1","Defragment"],"picked":"SKIP","floor":18},{"not_picked":["Rip and Tear","Blizzard+1"],"picked":"Rebound","floor":19}],"player_experience":137240,"relics_obtained":[{"floor":7,"key":"Dream Catcher"},{"floor":9,"key":"Shovel"},{"floor":10,"key":"Bronze Scales"},{"floor":15,"key":"Strawberry"}],"event_choices":[{"damage_healed":0.0,"max_hp_gain":0.0,"max_hp_loss":0.0,"gold_gain":175.0,"event_name":"Liars Game","player_choice":"AGREE","floor":3.0,"gold_loss":0.0,"damage_taken":0.0,"cards_obtained":["Doubt"]},{"cards_removed":["Doubt"],"damage_healed":0.0,"max_hp_gain":0.0,"max_hp_loss":0.0,"gold_gain":0.0,"event_name":"Golden Wing","player_choice":"Card Removal","floor":4.0,"gold_loss":0.0,"damage_taken":7.0},{"damage_healed":0,"gold_gain":0,"player_choice":"Shed Blood","damage_taken":21,"max_hp_gain":5,"max_hp_loss":0,"event_name":"Forgotten Altar","floor":20,"gold_loss":0},{"cards_removed":["Strike_B"],"damage_healed":0,"gold_gain":0,"player_choice":"Gave Gold","damage_taken":0,"max_hp_gain":0,"max_hp_loss":0,"event_name":"Beggar","floor":21,"gold_loss":75}],"is_beta":false,"boss_relics":[{"not_picked":["Tiny House","Runic Dome"],"picked":"Coffee Dripper"}],"items_purged_floors":[5,13],"is_endless":false,"potions_floor_spawned":[1,11,14],"killed_by":"Shelled Parasite and Fungi","ascension_level":10}}