{"host":"llhd11jd6h92zheo","time":1610379753,"event":{"mods":["Act Like it!","BaseMod","Chen","Friendly Minions","Mari Mod (Legacy)","Mari\u0027s V1 Patch","Marisa£®ÏF”Í°°ƒß¿Ì…≥£©","Minty Spire (QoL Compilation)","Quick Restart","Reimu£®≤©¿ˆ¡È√Œ£©","Relic Stats","Replay The Spire","StSLib","The Alterego","The Bug Knight","The Marked","The Servant 0.9.4","UnlockEverythingMod","Yohane!","Yuri Mod","vexMod","°æ“≈ŒÔø®≈∆°øREMEMod"],"gold_per_floor":[114,8188,8188,8208,7440,7440,7474,7504,7579,7619,7619,7111,7148,7161,7161,7260,7260,7296,7296,6914,6914,6914,6914,6943,6977,7023,6516,6066,6080,6115,6115,6115,6212,6212,6225,6275,6275,6325,6338,6338,5917,4865,4888,4888,4914,4282,4342,4377,4377,4478,4478,4488,3994,4074,4099,4115,4145,4145,4145,4145,4172,4207,3982,3365,3396,3396,3499,3499,3518,3528,3025,2531,2112,2142,2167,2167,2194,2194,2194,2205,2238,2273,2273,2378,2378,2393,1568,1213,1213,1309,1309,1309],"floor_reached":91,"playtime":6622,"items_purged":["Yohane:Dark_Rest","alterego_mod:PainIsPleasure","Yohane:Hakodate","alterego_mod:BrynhildrRomantia","Yohane:Inspiration","alterego_mod:Pet","Yohane:Misfortune","REME_MagicPocketWatch+1","alterego_mod:BiFurious+1"],"score":2751,"play_id":"b81c0097-8410-42a8-a09a-ff78305cc07d","local_time":"20210111234233","daily_mods":["SealedDeck","Heirloom","Flight"],"is_ascension_mode":true,"campfire_choices":[{"data":"Yohane:Little_Demon_Hanamaru","floor":6.0,"key":"SMITH"},{"data":"alterego_mod:IndependentAction","floor":15.0,"key":"SMITH"},{"data":"Creative AI","floor":23,"key":"SMITH"},{"data":"Yohane:Energetic_Performance","floor":32,"key":"SMITH"},{"data":"alterego_mod:ChallengeComplete","floor":40,"key":"SMITH"},{"data":"alterego_mod:BiFurious","floor":44,"key":"SMITH"},{"data":"Pot Of Greed","floor":49,"key":"SMITH"},{"data":"REME_MagicPocketWatch","floor":59,"key":"SMITH"},{"data":"Yohane:Impressive_Display","floor":66,"key":"SMITH"}],"circlet_count":0,"master_deck":["Yohane:Impressive_Display+1","alterego_mod:Cooking","alterego_mod:Cooking","alterego_mod:MaintainEyeContact","Creative AI+1","Yohane:Little_Demon_Hanamaru+1","Yohane:Little_Demon_Ruby+1","alterego_mod:Birthday+1","alterego_mod:Cooking","alterego_mod:Palingenesis","alterego_mod:IndependentAction+1","alterego_mod:IndependentAction+1","Yohane:Energetic_Performance+1","alterego_mod:Nekomimi+1","alterego_mod:TrashNCrash+1","alterego_mod:ChallengeComplete+1","alterego_mod:ChallengeComplete+1","Yohane:Yousoro+1","Yohane:Impressive_Display+1","REME_AllRoundStrike+1","Flash of Steel+1","Pot Of Greed+1","Pot Of Greed+1","Pot Of Greed+1","Sadistic Nature+1","alterego_mod:Clones+1","Yohane:Yousoro+1","alterego_mod:Rake+1","Sadistic Nature+1","Madness+1","alterego_mod:ClassAdvantage+1","Yohane:Yousoro+1","alterego_mod:AlterEgo+1","alterego_mod:Tantrum+1","Pot Of Greed+1","Yohane:Yousoro+1","alterego_mod:SideboobHour+1"],"relics":["Yohane:AngelWings","REME_ComplimentaryCards","Ice Cream","Frozen Eye","Counterbalance","StrikeDummy","Bag of Marbles","Strawberry","Lee\u0027s Waffle","Mummified Hand","Odd Mushroom","vexMod:ConsolationPrize","ReplayTheSpireMod:Lightbulb","Potion Belt","War Paint","REME_CardOfGreed","RuthlessExorcism:ReiMu","Golden Egg","Blue Doll","Singing Bowl","Replay:Wax Seal","Bird Faced Urn","Boot","TungstenRod","Pen Nib","REME_LowDesire","Akabeko","Du-Vu Doll","Orichalcum","Lantern","vexMod:Spyglass","Mercury Hourglass","vexMod:Dragonfruit","Happy Flower","Thread and Needle","TentaclePot:ReiMu","PreservedInsect","Tiny Chest","Replay:WaspNest","Grinning Jar","SlaversCollar","Toy Ornithopter","Blood Vial","Juzu Bracelet","Replay:Bottled Eggs","DollysMirror","Bag of Preparation","Sundial","vexMod:BigBerry","Pear","vexMod:ScavengeHelm","Bronze Scales","Matryoshka","vexMod:GildedClover","Art of War","Whetstone","Omamori","MutagenicStrength","Red Mask","Regal Pillow","Molten Egg 2","Medical Kit","BargainBundle"],"acts_visited":["Exordium","TheCity","TheBeyond","Exordium","TheCity","TheBeyond","Exordium"],"potions_floor_usage":[24,24,25,25,36,47,50,50,90,90],"damage_taken":[{"damage":0.0,"enemies":"2 Louse","floor":1.0,"turns":2.0},{"damage":1.0,"enemies":"Cultist","floor":4.0,"turns":5.0},{"damage":0.0,"enemies":"Gremlin Nob","floor":7.0,"turns":5.0},{"damage":4.0,"enemies":"The Mushroom Lair","floor":8.0,"turns":3.0},{"damage":5.0,"enemies":"3 Sentries","floor":10.0,"turns":6.0},{"damage":3.0,"enemies":"Gremlin Nob","floor":13.0,"turns":3.0},{"damage":0.0,"enemies":"Jaw Worm","floor":14.0,"turns":2.0},{"damage":0.0,"enemies":"The Guardian","floor":16.0,"turns":5.0},{"damage":24.0,"enemies":"3 Byrds","floor":18.0,"turns":4.0},{"damage":0,"enemies":"Slavers","floor":24,"turns":5},{"damage":1,"enemies":"Book of Stabbing","floor":25,"turns":4},{"damage":3,"enemies":"2 Thieves","floor":29,"turns":3},{"damage":0,"enemies":"Gremlin Leader","floor":30,"turns":4},{"damage":0,"enemies":"Automaton","floor":33,"turns":6},{"damage":0,"enemies":"3 Shapes","floor":35,"turns":2},{"damage":0,"enemies":"Mind Bloom Boss Battle","floor":36,"turns":4},{"damage":1,"enemies":"2 Orb Walkers","floor":38,"turns":3},{"damage":0,"enemies":"Orb Walker","floor":39,"turns":2},{"damage":0,"enemies":"Nemesis","floor":45,"turns":3},{"damage":0,"enemies":"HollowMod:StalkingDevout","floor":47,"turns":3},{"damage":2,"enemies":"Reptomancer","floor":48,"turns":3},{"damage":0,"enemies":"Awakened One","floor":50,"turns":4},{"damage":0,"enemies":"Small Slimes","floor":52,"turns":1},{"damage":0,"enemies":"2 Louse","floor":56,"turns":1},{"damage":0,"enemies":"3 Sentries","floor":57,"turns":1},{"damage":0,"enemies":"Lagavulin","floor":61,"turns":1},{"damage":0,"enemies":"3 Sentries","floor":62,"turns":1},{"damage":0,"enemies":"Lagavulin","floor":65,"turns":1},{"damage":0,"enemies":"The Guardian","floor":67,"turns":2},{"damage":0,"enemies":"Shell Parasite","floor":69,"turns":1},{"damage":0,"enemies":"3 Byrds","floor":70,"turns":2},{"damage":0,"enemies":"Book of Stabbing","floor":74,"turns":1},{"damage":0,"enemies":"Slavers","floor":75,"turns":1},{"damage":0,"enemies":"Book of Stabbing","floor":77,"turns":1},{"damage":0,"enemies":"Shelled Parasite and Fungi","floor":80,"turns":1},{"damage":0,"enemies":"Masked Bandits","floor":81,"turns":1},{"damage":0,"enemies":"Gremlin Leader","floor":82,"turns":1},{"damage":0,"enemies":"Automaton","floor":84,"turns":1},{"damage":0,"enemies":"3 Darklings","floor":86,"turns":1},{"damage":0,"enemies":"Replay:Hell Engine","floor":90,"turns":1}],"seed_played":"-7157069489560272523","potions_obtained":[{"floor":7.0,"key":"SpeedPotion"},{"floor":10.0,"key":"DistilledChaos"},{"floor":11.0,"key":"Flashbang"},{"floor":13.0,"key":"FearPotion"},{"floor":14.0,"key":"FairyPotion"},{"floor":16.0,"key":"Block Potion"},{"floor":25,"key":"REME_GoldPotion"},{"floor":29,"key":"Dexterity Potion"},{"floor":33,"key":"SkillPotion"},{"floor":35,"key":"Elixir"},{"floor":38,"key":"REME_GoldPotion"},{"floor":47,"key":"FearPotion"},{"floor":48,"key":"Swift Potion"},{"floor":56,"key":"Strength Potion"},{"floor":61,"key":"Weak Potion"}],"is_trial":true,"path_per_floor":["M","$","?","M","$","R","E","?","T","E","?","$","E","M","R","B",null,"M","?","$","?","?","R","E","E","T","$","$","M","E","?","R","B",null,"M","?","?","?","M","R","$","$","T","R","E","$","E","E","R","B",null,"M","$","?","T","M","E","?","R","T","E","E","$","$","E","R","B",null,"M","M","$","$","$","E","E","T","E","T","?","M","?","E","R","B",null,"M","$","$","?","B",null],"character_chosen":"FallenAngel","items_purchased":["Frozen Eye","Counterbalance","StrikeDummy","Bag of Marbles","Strawberry","Lee\u0027s Waffle","alterego_mod:Birthday","alterego_mod:Cooking","alterego_mod:Palingenesis","alterego_mod:IndependentAction","Potion Belt","War Paint","REME_CardOfGreed","Golden Egg","alterego_mod:Nekomimi","alterego_mod:TrashNCrash","alterego_mod:ChallengeComplete+1","Bird Faced Urn","Boot","Yohane:Yousoro","TungstenRod","Orichalcum","Lantern","vexMod:Spyglass","Mercury Hourglass","vexMod:Dragonfruit","REME_AllRoundStrike","Flash of Steel","TentaclePot:ReiMu","PreservedInsect","Tiny Chest","Toy Ornithopter","Blood Vial","alterego_mod:Clones","DollysMirror","Bag of Preparation","Sundial","Pear","Madness","vexMod:ScavengeHelm","Bronze Scales","Yohane:Lust","Matryoshka","vexMod:GildedClover","Regal Pillow","Molten Egg 2","Medical Kit","alterego_mod:SideboobHour+1","BargainBundle"],"campfire_rested":0,"item_purchase_floors":[2,2,2,5,5,5,5,5,5,12,12,12,12,20,20,20,27,27,27,28,28,41,41,42,42,42,42,42,46,46,46,53,53,64,64,64,64,71,72,72,72,73,73,73,87,87,87,88,88],"current_hp_per_floor":[60,60,60,59,74,74,74,74,74,74,74,74,77,77,77,80,80,74,58,58,58,58,58,94,97,97,97,97,102,107,107,107,112,112,111,116,116,121,126,126,126,131,131,131,133,133,135,137,137,137,137,137,137,137,137,139,141,141,141,141,143,145,145,145,147,147,147,177,179,179,189,189,189,189,189,189,189,189,189,191,193,195,195,197,197,197,197,197,197,199,199,199],"gold":1309,"neow_bonus":"","is_daily":false,"chose_seed":false,"campfire_upgraded":9,"win_rate":0.0,"timestamp":1610379753,"path_taken":["M","$","?","?","$","R","E","?","T","E","?","$","E","M","R","BOSS","M","?","$","?","?","R","E","E","T","$","$","?","E","?","R","BOSS","M","?","?","?","?","R","$","$","T","R","E","$","E","E","R","BOSS","M","$","?","?","M","E","?","R","T","E","E","?","$","E","R","BOSS","M","?","$","$","$","E","E","?","E","?","?","?","?","E","R","BOSS","M","$","$","?","BOSS"],"items_purchased_type":["Relic","Relic","Relic","Relic","Relic","Relic","Card","Card","Card","Card","Relic","Relic","Relic","Relic","Card","Card","Card","Relic","Relic","Card","Relic","Relic","Relic","Relic","Relic","Relic","Card","Card","Relic","Relic","Relic","Relic","Relic","Card","Relic","Relic","Relic","Relic","Card","Relic","Relic","Card","Relic","Relic","Relic","Relic","Relic","Card","Relic"],"build_version":"2020-12-22","purchased_purges":9,"victory":false,"max_hp_per_floor":[60,60,60,60,74,74,74,74,74,74,74,74,77,77,77,80,80,83,88,88,88,88,88,94,97,97,97,97,102,107,107,107,112,112,111,116,116,121,126,126,126,131,131,131,133,133,135,137,137,137,137,137,137,137,137,139,141,141,141,141,143,145,145,145,147,147,147,177,179,179,189,189,189,189,189,189,189,189,189,191,193,195,195,197,197,197,197,197,197,199,199,199],"relic_stats":{"Regal Pillow":0,"Singing Bowl":40,"Juzu Bracelet":0,"Bag of Preparation":[26],"Whetstone":[],"Boot":[38],"Blood Vial":0,"Mummified Hand":[215],"Sundial":[2],"Tiny Chest":0,"Lee\u0027s Waffle":8,"Happy Flower":[11],"counters":[40,100],"Pen Nib":[16],"PreservedInsect":540,"War Paint":["Yohane:Little_Demon_Ruby","alterego_mod:Birthday"],"Orichalcum":[42],"Medical Kit":[0],"Mercury Hourglass":[162],"Bird Faced Urn":[6],"Bronze Scales":[0],"Art of War":[0],"obtain_stats":[{"Ice Cream":0,"Golden Egg":20,"Whetstone":78,"Boot":27,"Blood Vial":53,"DollysMirror":64,"Sundial":64,"Strawberry":5,"Replay:Wax Seal":26,"Pear":71,"Happy Flower":43,"vexMod:ScavengeHelm":72,"Counterbalance":2,"TentaclePot:ReiMu":46,"Pen Nib":30,"War Paint":12,"Akabeko":34,"Du-Vu Doll":36,"SlaversCollar":51,"Bird Faced Urn":27,"Bronze Scales":72,"MutagenicStrength":79,"Molten Egg 2":87,"Grinning Jar":48,"StrikeDummy":2,"vexMod:BigBerry":68,"Lantern":41,"Regal Pillow":87,"Singing Bowl":25,"Blue Doll":24,"Juzu Bracelet":55,"Bag of Preparation":64,"Yohane:AngelWings":0,"vexMod:Spyglass":42,"Frozen Eye":2,"Matryoshka":73,"Mummified Hand":7,"Tiny Chest":46,"Red Mask":81,"REME_LowDesire":34,"Replay:Bottled Eggs":60,"Potion Belt":12,"vexMod:GildedClover":73,"Lee\u0027s Waffle":5,"BargainBundle":88,"vexMod:ConsolationPrize":9,"Thread and Needle":45,"PreservedInsect":46,"Replay:WaspNest":47,"Omamori":78,"Odd Mushroom":8,"Orichalcum":41,"Medical Kit":87,"Mercury Hourglass":42,"vexMod:Dragonfruit":42,"Bag of Marbles":5,"Art of War":76,"REME_CardOfGreed":12,"ReplayTheSpireMod:Lightbulb":10,"TungstenRod":28,"Toy Ornithopter":53,"REME_ComplimentaryCards":0,"RuthlessExorcism:ReiMu":13},{"Ice Cream":0,"Golden Egg":9,"Whetstone":34,"Boot":11,"Blood Vial":23,"DollysMirror":27,"Sundial":27,"Strawberry":2,"Replay:Wax Seal":11,"Pear":31,"Happy Flower":18,"vexMod:ScavengeHelm":31,"Counterbalance":1,"TentaclePot:ReiMu":19,"Pen Nib":13,"War Paint":5,"Akabeko":14,"Du-Vu Doll":16,"SlaversCollar":22,"Bird Faced Urn":11,"Bronze Scales":31,"MutagenicStrength":34,"Molten Egg 2":39,"Grinning Jar":21,"StrikeDummy":1,"vexMod:BigBerry":29,"Lantern":18,"Regal Pillow":39,"Singing Bowl":11,"Blue Doll":10,"Juzu Bracelet":23,"Bag of Preparation":27,"Yohane:AngelWings":0,"vexMod:Spyglass":18,"Frozen Eye":1,"Matryoshka":31,"Mummified Hand":3,"Tiny Chest":19,"Red Mask":36,"REME_LowDesire":14,"Replay:Bottled Eggs":25,"Potion Belt":5,"vexMod:GildedClover":31,"Lee\u0027s Waffle":2,"BargainBundle":39,"vexMod:ConsolationPrize":4,"Thread and Needle":19,"PreservedInsect":19,"Replay:WaspNest":20,"Omamori":34,"Odd Mushroom":4,"Orichalcum":18,"Medical Kit":39,"Mercury Hourglass":18,"vexMod:Dragonfruit":18,"Bag of Marbles":2,"Art of War":33,"REME_CardOfGreed":5,"ReplayTheSpireMod:Lightbulb":5,"TungstenRod":11,"Toy Ornithopter":23,"REME_ComplimentaryCards":0,"RuthlessExorcism:ReiMu":6},{"Ice Cream":0,"Golden Egg":35,"Whetstone":94,"Boot":44,"Blood Vial":82,"DollysMirror":86,"Sundial":86,"Strawberry":7,"Replay:Wax Seal":44,"Pear":91,"Happy Flower":68,"vexMod:ScavengeHelm":91,"Counterbalance":2,"TentaclePot:ReiMu":71,"Pen Nib":51,"War Paint":21,"Akabeko":57,"Du-Vu Doll":63,"SlaversCollar":81,"Bird Faced Urn":44,"Bronze Scales":91,"MutagenicStrength":94,"Molten Egg 2":99,"Grinning Jar":77,"StrikeDummy":2,"vexMod:BigBerry":89,"Lantern":68,"Regal Pillow":99,"Singing Bowl":44,"Blue Doll":40,"Juzu Bracelet":82,"Bag of Preparation":86,"Yohane:AngelWings":0,"vexMod:Spyglass":68,"Frozen Eye":2,"Matryoshka":91,"Mummified Hand":12,"Tiny Chest":71,"Red Mask":96,"REME_LowDesire":57,"Replay:Bottled Eggs":84,"Potion Belt":21,"vexMod:GildedClover":91,"Lee\u0027s Waffle":7,"BargainBundle":99,"vexMod:ConsolationPrize":15,"Thread and Needle":71,"PreservedInsect":71,"Replay:WaspNest":74,"Omamori":94,"Odd Mushroom":15,"Orichalcum":68,"Medical Kit":99,"Mercury Hourglass":68,"vexMod:Dragonfruit":68,"Bag of Marbles":7,"Art of War":93,"REME_CardOfGreed":21,"ReplayTheSpireMod:Lightbulb":21,"TungstenRod":44,"Toy Ornithopter":82,"REME_ComplimentaryCards":0,"RuthlessExorcism:ReiMu":24}],"TungstenRod":3,"Toy Ornithopter":0},"card_choices":[{"not_picked":["alterego_mod:Punishment","alterego_mod:GoddessCore"],"picked":"Yohane:Little_Demon_Hanamaru","floor":1.0},{"not_picked":["Yohane:Impressive_Display","alterego_mod:Cycle"],"picked":"Yohane:Little_Demon_Ruby","floor":4.0},{"not_picked":["Yohane:Little_Demon_Ruby","Yohane:Guilty_Kiss","Yohane:Fallen_Dragon_Phoenix_Hold"],"picked":"SKIP","floor":7.0},{"not_picked":["alterego_mod:Support","alterego_mod:RocketPunch"],"picked":"alterego_mod:BrynhildrRomantia","floor":10.0},{"not_picked":["alterego_mod:DeftHands","alterego_mod:GachaTicket","alterego_mod:PerceptionDisorder"],"picked":"SKIP","floor":13.0},{"not_picked":["alterego_mod:BiFurious","Yohane:Hell_Zone"],"picked":"Yohane:Misfortune","floor":14.0},{"not_picked":["Yohane:Awaken_The_Power","Yohane:Snow_Halation"],"picked":"Yohane:Energetic_Performance","floor":16.0},{"not_picked":["alterego_mod:Cooking","alterego_mod:BiFurious","Yohane:Inspiration"],"picked":"SKIP","floor":18.0},{"not_picked":["Yohane:Reckless_Greed","alterego_mod:DiscoLights","Yohane:Runaway_Umbrella"],"picked":"SKIP","floor":24},{"not_picked":["alterego_mod:PurpleHair","Yohane:Snow_Halation"],"picked":"alterego_mod:ChallengeComplete","floor":25},{"not_picked":["Yohane:Livestream_Donation+1","Yohane:Gluttony","alterego_mod:Punishment"],"picked":"Singing Bowl","floor":29},{"not_picked":["alterego_mod:Palingenesis","Yohane:Angel_Tears","alterego_mod:SakuraPetals"],"picked":"Singing Bowl","floor":30},{"not_picked":["alterego_mod:Weigh","Yohane:Yousoro","Yohane:Prideful_Crash"],"picked":"Singing Bowl","floor":33},{"not_picked":["alterego_mod:MagicResistance","alterego_mod:Belle+1","Secret Technique"],"picked":"Yohane:Impressive_Display+1","floor":35},{"not_picked":["alterego_mod:Maid+1","Yohane:Backfoot","alterego_mod:SakuraPetals+1","REME_EyeOfCthun"],"picked":"Singing Bowl","floor":36},{"not_picked":["Yohane:Runaway_Umbrella+1","Yohane:Lailapse+1","alterego_mod:Cycle+1","REME_EyeOfCthun"],"picked":"Singing Bowl","floor":38},{"not_picked":["alterego_mod:Exercise","Yohane:Energy_Change","alterego_mod:BusterCard","Discovery"],"picked":"Singing Bowl","floor":39},{"not_picked":["alterego_mod:Belle","Yohane:Yousoro","Yohane:Little_Demon_Support+1","vexMod:StairwayStrike"],"picked":"Singing Bowl","floor":45},{"not_picked":["alterego_mod:DiscoLights+1","Yohane:Accelerator","alterego_mod:Birthday","REME_AllRoundStrike"],"picked":"Singing Bowl","floor":47},{"not_picked":["alterego_mod:Cushion+1","Yohane:Little_Demon_Ruby","alterego_mod:Punishment+1","Chrysalis"],"picked":"Singing Bowl","floor":48},{"not_picked":["alterego_mod:IdEs","alterego_mod:STier","Yohane:Curse_The_Heavens"],"picked":"Sadistic Nature","floor":50},{"not_picked":["alterego_mod:BustOut","Yohane:Impressive_Display","Yohane:Lailapse"],"picked":"REME_MagicPocketWatch","floor":52},{"not_picked":["Yohane:Wrath","Yohane:Angel_Tears","Yohane:Modore","Deep Breath"],"picked":"Singing Bowl","floor":56},{"not_picked":["Yohane:Dark_Shield","Yohane:City_Of_Sin","alterego_mod:Cycle","Transmutation"],"picked":"Singing Bowl","floor":57},{"not_picked":["alterego_mod:RidiculouslyBig","alterego_mod:Cooking","Yohane:Stealth_Mode","Secret Technique"],"picked":"Singing Bowl","floor":61},{"not_picked":["Yohane:Adept_Technology","Yohane:Kowareyasuki","Yohane:Lailapse","REME_ProfessionalPlagiarism"],"picked":"Singing Bowl","floor":62},{"not_picked":["alterego_mod:Weigh","alterego_mod:MagicResistance","alterego_mod:Belts","Impatience"],"picked":"Singing Bowl","floor":65},{"not_picked":["alterego_mod:Tantrum","alterego_mod:InsideBaseball","Panacea"],"picked":"alterego_mod:Rake","floor":67},{"not_picked":["Yohane:Dark_Shield","alterego_mod:Jiggle","Yohane:Little_Demon_Ruby","Violence"],"picked":"Singing Bowl","floor":69},{"not_picked":["alterego_mod:Complex","alterego_mod:DustData","alterego_mod:Jiggle+1"],"picked":"Sadistic Nature","floor":70},{"not_picked":["Yohane:Take_Flight","Yohane:Prideful_Crash","ReplayTheSpireMod:Uncanny Aura"],"picked":"alterego_mod:ClassAdvantage","floor":74},{"not_picked":["alterego_mod:Palingenesis","Yohane:Curse_The_Heavens","Crow Ritual"],"picked":"Yohane:Yousoro","floor":75},{"not_picked":["alterego_mod:Antipathy","alterego_mod:VirginLaserPalladion","Specialist"],"picked":"alterego_mod:AlterEgo","floor":77},{"not_picked":["alterego_mod:VirginLaserPalladion","Yohane:Shadow_Gate","alterego_mod:InsideBaseball","Impatience"],"picked":"Singing Bowl","floor":80},{"not_picked":["alterego_mod:Tantrum","Yohane:Unstable_World","Yohane:Curse_The_Heavens","Apotheosis"],"picked":"Singing Bowl","floor":81},{"not_picked":["alterego_mod:ClassAdvantage","alterego_mod:Valkyrie","Yohane:Take_Flight","Good Instincts"],"picked":"Singing Bowl","floor":82},{"not_picked":["alterego_mod:PainIsPleasure","Yohane:Unstable_World","alterego_mod:Rake","REME_EyeOfCthun"],"picked":"Singing Bowl","floor":84},{"not_picked":["Yohane:Witch_Trick","alterego_mod:Palingenesis","Forethought+1"],"picked":"Yohane:Yousoro","floor":86},{"not_picked":["alterego_mod:VirginLaserPalladion+1","Yohane:Energetic_Performance","alterego_mod:SideboobHour+1","Mind Blast+1"],"picked":"Singing Bowl","floor":90}],"player_experience":308471,"relics_obtained":[{"floor":7.0,"key":"Mummified Hand"},{"floor":8.0,"key":"Odd Mushroom"},{"floor":9.0,"key":"vexMod:ConsolationPrize"},{"floor":10.0,"key":"ReplayTheSpireMod:Lightbulb"},{"floor":13.0,"key":"RuthlessExorcism:ReiMu"},{"floor":24,"key":"Blue Doll"},{"floor":25,"key":"Singing Bowl"},{"floor":26,"key":"Replay:Wax Seal"},{"floor":30,"key":"Pen Nib"},{"floor":34,"key":"Akabeko"},{"floor":36,"key":"Du-Vu Doll"},{"floor":43,"key":"Happy Flower"},{"floor":45,"key":"Thread and Needle"},{"floor":47,"key":"Replay:WaspNest"},{"floor":48,"key":"Grinning Jar"},{"floor":55,"key":"Juzu Bracelet"},{"floor":60,"key":"Replay:Bottled Eggs"},{"floor":76,"key":"Art of War"},{"floor":78,"key":"Whetstone"},{"floor":78,"key":"Omamori"},{"floor":81,"key":"Red Mask"}],"event_choices":[{"damage_healed":0.0,"max_hp_gain":0.0,"max_hp_loss":0.0,"gold_gain":0.0,"cards_transformed":["Yohane:Energy_Change"],"event_name":"Transmorgrifier","player_choice":"Transformed","floor":3.0,"gold_loss":0.0,"damage_taken":0.0,"cards_obtained":["alterego_mod:PainIsPleasure"]},{"damage_healed":0.0,"max_hp_gain":0.0,"max_hp_loss":0.0,"gold_gain":0.0,"event_name":"Mushrooms","player_choice":"Fought Mushrooms","floor":8.0,"gold_loss":0.0,"damage_taken":0.0},{"damage_healed":0.0,"max_hp_gain":5.0,"max_hp_loss":0.0,"gold_gain":0.0,"event_name":"Forgotten Altar","player_choice":"Shed Blood","floor":19.0,"gold_loss":0.0,"damage_taken":21.0},{"damage_healed":0,"gold_gain":0,"player_choice":"Upgraded","damage_taken":0,"max_hp_gain":0,"max_hp_loss":0,"event_name":"Upgrade Shrine","floor":22,"gold_loss":0,"cards_upgraded":["alterego_mod:IndependentAction"]},{"damage_healed":0,"gold_gain":0,"player_choice":"Fight","damage_taken":0,"max_hp_gain":0,"max_hp_loss":0,"event_name":"MindBloom","floor":36,"gold_loss":0},{"damage_healed":0,"gold_gain":0,"player_choice":"Fight","damage_taken":0,"max_hp_gain":0,"max_hp_loss":0,"event_name":"Mysterious Sphere","floor":38,"gold_loss":0},{"damage_healed":0,"gold_gain":80,"player_choice":"Gained Gold","damage_taken":0,"max_hp_gain":0,"max_hp_loss":0,"event_name":"Golden Wing","floor":54,"gold_loss":0},{"damage_healed":0,"gold_gain":0,"player_choice":"0 cards matched","damage_taken":0,"max_hp_gain":0,"max_hp_loss":0,"event_name":"Match and Keep!","floor":58,"gold_loss":0,"cards_obtained":[]},{"damage_healed":0,"gold_gain":0,"player_choice":"Inject Mutagens","damage_taken":0,"relics_obtained":["MutagenicStrength"],"max_hp_gain":0,"max_hp_loss":0,"event_name":"Drug Dealer","floor":79,"gold_loss":0},{"damage_healed":0,"gold_gain":0,"player_choice":"Fought Bandits","damage_taken":0,"max_hp_gain":0,"max_hp_loss":0,"event_name":"Masked Bandits","floor":81,"gold_loss":0},{"damage_healed":0,"gold_gain":0,"player_choice":"Took Portal","damage_taken":0,"max_hp_gain":0,"max_hp_loss":0,"event_name":"SecretPortal","floor":89,"gold_loss":0}],"is_beta":false,"boss_relics":[{"not_picked":["Painkiller Herb","Replay:Ancient Bell","ChewingGum"]},{"not_picked":["Replay:Bronze Core","Runic Dome"],"picked":"REME_LowDesire"},{"not_picked":["Astrolabe","SacredBark"],"picked":"SlaversCollar"},{"not_picked":["REME_ChargedStone","Replay:Bronze Core"],"picked":"vexMod:BigBerry"},{"not_picked":["Fusion Hammer","ChewingGum","Snecko Eye"]},{"not_picked":["Sozu","Velvet Choker","vexMod:RockOfEvil"]}],"items_purged_floors":[2,5,41,42,46,53,63,71,87],"is_endless":true,"potions_floor_spawned":[7,10,13,14,16,25,29,33,35,38,47,48,52,56,61,65,70,74,80,86],"ascension_level":1}}