{"host":"jkgg7n5hn1slsm35","time":1610351097,"event":{"mods":["Aspiration","BaseMod","BetterRewards","Conspire","Googly Eyes","Gremlin Skip","Halation","Highlight Path","Hubris","Infinite Spire","Minty Spire (QoL Compilation)","Permanent Neow","StSLib","SuperFastMode","vexMod"],"gold_per_floor":[114,129,129,144,61,61,91,91,141,156,81,81,96,96,96,196,196,211,226,226,76,91,91,106,106,156,31,31,31],"floor_reached":28,"playtime":1216,"items_purged":["Strike_R","Strike_R","Injury"],"score":218,"play_id":"876a6edc-7409-41f9-af37-6b479272a149","local_time":"20210111084457","daily_mods":["Allstar","ControlledChaos","Lethality"],"is_ascension_mode":false,"campfire_choices":[{"data":"Magnetism","floor":6,"key":"SMITH"},{"floor":8,"key":"REST"},{"data":"Discovery","floor":12,"key":"SMITH"},{"data":"Metallicize","floor":15,"key":"SMITH"},{"data":"Jack Of All Trades","floor":23,"key":"SMITH"}],"circlet_count":0,"master_deck":["Strike_R+1","Strike_R+1","Defend_R","Defend_R","Defend_R","Defend_R","Bash","Forethought","Bandage Up","Magnetism+1","Jack Of All Trades+1","Discovery+1","Iron Wave","Metallicize+1","Heavy Blade","Shrug It Off","Iron Wave","Shrug It Off+1","Flex+1","Metallicize+1"],"relics":["Burning Blood","Frozen Eye","Whetstone","Blood Vial","Toxic Egg 2","hubris:Towel","halation:LettersToHer"],"acts_visited":["Exordium","TheCity"],"potions_floor_usage":[],"damage_taken":[{"damage":9,"enemies":"Jaw Worm","floor":1,"turns":3},{"damage":4,"enemies":"2 Louse","floor":2,"turns":2},{"damage":0,"enemies":"Small Slimes","floor":4,"turns":3},{"damage":47,"enemies":"Lagavulin","floor":7,"turns":5},{"damage":0,"enemies":"2 Fungi Beasts","floor":10,"turns":2},{"damage":1,"enemies":"Red Slaver","floor":13,"turns":4},{"damage":39,"enemies":"The Guardian","floor":16,"turns":5},{"damage":34,"enemies":"Shell Parasite","floor":18,"turns":7},{"damage":11,"enemies":"Chosen","floor":19,"turns":4},{"damage":11,"enemies":"conspire:HollyBat","floor":22,"turns":7},{"damage":27,"enemies":"Snake Plant","floor":24,"turns":3},{"damage":12,"enemies":"Chosen and Byrds","floor":28,"turns":3}],"seed_played":"2608465768335268498","potions_obtained":[{"floor":2,"key":"DistilledChaos"},{"floor":10,"key":"SteroidPotion"},{"floor":16,"key":"Dexterity Potion"}],"is_trial":false,"path_per_floor":["M","M","?","M","$","R","E","R","T","M","$","R","M","?","R","B",null,"M","M","?","$","M","R","M","?","T","$","M"],"character_chosen":"IRONCLAD","items_purchased":["Metallicize","Heavy Blade","Shrug It Off+1"],"campfire_rested":1,"item_purchase_floors":[5,5,21],"current_hp_per_floor":[80,80,73,79,79,79,42,66,66,78,78,78,80,80,80,47,80,53,54,54,54,55,55,40,40,40,40,30,30],"gold":31,"neow_bonus":"","is_daily":true,"chose_seed":false,"campfire_upgraded":4,"win_rate":0.0,"timestamp":1610351097,"path_taken":["M","M","?","M","$","R","E","R","T","M","$","R","M","?","R","BOSS","M","M","?","$","M","R","M","?","T","$","?"],"items_purchased_type":["Card","Card","Card"],"build_version":"2020-12-22","purchased_purges":3,"victory":false,"max_hp_per_floor":[80,80,80,80,80,80,80,80,80,80,80,80,80,80,80,80,80,80,80,80,80,80,80,80,80,80,80,80,80],"card_choices":[{"not_picked":["Armaments","Burning Pact"],"picked":"Iron Wave","floor":1},{"not_picked":["Twin Strike","Headbutt","Rupture"],"picked":"SKIP","floor":2},{"not_picked":["Battle Trance","Second Wind","Headbutt"],"picked":"SKIP","floor":4},{"not_picked":["Armaments","conspire:Purge"],"picked":"Shrug It Off","floor":7},{"not_picked":["Thunderclap","Hemokinesis","Burning Pact"],"picked":"SKIP","floor":10},{"not_picked":["Sword Boomerang","Heavy Blade","Perfected Strike"],"picked":"SKIP","floor":13},{"not_picked":["Pummel+1","Clash"],"picked":"Iron Wave","floor":18},{"not_picked":["Anger","Clash","Clothesline"],"picked":"SKIP","floor":19},{"not_picked":["Rampage","Thunderclap+1"],"picked":"Flex+1","floor":22},{"not_picked":["Wild Strike","hubris:ReadiedAction+1","Headbutt"],"picked":"SKIP","floor":24}],"player_experience":1829676,"relics_obtained":[{"floor":7,"key":"Whetstone"},{"floor":9,"key":"Blood Vial"},{"floor":26,"key":"halation:LettersToHer"}],"event_choices":[{"cards_removed":["Strike_R"],"damage_healed":0,"gold_gain":0,"player_choice":"Card Removal","damage_taken":7,"max_hp_gain":0,"max_hp_loss":0,"event_name":"Golden Wing","floor":3,"gold_loss":0},{"damage_healed":0,"gold_gain":0,"player_choice":"Copied","damage_taken":0,"max_hp_gain":0,"max_hp_loss":0,"event_name":"Duplicator","floor":25,"gold_loss":0,"cards_obtained":["Metallicize"]}],"is_beta":false,"boss_relics":[{"not_picked":["Cursed Key","aspiration:RitualDagger","Runic Dome"]}],"items_purged_floors":[11,21,27],"is_endless":false,"potions_floor_spawned":[2,10,16],"killed_by":"Chosen and Byrds","ascension_level":0}}