{"host":"wg29woj1pduqw9vg","time":1610345977,"event":{"mods":["BaseMod","Bestiary","Better Third Choice","Colored Map","Downfall","Highlight Path","Minty Spire (QoL Compilation)","Quick Restart","StSLib"],"gold_per_floor":[99,99,99,99,99,109,181,238,258,258,269,269,281,313,326,427,427,427,439,449,468,568,112,112,129,143,143,30,30,45,63,80,182,182,182,193,208,385,400,220,220,232,232,232,245,245,245,245,264,264],"floor_reached":51,"playtime":3978,"items_purged":[],"score":728,"play_id":"540e9682-4d6f-42d3-a5a3-3735442a6e5f","local_time":"20210110221937","is_ascension_mode":false,"campfire_choices":[{"data":"Guardian:TwinSlam","floor":1.0,"key":"SMITH"},{"floor":12.0,"key":"REST"},{"data":"Guardian:Suspension","floor":18.0,"key":"SMITH"},{"data":"Guardian:FastForward","floor":29.0,"key":"SMITH"},{"data":"Guardian:TimeBomb","floor":35,"key":"SMITH"},{"data":"Guardian:TemporalShield","floor":47,"key":"SMITH"}],"circlet_count":0,"master_deck":["Guardian:Defend_Guardian","Guardian:Defend_Guardian","Guardian:Defend_Guardian","Guardian:CurlUp","Guardian:TwinSlam+1","Guardian:TimeBomb+1","Guardian:Recover","Guardian:ChargeCore","Guardian:ShieldCharger","Guardian:Clone","Guardian:Suspension+1","Guardian:FastForward+1","Guardian:TimeCapacitor+1","Guardian:Planning+1","Guardian:MultiBeam+1","Guardian:TemporalStrike","J.A.X.","Guardian:BronzeOrb","Guardian:StasisStrike","Guardian:BronzeOrb","Guardian:TemporalShield+1","Guardian:PolyBeam+1"],"relics":["Guardian:ModeShifter","downfall:HeartsMalice","Happy Flower","Sundial","Incense Burner","Ornamental Fan","Astrolabe","MutagenicStrength","Eternal Feather","Membership Card","Potion Belt","Busted Crown","Anchor","Bag of Preparation","Oddly Smooth Stone","ClockworkSouvenir","Shuriken","FossilizedHelix"],"acts_visited":["Exordium","TheCity","TheBeyond"],"potions_floor_usage":[33,33],"damage_taken":[{"damage":0.0,"enemies":"2 Louse","floor":2.0,"turns":1.0},{"damage":0.0,"enemies":"downfall:FleeingMerchant","floor":3.0,"turns":1.0},{"damage":0.0,"enemies":"Jaw Worm","floor":4.0,"turns":1.0},{"damage":0.0,"enemies":"Small Slimes","floor":6.0,"turns":5.0},{"damage":15.0,"enemies":"Gremlin Nob","floor":8.0,"turns":5.0},{"damage":3.0,"enemies":"3 Louse","floor":9.0,"turns":3.0},{"damage":2.0,"enemies":"Exordium Thugs","floor":11.0,"turns":5.0},{"damage":7.0,"enemies":"Blue Slaver","floor":13.0,"turns":4.0},{"damage":17.0,"enemies":"Gremlin Nob","floor":14.0,"turns":6.0},{"damage":1.0,"enemies":"2 Fungi Beasts","floor":15.0,"turns":4.0},{"damage":0.0,"enemies":"downfall:Silent","floor":16.0,"turns":12.0},{"damage":2.0,"enemies":"Shell Parasite","floor":19.0,"turns":4.0},{"damage":5.0,"enemies":"Chosen","floor":20.0,"turns":5.0},{"damage":5.0,"enemies":"Snake Plant","floor":21.0,"turns":5.0},{"damage":11.0,"enemies":"downfall:Augmenter","floor":22.0,"turns":4.0},{"damage":4.0,"enemies":"downfall:FleeingMerchant","floor":23.0,"turns":4.0},{"damage":0.0,"enemies":"Centurion and Healer","floor":25.0,"turns":6.0},{"damage":0.0,"enemies":"Sentry and Sphere","floor":26.0,"turns":4.0},{"damage":0.0,"enemies":"downfall:FleeingMerchant","floor":28.0,"turns":4.0},{"damage":0.0,"enemies":"Chosen and Byrds","floor":30.0,"turns":4.0},{"damage":5,"enemies":"Shelled Parasite and Fungi","floor":31,"turns":4},{"damage":4,"enemies":"3 Cultists","floor":32,"turns":4},{"damage":4,"enemies":"downfall:Defect","floor":33,"turns":8},{"damage":0,"enemies":"Orb Walker","floor":36,"turns":4},{"damage":0,"enemies":"3 Shapes","floor":37,"turns":4},{"damage":3,"enemies":"downfall:FleeingMerchant","floor":38,"turns":4},{"damage":8,"enemies":"Transient","floor":39,"turns":5},{"damage":0,"enemies":"Sphere and 2 Shapes","floor":42,"turns":3},{"damage":0,"enemies":"Maw","floor":45,"turns":6},{"damage":0,"enemies":"Writhing Mass","floor":49,"turns":4},{"damage":0,"enemies":"downfall:Watcher","floor":50,"turns":5}],"seed_played":"-2952562491712465802","potions_obtained":[{"floor":6.0,"key":"Dexterity Potion"},{"floor":8.0,"key":"sneckomod:MuddlingPotion"},{"floor":13.0,"key":"PowerPotion"},{"floor":15.0,"key":"champ:CounterPotion"},{"floor":16.0,"key":"sneckomod:MuddlingPotion"},{"floor":19.0,"key":"Fire Potion"},{"floor":20.0,"key":"SkillPotion"},{"floor":25.0,"key":"SteroidPotion"},{"floor":30,"key":"Weak Potion"},{"floor":32,"key":"Dexterity Potion"},{"floor":39,"key":"Ancient Potion"},{"floor":42,"key":"Swift Potion"},{"floor":45,"key":"SteroidPotion"}],"is_trial":false,"path_per_floor":["R","M","$","M","?","M","T","?","M","?","M","R","M","E","M","B",null,"R","M","M","M","?","$","T","M","M","?","$","R","M","M","M","B",null,"R","M","M","$","M","$","T","M","?","T","M","?","R","?","M","B",null],"character_chosen":"GUARDIAN","items_purchased":["Guardian:Gem_Cyan","Eternal Feather","Membership Card","Guardian:StasisStrike","Guardian:Gem_Cyan","Anchor","Bag of Preparation","Guardian:TemporalShield","Oddly Smooth Stone","ClockworkSouvenir"],"campfire_rested":1,"item_purchase_floors":[23,23,23,28,28,38,38,40,40,40],"current_hp_per_floor":[80,80,80,80,73,73,73,58,55,55,53,77,70,53,52,52,80,80,78,73,68,57,53,53,53,53,53,53,65,65,60,56,52,80,80,80,80,77,69,69,69,69,69,69,69,69,80,80,80,80],"gold":264,"neow_bonus":"THREE_ENEMY_KILL","is_daily":false,"chose_seed":false,"campfire_upgraded":5,"win_rate":0.0,"timestamp":1610345977,"path_taken":["R","M","$","M","?","M","T","?","M","?","M","R","?","E","M","BOSS","R","M","M","M","?","$","T","M","M","?","$","R","M","M","M","BOSS","R","M","M","$","M","$","T","M","?","?","M","?","R","?","M","BOSS"],"items_purchased_type":["Card","Relic","Relic","Card","Card","Relic","Relic","Card","Relic","Relic"],"build_version":"2020-12-22","purchased_purges":0,"victory":true,"max_hp_per_floor":[80,80,80,80,80,80,80,80,80,80,80,80,80,80,80,80,80,80,80,80,80,80,80,80,80,80,80,80,80,80,80,80,80,80,80,80,80,80,80,80,80,80,80,80,80,80,80,80,80,80],"card_choices":[{"not_picked":["Guardian:PiercingHide","Guardian:Harden"],"picked":"Guardian:TimeBomb","floor":2.0},{"not_picked":["Guardian:PrimingBeam","Guardian:Gem_Lightblue"],"picked":"Guardian:Recover","floor":3.0},{"not_picked":["Guardian:TimeBomb","Guardian:CrystalBeam"],"picked":"Guardian:ChargeCore","floor":4.0},{"not_picked":["Guardian:Gem_Crimson","Guardian:ChargeCore"],"picked":"Guardian:Gem_Purple","floor":6.0},{"not_picked":["Guardian:Gem_Lightblue","Guardian:HyperBeam_Guardian"],"picked":"Guardian:Gem_Green","floor":8.0},{"not_picked":["Guardian:PrimingBeam","Guardian:TemporalShield","Guardian:Incinerate"],"picked":"SKIP","floor":9.0},{"not_picked":["Guardian:Emergency","Guardian:Recover"],"picked":"Guardian:ShieldCharger","floor":11.0},{"not_picked":["Guardian:ChargeCore","Guardian:PiercingHide"],"picked":"Guardian:Clone","floor":13.0},{"not_picked":["Guardian:EvasiveProtocol","Guardian:RefractedBeam","Guardian:SphericShield"],"picked":"SKIP","floor":14.0},{"not_picked":["Guardian:Repulse","Guardian:ShieldCharger"],"picked":"Guardian:Suspension","floor":15.0},{"not_picked":["Guardian:StasisStrike","Guardian:BaubleBeam"],"picked":"Guardian:FastForward","floor":16.0},{"not_picked":["Guardian:MultiBeam","Guardian:PiercingHide","Guardian:GuardianWhirl"],"picked":"SKIP","floor":19.0},{"not_picked":["Guardian:Recover","Guardian:Clone","Guardian:Planning"],"picked":"SKIP","floor":20.0},{"not_picked":["Guardian:TemporalStrike","Guardian:Reroute+1"],"picked":"Guardian:Gem_Fragmented","floor":21.0},{"not_picked":[],"picked":"J.A.X.","floor":22.0},{"not_picked":["Guardian:Incinerate+1","Guardian:ShieldSpikes+1"],"picked":"Guardian:Gem_Lightblue","floor":23.0},{"not_picked":["Guardian:Repulse+1","Guardian:TemporalStrike","Guardian:ChargeCore+1"],"picked":"SKIP","floor":25.0},{"not_picked":["Guardian:ShieldSpikes","Guardian:Recover"],"picked":"Guardian:BronzeOrb","floor":26.0},{"not_picked":["Guardian:Preprogram+1","Guardian:Gem_Red","Guardian:Gem_Green"],"picked":"SKIP","floor":28.0},{"not_picked":["Guardian:RollAttack+1","Guardian:Gem_Blue"],"picked":"Guardian:BronzeOrb","floor":30},{"not_picked":["Guardian:PrismaticBarrier+1","Guardian:BronzeOrb","Guardian:Emergency"],"picked":"SKIP","floor":31},{"not_picked":["Guardian:Gem_Lightblue","Guardian:VentSteam","Guardian:ChargeCore"],"picked":"SKIP","floor":32},{"not_picked":["Guardian:PrismaticBeam+1"],"picked":"SKIP","floor":36},{"not_picked":["Guardian:TemporalStrike+1"],"picked":"SKIP","floor":37},{"not_picked":["Guardian:Incinerate+1"],"picked":"SKIP","floor":38},{"not_picked":["Guardian:Clone"],"picked":"SKIP","floor":39},{"not_picked":["Guardian:ChargeCore"],"picked":"SKIP","floor":42},{"not_picked":["Guardian:PolyBeam+1"],"picked":"SKIP","floor":45},{"not_picked":[],"picked":"Guardian:PolyBeam+1","floor":45},{"not_picked":["Guardian:PrismaticBeam+1"],"picked":"SKIP","floor":49}],"player_experience":28566,"relics_obtained":[{"floor":7.0,"key":"Sundial"},{"floor":8.0,"key":"Incense Burner"},{"floor":14.0,"key":"Ornamental Fan"},{"floor":22.0,"key":"MutagenicStrength"},{"floor":24.0,"key":"Potion Belt"},{"floor":41,"key":"Shuriken"},{"floor":44,"key":"FossilizedHelix"}],"event_choices":[{"damage_healed":0.0,"max_hp_gain":0.0,"max_hp_loss":0.0,"gold_gain":0.0,"event_name":"betterThird:BetterScrap","player_choice":"Relic ","floor":5.0,"gold_loss":0.0,"damage_taken":7.0,"cards_obtained":["Weave"]},{"damage_healed":0.0,"max_hp_gain":0.0,"max_hp_loss":0.0,"gold_gain":0.0,"event_name":"Vampires","player_choice":"Ignored","floor":27.0,"gold_loss":0.0,"damage_taken":0.0},{"damage_healed":0,"gold_gain":0,"player_choice":"Ignored","damage_taken":0,"max_hp_gain":0,"max_hp_loss":0,"event_name":"Mysterious Sphere","floor":48,"gold_loss":0}],"is_beta":false,"boss_relics":[{"not_picked":["Guardian:StasisSlotReductionRelic","Runic Pyramid"],"picked":"Astrolabe"},{"not_picked":["Runic Dome","Cursed Key"],"picked":"Busted Crown"}],"items_purged_floors":[],"is_endless":false,"potions_floor_spawned":[6,8,13,15,16,19,20,25,30,32,39,42,45],"ascension_level":0}}