{"host":"g75gtovmj0ine2rf","time":1610368064,"event":{"mods":["2.2 Compatiblity","AchievementEnabler","Act Like it!","Aspiration","Astrologer","Bard","BaseMod","Better Match","BetterRewards","CapriCore","Challenge The Spire","ChefMod","Clockwork Mod","Colored Map","Conspire","Elementarium","Energized Spire","Friendly Minions","Gensokyo","Halation","Hallownest","Hermit","HexUI Lib","Highlight Path","Hubris","Infinite Spire","Jedi Mod","Lobotomy","Menagerie","Minty Spire (QoL Compilation)","Puzzle Mod","Quick Restart","Rare Cards Sparkle","Relic Stats","Replay The Spire","Robot Space Explorer","Shade Mod","Shop Mod","Spicy Shops","StSLib","SuperFastMode","The Construct","The Cursed","The Dragon Tamer","The Factory","The Jungle","The Marked","The Runesmith","TheBandit","TheFirefly","TheSwordswoman","TheVacant","Transform Curses","Wandering Minibosses","thorton","vexMod"],"gold_per_floor":[117,117,128,145,140,164,164,164,164,164,164,180,187,213,213,306,306,252,227,227,221,150,169,169,169,251,976,976,986,1000,444,444,544,544,556,167,179,104,104,104,137,137,137,49,49,61,95,109,109,109,109,109,59,92,92],"floor_reached":56,"playtime":4536,"items_purged":["ReplayTheSpireMod:Chaos Vortex","Gensokyo:AllTheWorldsEvil","CommonCold","Clockwork:Shield","Clockwork:Shield"],"score":1574,"play_id":"14a78d06-4d1f-4bf9-96ca-78c4e88fc8c7","local_time":"20210111232744","is_ascension_mode":true,"campfire_choices":[{"data":"Menagerie:BeastSpirit","floor":8.0,"key":"SMITH"},{"data":"Clockwork:ElasticNanites","floor":10.0,"key":"SMITH"},{"floor":15.0,"key":"REST"},{"data":"Clockwork:RitualDaggerMk0","floor":28.0,"key":"SMITH"},{"floor":32.0,"key":"RECALL"},{"data":"ReplayUltimateDefense","floor":40,"key":"SMITH"},{"data":"Clockwork:AssemblyLine","floor":42,"key":"SMITH"},{"data":"Clockwork:LiteraryArmor","floor":49,"key":"SMITH"},{"data":"Clockwork:LiteraryArmor","floor":52,"key":"SMITH"}],"circlet_count":0,"master_deck":["Clockwork:Shield+1","Clockwork:Tinker","Clockwork:WarmUp","Clockwork:RitualDaggerMk0+1","Menagerie:BeastSpirit+1","Clockwork:AssemblyLine+1","Clockwork:ElasticNanites+1","Die Die Die","Clockwork:LiteraryArmor+1","Clockwork:LiteraryArmor+1","ReplayUltimateDefense+1","Clockwork:LiteraryArmor+1","Flash of Steel+1","Die Die Die"],"relics":["Clockwork:MomentumEngine","aspiration:Nostalgia","Replay:M_StaffOfTheSnake","Smiling Mask","hubris:Towel","Blue Doll","conspire:Dentures","Nunchaku","jedi:paperlyon","Elementarium:FlickeringLantern","Ornamental Fan","White Beast Statue","Kintsugi","OrangePellets","Pantograph","wanderingMiniBosses:MasterThiefsPresence","Eternal Feather","ReplayFunnel","Elementarium:ElementariumTrophy","energizedSpire:MagnifyingGlass","Clockwork:Varja","Potion Belt","Gensokyo:EmptyGrave","Ancient Tea Set","halation:EternalFortune","Pear","vexMod:PlasmaPancake","Sundial"],"acts_visited":["Exordium","Menagerie:Menagerie","Elementarium:Elementarium","TheEnding"],"potions_floor_usage":[41,41,54,55,55,55,55,55,55,55,55,55],"damage_taken":[{"damage":3.0,"enemies":"Menagerie:2_RABBITS","floor":1.0,"turns":9.0},{"damage":0.0,"enemies":"Menagerie:WhisperingWraith","floor":3.0,"turns":9.0},{"damage":4.0,"enemies":"Menagerie:MonstrousExperiment","floor":4.0,"turns":9.0},{"damage":0.0,"enemies":"Menagerie:RedMage","floor":5.0,"turns":9.0},{"damage":18.0,"enemies":"Menagerie:VoidReaper","floor":6.0,"turns":11.0},{"damage":0.0,"enemies":"Menagerie:MaskedSummoner","floor":12.0,"turns":12.0},{"damage":0.0,"enemies":"Menagerie:EntropyWarlock","floor":13.0,"turns":8.0},{"damage":10.0,"enemies":"Menagerie:Hydra","floor":14.0,"turns":6.0},{"damage":1.0,"enemies":"Menagerie:AVATARS","floor":16.0,"turns":9.0},{"damage":0.0,"enemies":"Elementarium:MUD_AND_TAR_GOLEMS","floor":18.0,"turns":6.0},{"damage":0.0,"enemies":"Elementarium:VoidCorruption","floor":21.0,"turns":11.0},{"damage":0.0,"enemies":"Elementarium:3_ELEMENTALS","floor":22.0,"turns":10.0},{"damage":0.0,"enemies":"Elementarium:WarGolem","floor":23.0,"turns":7.0},{"damage":0.0,"enemies":"Elementarium:VOID_CORRUPTION_AND_ORB_OF_FIRE","floor":27.0,"turns":6.0},{"damage":0.0,"enemies":"Elementarium:RubyGolem","floor":29.0,"turns":4.0},{"damage":0.0,"enemies":"Elementarium:VOID_CORRUPTION_AND_TAR_GOLEM","floor":30.0,"turns":8.0},{"damage":0.0,"enemies":"Elementarium:GoldenDragon","floor":33.0,"turns":9.0},{"damage":0,"enemies":"Gensokyo:3_Bats","floor":35,"turns":8},{"damage":12,"enemies":"Gensokyo:3_Boulders","floor":37,"turns":7},{"damage":0,"enemies":"Gensokyo:Doremy","floor":41,"turns":7},{"damage":0,"enemies":"Gensokyo:4_Bats","floor":46,"turns":7},{"damage":0,"enemies":"Gensokyo:Marisa","floor":47,"turns":9},{"damage":0,"enemies":"Gensokyo:Dusk_and_Dawn","floor":48,"turns":5},{"damage":0,"enemies":"Gensokyo:Shinki","floor":50,"turns":10},{"damage":10,"enemies":"Shield and Spear","floor":54,"turns":11},{"damage":10,"enemies":"The Heart","floor":55,"turns":10}],"seed_played":"5718637632133164130","potions_obtained":[{"floor":4.0,"key":"Adrenaline Potion"},{"floor":5.0,"key":"DistilledChaos"},{"floor":6.0,"key":"jedi:tentaclejuice"},{"floor":13.0,"key":"DuplicationPotion"},{"floor":21.0,"key":"Elixir"},{"floor":27.0,"key":"Explosive Potion"},{"floor":29.0,"key":"SkillPotion"},{"floor":30.0,"key":"EntropicBrew"},{"floor":33.0,"key":"Block Potion"},{"floor":35,"key":"Strength Potion"},{"floor":37,"key":"Swift Potion"},{"floor":41,"key":"Weak Potion"},{"floor":46,"key":"Weak Potion"},{"floor":47,"key":"Explosive Potion"},{"floor":54,"key":"Dexterity Potion"}],"is_trial":false,"path_per_floor":["M","?","M","M","M","E","?","R","T","R","?","E","M","E","R","B",null,"M","?","?","M","M","E","T","AVR","T","M","R","M","M","$","R","B",null,"M","$","M","?","?","R","E","R","T","COS","?","M","E","M","R","B",null,"R","$","E","B",null],"character_chosen":"CLOCKWORK","items_purchased":["Clockwork:LiteraryArmor","Eternal Feather","ReplayFunnel","ReplayUltimateDefense","Potion Belt"],"campfire_rested":1,"item_purchase_floors":[31,31,31,36,36],"current_hp_per_floor":[82,82,82,78,78,60,60,60,60,60,41,41,41,31,55,54,82,82,82,82,82,82,82,82,82,82,82,82,82,82,82,82,82,82,82,82,70,70,70,76,76,76,76,76,79,79,89,89,89,95,95,95,95,85,85],"gold":92,"neow_bonus":"NOSTALGIA","is_daily":false,"chose_seed":false,"campfire_upgraded":7,"win_rate":0.0,"timestamp":1610368064,"path_taken":["M","?","M","M","M","E","?","R","T","R","?","E","?","E","R","BOSS","M","?","?","?","M","E","?","AVR","T","M","R","M","M","$","R","BOSS","M","$","M","?","?","R","E","R","T","COS","?","M","E","M","R","BOSS","R","$","E","BOSS"],"items_purchased_type":["Card","Relic","Relic","Card","Relic"],"build_version":"2020-12-22","purchased_purges":5,"victory":true,"max_hp_per_floor":[85,82,82,82,82,82,82,82,82,82,82,82,82,82,82,82,82,82,82,82,82,82,82,82,82,82,82,82,82,82,82,82,82,82,82,82,82,82,76,76,76,76,76,76,79,79,89,89,89,95,95,95,95,95,95],"relic_stats":{"OrangePellets":[16],"Nunchaku":[25],"counters":[26,217],"Ornamental Fan":[132],"Sundial":[6],"Pantograph":10,"Eternal Feather":6,"Smiling Mask":250,"obtain_stats":[{"ReplayFunnel":31,"vexMod:PlasmaPancake":50,"Blue Doll":9,"Clockwork:Varja":35,"Smiling Mask":6,"Ancient Tea Set":41,"Nunchaku":14,"jedi:paperlyon":17,"Sundial":54,"Pantograph":26,"conspire:Dentures":12,"Potion Belt":36,"Replay:M_StaffOfTheSnake":0,"Pear":47,"aspiration:Nostalgia":0,"wanderingMiniBosses:MasterThiefsPresence":27,"Eternal Feather":31,"hubris:Towel":7,"White Beast Statue":24,"Clockwork:MomentumEngine":0,"OrangePellets":25,"Gensokyo:EmptyGrave":39,"Elementarium:ElementariumTrophy":33,"Ornamental Fan":23,"halation:EternalFortune":45,"energizedSpire:MagnifyingGlass":34,"Kintsugi":25,"Elementarium:FlickeringLantern":20},{"ReplayFunnel":16,"vexMod:PlasmaPancake":24,"Blue Doll":5,"Clockwork:Varja":18,"Smiling Mask":5,"Ancient Tea Set":20,"Nunchaku":8,"jedi:paperlyon":9,"Sundial":25,"Pantograph":13,"conspire:Dentures":6,"Potion Belt":18,"Replay:M_StaffOfTheSnake":0,"Pear":22,"aspiration:Nostalgia":0,"wanderingMiniBosses:MasterThiefsPresence":14,"Eternal Feather":16,"hubris:Towel":5,"White Beast Statue":13,"Clockwork:MomentumEngine":0,"OrangePellets":13,"Gensokyo:EmptyGrave":19,"Elementarium:ElementariumTrophy":17,"Ornamental Fan":13,"halation:EternalFortune":20,"energizedSpire:MagnifyingGlass":17,"Kintsugi":13,"Elementarium:FlickeringLantern":10},{"ReplayFunnel":134,"vexMod:PlasmaPancake":187,"Blue Doll":47,"Clockwork:Varja":149,"Smiling Mask":47,"Ancient Tea Set":165,"Nunchaku":73,"jedi:paperlyon":82,"Sundial":207,"Pantograph":116,"conspire:Dentures":59,"Potion Belt":151,"Replay:M_StaffOfTheSnake":0,"Pear":181,"aspiration:Nostalgia":0,"wanderingMiniBosses:MasterThiefsPresence":122,"Eternal Feather":134,"hubris:Towel":47,"White Beast Statue":116,"Clockwork:MomentumEngine":0,"OrangePellets":116,"Gensokyo:EmptyGrave":158,"Elementarium:ElementariumTrophy":143,"Ornamental Fan":116,"halation:EternalFortune":165,"energizedSpire:MagnifyingGlass":143,"Kintsugi":116,"Elementarium:FlickeringLantern":88}]},"card_choices":[{"not_picked":["Clockwork:CogBarrier","Crescendo"],"picked":"Clockwork:RitualDaggerMk0","floor":1.0},{"not_picked":["Clockwork:Enhance","Vengeance"],"picked":"Clockwork:AssemblyLine","floor":3.0},{"not_picked":["Clockwork:RampUp","Clockwork:CraftVarja"],"picked":"Clockwork:ElasticNanites","floor":4.0},{"not_picked":["Clockwork:AdaptiveCannon","Clockwork:Pluck","Clockwork:Redundancy"],"picked":"SKIP","floor":5.0},{"not_picked":["Clockwork:SnapKeep","Clockwork:ChargingBlade"],"picked":"Die Die Die","floor":6.0},{"not_picked":["infinitespire:SealOfDarkness+","ReplayTheSpireMod:Echoes of Time"],"picked":"ReplayTheSpireMod:Chaos Vortex","floor":11.0},{"not_picked":["Clockwork:MechanicalBulk","Setup","Clockwork:PerfectedShield"],"picked":"SKIP","floor":12.0},{"not_picked":["Clockwork:Roundhouse","Clockwork:Redundancy","Clockwork:ForgeStrike"],"picked":"SKIP","floor":13.0},{"not_picked":["Clockwork:SystemScan","SashWhip","TalkToTheHand"],"picked":"SKIP","floor":14.0},{"not_picked":["Adrenaline","Clockwork:Randomization"],"picked":"MasterReality","floor":16.0},{"not_picked":["Clockwork:Selectivity","Clockwork:ForgeStrike","Clockwork:Redundancy"],"picked":"SKIP","floor":18.0},{"not_picked":["Clockwork:CogShield","Clockwork:ChargingBlade","Clockwork:ReserveSystems+1"],"picked":"SKIP","floor":21.0},{"not_picked":["Clockwork:SystemHardening","Clockwork:CogBarrier","Clockwork:ReserveSystems+1"],"picked":"SKIP","floor":22.0},{"not_picked":["Clockwork:SystemScan+1","Clockwork:CogBarrier+1","Clockwork:MechanicalBulk"],"picked":"SKIP","floor":23.0},{"not_picked":["Clockwork:Efficiency","Clockwork:Minimalism"],"picked":"Clockwork:CraftVarja","floor":27.0},{"not_picked":["Clockwork:Enhance","Clockwork:FalseStart","Clockwork:Pluck"],"picked":"SKIP","floor":29.0},{"not_picked":["Clockwork:FalseStart+1","Clockwork:SystemScan","Clockwork:CogToss"],"picked":"SKIP","floor":30.0},{"not_picked":["Clockwork:KaliMa","Clockwork:AeonShield"],"picked":"Clockwork:CraftMomentumEngine","floor":33.0},{"not_picked":["Clockwork:Minimalism+1","JustLucky+1","Flying Knee"],"picked":"SKIP","floor":35},{"not_picked":["Clockwork:Friction+1","Clockwork:TimeOut+1"],"picked":"Clockwork:LiteraryArmor","floor":37},{"not_picked":["Finesse+1","Impatience+1"],"picked":"Flash of Steel+1","floor":38},{"not_picked":["Clockwork:Friction","CutThroughFate","Clockwork:ChargingBlade"],"picked":"SKIP","floor":41},{"not_picked":["Dagger Throw+1","Clockwork:SystemScan+1"],"picked":"Clockwork:SmithsMallet","floor":46},{"not_picked":["Clockwork:TestingEnvironment","ThirdEye+1"],"picked":"Die Die Die","floor":47},{"not_picked":["Weave","Outmaneuver+1","Well Laid Plans"],"picked":"SKIP","floor":48},{"not_picked":["Clockwork:SystemScan+1","Clockwork:AdaptiveCannon","Clockwork:ForgeStrike"],"picked":"SKIP","floor":54}],"player_experience":1410670,"relics_obtained":[{"floor":6.0,"key":"Smiling Mask"},{"floor":9.0,"key":"Blue Doll"},{"floor":12.0,"key":"conspire:Dentures"},{"floor":14.0,"key":"Nunchaku"},{"floor":23.0,"key":"Ornamental Fan"},{"floor":24.0,"key":"White Beast Statue"},{"floor":26.0,"key":"Pantograph"},{"floor":27.0,"key":"wanderingMiniBosses:MasterThiefsPresence"},{"floor":41,"key":"Ancient Tea Set"},{"floor":47,"key":"Pear"},{"floor":54,"key":"Sundial"}],"event_choices":[{"damage_healed":0.0,"max_hp_gain":0.0,"max_hp_loss":3.0,"gold_gain":0.0,"event_name":"Menagerie:BeastSpiritShrine","player_choice":"Knelt","floor":2.0,"gold_loss":0.0,"damage_taken":0.0,"cards_obtained":["Menagerie:BeastSpirit"]},{"damage_healed":0.0,"max_hp_gain":0.0,"max_hp_loss":0.0,"gold_gain":0.0,"event_name":"Elementarium:HeartOfTheVoid","player_choice":"Take","floor":20.0,"gold_loss":0.0,"damage_taken":0.0,"relics_obtained":["Elementarium:FlickeringLantern"]},{"damage_healed":0,"gold_gain":0,"player_choice":"2","damage_taken":0,"max_hp_gain":0,"max_hp_loss":0,"event_name":"betterMatch:BetterMatch","floor":38,"gold_loss":0,"cards_obtained":["betterMatch:ColorlessUncommonCard"]}],"is_beta":false,"boss_relics":[{"not_picked":["ReplayTheSpireMod:DimensionalGlitch","halation:CatFaceCupcake"],"picked":"jedi:paperlyon"},{"not_picked":["hubris:BlackHole","aspiration:FutureDiary"],"picked":"energizedSpire:MagnifyingGlass"}],"items_purged_floors":[25,31,31,36,53],"is_endless":false,"potions_floor_spawned":[4,5,6,13,21,27,29,30,33,35,37,41,46,47,48,54],"ascension_level":2}}