{"host":"g3bty4prdobmknyh","time":1610409275,"event":{"mods":["Act Like it!","Aspiration","BaseMod","Hermit","Minty Spire (QoL Compilation)","Pale of the Ancients","Replay The Spire","StSLib","The Blackbeard","The Hierophant","The Jungle"],"gold_per_floor":[135,135,210,251,290,230,230],"floor_reached":6,"playtime":381,"items_purged":[],"score":36,"play_id":"57de48fa-a070-42e1-ab37-174e9ecdcb73","local_time":"20210111185435","daily_mods":["SealedDeck","ControlledChaos","DeadlyEvents"],"is_ascension_mode":false,"campfire_choices":[],"circlet_count":0,"master_deck":["hierophant:PristineSoul","hierophant:SecretStash","hierophant:HolyVerse","hierophant:OrnateBuckler","hierophant:Purify","hierophant:RepressedViolence","hierophant:DisplayOfPower","hierophant:MorningPrayer","hierophant:ThreeLashes","hierophant:Sermon","hierophant:Doubloon"],"relics":["hierophant:PropheticMaskRelic","Frozen Eye"],"acts_visited":["Exordium"],"potions_floor_usage":[],"damage_taken":[{"damage":0,"enemies":"2 Louse","floor":1,"turns":1},{"damage":11,"enemies":"Jaw Worm","floor":4,"turns":2},{"damage":11,"enemies":"Small Slimes","floor":5,"turns":2},{"damage":43,"enemies":"Lagavulin","floor":6,"turns":6}],"seed_played":"9004658440890618561","potions_obtained":[{"floor":1,"key":"SmokeBomb"}],"is_trial":true,"path_per_floor":["M","?","?","M","M","E"],"character_chosen":"HIEROPHANT","items_purchased":[],"campfire_rested":0,"item_purchase_floors":[],"current_hp_per_floor":[75,75,64,53,42,0,0],"gold":230,"neow_bonus":"","is_daily":false,"chose_seed":false,"campfire_upgraded":0,"win_rate":0.0,"timestamp":1610409275,"path_taken":["M","?","?","M","M","E"],"items_purchased_type":[],"build_version":"2020-12-22","purchased_purges":0,"victory":false,"max_hp_per_floor":[75,75,75,75,75,75,75],"card_choices":[{"not_picked":["hierophant:MorningPrayer","hierophant:Purify","hierophant:Shelter"],"picked":"SKIP","floor":1},{"not_picked":["hierophant:Sermon","hierophant:FaithHealing","hierophant:Shelter"],"picked":"SKIP","floor":4},{"not_picked":["hierophant:Purify","hierophant:HammerAndAnvil"],"picked":"hierophant:Doubloon","floor":5}],"player_experience":947934,"relics_obtained":[],"event_choices":[{"damage_healed":0,"gold_gain":75,"player_choice":"Gather Gold","damage_taken":11,"max_hp_gain":0,"max_hp_loss":0,"event_name":"World of Goop","floor":3,"gold_loss":0}],"is_beta":false,"boss_relics":[],"items_purged_floors":[],"is_endless":false,"potions_floor_spawned":[1],"killed_by":"Lagavulin","ascension_level":0}}