{"host":"11728qvdvolffudn","time":1610385302,"event":{"mods":["BaseMod","Block Reminder","Colored Powertips","Curses Come First","Custom Start","Displayed Cursed Tome","Highlight Path","Minty Spire (QoL Compilation)","Permanent Neow","Quick Restart","Rare Cards Sparkle","Relic Stats","StSLib"],"gold_per_floor":[113,136,136,61,73,73,104,28,51,51,63,90,90,108,108,236,236,260,155,155,115,136,136,155,155,155,155,171,171,192,226,226,226,226],"floor_reached":33,"playtime":7105,"items_purged":["Defend_B"],"score":263,"play_id":"801f7c35-adc4-4681-a3c5-421925ff02e7","local_time":"20210111171502","is_ascension_mode":false,"campfire_choices":[{"data":"White Noise","floor":6,"key":"SMITH"},{"data":"Zap","floor":10,"key":"SMITH"},{"floor":15,"key":"REST"},{"data":"Biased Cognition","floor":23,"key":"SMITH"},{"data":"Lockon","floor":25,"key":"SMITH"},{"data":"Dualcast","floor":27,"key":"SMITH"},{"floor":32,"key":"REST"}],"circlet_count":0,"master_deck":["Strike_B","Strike_B","Defend_B","Defend_B","Defend_B","Zap+1","Dualcast+1","White Noise+1","BootSequence","Darkness","Gash","Biased Cognition+1","Beam Cell","Lockon+1","Defragment+1","Decay","Darkness","Chaos","Go for the Eyes"],"relics":["Cracked Core","Toy Ornithopter","Regal Pillow","Vajra","Odd Mushroom","Golden Idol","Runic Pyramid","Incense Burner","Art of War"],"acts_visited":["Exordium","TheCity"],"potions_floor_usage":[7,16,16,16,30,30,33,33],"damage_taken":[{"damage":5,"enemies":"Cultist","floor":1,"turns":3},{"damage":4,"enemies":"2 Louse","floor":5,"turns":3},{"damage":13,"enemies":"Lagavulin","floor":7,"turns":6},{"damage":1,"enemies":"Jaw Worm","floor":11,"turns":2},{"damage":11,"enemies":"The Mushroom Lair","floor":12,"turns":5},{"damage":18,"enemies":"Gremlin Gang","floor":14,"turns":4},{"damage":22,"enemies":"The Guardian","floor":16,"turns":8},{"damage":23,"enemies":"Shell Parasite","floor":18,"turns":4},{"damage":0,"enemies":"Chosen","floor":22,"turns":4},{"damage":8,"enemies":"Snake Plant","floor":24,"turns":4},{"damage":7,"enemies":"Chosen and Byrds","floor":28,"turns":3},{"damage":18,"enemies":"Cultist and Chosen","floor":30,"turns":5},{"damage":18,"enemies":"Book of Stabbing","floor":31,"turns":3},{"damage":69,"enemies":"Automaton","floor":33,"turns":6}],"seed_played":"3951333824755095275","potions_obtained":[{"floor":1,"key":"BlessingOfTheForge"},{"floor":5,"key":"DistilledChaos"},{"floor":12,"key":"FocusPotion"},{"floor":24,"key":"EntropicBrew"},{"floor":28,"key":"Explosive Potion"},{"floor":31,"key":"PotionOfCapacity"}],"is_trial":false,"path_per_floor":["M","T","?","$","M","R","E","$","T","R","M","?","?","M","R","B",null,"M","$","?","?","M","R","M","R","T","R","M","?","M","E","R","B"],"character_chosen":"DEFECT","items_purchased":["PotionOfCapacity","Lockon","Defragment"],"campfire_rested":2,"item_purchase_floors":[8,19,19],"current_hp_per_floor":[70,70,63,63,59,59,51,51,51,51,50,39,21,3,40,33,75,52,52,52,52,52,52,44,44,44,44,37,37,29,11,48,0,0],"gold":226,"neow_bonus":"TRANSFORM_CARD","is_daily":false,"chose_seed":false,"campfire_upgraded":5,"win_rate":0.0,"timestamp":1610385302,"path_taken":["M","?","?","$","M","R","E","?","T","R","?","?","?","M","R","BOSS","M","$","?","?","M","R","M","R","T","R","?","?","M","E","R","BOSS"],"items_purchased_type":["Potion","Card","Card"],"build_version":"2020-12-22","purchased_purges":1,"victory":false,"max_hp_per_floor":[75,75,75,75,75,75,75,75,75,75,75,75,75,75,75,75,75,75,75,75,75,75,75,75,75,75,75,75,75,75,75,75,75,75],"relic_stats":{"Regal Pillow":30,"counters":[14,60],"Golden Idol":57,"Art of War":[0],"obtain_stats":[{"Regal Pillow":7,"Golden Idol":13,"Vajra":9,"Incense Burner":26,"Art of War":31,"Odd Mushroom":12,"Cracked Core":0,"Toy Ornithopter":2,"Runic Pyramid":17},{"Regal Pillow":3,"Golden Idol":5,"Vajra":3,"Incense Burner":10,"Art of War":13,"Odd Mushroom":5,"Cracked Core":0,"Toy Ornithopter":1,"Runic Pyramid":7},{"Regal Pillow":12,"Golden Idol":19,"Vajra":12,"Incense Burner":43,"Art of War":54,"Odd Mushroom":19,"Cracked Core":0,"Toy Ornithopter":3,"Runic Pyramid":31}],"Toy Ornithopter":40},"card_choices":[{"not_picked":["Static Discharge","Conserve Battery","Reinforced Body"],"picked":"SKIP","floor":1},{"not_picked":["Leap","Conserve Battery"],"picked":"BootSequence","floor":5},{"not_picked":["Genetic Algorithm","Barrage","Steam"],"picked":"SKIP","floor":7},{"not_picked":["Force Field","Recycle"],"picked":"Darkness","floor":11},{"not_picked":["Sunder","Electrodynamics"],"picked":"Gash","floor":14},{"not_picked":["Creative AI","Hyperbeam"],"picked":"Biased Cognition","floor":16},{"not_picked":["Reinforced Body+1","Hologram+1"],"picked":"Beam Cell","floor":18},{"not_picked":["Stack","Auto Shields","Static Discharge"],"picked":"SKIP","floor":22},{"not_picked":["Scrape+1","Heatsinks","Hello World"],"picked":"SKIP","floor":24},{"not_picked":["Reprogram","Force Field","Consume+1"],"picked":"SKIP","floor":28},{"not_picked":["Glacier","Gash"],"picked":"Chaos","floor":30},{"not_picked":["Scrape","Reprogram"],"picked":"Go for the Eyes","floor":31}],"player_experience":100934,"relics_obtained":[{"floor":2,"key":"Toy Ornithopter"},{"floor":7,"key":"Regal Pillow"},{"floor":9,"key":"Vajra"},{"floor":12,"key":"Odd Mushroom"},{"floor":26,"key":"Incense Burner"},{"floor":31,"key":"Art of War"}],"event_choices":[{"cards_removed":["Strike_B"],"damage_healed":0,"gold_gain":0,"player_choice":"Card Removal","damage_taken":7,"max_hp_gain":0,"max_hp_loss":0,"event_name":"Golden Wing","floor":3,"gold_loss":0},{"damage_healed":0,"gold_gain":0,"player_choice":"Fought Mushrooms","damage_taken":0,"max_hp_gain":0,"max_hp_loss":0,"event_name":"Mushrooms","floor":12,"gold_loss":0},{"damage_healed":0,"gold_gain":0,"player_choice":"Take Damage","damage_taken":18,"relics_obtained":["Golden Idol"],"max_hp_gain":0,"max_hp_loss":0,"event_name":"Golden Idol","floor":13,"gold_loss":0},{"damage_healed":0,"gold_gain":0,"player_choice":"Ignored","damage_taken":0,"max_hp_gain":0,"max_hp_loss":0,"event_name":"Ghosts","floor":20,"gold_loss":0},{"damage_healed":0,"gold_gain":0,"player_choice":"Upgrade","damage_taken":0,"max_hp_gain":0,"max_hp_loss":0,"event_name":"Designer","floor":21,"gold_loss":40,"cards_upgraded":["Defragment"]},{"damage_healed":0,"gold_gain":0,"player_choice":"2 cards matched","damage_taken":0,"max_hp_gain":0,"max_hp_loss":0,"event_name":"Match and Keep!","floor":29,"gold_loss":0,"cards_obtained":["Decay","Darkness"]}],"is_beta":false,"boss_relics":[{"not_picked":["Black Star","Ectoplasm"],"picked":"Runic Pyramid"}],"items_purged_floors":[4],"is_endless":false,"potions_floor_spawned":[1,5,12,24,28,31],"killed_by":"Automaton","ascension_level":0}}