{"host":"m6h67kf6cz80m3yv","time":1610374612,"event":{"mods":["Bartender","BaseMod","Better Third Choice","BetterRewards","CatGirl Mod","Colored Powertips","Downfall","Duelist Mod","Hermit","Marisa????????","Minty Spire (QoL Compilation)","Prisma Mod","Quick Restart","Shade Mod","Shop Mod","StSLib","SuperFastMode","The Dragon Tamer","The Marked","The Servant 0.9.4"],"gold_per_floor":[109,125,125,142,142,176,193,193,218,218,236,236,276,48,48,158,158,182,250,250,270,270,270,312,312,336,336,353,424,424,456,456,559,559,580,594,644,221,271,271,311,387,387,394,394],"floor_reached":44,"playtime":1512,"items_purged":["Slimebound:CheckThePlaybook"],"score":747,"play_id":"58981840-dfbd-4d45-98a9-a35af05bafbf","local_time":"20210111121652","is_ascension_mode":true,"campfire_choices":[{"floor":10,"key":"REST"},{"floor":12,"key":"REST"},{"data":"hermit:Scavenge","floor":15,"key":"SMITH"},{"floor":23,"key":"REST"},{"floor":25,"key":"REST"},{"floor":27,"key":"REST"},{"floor":30,"key":"REST"},{"floor":32,"key":"REST"},{"floor":40,"key":"REST"}],"circlet_count":0,"master_deck":["hermit:Strike_Hermit","hermit:Strike_Hermit+1","hermit:Strike_Hermit+1","hermit:Strike_Hermit","hermit:Defend_Hermit","hermit:Defend_Hermit","hermit:Defend_Hermit","hermit:Snapshot","hermit:Covet","hermit:NoHoldsBarred+1","hermit:Headshot","hermit:Scavenge+1","hermit:TakeAim","hermit:Enervate","hermit:OverwhelmingPower","hermit:Determination","hermit:Quickdraw","hermit:FlashPowder","hermit:Horror","hermit:FromBeyond","hermit:Glare","hermit:Glare","hermit:Deadeye","hermit:FlashPowder","hermit:FromBeyond","hermit:Scavenge","hermit:FatalDesire+1"],"relics":["hermit:Momento","Shuriken","Smiling Mask","Dream Catcher","Boot","Lee\u0027s Waffle","Busted Crown","Mummified Hand","SsserpentHead","Frozen Egg 2","Vajra","Eternal Feather","hermit:DentedPlate","MealTicket","Protect_Vest","Happy Flower","Centennial Puzzle"],"acts_visited":["Exordium","TheCity","TheBeyond"],"potions_floor_usage":[16,16,24,31,35,41],"damage_taken":[{"damage":6,"enemies":"Cultist","floor":1,"turns":4},{"damage":0,"enemies":"2 Louse","floor":2,"turns":1},{"damage":3,"enemies":"Jaw Worm","floor":4,"turns":4},{"damage":17,"enemies":"Lagavulin","floor":6,"turns":5},{"damage":5,"enemies":"Red Slaver","floor":7,"turns":3},{"damage":0,"enemies":"2 Fungi Beasts","floor":11,"turns":2},{"damage":6,"enemies":"Gremlin Nob","floor":13,"turns":3},{"damage":30,"enemies":"Slime Boss","floor":16,"turns":5},{"damage":14,"enemies":"Spheric Guardian","floor":18,"turns":4},{"damage":8,"enemies":"Chosen","floor":21,"turns":3},{"damage":48,"enemies":"Book of Stabbing","floor":24,"turns":6},{"damage":15,"enemies":"Snake Plant","floor":28,"turns":3},{"damage":9,"enemies":"3 Cultists","floor":29,"turns":4},{"damage":16,"enemies":"Slavers","floor":31,"turns":5},{"damage":73,"enemies":"Automaton","floor":33,"turns":9},{"damage":14,"enemies":"3 Darklings","floor":35,"turns":4},{"damage":19,"enemies":"Orb Walker","floor":36,"turns":3},{"damage":47,"enemies":"Reptomancer","floor":41,"turns":5},{"damage":2,"enemies":"Writhing Mass","floor":42,"turns":6},{"damage":10,"enemies":"3 Darklings","floor":44,"turns":2}],"seed_played":"-7824001099634394630","potions_obtained":[{"floor":2,"key":"PowerPotion"},{"floor":4,"key":"AttackPotion"},{"floor":7,"key":"Swift Potion"},{"floor":16,"key":"Dexterity Potion"},{"floor":21,"key":"LiquidMemories"},{"floor":28,"key":"ColorlessPotion"},{"floor":33,"key":"AttackPotion"},{"floor":36,"key":"Dexterity Potion"}],"is_trial":false,"path_per_floor":["M","M","?","M","?","E","M","?","T","R","M","R","E","$","R","B",null,"M","T","?","M","?","R","E","R","T","R","M","M","R","E","R","B",null,"M","M","?","$","?","R","E","M","T","M"],"character_chosen":"HERMIT","items_purchased":["Shuriken","hermit:NoHoldsBarred","Lee\u0027s Waffle","hermit:Horror","MealTicket","Protect_Vest","hermit:Scavenge"],"campfire_rested":8,"item_purchase_floors":[0,0,14,14,38,38,38],"current_hp_per_floor":[59,59,59,56,41,24,19,19,19,41,41,63,57,82,82,52,82,68,68,40,32,32,56,8,32,32,56,41,32,56,40,79,6,38,24,5,5,5,5,54,7,5,5,0,0],"gold":394,"neow_bonus":"","is_daily":false,"chose_seed":false,"campfire_upgraded":1,"win_rate":0.0,"timestamp":1610374612,"path_taken":["M","M","?","M","?","E","M","?","T","R","M","R","E","$","R","BOSS","M","?","?","M","?","R","E","R","T","R","M","?","R","E","R","BOSS","M","M","?","$","?","R","E","?","T","M"],"items_purchased_type":["Relic","Card","Relic","Card","Relic","Relic","Card"],"build_version":"2020-12-22","purchased_purges":1,"victory":false,"max_hp_per_floor":[75,75,75,75,75,75,75,75,75,75,75,75,75,82,82,82,82,82,82,82,82,82,82,82,82,82,82,82,82,82,82,82,82,114,114,114,114,114,114,114,114,114,114,114,114],"card_choices":[{"not_picked":["hermit:FullyLoaded","hermit:Feint"],"picked":"hermit:Headshot","floor":1},{"not_picked":["hermit:Snipe","hermit:DeadMansHand"],"picked":"hermit:Scavenge","floor":2},{"not_picked":["hermit:Coalescence","hermit:Snipe"],"picked":"hermit:ShadowCloak","floor":4},{"not_picked":["hermit:Gestalt","hermit:Misfire"],"picked":"hermit:TakeAim","floor":6},{"not_picked":["hermit:HoleUp","hermit:GoldenBullet"],"picked":"hermit:Enervate","floor":7},{"not_picked":["hermit:Gestalt","hermit:HighCaliber"],"picked":"hermit:Determination","floor":10},{"not_picked":["hermit:Shortfuse","hermit:HighCaliber","hermit:Misfire"],"picked":"SKIP","floor":11},{"not_picked":["hermit:Feint","hermit:Headshot"],"picked":"hermit:Quickdraw","floor":12},{"not_picked":["hermit:Quickdraw","hermit:NoHoldsBarred"],"picked":"hermit:FlashPowder","floor":13},{"not_picked":["hermit:HeroicBravado","hermit:Adapt"],"picked":"hermit:FromBeyond","floor":16},{"not_picked":["hermit:DeadMansHand"],"picked":"SKIP","floor":18},{"not_picked":[],"picked":"hermit:Glare","floor":21},{"not_picked":["hermit:Desperado"],"picked":"SKIP","floor":24},{"not_picked":[],"picked":"hermit:Glare","floor":27},{"not_picked":["hermit:TakeCover"],"picked":"SKIP","floor":28},{"not_picked":[],"picked":"hermit:Deadeye","floor":29},{"not_picked":["hermit:Ricochet"],"picked":"SKIP","floor":31},{"not_picked":[],"picked":"hermit:FlashPowder","floor":32},{"not_picked":[],"picked":"hermit:FromBeyond","floor":33},{"not_picked":["hermit:LowProfile"],"picked":"SKIP","floor":35},{"not_picked":["hermit:Spite+1"],"picked":"SKIP","floor":36},{"not_picked":["hermit:CalledShot+1"],"picked":"SKIP","floor":41},{"not_picked":["hermit:Grudge+1"],"picked":"SKIP","floor":42}],"player_experience":352091,"relics_obtained":[{"floor":6,"key":"Smiling Mask"},{"floor":9,"key":"Dream Catcher"},{"floor":13,"key":"Boot"},{"floor":19,"key":"Mummified Hand"},{"floor":24,"key":"Frozen Egg 2"},{"floor":26,"key":"Vajra"},{"floor":31,"key":"Eternal Feather"},{"floor":41,"key":"Happy Flower"},{"floor":43,"key":"Centennial Puzzle"}],"event_choices":[{"damage_healed":0,"gold_gain":0,"player_choice":"Grow","damage_taken":0,"max_hp_gain":0,"max_hp_loss":0,"event_name":"Living Wall","floor":3,"gold_loss":0,"cards_upgraded":["hermit:NoHoldsBarred"]},{"damage_healed":56,"gold_gain":0,"player_choice":"Upgrade","damage_taken":15,"max_hp_gain":0,"max_hp_loss":75,"event_name":"betterThird:BetterShining","floor":5,"gold_loss":0,"cards_upgraded":["hermit:Strike_Hermit","hermit:Strike_Hermit"]},{"damage_healed":0,"gold_gain":0,"cards_transformed":["hermit:Defend_Hermit"],"player_choice":"Transformed","damage_taken":0,"max_hp_gain":0,"max_hp_loss":0,"event_name":"Transmorgrifier","floor":8,"gold_loss":0,"cards_obtained":["hermit:OverwhelmingPower"]},{"damage_healed":0,"gold_gain":0,"player_choice":"Trade","damage_taken":0,"relics_obtained":["SsserpentHead"],"max_hp_gain":0,"max_hp_loss":0,"event_name":"FaceTrader","floor":22,"gold_loss":0},{"damage_healed":0,"gold_gain":0,"player_choice":"Ignored","damage_taken":0,"max_hp_gain":0,"max_hp_loss":0,"event_name":"Tomb of Lord Red Mask","floor":37,"gold_loss":0},{"damage_healed":0,"gold_gain":0,"cards_transformed":["hermit:ShadowCloak"],"player_choice":"Transformed","damage_taken":0,"max_hp_gain":0,"max_hp_loss":0,"event_name":"Transmorgrifier","floor":39,"gold_loss":0,"cards_obtained":["hermit:FatalDesire"]}],"is_beta":false,"boss_relics":[{"not_picked":["Silver_Glasses","Runic Dome"],"picked":"Busted Crown"},{"not_picked":["Philosopher\u0027s Stone","Fusion Hammer"],"picked":"hermit:DentedPlate"}],"items_purged_floors":[38],"is_endless":false,"potions_floor_spawned":[2,4,7,16,21,28,33,36],"killed_by":"3 Darklings","ascension_level":2}}