{"host":"0e0lo445kffy4sr5","time":1610338550,"event":{"mods":["BaseMod","Colored Map","Colored Powertips","Highlight Path","Key Reminder","Minty Spire (QoL Compilation)","Permanent Neow","StSLib"],"gold_per_floor":[113,113,129,148,167,167,194,194,218,228,263,282,302,321,321,419,419,434,13,23,42,42,42,67,67,91,91,109,109,443,443,443,538,538,557,569,569,589,589,614,614,645,670,670,134,168,185,185,185,185],"floor_reached":51,"playtime":6603,"items_purged":["Strike_G","Doubt"],"score":814,"play_id":"cd6a64ab-3f99-4d22-b762-6bda1ee6cd73","local_time":"20210110231550","is_ascension_mode":false,"campfire_choices":[{"data":"Footwork","floor":6.0,"key":"SMITH"},{"floor":15,"key":"REST"},{"data":"Doppelganger","floor":23,"key":"SMITH"},{"floor":25,"key":"REST"},{"data":"Malaise","floor":27,"key":"SMITH"},{"data":"Well Laid Plans","floor":29,"key":"SMITH"},{"floor":32,"key":"REST"},{"data":"Bullet Time","floor":49,"key":"SMITH"}],"circlet_count":0,"master_deck":["Defend_G","Defend_G","Defend_G","Defend_G","Survivor","Neutralize+1","Burst+1","Masterful Stab+1","Skewer+1","Footwork+1","Reflex","Doppelganger+1","After Image","Endless Agony","Backstab","Blur","Venomology","Malaise+1","CurseOfTheBell","Infinite Blades+1","Well Laid Plans+1","Infinite Blades+1","Flying Knee","Backflip","Backstab","Underhanded Strike","Bullet Time+1","Infinite Blades+1","Expertise+1","Finisher+1","Masterful Stab+1","Panache","Bouncing Flask+1"],"relics":["Astrolabe","Juzu Bracelet","Dream Catcher","Orichalcum","Calling Bell","Smiling Mask","InkBottle","StoneCalendar","TwistedFunnel","Snake Skull","Bottled Flame","MealTicket","Old Coin","Runic Dome","White Beast Statue","Potion Belt","Anchor","Pen Nib","Toy Ornithopter"],"acts_visited":["Exordium","TheCity","TheBeyond"],"potions_floor_usage":[16,16,16,16,20,20,21,21,24,24,24,28,28,30,30,33,33,35,36,38,41,42,42,42,46,46,47,50,50,50,50,50],"damage_taken":[{"damage":0.0,"enemies":"2 Louse","floor":1.0,"turns":2.0},{"damage":0.0,"enemies":"Cultist","floor":3.0,"turns":3.0},{"damage":0.0,"enemies":"Small Slimes","floor":4.0,"turns":3.0},{"damage":3.0,"enemies":"Exordium Thugs","floor":5.0,"turns":7.0},{"damage":2.0,"enemies":"3 Sentries","floor":7.0,"turns":4.0},{"damage":0.0,"enemies":"Large Slime","floor":10.0,"turns":6.0},{"damage":15.0,"enemies":"Gremlin Nob","floor":11.0,"turns":3.0},{"damage":1.0,"enemies":"Red Slaver","floor":12.0,"turns":6.0},{"damage":4.0,"enemies":"Looter","floor":13.0,"turns":3.0},{"damage":7.0,"enemies":"Lots of Slimes","floor":14.0,"turns":6.0},{"damage":29,"enemies":"The Guardian","floor":16,"turns":12},{"damage":4,"enemies":"Chosen","floor":18,"turns":7},{"damage":0,"enemies":"3 Byrds","floor":20,"turns":3},{"damage":3,"enemies":"Snecko","floor":21,"turns":5},{"damage":13,"enemies":"Gremlin Leader","floor":24,"turns":7},{"damage":1,"enemies":"Snake Plant","floor":28,"turns":5},{"damage":11,"enemies":"Slavers","floor":30,"turns":6},{"damage":25,"enemies":"Collector","floor":33,"turns":15},{"damage":4,"enemies":"Orb Walker","floor":35,"turns":4},{"damage":32,"enemies":"3 Darklings","floor":36,"turns":7},{"damage":15,"enemies":"Spire Growth","floor":38,"turns":7},{"damage":0,"enemies":"Nemesis","floor":40,"turns":7},{"damage":0,"enemies":"Maw","floor":41,"turns":1},{"damage":35,"enemies":"Reptomancer","floor":42,"turns":7},{"damage":0,"enemies":"Giant Head","floor":46,"turns":7},{"damage":0,"enemies":"Sphere and 2 Shapes","floor":47,"turns":3},{"damage":40,"enemies":"Donu and Deca","floor":50,"turns":8}],"seed_played":"2866325856483989027","potions_obtained":[{"floor":2.0,"key":"Explosive Potion"},{"floor":2.0,"key":"Ancient Potion"},{"floor":2.0,"key":"Swift Potion"},{"floor":3.0,"key":"Explosive Potion"},{"floor":7.0,"key":"Swift Potion"},{"floor":10.0,"key":"GamblersBrew"},{"floor":11.0,"key":"Block Potion"},{"floor":14.0,"key":"SkillPotion"},{"floor":16,"key":"GamblersBrew"},{"floor":18,"key":"ColorlessPotion"},{"floor":20,"key":"GhostInAJar"},{"floor":24,"key":"Poison Potion"},{"floor":33,"key":"Energy Potion"},{"floor":38,"key":"BlessingOfTheForge"},{"floor":42,"key":"Weak Potion"},{"floor":46,"key":"Weak Potion"},{"floor":47,"key":"SteroidPotion"}],"is_trial":false,"path_per_floor":["M","?","M","M","M","R","E","?","T","M","E","M","M","M","R","B",null,"M","$","M","M","?","R","E","R","T","R","M","R","E","?","R","B",null,"M","M","?","M","?","E","M","E","T","?","$","E","M","?","R","B",null],"character_chosen":"THE_SILENT","items_purchased":["TwistedFunnel","Snake Skull","Well Laid Plans","Panache","Pen Nib","Poison Potion","Block Potion","Weak Potion"],"campfire_rested":3,"item_purchase_floors":[19,19,19,45,45,45,45,45],"current_hp_per_floor":[70,70,70,70,67,67,65,65,65,65,50,49,45,38,59,30,70,66,66,66,63,63,63,50,70,70,70,69,69,58,58,70,45,70,66,34,34,19,70,70,70,35,35,70,70,70,70,70,70,45],"gold":185,"neow_bonus":"BOSS_RELIC","is_daily":false,"chose_seed":false,"campfire_upgraded":5,"win_rate":0.0,"timestamp":1610338550,"path_taken":["M","?","M","?","M","R","E","?","T","M","E","M","M","M","R","BOSS","M","$","M","M","?","R","E","R","T","R","M","R","E","?","R","BOSS","M","M","?","M","?","E","M","E","T","?","$","E","M","?","R","BOSS"],"items_purchased_type":["Relic","Relic","Card","Card","Relic","Potion","Potion","Potion"],"build_version":"2020-12-13","purchased_purges":2,"victory":true,"max_hp_per_floor":[70,70,70,70,70,70,70,70,70,70,70,70,70,70,70,70,70,70,70,70,70,70,70,70,70,70,70,70,70,70,70,70,70,70,70,70,70,70,70,70,70,70,70,70,70,70,70,70,70,70],"card_choices":[{"not_picked":["Sucker Punch","Slice","All Out Attack"],"picked":"SKIP","floor":1.0},{"not_picked":["Bane","Skewer","Quick Slash"],"picked":"SKIP","floor":3.0},{"not_picked":["Underhanded Strike","Backflip"],"picked":"Footwork","floor":4.0},{"not_picked":["Acrobatics","Sucker Punch"],"picked":"Reflex","floor":5.0},{"not_picked":["Quick Slash","Sucker Punch","All Out Attack"],"picked":"SKIP","floor":7.0},{"not_picked":["Outmaneuver","Bouncing Flask"],"picked":"Doppelganger","floor":10.0},{"not_picked":["Calculated Gamble","Outmaneuver"],"picked":"After Image","floor":11.0},{"not_picked":["Bane","Escape Plan"],"picked":"Endless Agony","floor":12.0},{"not_picked":["Dodge and Roll","Dagger Throw"],"picked":"Backstab","floor":13.0},{"not_picked":["Backflip","Dagger Spray"],"picked":"Blur","floor":14.0},{"not_picked":["Catalyst","Prepared"],"picked":"Venomology","floor":15},{"not_picked":["After Image","Phantasmal Killer"],"picked":"Malaise","floor":16},{"not_picked":["Outmaneuver","Crippling Poison"],"picked":"Infinite Blades+1","floor":18},{"not_picked":["Flying Knee+1","Calculated Gamble"],"picked":"PiercingWail+1","floor":20},{"not_picked":["Slice+1","Skewer"],"picked":"Infinite Blades+1","floor":21},{"not_picked":["Backflip+1","Deflect"],"picked":"Backstab","floor":24},{"not_picked":["Escape Plan","Dodge and Roll","Bane"],"picked":"SKIP","floor":28},{"not_picked":["Deflect","Predator"],"picked":"Underhanded Strike","floor":30},{"not_picked":["Venomology","Night Terror"],"picked":"Bullet Time","floor":33},{"not_picked":["Dagger Throw+1","Poisoned Stab+1","Blade Dance"],"picked":"SKIP","floor":35},{"not_picked":["Deflect+1","Deadly Poison"],"picked":"Infinite Blades+1","floor":36},{"not_picked":["Deadly Poison","Quick Slash+1"],"picked":"Expertise+1","floor":38},{"not_picked":["Slice","Dagger Throw"],"picked":"Finisher+1","floor":40},{"not_picked":["Dodge and Roll+1","Riddle With Holes"],"picked":"Masterful Stab+1","floor":42},{"not_picked":["Terror+1","Footwork"],"picked":"Bouncing Flask+1","floor":46},{"not_picked":["Flying Knee","Heel Hook","Backflip+1"],"picked":"SKIP","floor":47}],"player_experience":37666,"relics_obtained":[{"floor":7.0,"key":"Juzu Bracelet"},{"floor":9.0,"key":"Dream Catcher"},{"floor":11.0,"key":"Orichalcum"},{"floor":17,"key":"Smiling Mask"},{"floor":17,"key":"InkBottle"},{"floor":17,"key":"StoneCalendar"},{"floor":24,"key":"Bottled Flame"},{"floor":26,"key":"MealTicket"},{"floor":30,"key":"Old Coin"},{"floor":40,"key":"White Beast Statue"},{"floor":42,"key":"Potion Belt"},{"floor":43,"key":"Anchor"},{"floor":46,"key":"Toy Ornithopter"}],"event_choices":[{"damage_healed":0.0,"max_hp_gain":0.0,"max_hp_loss":0.0,"gold_gain":0.0,"event_name":"Lab","player_choice":"Got Potions","floor":2.0,"gold_loss":0.0,"damage_taken":0.0},{"damage_healed":0.0,"max_hp_gain":0.0,"max_hp_loss":0.0,"gold_gain":0.0,"event_name":"Upgrade Shrine","player_choice":"Upgraded","floor":8.0,"gold_loss":0.0,"damage_taken":0.0,"cards_upgraded":["Neutralize"]},{"damage_healed":0,"gold_gain":0,"cards_transformed":["Strike_G","Defend_G"],"player_choice":"Became Test Subject","damage_taken":0,"max_hp_gain":0,"max_hp_loss":0,"event_name":"Drug Dealer","floor":22,"gold_loss":0,"cards_obtained":["Flying Knee","Backflip"]},{"damage_healed":0,"gold_gain":0,"player_choice":"Ignored","damage_taken":0,"max_hp_gain":0,"max_hp_loss":0,"event_name":"NoteForYourself","floor":31,"gold_loss":0},{"cards_removed":["PiercingWail"],"damage_healed":0,"gold_gain":0,"player_choice":"Removed Skill","damage_taken":0,"max_hp_gain":0,"max_hp_loss":0,"event_name":"Falling","floor":37,"gold_loss":0},{"damage_healed":51,"gold_gain":0,"player_choice":"Full Heal","damage_taken":0,"max_hp_gain":0,"max_hp_loss":0,"event_name":"Wheel of Change","floor":39,"gold_loss":0},{"damage_healed":35,"gold_gain":0,"player_choice":"Heal","damage_taken":0,"max_hp_gain":0,"max_hp_loss":0,"event_name":"MindBloom","floor":44,"gold_loss":0,"cards_obtained":["Doubt"]},{"damage_healed":0,"gold_gain":0,"player_choice":"Ignored","damage_taken":0,"max_hp_gain":0,"max_hp_loss":0,"event_name":"SecretPortal","floor":48,"gold_loss":0}],"is_beta":false,"boss_relics":[{"not_picked":["Empty Cage","Sozu"],"picked":"Calling Bell"},{"not_picked":["Fusion Hammer","Tiny House"],"picked":"Runic Dome"}],"items_purged_floors":[19,45],"is_endless":false,"potions_floor_spawned":[3,7,10,11,14,16,18,20,24,33,38,41,42,46,47],"ascension_level":0}}