{"host":"7xbu8gt067z192g2","time":1610370255,"event":{"mods":["BaseMod","Better Note","Colored Map","Colored Powertips","Googly Eyes","Highlight Path","Minty Spire (QoL Compilation)","Rare Cards Sparkle","Replay The Spire","StSLib","The Bladedancer","The Cursed","The Hierophant","The Valiant","The Wild Card"],"gold_per_floor":[115,115,192,208,208,237,312,312,336,359,377,400,400,425,425,425,425],"floor_reached":16,"playtime":600,"items_purged":[],"score":112,"play_id":"72771133-34a0-4b85-90de-fb24a0959e62","local_time":"20210111080415","is_ascension_mode":true,"campfire_choices":[{"data":"Poison Darts","floor":13,"key":"SMITH"},{"data":"Regret","floor":15,"key":"PURGE"}],"circlet_count":0,"master_deck":["Strike_G+1","Strike_G","Strike_G","Strike_G","Defend_G+1","Defend_G","Defend_G","Defend_G","Defend_G","Survivor","Neutralize","Tools of the Trade","Underhanded Strike","Poison Darts+1","Bullet Time","Dash","Well Laid Plans","Acrobatics","Terror","Choke"],"relics":["Ring of the Snake","Replay:PocketPolymizer","Divine Protection","Tiny Chest","Golden Idol","Replay:Rubber Ducky"],"acts_visited":[],"potions_floor_usage":[11,12],"damage_taken":[{"damage":5,"enemies":"Jaw Worm","floor":1,"turns":5},{"damage":0,"enemies":"2 Louse","floor":4,"turns":2},{"damage":17,"enemies":"Gremlin Nob","floor":6,"turns":4},{"damage":9,"enemies":"Small Slimes","floor":10,"turns":3},{"damage":0,"enemies":"3 Louse","floor":11,"turns":2},{"damage":0,"enemies":"Exordium Wildlife","floor":12,"turns":4},{"damage":0,"enemies":"2 Fungi Beasts","floor":14,"turns":4},{"damage":19,"enemies":"Slime Boss","floor":16,"turns":5}],"seed_played":"801829463662203344","potions_obtained":[{"floor":6,"key":"LifebloodPotion"},{"floor":10,"key":"PowerPotion"},{"floor":12,"key":"Cursed Concoction"}],"is_trial":false,"path_per_floor":["M","?","T","M","?","E","?","?","T","M","M","M","R","M","R_BF","B"],"character_chosen":"THE_SILENT","items_purchased":[],"campfire_rested":0,"item_purchase_floors":[],"current_hp_per_floor":[65,65,65,65,51,34,23,23,23,14,14,14,14,14,14,0,0],"gold":425,"neow_bonus":"ONE_RANDOM_RARE_CARD","is_daily":false,"chose_seed":false,"campfire_upgraded":1,"win_rate":0.0,"timestamp":1610370255,"path_taken":["M","?","?","?","?","E","?","?","T","?","M","M","R","M","R_BF","BOSS"],"items_purchased_type":[],"build_version":"2020-12-22","purchased_purges":0,"victory":false,"max_hp_per_floor":[70,70,70,70,70,70,70,65,65,65,65,65,65,65,65,65,65],"card_choices":[{"not_picked":["Deflect","Leg Sweep"],"picked":"Underhanded Strike","floor":1},{"not_picked":["Prepared","Cloak And Dagger"],"picked":"Poison Darts","floor":4},{"not_picked":["Caltrops","Calculated Gamble"],"picked":"Bullet Time","floor":6},{"not_picked":["Bane","ReplayTheSpireMod:Shiv Toss"],"picked":"Dash","floor":10},{"not_picked":["Heel Hook","Deflect"],"picked":"Well Laid Plans","floor":11},{"not_picked":["Sucker Punch","Dagger Throw"],"picked":"Acrobatics","floor":12},{"not_picked":["Blade Dance","Infinite Blades"],"picked":"Choke","floor":14}],"player_experience":187642,"relics_obtained":[{"floor":3,"key":"Divine Protection"},{"floor":6,"key":"Tiny Chest"},{"floor":9,"key":"Replay:Rubber Ducky"}],"event_choices":[{"damage_healed":0,"gold_gain":0,"player_choice":"Box","damage_taken":0,"relics_obtained":["Replay:PocketPolymizer"],"max_hp_gain":0,"max_hp_loss":0,"event_name":"Big Fish","floor":2,"gold_loss":0,"cards_obtained":["Regret"]},{"damage_healed":0,"gold_gain":0,"player_choice":"Entered Light","damage_taken":14,"max_hp_gain":0,"max_hp_loss":0,"event_name":"Shining Light","floor":5,"gold_loss":0,"cards_upgraded":["Defend_G","Strike_G"]},{"damage_healed":0,"gold_gain":75,"player_choice":"Gather Gold","damage_taken":11,"max_hp_gain":0,"max_hp_loss":0,"event_name":"World of Goop","floor":7,"gold_loss":0},{"damage_healed":0,"gold_gain":0,"player_choice":"Lose Max HP","damage_taken":0,"relics_obtained":["Golden Idol"],"max_hp_gain":0,"max_hp_loss":5,"event_name":"Golden Idol","floor":8,"gold_loss":0}],"is_beta":false,"boss_relics":[],"items_purged_floors":[],"is_endless":false,"potions_floor_spawned":[6,10,12],"killed_by":"Slime Boss","ascension_level":2}}