{"host":"k5dhp0bkccqfauyu","time":1610373933,"event":{"mods":["BaseMod","Better Note","Better Skull","Better Vampires","Colored Map","Colored Powertips","DeckTracker","Minty Spire (QoL Compilation)","Permanent Neow","StSLib","SuperFastMode"],"gold_per_floor":[109,121,135,23,23,52,52,52,98,128,146,146,156,175,175,250,300,316,329,32,32,32,32],"floor_reached":22,"playtime":647,"items_purged":["Strike_P"],"score":492,"play_id":"8b421aa3-4f05-4595-8ef7-784673501e8a","local_time":"20210112010533","is_ascension_mode":true,"campfire_choices":[{"floor":8,"key":"REST"},{"data":"WheelKick","floor":15,"key":"SMITH"}],"circlet_count":0,"master_deck":["AscendersBane","Strike_P+1","Defend_P+1","Defend_P","Defend_P","Defend_P","Eruption+1","Vigilance","Vengeance","InnerPeace","JustLucky","WheelKick+1","Adaptation","FlurryOfBlows","Scrawl","ThirdEye","Wallop","MentalFortress","Halt","Conclude","Perseverance","Protect"],"relics":["VioletLotus","Regal Pillow","Ancient Tea Set","Mercury Hourglass","Mummified Hand","Tiny House","Orrery"],"acts_visited":["Exordium","TheCity"],"potions_floor_usage":[6,10,14,18],"damage_taken":[{"damage":1,"enemies":"Cultist","floor":1,"turns":4},{"damage":11,"enemies":"2 Louse","floor":2,"turns":3},{"damage":7,"enemies":"Jaw Worm","floor":3,"turns":3},{"damage":35,"enemies":"Lagavulin","floor":6,"turns":7},{"damage":11,"enemies":"Gremlin Nob","floor":10,"turns":3},{"damage":3,"enemies":"Exordium Wildlife","floor":11,"turns":2},{"damage":5,"enemies":"Large Slime","floor":13,"turns":4},{"damage":4,"enemies":"Lots of Slimes","floor":14,"turns":3},{"damage":0,"enemies":"Slime Boss","floor":16,"turns":5},{"damage":1,"enemies":"3 Byrds","floor":18,"turns":4},{"damage":35,"enemies":"2 Thieves","floor":19,"turns":4},{"damage":31,"enemies":"3 Cultists","floor":22,"turns":3}],"seed_played":"-1431565042578538247","potions_obtained":[{"floor":1,"key":"EssenceOfSteel"},{"floor":2,"key":"Regen Potion"},{"floor":6,"key":"Strength Potion"},{"floor":17,"key":"LiquidBronze"}],"is_trial":false,"path_per_floor":["M","M","M","$","?","E","?","R","T","E","M","T","M","M","R","B",null,"M","M","$","?","M"],"character_chosen":"WATCHER","items_purchased":["WheelKick","Orrery","Conclude","PowerPotion"],"campfire_rested":1,"item_purchase_floors":[4,20,20,20],"current_hp_per_floor":[60,49,42,42,47,27,5,41,41,30,27,27,22,18,18,18,64,63,28,28,28,0,0],"gold":32,"neow_bonus":"BOSS_RELIC","is_daily":false,"chose_seed":false,"campfire_upgraded":1,"win_rate":0.0,"timestamp":1610373933,"path_taken":["M","M","M","$","?","E","?","R","T","E","M","?","M","M","R","BOSS","M","M","$","?","M"],"items_purchased_type":["Card","Relic","Card","Potion"],"build_version":"2020-12-22","purchased_purges":1,"victory":false,"max_hp_per_floor":[68,68,68,68,73,73,73,73,73,73,73,73,73,73,73,73,78,78,78,78,78,78,78],"card_choices":[{"not_picked":["LikeWater","Halt"],"picked":"Vengeance","floor":1},{"not_picked":["WaveOfTheHand","Protect"],"picked":"InnerPeace","floor":2},{"not_picked":["FollowUp","Protect"],"picked":"JustLucky","floor":3},{"not_picked":["CrushJoints","SpiritShield"],"picked":"Adaptation","floor":6},{"not_picked":["ClearTheMind","FlyingSleeves"],"picked":"FlurryOfBlows","floor":10},{"not_picked":["WaveOfTheHand","DeceiveReality","Evaluate"],"picked":"SKIP","floor":11},{"not_picked":["SignatureMove","CrushJoints","Swivel"],"picked":"SKIP","floor":13},{"not_picked":["Pray","CrushJoints","WindmillStrike"],"picked":"SKIP","floor":14},{"not_picked":["Blasphemy","Establishment"],"picked":"Scrawl","floor":16},{"not_picked":["EmptyFist","Protect"],"picked":"ThirdEye","floor":17},{"not_picked":["Perseverance","SashWhip","DeceiveReality"],"picked":"SKIP","floor":18},{"not_picked":["EmptyFist","ThirdEye","WreathOfFlame"],"picked":"SKIP","floor":19},{"not_picked":["ClearTheMind","Evaluate+1"],"picked":"Wallop","floor":20},{"not_picked":["BattleHymn","FearNoEvil"],"picked":"MentalFortress","floor":20},{"not_picked":["LikeWater","PathToVictory"],"picked":"Halt","floor":20}],"player_experience":1859915,"relics_obtained":[{"floor":6,"key":"Regal Pillow"},{"floor":9,"key":"Ancient Tea Set"},{"floor":10,"key":"Mercury Hourglass"},{"floor":12,"key":"Mummified Hand"}],"event_choices":[{"damage_healed":0,"gold_gain":0,"player_choice":"Donut","damage_taken":0,"max_hp_gain":5,"max_hp_loss":0,"event_name":"Big Fish","floor":5,"gold_loss":0},{"damage_healed":0,"gold_gain":0,"player_choice":"Entered Light","damage_taken":22,"max_hp_gain":0,"max_hp_loss":0,"event_name":"Shining Light","floor":7,"gold_loss":0,"cards_upgraded":["Strike_P","Eruption"]},{"damage_healed":0,"gold_gain":0,"cards_transformed":["Strike_P","Strike_P"],"player_choice":"Became Test Subject","damage_taken":0,"max_hp_gain":0,"max_hp_loss":0,"event_name":"Drug Dealer","floor":21,"gold_loss":0,"cards_obtained":["Perseverance","Protect"]}],"is_beta":false,"boss_relics":[{"not_picked":["SlaversCollar","Velvet Choker"],"picked":"Tiny House"}],"items_purged_floors":[4],"is_endless":false,"potions_floor_spawned":[1,2,6],"killed_by":"3 Cultists","ascension_level":20}}