{"host":"5ezk7t18wcb10u1o","time":1610362133,"event":{"mods":["BaseMod","Bestiary","Colored Powertips","Minty Spire (QoL Compilation)","Relic Sorter"],"gold_per_floor":[115,5,5,18,34,34,59,59,59,85,0,18,53,71,71,150,150,167,183,183,201,201,227,254,266,278,309,332,344,366,408,420,432,432],"floor_reached":33,"playtime":1450,"items_purged":[],"score":668,"play_id":"f68529be-2026-4ed7-ab53-895c86ac3e16","local_time":"20210111104853","is_ascension_mode":true,"campfire_choices":[{"data":"Beam Cell","floor":6.0,"key":"SMITH"},{"data":"Steam","floor":8.0,"key":"SMITH"},{"floor":15.0,"key":"REST"},{"data":"Zap","floor":25,"key":"PURGE"},{"floor":29,"key":"REST"},{"floor":32,"key":"REST"}],"circlet_count":0,"master_deck":["AscendersBane","Strike_B","Strike_B","Strike_B","Strike_B","Defend_B","Defend_B","Defend_B","Defend_B","Dualcast","Hyperbeam","Beam Cell+1","Gash","Steam+1","Fusion","Core Surge","Sunder","Sweeping Beam","Machine Learning","Sweeping Beam+1","Leap","Conserve Battery","Echo Form","Conserve Battery","Compile Driver","Hologram+1","Sunder+1"],"relics":["Cracked Core","Meat on the Bone","Mercury Hourglass","Peace Pipe","Regal Pillow","Inserter","MawBank","Eternal Feather","Centennial Puzzle"],"acts_visited":["Exordium","TheCity"],"potions_floor_usage":[27,28,30],"damage_taken":[{"damage":0.0,"enemies":"Cultist","floor":1.0,"turns":2.0},{"damage":0.0,"enemies":"2 Louse","floor":4.0,"turns":1.0},{"damage":2.0,"enemies":"Jaw Worm","floor":5.0,"turns":2.0},{"damage":33.0,"enemies":"Gremlin Nob","floor":7.0,"turns":4.0},{"damage":5.0,"enemies":"3 Sentries","floor":10.0,"turns":4.0},{"damage":2.0,"enemies":"Lots of Slimes","floor":12.0,"turns":3.0},{"damage":22.0,"enemies":"Lagavulin","floor":13.0,"turns":4.0},{"damage":0.0,"enemies":"Gremlin Gang","floor":14.0,"turns":1.0},{"damage":73.0,"enemies":"Hexaghost","floor":16.0,"turns":8.0},{"damage":26.0,"enemies":"2 Thieves","floor":18.0,"turns":3.0},{"damage":15.0,"enemies":"Spheric Guardian","floor":19.0,"turns":4.0},{"damage":40.0,"enemies":"Snake Plant","floor":21.0,"turns":3.0},{"damage":0,"enemies":"Gremlin Leader","floor":23,"turns":5},{"damage":22,"enemies":"Snecko","floor":24,"turns":4},{"damage":21,"enemies":"Cultist and Chosen","floor":27,"turns":5},{"damage":26,"enemies":"Sentry and Sphere","floor":28,"turns":6},{"damage":32,"enemies":"Centurion and Healer","floor":30,"turns":6},{"damage":39,"enemies":"Slavers","floor":31,"turns":5},{"damage":90,"enemies":"Collector","floor":33,"turns":8}],"seed_played":"-5943620806614418283","potions_obtained":[{"floor":4.0,"key":"EssenceOfDarkness"},{"floor":5.0,"key":"SkillPotion"},{"floor":12.0,"key":"Weak Potion"},{"floor":14.0,"key":"SteroidPotion"},{"floor":16.0,"key":"FocusPotion"},{"floor":19.0,"key":"BlessingOfTheForge"},{"floor":24,"key":"CultistPotion"},{"floor":27,"key":"EssenceOfSteel"},{"floor":28,"key":"PowerPotion"}],"is_trial":false,"path_per_floor":["M","$","?","M","M","R","E","R","T","E","$","M","E","M","R","B",null,"M","M","?","M","?","E","M","R","T","M","M","R","M","E","R","B"],"character_chosen":"DEFECT","items_purchased":["FairyPotion","Core Surge"],"campfire_rested":3,"item_purchase_floors":[2,11],"current_hp_per_floor":[64,64,69,69,67,67,34,34,34,41,41,39,29,41,76,15,61,47,44,59,31,31,43,33,33,33,24,34,76,44,17,69,0,0],"gold":432,"neow_bonus":"ONE_RANDOM_RARE_CARD","is_daily":false,"chose_seed":false,"campfire_upgraded":2,"win_rate":0.0,"timestamp":1610362133,"path_taken":["M","?","?","M","M","R","E","R","T","E","?","?","E","M","R","BOSS","M","?","?","M","?","E","M","R","T","M","M","R","M","E","R","BOSS"],"items_purchased_type":["Potion","Card"],"build_version":"2020-12-22","purchased_purges":0,"victory":false,"max_hp_per_floor":[71,71,76,76,76,76,76,76,76,76,76,76,76,76,76,76,76,76,76,76,76,76,76,76,76,76,76,76,76,76,76,76,76,76],"card_choices":[{"not_picked":["Cold Snap","Skim"],"picked":"Beam Cell","floor":1.0},{"not_picked":["Static Discharge","Loop","Storm"],"picked":"SKIP","floor":4.0},{"not_picked":["Redo","Steam"],"picked":"Gash","floor":5.0},{"not_picked":["Glacier","Stack"],"picked":"Steam","floor":7.0},{"not_picked":["White Noise","Gash"],"picked":"Fusion","floor":10.0},{"not_picked":["Fusion","Redo"],"picked":"Sunder","floor":12.0},{"not_picked":["Heatsinks","Electrodynamics","Cold Snap"],"picked":"SKIP","floor":13.0},{"not_picked":["Chaos","Redo"],"picked":"Sweeping Beam","floor":14.0},{"not_picked":["Reboot","Seek"],"picked":"Machine Learning","floor":16.0},{"not_picked":["Cold Snap","Hello World","Ball Lightning"],"picked":"SKIP","floor":18.0},{"not_picked":["Barrage","Leap"],"picked":"Sweeping Beam+1","floor":19.0},{"not_picked":["Steam","Redo"],"picked":"Leap","floor":21.0},{"not_picked":["Recycle","Steam"],"picked":"Conserve Battery","floor":23},{"not_picked":["Consume","Melter"],"picked":"Echo Form","floor":24},{"not_picked":["Undo","Defragment"],"picked":"Conserve Battery","floor":27},{"not_picked":["Steam","Hologram"],"picked":"Compile Driver","floor":28},{"not_picked":["Sweeping Beam","Beam Cell"],"picked":"Hologram+1","floor":30},{"not_picked":["Seek","Consume"],"picked":"Sunder+1","floor":31}],"player_experience":1115521,"relics_obtained":[{"floor":7.0,"key":"Meat on the Bone"},{"floor":9.0,"key":"Mercury Hourglass"},{"floor":10.0,"key":"Peace Pipe"},{"floor":13.0,"key":"Regal Pillow"},{"floor":23,"key":"MawBank"},{"floor":26,"key":"Eternal Feather"},{"floor":31,"key":"Centennial Puzzle"}],"event_choices":[{"damage_healed":0.0,"max_hp_gain":5.0,"max_hp_loss":0.0,"gold_gain":0.0,"event_name":"Big Fish","player_choice":"Donut","floor":3.0,"gold_loss":0.0,"damage_taken":0.0},{"damage_healed":15.0,"max_hp_gain":0.0,"max_hp_loss":0.0,"gold_gain":0.0,"event_name":"The Library","player_choice":"Heal","floor":20.0,"gold_loss":0.0,"damage_taken":0.0},{"damage_healed":0,"gold_gain":0,"player_choice":"0 cards matched","damage_taken":0,"max_hp_gain":0,"max_hp_loss":0,"event_name":"Match and Keep!","floor":22,"gold_loss":0,"cards_obtained":[]}],"is_beta":false,"boss_relics":[{"not_picked":["Runic Dome","Velvet Choker"],"picked":"Inserter"}],"items_purged_floors":[],"is_endless":false,"potions_floor_spawned":[4,5,12,14,16,19,24,27,28],"killed_by":"Collector","ascension_level":20}}