{"host":"yecadp3kwkksam5a","time":1610358374,"event":{"mods":["BaseMod","Minty Spire (QoL Compilation)","StSLib","The Cursed"],"gold_per_floor":[116,129,142,152,7,39,57,57,57,57,74,93,93,118,118,220,220,239,255,272,286,286,286,286],"floor_reached":23,"playtime":3028,"items_purged":[],"score":228,"play_id":"ad041047-db7c-4ef4-a775-54ba4f4edd34","local_time":"20210111184614","is_ascension_mode":true,"campfire_choices":[{"floor":8.0,"key":"REST"},{"data":"TheCursedMod:CleanUpWorkshop","floor":10.0,"key":"SMITH"},{"data":"TheCursedMod:LuckyCharm","floor":15.0,"key":"SMITH"}],"circlet_count":0,"master_deck":["TheCursedMod:Strike_TheCursed","TheCursedMod:Strike_TheCursed","TheCursedMod:Strike_TheCursed","TheCursedMod:Defend_TheCursed","TheCursedMod:Defend_TheCursed","TheCursedMod:Defend_TheCursed","TheCursedMod:Defend_TheCursed","TheCursedMod:CursedWand","TheCursedMod:CleanUpWorkshop+1","TheCursedMod:Dregs","TheCursedMod:VitalStrike","TheCursedMod:CursedBlade","TheCursedMod:RapidMovement","TheCursedMod:SaltUponWound","TheCursedMod:LuckyCharm+1","TheCursedMod:Torture","TheCursedMod:CursedBlade","TheCursedMod:CollectTribute","TheCursedMod:Mangle","TheCursedMod:StunningStrike","TheCursedMod:LuckyCharm","TheCursedMod:SpitefulPray+1","TheCursedMod:BlessingInDisguise","Writhe"],"relics":["TheCursedMod:BlackMagic101","Bag of Preparation","Membership Card","TheCursedMod:CrystalBall","Bottled Tornado","InkBottle","Sozu","Kunai"],"acts_visited":["Exordium","TheCity"],"potions_floor_usage":[],"damage_taken":[{"damage":2.0,"enemies":"Cultist","floor":1.0,"turns":4.0},{"damage":1.0,"enemies":"2 Louse","floor":2.0,"turns":2.0},{"damage":6.0,"enemies":"Jaw Worm","floor":3.0,"turns":3.0},{"damage":4.0,"enemies":"2 Fungi Beasts","floor":4.0,"turns":3.0},{"damage":44.0,"enemies":"Gremlin Nob","floor":6.0,"turns":5.0},{"damage":3.0,"enemies":"Exordium Wildlife","floor":7.0,"turns":2.0},{"damage":8.0,"enemies":"Large Slime","floor":11.0,"turns":5.0},{"damage":0.0,"enemies":"Gremlin Gang","floor":12.0,"turns":3.0},{"damage":10.0,"enemies":"3 Sentries","floor":14.0,"turns":6.0},{"damage":17.0,"enemies":"Hexaghost","floor":16.0,"turns":7.0},{"damage":10.0,"enemies":"2 Thieves","floor":18.0,"turns":4.0},{"damage":5.0,"enemies":"Shell Parasite","floor":19.0,"turns":4.0},{"damage":17.0,"enemies":"Chosen and Byrds","floor":20.0,"turns":6.0},{"damage":32.0,"enemies":"Shelled Parasite and Fungi","floor":21.0,"turns":5.0},{"damage":12,"enemies":"Slavers","floor":23,"turns":1}],"seed_played":"-6774967282949358627","potions_obtained":[{"floor":2.0,"key":"PowerPotion"},{"floor":6.0,"key":"DistilledChaos"},{"floor":11.0,"key":"Swift Potion"},{"floor":16.0,"key":"LiquidMemories"}],"is_trial":false,"path_per_floor":["M","M","M","M","$","E","M","R","T","R","M","M","?","E","R","B",null,"M","M","M","M","?","E"],"character_chosen":"THE_CURSED","items_purchased":["Membership Card"],"campfire_rested":1,"item_purchase_floors":[5],"current_hp_per_floor":[73,72,66,62,62,18,15,37,37,37,29,29,29,19,19,2,75,65,60,43,11,11,0,0],"gold":286,"neow_bonus":"RANDOM_COMMON_RELIC","is_daily":false,"chose_seed":false,"campfire_upgraded":2,"win_rate":0.0,"timestamp":1610358374,"path_taken":["M","?","M","M","$","E","M","R","T","R","M","?","?","E","R","BOSS","M","M","M","M","?","E"],"items_purchased_type":["Relic"],"build_version":"2020-12-22","purchased_purges":0,"victory":false,"max_hp_per_floor":[75,75,75,75,75,75,75,75,75,75,75,75,75,75,75,75,75,75,75,75,75,75,75,75],"card_choices":[{"not_picked":["TheCursedMod:BloodBarrier","TheCursedMod:CursedAmulet"],"picked":"TheCursedMod:VitalStrike","floor":1.0},{"not_picked":["TheCursedMod:Stretching","TheCursedMod:AbyssShockwave","TheCursedMod:CursedAmulet"],"picked":"SKIP","floor":2.0},{"not_picked":["TheCursedMod:PrepareRite","TheCursedMod:Wield"],"picked":"TheCursedMod:CursedBlade","floor":3.0},{"not_picked":["TheCursedMod:CursedShiv","TheCursedMod:CircleOfFlame"],"picked":"TheCursedMod:RapidMovement","floor":4.0},{"not_picked":["TheCursedMod:Neurasthenia","TheCursedMod:CircleOfCorruption"],"picked":"TheCursedMod:SaltUponWound","floor":6.0},{"not_picked":["TheCursedMod:SurpriseAttack","TheCursedMod:SpreadPlague"],"picked":"TheCursedMod:LuckyCharm","floor":7.0},{"not_picked":["TheCursedMod:SurpriseAttack","TheCursedMod:CursedAmulet"],"picked":"TheCursedMod:Torture","floor":11.0},{"not_picked":["TheCursedMod:TacticalStrike","TheCursedMod:SpreadPlague"],"picked":"TheCursedMod:CursedBlade","floor":12.0},{"not_picked":["TheCursedMod:VitalStrike","TheCursedMod:CursedShiv"],"picked":"TheCursedMod:Mangle","floor":14.0},{"not_picked":["TheCursedMod:AntiAging","TheCursedMod:UltimatePain"],"picked":"TheCursedMod:StunningStrike","floor":16.0},{"not_picked":["TheCursedMod:SurpriseAttack","TheCursedMod:CursedAmulet"],"picked":"TheCursedMod:LuckyCharm","floor":18.0},{"not_picked":["TheCursedMod:ReleasedKnowledge","TheCursedMod:CircleOfFlame"],"picked":"TheCursedMod:SpitefulPray+1","floor":19.0},{"not_picked":["TheCursedMod:CircleOfAmplification","TheCursedMod:SoulCrush"],"picked":"TheCursedMod:BlessingInDisguise","floor":20.0},{"not_picked":["TheCursedMod:CircleOfCorruption+1","TheCursedMod:CursedMace+1","TheCursedMod:SpitefulStrike"],"picked":"SKIP","floor":21.0}],"player_experience":488560,"relics_obtained":[{"floor":6.0,"key":"TheCursedMod:CrystalBall"},{"floor":9.0,"key":"Bottled Tornado"},{"floor":14.0,"key":"InkBottle"}],"event_choices":[{"damage_healed":0.0,"max_hp_gain":0.0,"max_hp_loss":0.0,"gold_gain":0.0,"cards_transformed":["TheCursedMod:Strike_TheCursed"],"event_name":"Living Wall","player_choice":"Change","floor":13.0,"gold_loss":0.0,"damage_taken":0.0,"cards_obtained":["TheCursedMod:CollectTribute"]},{"damage_healed":0.0,"max_hp_gain":0.0,"max_hp_loss":0.0,"gold_gain":0.0,"event_name":"The Mausoleum","player_choice":"Opened","floor":22.0,"gold_loss":0.0,"damage_taken":0.0,"relics_obtained":["Kunai"],"cards_obtained":["Writhe"]}],"is_beta":false,"boss_relics":[{"not_picked":["Busted Crown","Runic Dome"],"picked":"Sozu"}],"items_purged_floors":[],"is_endless":false,"potions_floor_spawned":[2,6,11,16,20],"killed_by":"Slavers","ascension_level":2}}