{"host":"7mctdko6f6ih2ivj","time":1610358281,"event":{"mods":["Aspiration","BaseMod","Better Third Choice","Colored Map","Conspire","Defuse TimeMaze Blight","Fox Events","Jedi Mod","Minty Spire (QoL Compilation)","RRrroohrrRGHHhhh!!","RatMod","Relic Sorter","Replay The Spire","Shop Mod","StSLib"],"gold_per_floor":[117,192,0,0,19,19,19],"floor_reached":6,"playtime":301,"items_purged":[],"score":60,"play_id":"72d5da15-e5cf-494e-be4f-b1678af1f0dc","local_time":"20210111094441","is_ascension_mode":true,"campfire_choices":[],"circlet_count":0,"master_deck":["AscendersBane","Strike_R","Strike_R","Strike_R","Strike_R","Defend_R","Defend_R","Defend_R","Defend_R","Bash","Cleave","rat:Decimate","Enlightenment"],"relics":["Burning Blood","Mirror"],"acts_visited":["Exordium"],"potions_floor_usage":[],"damage_taken":[{"damage":1,"enemies":"conspire:RoseBush","floor":1,"turns":5},{"damage":9,"enemies":"2 Louse","floor":5,"turns":3},{"damage":65,"enemies":"Lagavulin","floor":6,"turns":7}],"seed_played":"6294492331623143082","potions_obtained":[{"floor":1,"key":"Explosive Potion"}],"is_trial":false,"path_per_floor":["M","?","?","?","M","E"],"character_chosen":"IRONCLAD","items_purchased":[],"campfire_rested":0,"item_purchase_floors":[],"current_hp_per_floor":[73,62,68,68,65,0,0],"gold":19,"neow_bonus":"RANDOM_EVENT","is_daily":false,"chose_seed":false,"campfire_upgraded":0,"win_rate":0.0,"timestamp":1610358281,"path_taken":["M","?","?","?","?","E"],"items_purchased_type":[],"build_version":"2020-12-22","purchased_purges":0,"victory":false,"max_hp_per_floor":[75,75,81,81,81,81,81],"card_choices":[{"not_picked":["Flame Barrier","Havoc"],"picked":"rat:Decimate","floor":1},{"not_picked":["jedi:fear","Heavy Blade","Uppercut"],"picked":"SKIP","floor":5}],"player_experience":995695,"relics_obtained":[],"event_choices":[{"damage_healed":0,"gold_gain":0,"cards_transformed":["Strike_R"],"player_choice":"Change","damage_taken":0,"max_hp_gain":0,"max_hp_loss":0,"event_name":"Living Wall","floor":0,"gold_loss":0,"cards_obtained":["Cleave"]},{"damage_healed":0,"gold_gain":75,"player_choice":"Gold","damage_taken":11,"max_hp_gain":0,"max_hp_loss":0,"event_name":"betterThird:BetterGoop","floor":2,"gold_loss":0},{"damage_healed":0,"gold_gain":0,"player_choice":"RENOUNCE","damage_taken":192,"max_hp_gain":0,"max_hp_loss":0,"event_name":"betterThird:BetterSerpent","floor":3,"gold_loss":192,"cards_obtained":["Enlightenment"]},{"damage_healed":0,"gold_gain":0,"player_choice":"Gave Potion","damage_taken":0,"relics_obtained":["Mirror"],"max_hp_gain":0,"max_hp_loss":0,"event_name":"WeMeetAgain","floor":4,"gold_loss":0}],"is_beta":false,"boss_relics":[],"items_purged_floors":[],"is_endless":false,"potions_floor_spawned":[1],"killed_by":"Lagavulin","ascension_level":15}}