{"host":"y3h3n3f7seyagppx","time":1610388451,"event":{"mods":["AlwaysNeverKeys","BaseMod","Better Vampires","Colored Powertips","DeckTracker","Emptier Cage","Minty Spire (QoL Compilation)","Permanent Neow","Quick Restart","Rare Cards Sparkle","Relic Sorter","Relic Stats","StSLib","Transform Curses"],"gold_per_floor":[210,210,0,13,24,53,53,83,141,188,200,212,241,279,291,377,389,413,396,408,1,20,46,46,71,71,71,91,102,136,156,156,231,231,244,260,260,34,49,376,376,403,403,419,419,469,500,518,518,518,518,518,518,101,127,127],"floor_reached":57,"playtime":7576,"items_purged":["Wild Strike+1","Twin Strike"],"score":3085,"play_id":"13385053-3c67-40f3-a300-1814e34782a9","local_time":"20210111130731","is_ascension_mode":true,"campfire_choices":[{"data":"Carnage","floor":7.0,"key":"SMITH"},{"data":"Feed","floor":11.0,"key":"SMITH"},{"data":"Bash","floor":15.0,"key":"SMITH"},{"data":"Corruption","floor":24.0,"key":"SMITH"},{"data":"Armaments","floor":32.0,"key":"SMITH"},{"data":"Body Slam","floor":41.0,"key":"SMITH"},{"data":"Juggernaut","floor":45.0,"key":"SMITH"},{"data":"Dual Wield","floor":49.0,"key":"SMITH"},{"floor":53.0,"key":"REST"}],"circlet_count":0,"master_deck":["AscendersBane","Defend_R","Defend_R","Defend_R","Defend_R","Bash+1","Sword Boomerang+1","Carnage+1","Shrug It Off","Feel No Pain","Feed+1","Power Through","Shrug It Off","Evolve","Corruption+1","Clothesline+1","Exhume","Dark Embrace","Warcry+1","Armaments+1","Body Slam+1","Juggernaut+1","Sentinel","Flame Barrier+1","Sentinel","Pommel Strike+1","Flame Barrier","Havoc+1","Impervious","Dual Wield+1","Flame Barrier","Dark Shackles","Power Through","Exhume"],"relics":["Burning Blood","Vajra","Pear","MawBank","Whetstone","Ice Cream","Ancient Tea Set","Astrolabe","Membership Card","Letter Opener","White Beast Statue","Torii","Kunai","Happy Flower","Philosopher\u0027s Stone","Bag of Preparation","Orrery","Old Coin","Sundial","Shuriken","Bottled Flame","OrangePellets","Lantern","Oddly Smooth Stone","Lizard Tail"],"acts_visited":["Exordium","TheCity","TheBeyond","TheEnding"],"potions_floor_usage":[55,56],"damage_taken":[{"damage":6.0,"enemies":"Cultist","floor":1.0,"turns":3.0},{"damage":0.0,"enemies":"Small Slimes","floor":4.0,"turns":3.0},{"damage":2.0,"enemies":"2 Louse","floor":5.0,"turns":2.0},{"damage":20.0,"enemies":"Lagavulin","floor":6.0,"turns":5.0},{"damage":16.0,"enemies":"3 Sentries","floor":8.0,"turns":6.0},{"damage":8.0,"enemies":"Gremlin Nob","floor":10.0,"turns":3.0},{"damage":4.0,"enemies":"Looter","floor":13.0,"turns":4.0},{"damage":6.0,"enemies":"3 Sentries","floor":14.0,"turns":7.0},{"damage":22.0,"enemies":"Slime Boss","floor":16.0,"turns":5.0},{"damage":18.0,"enemies":"3 Byrds","floor":18.0,"turns":8.0},{"damage":21.0,"enemies":"2 Thieves","floor":19.0,"turns":4.0},{"damage":9.0,"enemies":"Snake Plant","floor":22.0,"turns":5.0},{"damage":37.0,"enemies":"Book of Stabbing","floor":23.0,"turns":6.0},{"damage":47.0,"enemies":"Slavers","floor":25.0,"turns":6.0},{"damage":12.0,"enemies":"Snecko","floor":28.0,"turns":7.0},{"damage":15.0,"enemies":"Shelled Parasite and Fungi","floor":29.0,"turns":7.0},{"damage":43.0,"enemies":"Book of Stabbing","floor":30.0,"turns":7.0},{"damage":22.0,"enemies":"Centurion and Healer","floor":31.0,"turns":6.0},{"damage":88.0,"enemies":"Automaton","floor":33.0,"turns":11.0},{"damage":36.0,"enemies":"3 Darklings","floor":35.0,"turns":4.0},{"damage":23.0,"enemies":"Orb Walker","floor":36.0,"turns":3.0},{"damage":2.0,"enemies":"Writhing Mass","floor":39.0,"turns":4.0},{"damage":0.0,"enemies":"Giant Head","floor":40.0,"turns":5.0},{"damage":10.0,"enemies":"Reptomancer","floor":42.0,"turns":4.0},{"damage":0.0,"enemies":"Maw","floor":44.0,"turns":4.0},{"damage":0.0,"enemies":"Nemesis","floor":47.0,"turns":3.0},{"damage":0.0,"enemies":"Spire Growth","floor":48.0,"turns":2.0},{"damage":56.0,"enemies":"Awakened One","floor":50.0,"turns":10.0},{"damage":39.0,"enemies":"Donu and Deca","floor":51.0,"turns":4.0},{"damage":38,"enemies":"Shield and Spear","floor":55,"turns":5},{"damage":24,"enemies":"The Heart","floor":56,"turns":7}],"seed_played":"4642613125228223116","potions_obtained":[{"floor":4.0,"key":"EssenceOfSteel"},{"floor":5.0,"key":"FairyPotion"},{"floor":10.0,"key":"Block Potion"},{"floor":14.0,"key":"ElixirPotion"},{"floor":22.0,"key":"FearPotion"},{"floor":23.0,"key":"FearPotion"},{"floor":28.0,"key":"Energy Potion"},{"floor":33.0,"key":"CultistPotion"},{"floor":35.0,"key":"LiquidMemories"},{"floor":39.0,"key":"FearPotion"},{"floor":40.0,"key":"Block Potion"},{"floor":42.0,"key":"Fire Potion"},{"floor":44.0,"key":"SkillPotion"},{"floor":47.0,"key":"Weak Potion"},{"floor":48.0,"key":"GamblersBrew"},{"floor":55,"key":"Ancient Potion"}],"is_trial":false,"path_per_floor":["M","?","$","M","M","E","R","E","T","E","R","$","M","E","R","B",null,"M","M","?","$","M","E","R","E","T","?","M","M","E","M","R","B",null,"M","M","?","$","M","E","R","E","T","M","R","?","E","M","R","B","B",null,"R","$","E","B",null],"character_chosen":"IRONCLAD","items_purchased":["Vajra","Carnage","Membership Card","Letter Opener","Exhume","Explosive Potion","Bag of Preparation","Orrery","Flame Barrier","OrangePellets","Lantern","Oddly Smooth Stone","Dark Shackles","Power Through","SpeedPotion"],"campfire_rested":1,"item_purchase_floors":[3,3,21,21,21,21,38,38,38,54,54,54,54,54,54],"current_hp_per_floor":[68,61,61,67,71,67,67,57,57,58,58,58,60,64,64,52,85,77,62,100,100,101,74,74,33,33,118,116,111,78,66,66,28,108,82,69,69,69,77,87,87,87,87,97,97,97,103,109,109,63,30,129,162,162,130,112],"gold":127,"neow_bonus":"HUNDRED_GOLD","is_daily":false,"chose_seed":false,"campfire_upgraded":8,"win_rate":0.0,"timestamp":1610388451,"path_taken":["M","?","$","M","M","E","R","E","T","E","R","$","M","E","R","BOSS","M","M","?","$","?","E","R","E","T","?","M","?","E","M","R","BOSS","M","M","?","$","M","E","R","E","T","M","R","?","E","M","R","BOSS","BOSS","R","$","E","BOSS"],"items_purchased_type":["Relic","Card","Relic","Relic","Card","Potion","Relic","Relic","Card","Relic","Relic","Relic","Card","Card","Potion"],"build_version":"2020-12-22","purchased_purges":2,"victory":true,"max_hp_per_floor":[75,75,75,75,75,85,85,85,85,88,88,88,88,92,92,96,96,100,100,100,100,104,108,108,108,108,118,122,126,130,134,134,134,134,138,142,142,142,146,150,150,154,154,158,158,158,158,158,158,162,162,162,162,162,162,162],"relic_stats":{"Torii":51,"Happy Flower":[24],"counters":[31,160],"Astrolabe":["Clothesline","Wild Strike","Demon Form"],"Bag of Preparation":[20],"Whetstone":["Sword Boomerang","Strike_R"],"Letter Opener":[412],"MawBank":156,"Burning Blood":186,"OrangePellets":[3],"Lizard Tail":0,"Sundial":[8],"Shuriken":[12],"Kunai":[23],"obtain_stats":[{"Ice Cream":10,"Lantern":54,"Torii":25,"Vajra":3,"Bag of Preparation":38,"Whetstone":9,"Ancient Tea Set":14,"Burning Blood":0,"Old Coin":40,"Lizard Tail":55,"Sundial":42,"Philosopher\u0027s Stone":34,"Kunai":26,"Pear":6,"Happy Flower":30,"Astrolabe":17,"Oddly Smooth Stone":54,"Letter Opener":21,"MawBank":8,"White Beast Statue":23,"OrangePellets":54,"Bottled Flame":47,"Shuriken":43,"Orrery":38,"Membership Card":21},{"Ice Cream":6,"Lantern":29,"Torii":14,"Vajra":1,"Bag of Preparation":21,"Whetstone":5,"Ancient Tea Set":8,"Burning Blood":0,"Old Coin":23,"Lizard Tail":30,"Sundial":24,"Philosopher\u0027s Stone":19,"Kunai":14,"Pear":4,"Happy Flower":17,"Astrolabe":9,"Oddly Smooth Stone":29,"Letter Opener":11,"MawBank":5,"White Beast Statue":13,"OrangePellets":29,"Bottled Flame":26,"Shuriken":24,"Orrery":21,"Membership Card":11},{"Ice Cream":22,"Lantern":148,"Torii":67,"Vajra":3,"Bag of Preparation":112,"Whetstone":19,"Ancient Tea Set":33,"Burning Blood":0,"Old Coin":121,"Lizard Tail":153,"Sundial":125,"Philosopher\u0027s Stone":105,"Kunai":67,"Pear":13,"Happy Flower":88,"Astrolabe":38,"Oddly Smooth Stone":148,"Letter Opener":50,"MawBank":19,"White Beast Statue":61,"OrangePellets":148,"Bottled Flame":132,"Shuriken":125,"Orrery":112,"Membership Card":50}]},"card_choices":[{"not_picked":["Searing Blow","Wild Strike"],"picked":"Sword Boomerang","floor":1.0},{"not_picked":["Warcry","Headbutt"],"picked":"Shrug It Off","floor":4.0},{"not_picked":["Havoc","Wild Strike"],"picked":"Twin Strike","floor":5.0},{"not_picked":["Warcry","Clothesline"],"picked":"Feel No Pain","floor":6.0},{"not_picked":["Anger","Spot Weakness"],"picked":"Feed","floor":8.0},{"not_picked":["Intimidate","Reckless Charge"],"picked":"Power Through","floor":10.0},{"not_picked":["Cleave","Body Slam"],"picked":"Shrug It Off","floor":13.0},{"not_picked":["Fire Breathing","Clash"],"picked":"Evolve","floor":14.0},{"not_picked":["Juggernaut","Exhume"],"picked":"Corruption","floor":16.0},{"not_picked":["Bloodletting","Uppercut","Heavy Blade"],"picked":"SKIP","floor":18.0},{"not_picked":["True Grit","Body Slam","Headbutt"],"picked":"SKIP","floor":19.0},{"not_picked":["Havoc","Pommel Strike"],"picked":"Dark Embrace","floor":22.0},{"not_picked":["Flex","Cleave","Thunderclap"],"picked":"SKIP","floor":23.0},{"not_picked":["Anger","Rupture"],"picked":"Warcry+1","floor":25.0},{"not_picked":["Anger","Headbutt"],"picked":"Armaments","floor":28.0},{"not_picked":["Corruption","Battle Trance"],"picked":"Body Slam","floor":29.0},{"not_picked":["Flex","Havoc","Heavy Blade"],"picked":"SKIP","floor":30.0},{"not_picked":["Clash","Cleave","Rampage"],"picked":"SKIP","floor":31.0},{"not_picked":["Clash","Cleave","Rampage"],"picked":"SKIP","floor":31.0},{"not_picked":["Bludgeon","Fiend Fire"],"picked":"Juggernaut","floor":33.0},{"not_picked":["Thunderclap","Pommel Strike+1"],"picked":"Sentinel","floor":35.0},{"not_picked":["Rupture","Evolve","Sever Soul+1"],"picked":"SKIP","floor":36.0},{"not_picked":["Inflame","Heavy Blade+1"],"picked":"Flame Barrier+1","floor":38.0},{"not_picked":["Sword Boomerang","Cleave+1"],"picked":"Sentinel","floor":38.0},{"not_picked":["Rampage","Twin Strike"],"picked":"Pommel Strike+1","floor":38.0},{"not_picked":["Armaments","Cleave"],"picked":"Havoc+1","floor":39.0},{"not_picked":["Twin Strike","Whirlwind","Clash"],"picked":"SKIP","floor":40.0},{"not_picked":["Twin Strike","Whirlwind","Clash"],"picked":"SKIP","floor":40.0},{"not_picked":["Headbutt","Sword Boomerang+1","Twin Strike"],"picked":"SKIP","floor":42.0},{"not_picked":["Cleave","Body Slam"],"picked":"Impervious","floor":44.0},{"not_picked":["Ghostly Armor","Clash+1"],"picked":"Dual Wield","floor":47.0},{"not_picked":["Spot Weakness","Clash+1"],"picked":"Flame Barrier","floor":48.0},{"not_picked":["Blood for Blood","Pommel Strike"],"picked":"Exhume","floor":55}],"player_experience":20681416,"relics_obtained":[{"floor":6.0,"key":"Pear"},{"floor":8.0,"key":"MawBank"},{"floor":9.0,"key":"Whetstone"},{"floor":10.0,"key":"Ice Cream"},{"floor":14.0,"key":"Ancient Tea Set"},{"floor":23.0,"key":"White Beast Statue"},{"floor":25.0,"key":"Torii"},{"floor":26.0,"key":"Kunai"},{"floor":30.0,"key":"Happy Flower"},{"floor":40.0,"key":"Old Coin"},{"floor":42.0,"key":"Sundial"},{"floor":43.0,"key":"Shuriken"},{"floor":47.0,"key":"Bottled Flame"},{"floor":55,"key":"Lizard Tail"}],"event_choices":[{"cards_removed":["Strike_R"],"damage_healed":0.0,"max_hp_gain":0.0,"max_hp_loss":0.0,"gold_gain":0.0,"event_name":"Golden Wing","player_choice":"Card Removal","floor":2.0,"gold_loss":0.0,"damage_taken":7.0},{"damage_healed":38.0,"max_hp_gain":0.0,"max_hp_loss":0.0,"gold_gain":0.0,"event_name":"Wheel of Change","player_choice":"Full Heal","floor":20.0,"gold_loss":0.0,"damage_taken":0.0},{"cards_removed":["Demon Form"],"damage_healed":75.0,"max_hp_gain":10.0,"max_hp_loss":0.0,"gold_gain":0.0,"event_name":"Bonfire Elementals","player_choice":"Offered Rare","floor":27.0,"gold_loss":0.0,"damage_taken":0.0},{"cards_removed":["Strike_R"],"damage_healed":0.0,"max_hp_gain":0.0,"max_hp_loss":0.0,"gold_gain":0.0,"event_name":"Falling","player_choice":"Removed Attack","floor":37.0,"gold_loss":0.0,"damage_taken":0.0},{"damage_healed":0.0,"max_hp_gain":0.0,"max_hp_loss":0.0,"gold_gain":50.0,"event_name":"Golden Shrine","player_choice":"Pray","floor":46.0,"gold_loss":0.0,"damage_taken":0.0}],"is_beta":false,"boss_relics":[{"not_picked":["Black Blood","Runic Cube"],"picked":"Astrolabe"},{"not_picked":["Black Star","Runic Pyramid"],"picked":"Philosopher\u0027s Stone"}],"items_purged_floors":[38,54],"is_endless":false,"potions_floor_spawned":[4,5,10,14,22,23,25,28,29,30,31,33,35,36,39,40,42,44,47,48,55],"ascension_level":20}}