{"host":"fnk117zi8wf5078t","time":1610384911,"event":{"mods":["AchievementEnabler","BaseMod","Colored Map","Minty Spire (QoL Compilation)","Rare Cards Sparkle","SuperFastMode","everything is the same but u backflip on backflip"],"gold_per_floor":[10,10,33,33,33,33,46,90,166,166,166,179,179,14,14,14,14],"floor_reached":16,"playtime":391,"items_purged":["Strike_R"],"score":196,"play_id":"9af04e5e-062b-4178-b4f0-30822108080e","local_time":"20210112020831","is_ascension_mode":true,"campfire_choices":[{"floor":6.0,"key":"REST"},{"floor":10.0,"key":"REST"},{"data":"Entrench","floor":13.0,"key":"SMITH"},{"data":"Armaments","floor":15.0,"key":"SMITH"}],"circlet_count":0,"master_deck":["AscendersBane","Strike_R","Strike_R","Strike_R","Defend_R","Defend_R","Defend_R","Defend_R","Bash","Chrysalis+1","Body Slam","Entrench+1","Armaments+1","Fiend Fire","Shockwave"],"relics":["Burning Blood","Golden Idol","Kunai","Mummified Hand","White Beast Statue"],"acts_visited":["Exordium"],"potions_floor_usage":[],"damage_taken":[{"damage":6.0,"enemies":"Small Slimes","floor":1.0,"turns":5.0},{"damage":19.0,"enemies":"Jaw Worm","floor":3.0,"turns":4.0},{"damage":7.0,"enemies":"Cultist","floor":7.0,"turns":4.0},{"damage":25.0,"enemies":"Lagavulin","floor":8.0,"turns":6.0},{"damage":11.0,"enemies":"Exordium Wildlife","floor":12.0,"turns":5.0},{"damage":62,"enemies":"The Guardian","floor":16,"turns":10}],"seed_played":"7650648835485485325","potions_obtained":[{"floor":3.0,"key":"AttackPotion"},{"floor":12.0,"key":"Explosive Potion"}],"is_trial":false,"path_per_floor":["M","?","M","?","T","R","M","E","T","R","?","M","R","$","R","B"],"character_chosen":"IRONCLAD","items_purchased":["Shockwave"],"campfire_rested":2,"item_purchase_floors":[14],"current_hp_per_floor":[68,42,29,22,22,44,43,24,24,46,46,41,41,41,41,0,0],"gold":14,"neow_bonus":"RANDOM_COLORLESS_2","is_daily":false,"chose_seed":false,"campfire_upgraded":2,"win_rate":0.0,"timestamp":1610384911,"path_taken":["M","?","M","?","?","R","M","E","T","R","?","M","R","$","R","BOSS"],"items_purchased_type":["Card"],"build_version":"2020-12-22","purchased_purges":1,"victory":false,"max_hp_per_floor":[75,75,75,75,75,75,75,75,75,75,75,75,75,75,75,75,75],"card_choices":[{"not_picked":["Thinking Ahead","Transmutation"],"picked":"Chrysalis","floor":0.0},{"not_picked":["Clash","Second Wind"],"picked":"Body Slam","floor":1.0},{"not_picked":["Warcry","Anger"],"picked":"Entrench","floor":3.0},{"not_picked":["Whirlwind","Perfected Strike"],"picked":"Armaments","floor":7.0},{"not_picked":["Thunderclap","Twin Strike"],"picked":"Fiend Fire","floor":8.0},{"not_picked":["Havoc","Flex","Dropkick"],"picked":"SKIP","floor":12.0}],"player_experience":381740,"relics_obtained":[{"floor":5.0,"key":"Kunai"},{"floor":8.0,"key":"Mummified Hand"},{"floor":9.0,"key":"White Beast Statue"}],"event_choices":[{"damage_healed":0.0,"max_hp_gain":0.0,"max_hp_loss":0.0,"gold_gain":0.0,"event_name":"Golden Idol","player_choice":"Take Damage","floor":2.0,"gold_loss":0.0,"damage_taken":26.0,"relics_obtained":["Golden Idol"]},{"cards_removed":["Strike_R"],"damage_healed":0.0,"max_hp_gain":0.0,"max_hp_loss":0.0,"gold_gain":0.0,"event_name":"Golden Wing","player_choice":"Card Removal","floor":4.0,"gold_loss":0.0,"damage_taken":7.0},{"damage_healed":0.0,"max_hp_gain":0.0,"max_hp_loss":0.0,"gold_gain":0.0,"event_name":"Upgrade Shrine","player_choice":"Upgraded","floor":11.0,"gold_loss":0.0,"damage_taken":0.0,"cards_upgraded":["Chrysalis"]}],"is_beta":false,"boss_relics":[],"items_purged_floors":[14],"is_endless":false,"potions_floor_spawned":[3,12],"killed_by":"The Guardian","ascension_level":20}}