{"host":"u9xtr94typ21duox","time":1610343898,"event":{"mods":["BaseMod","Key Reminder","KinomotoSakuraMod(木之本樱)","LagranYue(拉格朗・月)","Marisa（F雨　魔理沙）","Minty Spire (QoL Compilation)","Reimu（博丽灵梦）","Remilia（蕾米莉亚）","Replay The Spire","StSLib","Td1madao Mod","The Administrix","The Bladedancer","The Bug Knight","The Construct","The Cursed","The Gatherer","The Runesmith","The Servant 0.9.4","WarShipGirlsR/战舰少女R mod","Youmu（魂魄妖梦）","vexMod"],"gold_per_floor":[360,435,183,227,265,265,317,317,391,430,430,80,80,118,118,239,239,252,290,290,10,53,53,53,53,80,107,121,147,147,179,179,299,299,319,170,213,251,251,333,333,383,459,504,555,284,132,186,186,186,186,186,36,70,70],"floor_reached":56,"playtime":2802,"items_purged":["Strike_MRS","Gluttony_TH","Strike_MRS","WitchOfGreed+1"],"score":1250,"play_id":"107bdd95-635d-4d96-82d6-1002288e0866","local_time":"20210111134458","is_ascension_mode":true,"campfire_choices":[{"data":"DragonMeteor","floor":6.0,"key":"SMITH"},{"data":"UpSweep","floor":8.0,"key":"SMITH"},{"data":"MachineGunSpark","floor":11.0,"key":"SMITH"},{"data":"FinalSpark","floor":15,"key":"SMITH"},{"floor":23,"key":"REST"},{"data":"CasketOfStar","floor":25,"key":"SMITH"},{"floor":30,"key":"REST"},{"data":"OrrerysSun","floor":32,"key":"SMITH"},{"data":"MilkyWay","floor":41,"key":"SMITH"},{"floor":49,"key":"RECALL"},{"data":"CasketOfStar","floor":52,"key":"SMITH"}],"circlet_count":0,"master_deck":["Strike_MRS","Strike_MRS+1","Defend_MRS","Defend_MRS","Defend_MRS","Defend_MRS","MasterSpark","UpSweep+1","DragonMeteor+1","PropBag+1","SprinkleStarSeal","MachineGunSpark+1","PowerUp","OrrerysSun+1","FinalSpark+1","MachineGunSpark","CasketOfStar+1","Acceleration+1","Singularity","AsteroidBelt","EnergyRecoil+1","ShootingEcho","Acceleration","MillisecondPulsars","MilkyWay+1","MilkyWay+1","CasketOfStar+1"],"relics":["MiniHakkero","LagranYue:RandomDrawCardRelic","Centennial Puzzle","Eternal Feather","Iron Hammer","Busted Crown","Gremlin Food","Oddly Smooth Stone","Replay:Wax Seal","vexMod:PlasmaPancake","ReplayTheSpireMod:TigerMarble","LagranYue:SoulBurningRelic","HollowMod:PaleOreRelic","Bird Faced Urn","Replay:Bottled Steam","Bag of Preparation","Bag of Marbles","Blood Vial"],"acts_visited":["Exordium","TheCity","TheBeyond","TheEnding"],"potions_floor_usage":[19,22,27,29,37,44,54,55,55,55,55,55,55],"damage_taken":[{"damage":0.0,"enemies":"2 Louse","floor":1.0,"turns":3.0},{"damage":1.0,"enemies":"Cultist","floor":4.0,"turns":4.0},{"damage":0.0,"enemies":"Small Slimes","floor":5.0,"turns":3.0},{"damage":1.0,"enemies":"Lagavulin","floor":7.0,"turns":6.0},{"damage":8.0,"enemies":"2 Fungi Beasts","floor":10.0,"turns":4.0},{"damage":8,"enemies":"Blue Slaver","floor":14,"turns":3},{"damage":22,"enemies":"The Guardian","floor":16,"turns":9},{"damage":16,"enemies":"Shell Parasite","floor":18,"turns":4},{"damage":13,"enemies":"2 Thieves","floor":19,"turns":3},{"damage":2,"enemies":"Snake Plant","floor":22,"turns":3},{"damage":11,"enemies":"Book of Stabbing","floor":27,"turns":5},{"damage":5,"enemies":"Shelled Parasite and Fungi","floor":28,"turns":2},{"damage":30,"enemies":"Gremlin Leader","floor":29,"turns":5},{"damage":7,"enemies":"Book of Stabbing","floor":31,"turns":4},{"damage":49,"enemies":"Automaton","floor":33,"turns":9},{"damage":5,"enemies":"Orb Walker","floor":35,"turns":3},{"damage":0,"enemies":"3 Shapes","floor":37,"turns":5},{"damage":0,"enemies":"Transient","floor":38,"turns":5},{"damage":0,"enemies":"R_Hoarder","floor":40,"turns":6},{"damage":2,"enemies":"Mind Bloom Boss Battle","floor":42,"turns":5},{"damage":2,"enemies":"Maw","floor":44,"turns":6},{"damage":1,"enemies":"Nemesis","floor":45,"turns":5},{"damage":12,"enemies":"HollowMod:StalkingDevout","floor":48,"turns":5},{"damage":66,"enemies":"Replay:Hell Engine","floor":50,"turns":7},{"damage":7,"enemies":"Shield and Spear","floor":54,"turns":3},{"damage":37,"enemies":"The Heart","floor":55,"turns":8}],"seed_played":"-6074182870345946480","potions_obtained":[{"floor":4.0,"key":"SkillPotion"},{"floor":4.0,"key":"Adrenaline Potion"},{"floor":5.0,"key":"Toxic Potion"},{"floor":7.0,"key":"Flashbang"},{"floor":10.0,"key":"LiquidBronze"},{"floor":14,"key":"ZuzhouPotion:ReiMu"},{"floor":14,"key":"Weak Potion"},{"floor":19,"key":"Adrenaline Potion"},{"floor":22,"key":"SkillPotion"},{"floor":28,"key":"SteroidPotion"},{"floor":29,"key":"Fire Potion"},{"floor":37,"key":"LiquidBronze"},{"floor":44,"key":"Block Potion"},{"floor":48,"key":"PowerPotion"},{"floor":48,"key":"EntropicBrew"},{"floor":54,"key":"Fire Potion"}],"is_trial":false,"path_per_floor":["M","?","$","M","M","R","E","R","T","M","R","$","?","M","R","B",null,"M","M","?","$","M","R","?","R","T","E","M","E","R","E","R","B",null,"M","$","M","M","?","E","R","?","T","M","E","$","$","E","R","B",null,"R","$","E","B",null],"character_chosen":"MARISA","items_purchased":["DragonMeteor","PropBag","WitchOfGreed+1","PowerUp","OrrerysSun","Iron Hammer","Singularity","AsteroidBelt","Gremlin Food","MilkyWay","Bag of Preparation","CasketOfStar"],"campfire_rested":2,"item_purchase_floors":[3,3,3,12,12,12,21,21,21,36,46,47],"current_hp_per_floor":[54,47,47,46,46,46,45,45,45,49,55,55,55,47,56,34,75,59,46,46,46,44,75,90,90,90,79,74,50,93,86,96,47,96,91,91,91,91,91,91,96,94,94,96,96,96,96,84,96,45,96,96,96,91,61],"gold":70,"neow_bonus":"TWO_FIFTY_GOLD","is_daily":false,"chose_seed":false,"campfire_upgraded":8,"win_rate":0.0,"timestamp":1610343898,"path_taken":["M","?","$","M","?","R","E","R","T","M","R","$","?","?","R","BOSS","M","M","?","$","M","R","?","R","T","E","M","E","R","E","R","BOSS","M","$","M","M","?","E","R","?","T","M","E","?","$","E","R","BOSS","R","$","E","BOSS"],"items_purchased_type":["Card","Card","Card","Card","Card","Relic","Card","Card","Relic","Card","Relic","Card"],"build_version":"2020-12-22","purchased_purges":4,"victory":true,"max_hp_per_floor":[75,75,75,75,75,75,75,75,75,75,75,75,75,75,75,75,75,75,75,75,75,75,75,90,90,90,90,90,96,96,96,96,96,96,96,96,96,96,96,96,96,96,96,96,96,96,96,96,96,96,96,96,96,96,96],"card_choices":[{"not_picked":["UnstableBomb","GasGiant","LuminesStrike"],"picked":"SKIP","floor":1.0},{"not_picked":["6A","ShootingEcho","GrandCross"],"picked":"SKIP","floor":4.0},{"not_picked":["ManaConvection","PropBag"],"picked":"SprinkleStarSeal","floor":5.0},{"not_picked":["EnergyRecoil","DC","ManaConvection"],"picked":"SKIP","floor":7.0},{"not_picked":["ShootTheMoon","PropBag"],"picked":"MachineGunSpark","floor":10.0},{"not_picked":["AsteroidBelt","AlicesGift"],"picked":"MachineGunSpark","floor":14},{"not_picked":["TreasureHunter","MaximisePower"],"picked":"CasketOfStar","floor":16},{"not_picked":["DarkMatter"],"picked":"SKIP","floor":18},{"not_picked":[],"picked":"Acceleration+1","floor":19},{"not_picked":["WitchOfGreed"],"picked":"SKIP","floor":22},{"not_picked":["WitchLeyline+1"],"picked":"SKIP","floor":27},{"not_picked":["EnergyRecoil+1"],"picked":"SKIP","floor":28},{"not_picked":[],"picked":"EnergyRecoil+1","floor":28},{"not_picked":[],"picked":"ShootingEcho","floor":29},{"not_picked":[],"picked":"Acceleration","floor":31},{"not_picked":[],"picked":"MillisecondPulsars","floor":33},{"not_picked":["WitchLeyline+1"],"picked":"SKIP","floor":35},{"not_picked":["UnstableBomb+1"],"picked":"SKIP","floor":37},{"not_picked":["6A+1"],"picked":"SKIP","floor":38},{"not_picked":[],"picked":"MilkyWay+1","floor":40},{"not_picked":["ShootingEcho+1"],"picked":"SKIP","floor":44},{"not_picked":["Occultation"],"picked":"SKIP","floor":45},{"not_picked":["EnergyRecoil"],"picked":"SKIP","floor":48},{"not_picked":["UnstableBomb"],"picked":"SKIP","floor":54}],"player_experience":293080,"relics_obtained":[{"floor":7.0,"key":"Centennial Puzzle"},{"floor":9.0,"key":"Eternal Feather"},{"floor":26,"key":"Oddly Smooth Stone"},{"floor":27,"key":"Replay:Wax Seal"},{"floor":29,"key":"vexMod:PlasmaPancake"},{"floor":31,"key":"ReplayTheSpireMod:TigerMarble"},{"floor":40,"key":"HollowMod:PaleOreRelic"},{"floor":42,"key":"Bird Faced Urn"},{"floor":45,"key":"Replay:Bottled Steam"},{"floor":48,"key":"Bag of Marbles"},{"floor":54,"key":"Blood Vial"}],"event_choices":[{"damage_healed":0.0,"max_hp_gain":0.0,"max_hp_loss":0.0,"gold_gain":75.0,"event_name":"FaceTrader","player_choice":"Touch","floor":2.0,"gold_loss":0.0,"damage_taken":7.0},{"damage_healed":0,"gold_gain":0,"player_choice":"1 cards matched","damage_taken":0,"max_hp_gain":0,"max_hp_loss":0,"event_name":"Match and Keep!","floor":13,"gold_loss":0,"cards_obtained":["FinalSpark"]},{"damage_healed":0,"gold_gain":0,"player_choice":"Ignored","damage_taken":0,"max_hp_gain":0,"max_hp_loss":0,"event_name":"Vampires","floor":20,"gold_loss":0},{"damage_healed":0,"gold_gain":0,"player_choice":"Memory 1","damage_taken":0,"max_hp_gain":0,"max_hp_loss":0,"event_name":"SensoryStone","floor":39,"gold_loss":0},{"damage_healed":0,"gold_gain":0,"player_choice":"Fight","damage_taken":0,"max_hp_gain":0,"max_hp_loss":0,"event_name":"MindBloom","floor":42,"gold_loss":0}],"is_beta":false,"boss_relics":[{"not_picked":["Tiny House","Ring of Chaos"],"picked":"Busted Crown"},{"not_picked":["Fusion Hammer","LagranYue:ContractPerformanceRelic"],"picked":"LagranYue:SoulBurningRelic"}],"items_purged_floors":[3,36,46,53],"is_endless":false,"potions_floor_spawned":[4,5,14,22,28,29,35,44,45,48,54],"ascension_level":2}}