{"host":"s2ap0bnrs90y0f0j","time":1610341607,"event":{"mods":["BaseMod","Minty Spire (QoL Compilation)","StSLib","TheArtist"],"gold_per_floor":[118,32,32,42,58,85,105,123,123,123,123,139,151,24,24,99,99,110,110,110,10,29,29,29],"floor_reached":23,"playtime":858,"items_purged":["artistmod:StrokeStrike","artistmod:StrokeStrike"],"score":388,"play_id":"a7f2cb4a-c9ec-4cc4-a950-8be4c7e93cb2","local_time":"20210111000647","is_ascension_mode":true,"campfire_choices":[{"floor":10.0,"key":"REST"},{"data":"artistmod:YellowYearning","floor":15,"key":"SMITH"}],"circlet_count":0,"master_deck":["AscendersBane","artistmod:StrokeStrike","artistmod:DaringDefend","artistmod:DaringDefend","artistmod:DaringDefend","artistmod:DaringDefend","artistmod:BrushBash","artistmod:DarkenDrawing+1","artistmod:BrownBrush","artistmod:RainbowReality+1","artistmod:MagentaMadness","artistmod:RedRage","artistmod:DoubleDraw","artistmod:BlueBurst","artistmod:ColorfulClobber","artistmod:RedRage","artistmod:RedRage","artistmod:YellowYearning+1","artistmod:MagentaMist","artistmod:RedRage","artistmod:BlueBurst"],"relics":["artistmod:BlueBrush","NeowsBlessing","Nunchaku","Odd Mushroom","Anchor","Cursed Key"],"acts_visited":["Exordium","TheCity"],"potions_floor_usage":[16,16,23],"damage_taken":[{"damage":0.0,"enemies":"Small Slimes","floor":1.0,"turns":1.0},{"damage":0.0,"enemies":"Cultist","floor":4.0,"turns":1.0},{"damage":0.0,"enemies":"2 Louse","floor":5.0,"turns":1.0},{"damage":41.0,"enemies":"3 Sentries","floor":6.0,"turns":11.0},{"damage":15.0,"enemies":"The Mushroom Lair","floor":7.0,"turns":4.0},{"damage":0.0,"enemies":"Large Slime","floor":8.0,"turns":5.0},{"damage":0.0,"enemies":"Red Slaver","floor":12.0,"turns":7.0},{"damage":0,"enemies":"Blue Slaver","floor":13,"turns":3},{"damage":19,"enemies":"Slime Boss","floor":16,"turns":6},{"damage":10,"enemies":"Chosen","floor":18,"turns":4},{"damage":18,"enemies":"Spheric Guardian","floor":22,"turns":4},{"damage":26,"enemies":"Book of Stabbing","floor":23,"turns":6}],"seed_played":"-2344388909103374938","potions_obtained":[{"floor":5.0,"key":"Explosive Potion"},{"floor":6.0,"key":"Fire Potion"},{"floor":8.0,"key":"Dexterity Potion"},{"floor":13,"key":"Strength Potion"},{"floor":22,"key":"Weak Potion"}],"is_trial":false,"path_per_floor":["M","$","?","M","M","E","?","M","T","R","?","M","M","$","R","B",null,"M","?","?","$","M","E"],"character_chosen":"THE_ARTIST","items_purchased":["artistmod:RainbowReality","artistmod:YellowYearning"],"campfire_rested":1,"item_purchase_floors":[2,14],"current_hp_per_floor":[58,58,58,58,58,17,2,2,2,21,21,21,21,21,21,2,49,39,39,39,39,21,0,0],"gold":29,"neow_bonus":"THREE_ENEMY_KILL","is_daily":false,"chose_seed":false,"campfire_upgraded":1,"win_rate":0.0,"timestamp":1610341607,"path_taken":["M","$","?","M","?","E","?","M","T","R","?","M","?","?","R","BOSS","M","?","?","$","M","E"],"items_purchased_type":["Card","Card"],"build_version":"2020-12-22","purchased_purges":2,"victory":false,"max_hp_per_floor":[64,64,64,64,64,64,64,64,64,64,64,64,64,64,64,64,64,64,64,64,64,64,64,64],"card_choices":[{"not_picked":["artistmod:AquaAnnoyance","artistmod:CursedClash"],"picked":"artistmod:BrownBrush","floor":1.0},{"not_picked":["artistmod:PrismaticPain","artistmod:ChromaCrash"],"picked":"artistmod:MagentaMadness","floor":4.0},{"not_picked":["artistmod:BlueBurst","artistmod:ColorfulClobber"],"picked":"artistmod:RedRage","floor":5.0},{"not_picked":["artistmod:ChromaCrash","artistmod:CanvasCatapult"],"picked":"artistmod:DoubleDraw","floor":6.0},{"not_picked":["artistmod:BlueBrews","artistmod:ChromaCrash"],"picked":"artistmod:BlueBurst","floor":7.0},{"not_picked":["artistmod:BlueBrews","artistmod:YellowYouth"],"picked":"artistmod:ColorfulClobber","floor":8.0},{"not_picked":["artistmod:DualDash","artistmod:AquaAnnoyance"],"picked":"artistmod:RedRage","floor":12.0},{"not_picked":["artistmod:PrismaticPain","artistmod:IndigoIncapitation"],"picked":"artistmod:RedRage","floor":13},{"not_picked":["artistmod:YellowYouth","artistmod:BlueBarrier"],"picked":"artistmod:MagentaMist","floor":16},{"not_picked":["artistmod:IndigoIncapitation","artistmod:PaintballPelt"],"picked":"artistmod:RedRage","floor":18},{"not_picked":["artistmod:AmberAttack","artistmod:MagentaMadness"],"picked":"artistmod:BlueBurst","floor":22}],"player_experience":645378,"relics_obtained":[{"floor":6.0,"key":"Nunchaku"},{"floor":7.0,"key":"Odd Mushroom"},{"floor":9.0,"key":"Anchor"}],"event_choices":[{"damage_healed":0.0,"max_hp_gain":0.0,"max_hp_loss":0.0,"gold_gain":0.0,"event_name":"Accursed Blacksmith","player_choice":"Forge","floor":3.0,"gold_loss":0.0,"damage_taken":0.0,"cards_upgraded":["artistmod:RainbowReality"]},{"damage_healed":0.0,"max_hp_gain":0.0,"max_hp_loss":0.0,"gold_gain":0.0,"event_name":"Mushrooms","player_choice":"Fought Mushrooms","floor":7.0,"gold_loss":0.0,"damage_taken":0.0},{"damage_healed":0.0,"max_hp_gain":0.0,"max_hp_loss":0.0,"gold_gain":0.0,"event_name":"Upgrade Shrine","player_choice":"Upgraded","floor":11.0,"gold_loss":0.0,"damage_taken":0.0,"cards_upgraded":["artistmod:DarkenDrawing"]},{"damage_healed":0,"gold_gain":0,"player_choice":"Ignored","damage_taken":0,"max_hp_gain":0,"max_hp_loss":0,"event_name":"Vampires","floor":19,"gold_loss":0},{"cards_removed":["artistmod:StrokeStrike"],"damage_healed":0,"gold_gain":0,"player_choice":"Elegance","damage_taken":0,"max_hp_gain":0,"max_hp_loss":0,"event_name":"Back to Basics","floor":20,"gold_loss":0}],"is_beta":false,"boss_relics":[{"not_picked":["Pandora\u0027s Box","Velvet Choker"],"picked":"Cursed Key"}],"items_purged_floors":[14,21],"is_endless":false,"potions_floor_spawned":[5,6,8,13,22],"killed_by":"Book of Stabbing","ascension_level":18}}