{"host":"4328iixd8pca51w5","time":1610330688,"event":{"mods":["2.2 Compatiblity","AchievementEnabler","BaseMod","CapriCore","Colored Map","KOR Keyword Fix","Minty Spire (QoL Compilation)","Shop Mod","StSLib"],"gold_per_floor":[114,127,13,13,25,25,50,50,75,108,108,108,121,71,71,71,71],"floor_reached":16,"playtime":505,"items_purged":[],"score":162,"play_id":"11f45448-9076-47d8-9288-608415d535f6","local_time":"20210111110448","is_ascension_mode":true,"campfire_choices":[{"data":"Bash","floor":6,"key":"SMITH"},{"data":"Heavy Blade","floor":8,"key":"SMITH"},{"data":"Inflame","floor":12,"key":"SMITH"},{"data":"Flex","floor":15,"key":"SMITH"}],"circlet_count":0,"master_deck":["AscendersBane","Strike_R","Strike_R","Strike_R","Defend_R","Defend_R","Defend_R","Defend_R","Bash+1","Rupture","Cleave","Whirlwind","Inflame+1","Twin Strike","Shrug It Off","Heavy Blade+1","Clash","Flex+1"],"relics":["Burning Blood","Nunchaku","Juzu Bracelet","Toy Ornithopter","Letter Opener"],"acts_visited":["Exordium"],"potions_floor_usage":[10,16],"damage_taken":[{"damage":5,"enemies":"Small Slimes","floor":1,"turns":4},{"damage":1,"enemies":"Cultist","floor":2,"turns":3},{"damage":4,"enemies":"Jaw Worm","floor":5,"turns":4},{"damage":35,"enemies":"Lagavulin","floor":7,"turns":7},{"damage":20,"enemies":"3 Sentries","floor":10,"turns":7},{"damage":6,"enemies":"Looter","floor":13,"turns":2},{"damage":39,"enemies":"The Guardian","floor":16,"turns":4}],"seed_played":"-8523997724589504082","potions_obtained":[{"floor":1,"key":"SkillPotion"},{"floor":10,"key":"LiquidMemories"}],"is_trial":false,"path_per_floor":["M","M","$","?","M","R","E","R","T","E","?","R","M","?","R","B"],"character_chosen":"IRONCLAD","items_purchased":["Whirlwind","Inflame"],"campfire_rested":0,"item_purchase_floors":[3,3],"current_hp_per_floor":[73,78,78,78,80,80,51,51,51,37,34,34,34,34,34,0,0],"gold":71,"neow_bonus":"THREE_CARDS","is_daily":false,"chose_seed":false,"campfire_upgraded":4,"win_rate":0.0,"timestamp":1610330688,"path_taken":["M","M","$","?","?","R","E","R","T","E","?","R","M","?","R","BOSS"],"items_purchased_type":["Card","Card"],"build_version":"2020-12-22","purchased_purges":0,"victory":false,"max_hp_per_floor":[80,80,80,80,80,80,80,80,80,80,80,80,80,80,80,80,80],"card_choices":[{"not_picked":["Sentinel","Burning Pact"],"picked":"Rupture","floor":0},{"not_picked":["Feel No Pain","Iron Wave"],"picked":"Cleave","floor":1},{"not_picked":["Burning Pact","True Grit","Thunderclap"],"picked":"SKIP","floor":2},{"not_picked":["Perfected Strike","Sword Boomerang"],"picked":"Shrug It Off","floor":5},{"not_picked":["Clothesline","Juggernaut"],"picked":"Heavy Blade","floor":7},{"not_picked":["Battle Trance","Body Slam"],"picked":"Clash","floor":10},{"not_picked":["Clash","Second Wind"],"picked":"Flex","floor":13}],"player_experience":159976,"relics_obtained":[{"floor":7,"key":"Nunchaku"},{"floor":9,"key":"Juzu Bracelet"},{"floor":10,"key":"Toy Ornithopter"}],"event_choices":[{"damage_healed":0,"gold_gain":0,"cards_transformed":["Strike_R"],"player_choice":"Transformed","damage_taken":0,"max_hp_gain":0,"max_hp_loss":0,"event_name":"Transmorgrifier","floor":4,"gold_loss":0,"cards_obtained":["Twin Strike"]},{"damage_healed":0,"gold_gain":0,"player_choice":"Success","damage_taken":3,"relics_obtained":["Letter Opener"],"max_hp_gain":0,"max_hp_loss":0,"event_name":"Scrap Ooze","floor":11,"gold_loss":0},{"cards_removed":["Strike_R"],"damage_healed":0,"gold_gain":0,"player_choice":"Card Removal","damage_taken":0,"max_hp_gain":0,"max_hp_loss":0,"event_name":"The Cleric","floor":14,"gold_loss":50}],"is_beta":false,"boss_relics":[],"items_purged_floors":[],"is_endless":false,"potions_floor_spawned":[1,10],"killed_by":"The Guardian","ascension_level":10}}