{"host":"qytbi1suova0trfd","time":1610368024,"event":{"mods":["ATMod(∞¢Ë™Mod)","Act Like it!","BaseMod","Downfall","Energized Spire","Gensokyo","Hallownest","Marisa£®ÏF”Í°°ƒß¿Ì…≥£©","Minty Spire (QoL Compilation)","Reimu£®≤©¿ˆ¡È√Œ£©","StSLib","Td1madao Mod","The Bug Knight"],"gold_per_floor":[99,112,130,40,0,0,0,0,0,0,15,29,45,45,57,57,57],"floor_reached":16,"playtime":778,"items_purged":["Slimebound:Strike_Slimebound"],"score":92,"play_id":"47e1eaf2-2b41-4e41-94d7-01dea860e9c6","local_time":"20210111202704","is_ascension_mode":false,"campfire_choices":[{"data":"Slimebound:Split","floor":1.0,"key":"SMITH"},{"data":"Slimebound:LevelUp","floor":10,"key":"SMITH"}],"circlet_count":0,"master_deck":["Slimebound:Strike_Slimebound+1","Slimebound:Strike_Slimebound","Slimebound:Tackle","Slimebound:Defend_Slimebound","Slimebound:Defend_Slimebound","Slimebound:Defend_Slimebound","Slimebound:Defend_Slimebound+1","Slimebound:Split+1","Slimebound:CorrosiveSpit+1","Slimebound:LevelUp+1","Slimebound:Repurpose","Slimebound:SplitMire","Regret","Slimebound:SplitBruiser"],"relics":["Slimebound:AbsorbEndCombat","AT_ATBox","PaintedHorse:ReiMu","downfall:BrokenWingStatue","CaptainsWheel","Torii"],"acts_visited":["Exordium"],"potions_floor_usage":[16],"damage_taken":[{"damage":12.0,"enemies":"Cultist","floor":2.0,"turns":3.0},{"damage":21.0,"enemies":"Small Slimes","floor":3.0,"turns":4.0},{"damage":12.0,"enemies":"downfall:FleeingMerchant","floor":4.0,"turns":4.0},{"damage":32,"enemies":"downfall:FleeingMerchant","floor":9,"turns":4},{"damage":12,"enemies":"2 Louse","floor":11,"turns":2},{"damage":23,"enemies":"Blue Slaver","floor":12,"turns":3},{"damage":16,"enemies":"2 Fungi Beasts","floor":13,"turns":2},{"damage":13,"enemies":"3 Louse","floor":15,"turns":3},{"damage":56,"enemies":"downfall:Defect","floor":16,"turns":5}],"seed_played":"3636952710328875369","potions_obtained":[{"floor":2.0,"key":"EssenceOfSteel"},{"floor":3.0,"key":"Dexterity Potion"},{"floor":11,"key":"Energy Potion"}],"is_trial":false,"path_per_floor":["R","M","M","$","?","?","T","?","$","R","M","M","M","?","M","B"],"character_chosen":"SLIMEBOUND","items_purchased":[],"campfire_rested":0,"item_purchase_floors":[],"current_hp_per_floor":[66,65,56,62,62,62,62,62,52,52,54,51,53,41,42,0,0],"gold":57,"neow_bonus":"TEN_PERCENT_HP_BONUS","is_daily":false,"chose_seed":false,"campfire_upgraded":2,"win_rate":0.0,"timestamp":1610368024,"path_taken":["R","M","M","?","?","?","T","?","$","R","M","M","?","?","M","BOSS"],"items_purchased_type":[],"build_version":"2020-12-22","purchased_purges":1,"victory":false,"max_hp_per_floor":[66,66,66,66,66,66,66,66,66,66,66,66,66,66,66,66,66],"card_choices":[{"not_picked":["Slimebound:ViciousTackle","Slimebound:Replication"],"picked":"Slimebound:LevelUp","floor":2.0},{"not_picked":["Slimebound:SlimeSpikes","Slimebound:SplitBruiser"],"picked":"Slimebound:Repurpose","floor":3.0},{"not_picked":["Slimebound:SplitAcid","Slimebound:LeechLife"],"picked":"Slimebound:SplitMire","floor":4.0},{"not_picked":["Slimebound:ForwardTackle","Slimebound:GrowthPunch"],"picked":"Slimebound:SplitBruiser","floor":9},{"not_picked":["Slimebound:LivingWall","Slimebound:SplitBruiser","Slimebound:LeadByExample"],"picked":"SKIP","floor":11},{"not_picked":["Slimebound:SlimeSpikes","Slimebound:GoopSpray","Slimebound:SplitAcid"],"picked":"SKIP","floor":12},{"not_picked":["Slimebound:SplitMire","Slimebound:Schlurp","Slimebound:SplitLeeching"],"picked":"SKIP","floor":13},{"not_picked":["Slimebound:LeadByExample","Slimebound:GoopSpray","Slimebound:DisruptingSlam"],"picked":"SKIP","floor":15}],"player_experience":162024,"relics_obtained":[{"floor":7,"key":"CaptainsWheel"}],"event_choices":[{"damage_healed":0.0,"max_hp_gain":0.0,"max_hp_loss":0.0,"gold_gain":0.0,"event_name":"yidonshenshe","player_choice":"»˚«Æ","floor":5.0,"gold_loss":40.0,"damage_taken":0.0,"relics_obtained":["PaintedHorse:ReiMu"]},{"damage_healed":0,"gold_gain":0,"player_choice":"Success","damage_taken":12,"relics_obtained":["Torii"],"max_hp_gain":0,"max_hp_loss":0,"event_name":"Scrap Ooze","floor":14,"gold_loss":0}],"is_beta":false,"boss_relics":[],"items_purged_floors":[4],"is_endless":false,"potions_floor_spawned":[2,3,11,15],"killed_by":"downfall:Defect","ascension_level":0}}