{"host":"m6aaltr68g9tvoay","time":1610330820,"event":{"mods":["AchievementEnabler","BaseMod","Colored Map","Downfall","Minty Spire (QoL Compilation)","StSLib"],"gold_per_floor":[99,114,51,69,83,94,120,120,120,120,45,76,76,86,97,193,193,193,193,203,153,163,163,163,163,163,178,26,11,11,59,79,183,183,183,198,210,210,220,240,240,240,258,278,310,310,15,15,28,28],"floor_reached":51,"playtime":6943,"items_purged":["Shame"],"score":843,"play_id":"b56232a9-f9e3-4dba-b434-6f704589de6d","local_time":"20210110180700","is_ascension_mode":true,"campfire_choices":[{"floor":1,"key":"RECALL"},{"data":"champ:Control","floor":11,"key":"SMITH"},{"floor":13,"key":"REST"},{"data":"champ:LastStand","floor":18,"key":"SMITH"},{"data":"champ:FanOfKnives","floor":23,"key":"SMITH"},{"data":"champ:Improvising","floor":30,"key":"SMITH"},{"floor":35,"key":"REST"},{"floor":42,"key":"REST"},{"floor":46,"key":"REST"}],"circlet_count":0,"master_deck":["champ:Strike+1","champ:Strike+1","champ:Defend","champ:Defend","champ:Defend","champ:Execute","champ:Taunt+1","champ:ShieldSigil","champ:DefensiveStyle","champ:Shatter","champ:BringItOn","champ:Control+1","champ:CrookedStrike","champ:Duel","champ:GladiatorStyle","champ:FanOfKnives+1","champ:LastStand+1","champ:IgnorePain+1","champ:ViciousMockery+1","champ:Duel+1","champ:FalseCounter+1","champ:FlashCut","champ:Improvising+1","champ:FaceSlap+1","champ:Riposte+1","champ:IronFortress","champ:Riposte","Doubt","champ:Lariat"],"relics":["champ:ChampionCrownUpgraded","Whetstone","champ:LiftRelic","downfall:HeartBlessingRed","Happy Flower","Astrolabe","Bottled Flame","Singing Bowl","Vajra","Ancient Tea Set","Shovel","HandDrill"],"acts_visited":["Exordium","TheCity","TheBeyond"],"potions_floor_usage":[16,20,33,33,33,39,40,45,49,50],"damage_taken":[{"damage":13,"enemies":"Small Slimes","floor":2,"turns":4},{"damage":10,"enemies":"downfall:FleeingMerchant","floor":3,"turns":4},{"damage":13,"enemies":"Jaw Worm","floor":4,"turns":4},{"damage":11,"enemies":"2 Louse","floor":5,"turns":2},{"damage":13,"enemies":"Large Slime","floor":6,"turns":5},{"damage":18,"enemies":"Gremlin Nob","floor":12,"turns":4},{"damage":5,"enemies":"Gremlin Gang","floor":14,"turns":3},{"damage":14,"enemies":"2 Fungi Beasts","floor":15,"turns":2},{"damage":17,"enemies":"downfall:Ironclad","floor":16,"turns":6},{"damage":26,"enemies":"Spheric Guardian","floor":20,"turns":4},{"damage":0,"enemies":"Snake Plant","floor":22,"turns":4},{"damage":11,"enemies":"Chosen and Byrds","floor":27,"turns":6},{"damage":0,"enemies":"downfall:FleeingMerchant","floor":28,"turns":4},{"damage":5,"enemies":"downfall:FleeingMerchant","floor":29,"turns":4},{"damage":26,"enemies":"Centurion and Healer","floor":32,"turns":6},{"damage":52,"enemies":"downfall:Silent","floor":33,"turns":9},{"damage":11,"enemies":"3 Darklings","floor":36,"turns":4},{"damage":24,"enemies":"3 Shapes","floor":37,"turns":3},{"damage":21,"enemies":"Maw","floor":39,"turns":10},{"damage":12,"enemies":"3 Darklings","floor":40,"turns":1},{"damage":21,"enemies":"Sphere and 2 Shapes","floor":43,"turns":4},{"damage":19,"enemies":"4 Shapes","floor":44,"turns":6},{"damage":49,"enemies":"Nemesis","floor":45,"turns":9},{"damage":11,"enemies":"downfall:FleeingMerchant","floor":47,"turns":4},{"damage":26,"enemies":"Maw","floor":49,"turns":8},{"damage":84,"enemies":"downfall:Watcher","floor":50,"turns":9}],"seed_played":"5763845871066794756","potions_obtained":[{"floor":2,"key":"champ:CounterPotion"},{"floor":4,"key":"Strength Potion"},{"floor":5,"key":"Dexterity Potion"},{"floor":16,"key":"champ:CounterPotion"},{"floor":20,"key":"Fruit Juice"},{"floor":32,"key":"Fire Potion"},{"floor":36,"key":"Swift Potion"},{"floor":37,"key":"Explosive Potion"},{"floor":44,"key":"SneckoOil"},{"floor":49,"key":"Fruit Juice"}],"is_trial":false,"path_per_floor":["R","M","$","M","M","M","T","?","?","?","R","E","R","M","M","B",null,"R","?","M","?","M","R","T","?","?","M","$","$","R","T","M","B",null,"R","M","M","?","M","M","T","R","M","M","E","R","$","?","M","B",null],"character_chosen":"THE_CHAMP","items_purchased":["champ:BringItOn","champ:Improvising","HandDrill","Dexterity Potion"],"campfire_rested":4,"item_purchase_floors":[3,28,47,47],"current_hp_per_floor":[81,73,73,69,63,50,50,50,50,50,50,32,59,59,59,47,79,79,79,61,95,95,95,95,95,95,91,91,93,93,93,67,22,81,101,100,76,76,62,64,64,96,80,67,24,56,58,111,105,32],"gold":28,"neow_bonus":"THREE_CARDS","is_daily":false,"chose_seed":false,"campfire_upgraded":4,"win_rate":0.0,"timestamp":1610330820,"path_taken":["R","M","$","M","M","M","T","?","?","?","R","E","R","M","M","BOSS","R","?","M","?","M","R","T","?","?","M","?","$","R","?","M","BOSS","R","M","?","?","M","M","T","R","M","M","E","R","$","?","M","BOSS"],"items_purchased_type":["Card","Card","Relic","Potion"],"build_version":"2020-12-22","purchased_purges":1,"victory":true,"max_hp_per_floor":[90,90,90,90,90,90,90,90,90,90,90,90,90,90,90,90,90,90,90,95,95,95,95,95,95,95,97,97,99,99,99,99,101,101,101,103,103,103,105,107,107,107,109,109,109,109,111,111,116,116],"card_choices":[{"not_picked":["champ:CrookedStrike","champ:FocusedBerserking"],"picked":"champ:ShieldSigil","floor":0},{"not_picked":["champ:PerfectedStrike","champ:Circumvent"],"picked":"champ:DefensiveStyle","floor":2},{"not_picked":["champ:EnragedBash","champ:BerserkersShout"],"picked":"champ:Shatter","floor":3},{"not_picked":["champ:TornadoPunch","champ:DefensiveShout"],"picked":"champ:Control","floor":4},{"not_picked":["champ:RageSigil","champ:Circumvent"],"picked":"champ:CrookedStrike","floor":5},{"not_picked":["champ:PerfectedStrike","champ:Circumvent"],"picked":"champ:Duel","floor":6},{"not_picked":["champ:EnragedBash","champ:RageSigil"],"picked":"champ:GladiatorStyle","floor":12},{"not_picked":["champ:BladeFlurry","champ:Balance"],"picked":"champ:FanOfKnives","floor":14},{"not_picked":["champ:Aggression","champ:DeathBlow","champ:EndlessRage"],"picked":"SKIP","floor":15},{"not_picked":["champ:EnchantShield","champ:CrownThrow"],"picked":"champ:LastStand","floor":16},{"not_picked":["champ:BladeFlurry","champ:RecklessLeap"],"picked":"champ:FalseCounter+1","floor":20},{"not_picked":["champ:RageSigil+1","champ:AdrenalArmor+1","champ:GladiatorStyle"],"picked":"SKIP","floor":22},{"not_picked":["champ:FanOfKnives","champ:GladiatorsShout+1","champ:ShieldWall"],"picked":"Singing Bowl","floor":27},{"not_picked":["champ:RageSigil","champ:DefensiveShout"],"picked":"champ:FlashCut","floor":28},{"not_picked":["champ:StanceDance","champ:GutPunch","champ:Balance+1"],"picked":"Singing Bowl","floor":29},{"not_picked":["champ:FlashCut","champ:Duel"],"picked":"champ:FaceSlap+1","floor":32},{"not_picked":["champ:EnchantCrown","champ:Devastate","champ:Improvising"],"picked":"Singing Bowl","floor":33},{"not_picked":["champ:Encircle+1","champ:FocusedBerserking+1","champ:BladeFlurry"],"picked":"Singing Bowl","floor":36},{"not_picked":["champ:RageSigil","champ:BerserkersShout+1"],"picked":"champ:Riposte+1","floor":37},{"not_picked":["champ:Balance+1","champ:BringItOn","champ:Riposte+1"],"picked":"Singing Bowl","floor":39},{"not_picked":["champ:BringItOn+1","champ:Circumvent","champ:GladiatorStyle"],"picked":"Singing Bowl","floor":40},{"not_picked":["champ:FalseCounter+1","champ:SkillfulDodge","champ:RageSigil"],"picked":"Singing Bowl","floor":43},{"not_picked":["champ:Haymaker","champ:StanceDance"],"picked":"champ:IronFortress","floor":44},{"not_picked":["champ:BladeFlurry","champ:Encircle"],"picked":"champ:Riposte","floor":45},{"not_picked":["champ:BladeFlurry+1","champ:Circumvent+1","champ:BringItOn+1"],"picked":"Singing Bowl","floor":47},{"not_picked":["champ:HoldFirm","champ:GladiatorStyle"],"picked":"champ:Lariat","floor":49}],"player_experience":1746697,"relics_obtained":[{"floor":7,"key":"Whetstone"},{"floor":12,"key":"Happy Flower"},{"floor":24,"key":"Bottled Flame"},{"floor":31,"key":"Vajra"},{"floor":41,"key":"Ancient Tea Set"},{"floor":45,"key":"Shovel"}],"event_choices":[{"damage_healed":0,"gold_gain":0,"player_choice":"Grow","damage_taken":0,"max_hp_gain":0,"max_hp_loss":0,"event_name":"Living Wall","floor":8,"gold_loss":0,"cards_upgraded":["champ:Taunt"]},{"damage_healed":0,"gold_gain":0,"player_choice":"Ignored","damage_taken":0,"max_hp_gain":0,"max_hp_loss":0,"event_name":"Ghosts","floor":19,"gold_loss":0},{"damage_healed":0,"gold_gain":0,"player_choice":"Ignored","damage_taken":0,"max_hp_gain":0,"max_hp_loss":0,"event_name":"Vampires","floor":25,"gold_loss":0},{"damage_healed":0,"gold_gain":0,"player_choice":"Stole Relic","damage_taken":0,"relics_obtained":["Singing Bowl"],"max_hp_gain":0,"max_hp_loss":0,"event_name":"Addict","floor":26,"gold_loss":0,"cards_obtained":["Shame"]}],"is_beta":false,"boss_relics":[{"not_picked":["Empty Cage","Black Star"],"picked":"Astrolabe"},{"not_picked":["Pandora\u0027s Box","Cursed Key"],"picked":"champ:ChampionCrownUpgraded"}],"items_purged_floors":[47],"is_endless":false,"potions_floor_spawned":[2,4,5,15,16,20,27,32,36,37,44,49],"ascension_level":6}}