{"host":"khm4we1ijduz33xh","time":1610373619,"event":{"mods":["AchievementEnabler","BaseMod","Colored Map","Minty Spire (QoL Compilation)","Rare Cards Sparkle","StSLib","SuperFastMode"],"gold_per_floor":[118,135,154,172,172,206,206,235,235,235,253,253,271,271,271,376,376,391,148,160,62,62,62,93,110,135,165,183,108,119,132,132,237,237,254,273,273,293,93,93,106,106,153,170,170,170],"floor_reached":45,"playtime":2379,"items_purged":["Dual Wield"],"score":543,"play_id":"98249731-c4b0-438b-a934-0004d4689142","local_time":"20210111230019","is_ascension_mode":true,"campfire_choices":[{"data":"Dark Embrace","floor":7,"key":"SMITH"},{"data":"True Grit","floor":10,"key":"SMITH"},{"data":"Fiend Fire","floor":12,"key":"SMITH"},{"floor":15,"key":"REST"},{"floor":23,"key":"REST"},{"floor":32,"key":"REST"},{"floor":40,"key":"REST"}],"circlet_count":0,"master_deck":["Strike_R","Strike_R","Strike_R","Strike_R","Defend_R","Defend_R","Defend_R","Defend_R","Bash","Armaments","Combust","Fiend Fire+1","Dark Embrace+1","Shrug It Off","True Grit+1","Berserk","Second Wind","Offering","Warcry+1","Disarm","Clash","Shockwave+1","Bandage Up","Pommel Strike+1","Body Slam","Bloodletting","Limit Break","Inflame","Perfected Strike+1","Bandage Up","Armaments+1"],"relics":["Burning Blood","NeowsBlessing","Paper Frog","Self Forming Clay","Pen Nib","White Beast Statue","Fusion Hammer","Bronze Scales","Boot","Kunai","Ancient Tea Set","Tiny Chest","SacredBark","Orichalcum","Nunchaku"],"acts_visited":["Exordium","TheCity","TheBeyond"],"potions_floor_usage":[6,8,16,16,18,20,24,25,28,30,31,33,33,33,35,38,41,44,44,45],"damage_taken":[{"damage":0,"enemies":"Cultist","floor":1,"turns":1},{"damage":0,"enemies":"Small Slimes","floor":2,"turns":1},{"damage":0,"enemies":"Jaw Worm","floor":3,"turns":1},{"damage":32,"enemies":"Exordium Wildlife","floor":4,"turns":5},{"damage":6,"enemies":"Gremlin Nob","floor":6,"turns":3},{"damage":12,"enemies":"3 Sentries","floor":8,"turns":6},{"damage":14,"enemies":"Exordium Thugs","floor":11,"turns":5},{"damage":19,"enemies":"2 Fungi Beasts","floor":13,"turns":4},{"damage":20,"enemies":"The Guardian","floor":16,"turns":13},{"damage":17,"enemies":"3 Byrds","floor":18,"turns":6},{"damage":33,"enemies":"Spheric Guardian","floor":20,"turns":4},{"damage":26,"enemies":"Book of Stabbing","floor":24,"turns":5},{"damage":26,"enemies":"Centurion and Healer","floor":25,"turns":6},{"damage":28,"enemies":"Slavers","floor":27,"turns":4},{"damage":18,"enemies":"Snake Plant","floor":28,"turns":3},{"damage":9,"enemies":"Cultist and Chosen","floor":30,"turns":4},{"damage":41,"enemies":"Sentry and Sphere","floor":31,"turns":6},{"damage":32,"enemies":"Automaton","floor":33,"turns":7},{"damage":25,"enemies":"3 Darklings","floor":35,"turns":6},{"damage":11,"enemies":"Orb Walker","floor":36,"turns":3},{"damage":9,"enemies":"Spire Growth","floor":38,"turns":2},{"damage":19,"enemies":"Transient","floor":41,"turns":5},{"damage":38,"enemies":"Writhing Mass","floor":44,"turns":3},{"damage":38,"enemies":"Sphere and 2 Shapes","floor":45,"turns":3}],"seed_played":"-8708785781221948051","potions_obtained":[{"floor":1,"key":"Swift Potion"},{"floor":4,"key":"Regen Potion"},{"floor":6,"key":"ColorlessPotion"},{"floor":11,"key":"Strength Potion"},{"floor":13,"key":"AttackPotion"},{"floor":16,"key":"Weak Potion"},{"floor":18,"key":"AttackPotion"},{"floor":20,"key":"BloodPotion"},{"floor":24,"key":"Regen Potion"},{"floor":25,"key":"DuplicationPotion"},{"floor":27,"key":"EssenceOfSteel"},{"floor":28,"key":"Swift Potion"},{"floor":30,"key":"SteroidPotion"},{"floor":31,"key":"HeartOfIron"},{"floor":33,"key":"Explosive Potion"},{"floor":35,"key":"Block Potion"},{"floor":36,"key":"SpeedPotion"},{"floor":38,"key":"Fire Potion"},{"floor":41,"key":"AttackPotion"},{"floor":44,"key":"BlessingOfTheForge"}],"is_trial":false,"path_per_floor":["M","M","M","M","?","E","R","E","T","R","M","R","M","?","R","B",null,"M","$","M","$","T","R","E","M","T","E","M","$","M","M","R","B",null,"M","M","?","M","$","R","M","?","T","M","M"],"character_chosen":"IRONCLAD","items_purchased":["Disarm","Clash","Bronze Scales","Bandage Up","Orichalcum","Swift Potion"],"campfire_rested":4,"item_purchase_floors":[19,19,19,21,39,39],"current_hp_per_floor":[80,80,80,54,36,45,45,39,39,39,31,31,18,18,42,28,80,69,69,58,58,58,80,64,63,63,45,37,37,38,7,31,9,80,65,64,64,65,65,76,66,66,66,38,0,0],"gold":170,"neow_bonus":"THREE_ENEMY_KILL","is_daily":false,"chose_seed":false,"campfire_upgraded":3,"win_rate":0.0,"timestamp":1610373619,"path_taken":["M","M","M","M","?","E","R","E","T","R","M","R","M","?","R","BOSS","M","$","M","$","?","R","E","M","T","E","M","$","M","M","R","BOSS","M","M","?","M","$","R","M","?","T","M","M"],"items_purchased_type":["Card","Card","Relic","Card","Relic","Potion"],"build_version":"2020-12-22","purchased_purges":1,"victory":false,"max_hp_per_floor":[80,80,80,80,80,80,80,80,80,80,80,80,80,80,80,80,80,80,80,80,80,80,80,80,80,80,80,80,80,80,80,80,80,80,80,80,76,76,76,76,76,76,76,76,76,76],"card_choices":[{"not_picked":["Heavy Blade","Second Wind"],"picked":"Armaments","floor":1},{"not_picked":["Sever Soul","Heavy Blade"],"picked":"Combust","floor":2},{"not_picked":["Seeing Red","Carnage"],"picked":"Fiend Fire","floor":3},{"not_picked":["Wild Strike","Flex"],"picked":"Dark Embrace","floor":4},{"not_picked":["Pummel","Havoc"],"picked":"Shrug It Off","floor":6},{"not_picked":["Metallicize","Wild Strike"],"picked":"True Grit","floor":8},{"not_picked":["Thunderclap","Evolve"],"picked":"Berserk","floor":11},{"not_picked":["Spot Weakness","Body Slam"],"picked":"Second Wind","floor":13},{"not_picked":["Demon Form","Feed"],"picked":"Offering","floor":16},{"not_picked":["Pommel Strike","Cleave+1"],"picked":"Warcry+1","floor":18},{"not_picked":["Warcry","Headbutt"],"picked":"Shockwave+1","floor":20},{"not_picked":["Flex+1","Warcry"],"picked":"Pommel Strike+1","floor":24},{"not_picked":["Pommel Strike","Brutality"],"picked":"Dual Wield","floor":25},{"not_picked":["Battle Trance","Sword Boomerang"],"picked":"Body Slam","floor":27},{"not_picked":["Havoc","Rampage"],"picked":"Bloodletting","floor":28},{"not_picked":["Anger+1","Armaments","Shockwave+1"],"picked":"SKIP","floor":30},{"not_picked":["Bloodletting","Infernal Blade","Twin Strike"],"picked":"SKIP","floor":31},{"not_picked":["Exhume","Bludgeon"],"picked":"Limit Break","floor":33},{"not_picked":["Cleave+1","Wild Strike","Reckless Charge+1"],"picked":"SKIP","floor":35},{"not_picked":["Twin Strike","Heavy Blade"],"picked":"Inflame","floor":36},{"not_picked":["Shrug It Off","Sword Boomerang+1","Cleave+1"],"picked":"SKIP","floor":38},{"not_picked":["Twin Strike+1","Shrug It Off"],"picked":"Perfected Strike+1","floor":41},{"not_picked":["Sword Boomerang+1","Pommel Strike"],"picked":"Armaments+1","floor":44}],"player_experience":191267,"relics_obtained":[{"floor":6,"key":"Self Forming Clay"},{"floor":8,"key":"Pen Nib"},{"floor":9,"key":"White Beast Statue"},{"floor":22,"key":"Boot"},{"floor":24,"key":"Kunai"},{"floor":26,"key":"Ancient Tea Set"},{"floor":27,"key":"Tiny Chest"},{"floor":43,"key":"Nunchaku"}],"event_choices":[{"damage_healed":0,"gold_gain":0,"player_choice":"Success","damage_taken":18,"relics_obtained":["Paper Frog"],"max_hp_gain":0,"max_hp_loss":0,"event_name":"Scrap Ooze","floor":5,"gold_loss":0},{"cards_removed":["Strike_R"],"damage_healed":0,"gold_gain":0,"player_choice":"Purged","damage_taken":0,"max_hp_gain":0,"max_hp_loss":0,"event_name":"Purifier","floor":14,"gold_loss":0},{"damage_healed":0,"gold_gain":0,"player_choice":"Max HP","damage_taken":0,"max_hp_gain":0,"max_hp_loss":4,"event_name":"Winding Halls","floor":37,"gold_loss":0},{"damage_healed":0,"gold_gain":0,"player_choice":"Copied","damage_taken":0,"max_hp_gain":0,"max_hp_loss":0,"event_name":"Duplicator","floor":42,"gold_loss":0,"cards_obtained":["Bandage Up"]}],"is_beta":false,"boss_relics":[{"not_picked":["Black Blood","Calling Bell"],"picked":"Fusion Hammer"},{"not_picked":["Cursed Key","Black Star"],"picked":"SacredBark"}],"items_purged_floors":[29],"is_endless":false,"potions_floor_spawned":[1,4,6,11,13,16,18,20,24,25,27,28,30,31,33,35,36,38,41,44],"killed_by":"Sphere and 2 Shapes","ascension_level":2}}