{"host":"j45ucdvl5ntpx4kf","time":1610326996,"event":{"mods":["100% Spire Juice","AchievementEnabler","BaseMod","Colored Map","Colored Powertips","Dark Map","Minty Spire (QoL Compilation)","StSLib"],"gold_per_floor":[118,118,38,38,54,88,88,88,88,88,421,71,88,123,123,99,99,117,137,160,49,78,112,129,143,143,50,161,191,203,240,252,374,146,184,196,228,240,269,323,335,0,12,60,72,84,96,108,120,132,132],"floor_reached":50,"playtime":2961,"items_purged":["Moonworks:Strike"],"score":699,"play_id":"6a618758-f02e-4837-8dfd-57e70aab7c57","local_time":"20210110200316","is_ascension_mode":false,"campfire_choices":[{"data":"Moonworks:DevilHand","floor":7,"key":"SMITH"},{"floor":10,"key":"REST"},{"data":"Moonworks:Ambush","floor":15,"key":"SMITH"},{"floor":32,"key":"REST"},{"floor":41,"key":"REST"},{"floor":45,"key":"REST"},{"floor":47,"key":"REST"},{"data":"Moonworks:MeltingMemories","floor":49,"key":"SMITH"}],"circlet_count":0,"master_deck":["Moonworks:Strike+1","Moonworks:Defend","Moonworks:Defend","Moonworks:Defend","Moonworks:Defend","Moonworks:Ambush+1","Moonworks:LongDistanceShot+1","Moonworks:EvilSpyWorkPreparation","Moonworks:DevilHand+1","Moonworks:WindyEnchantment","Moonworks:StiffCrystal","Moonworks:PlushieMaster","Moonworks:Assault","Moonworks:LulusLuckyEgg","Moonworks:HolyNight","Moonworks:FinalSurgery+1","Mind Blast","Moonworks:EvilSpyWorkPreparation","Moonworks:Wanted","Moonworks:MeltingMemories+1","Moonworks:LulusLuckyEgg+1","Moonworks:DevilHand+1","Moonworks:Gamble"],"relics":["Moonworks:BrokenBomb","Moonworks:Homemark","FossilizedHelix","StoneCalendar","Bag of Marbles","Old Coin","Lee\u0027s Waffle","Whetstone","Cursed Key","CeramicFish","Letter Opener","MawBank","Juzu Bracelet","Empty Cage","Eternal Feather","Red Mask","Gambling Chip"],"acts_visited":["Exordium","TheCity","TheBeyond"],"potions_floor_usage":[14,19,23,31,31,33,40,50],"damage_taken":[{"damage":0,"enemies":"Small Slimes","floor":1,"turns":2},{"damage":0,"enemies":"2 Louse","floor":5,"turns":2},{"damage":21,"enemies":"3 Sentries","floor":6,"turns":7},{"damage":13,"enemies":"Lagavulin","floor":11,"turns":5},{"damage":0,"enemies":"Cultist","floor":13,"turns":3},{"damage":0,"enemies":"Gremlin Nob","floor":14,"turns":4},{"damage":17,"enemies":"The Guardian","floor":16,"turns":8},{"damage":0,"enemies":"Shell Parasite","floor":18,"turns":3},{"damage":0,"enemies":"3 Byrds","floor":19,"turns":3},{"damage":0,"enemies":"3 Cultists","floor":22,"turns":4},{"damage":2,"enemies":"Slavers","floor":23,"turns":4},{"damage":3,"enemies":"Cultist and Chosen","floor":24,"turns":5},{"damage":5,"enemies":"Snecko","floor":25,"turns":4},{"damage":15,"enemies":"Gremlin Leader","floor":27,"turns":6},{"damage":4,"enemies":"Shelled Parasite and Fungi","floor":29,"turns":4},{"damage":7,"enemies":"Slavers","floor":31,"turns":4},{"damage":0,"enemies":"Collector","floor":33,"turns":7},{"damage":24,"enemies":"3 Darklings","floor":35,"turns":5},{"damage":0,"enemies":"Orb Walker","floor":37,"turns":3},{"damage":4,"enemies":"Maw","floor":39,"turns":7},{"damage":51,"enemies":"Reptomancer","floor":40,"turns":8},{"damage":39,"enemies":"Giant Head","floor":44,"turns":8},{"damage":2015,"enemies":"Awakened One","floor":50,"turns":5}],"seed_played":"1998917763589024796","potions_obtained":[{"floor":5,"key":"Block Potion"},{"floor":11,"key":"PowerPotion"},{"floor":13,"key":"LiquidBronze"},{"floor":18,"key":"Block Potion"},{"floor":22,"key":"Dexterity Potion"},{"floor":27,"key":"Fire Potion"},{"floor":31,"key":"SpeedPotion"},{"floor":33,"key":"PowerPotion"},{"floor":35,"key":"FearPotion"},{"floor":40,"key":"FairyPotion"},{"floor":44,"key":"DistilledChaos"}],"is_trial":false,"path_per_floor":["M","?","$","?","M","E","R","?","T","R","E","$","M","E","R","B",null,"M","M","T","?","M","E","M","M","T","E","?","M","?","E","R","B",null,"M","?","M","$","M","E","R","?","T","E","R","?","R","?","R","B"],"character_chosen":"THE_STARBREAKER","items_purchased":["Moonworks:DevilHand","Moonworks:PlushieMaster","Lee\u0027s Waffle","Moonworks:Assault"],"campfire_rested":5,"item_purchase_floors":[3,12,12,12],"current_hp_per_floor":[66,66,66,54,54,33,33,33,33,52,39,73,73,73,73,56,73,73,73,73,61,61,59,56,51,51,36,36,32,32,25,46,46,70,46,46,46,46,42,19,52,52,52,13,46,46,70,70,70,0,0],"gold":132,"neow_bonus":"TEN_PERCENT_HP_BONUS","is_daily":false,"chose_seed":false,"campfire_upgraded":3,"win_rate":0.0,"timestamp":1610326996,"path_taken":["M","?","$","?","M","E","R","?","T","R","E","$","?","E","R","BOSS","M","M","?","?","M","E","?","M","T","E","?","M","?","E","R","BOSS","M","?","M","$","M","E","R","?","T","E","R","?","R","?","R","BOSS"],"items_purchased_type":["Card","Card","Relic","Card"],"build_version":"2020-12-22","purchased_purges":1,"victory":false,"max_hp_per_floor":[66,66,66,66,66,66,66,66,66,66,66,73,73,73,73,73,73,73,73,73,73,73,73,73,73,73,73,73,73,73,73,73,73,70,70,70,70,70,70,70,70,70,70,70,70,70,70,70,70,70,70],"card_choices":[{"not_picked":["Moonworks:BigMagnum","Moonworks:DeployBits"],"picked":"Moonworks:EvilSpyWorkPreparation","floor":1},{"not_picked":["Moonworks:BigMagnum","Moonworks:SakisCookie"],"picked":"Moonworks:WindyEnchantment","floor":5},{"not_picked":["Moonworks:MixPhenomenon","Moonworks:SakisCookie","Moonworks:IndiscriminateFireSupport"],"picked":"SKIP","floor":6},{"not_picked":["Moonworks:EvilSpyWorkPreparation","Moonworks:CompletionReward"],"picked":"Moonworks:StiffCrystal","floor":11},{"not_picked":["Moonworks:IndiscriminateFireSupport","Moonworks:Dash"],"picked":"Moonworks:LulusLuckyEgg","floor":13},{"not_picked":["Moonworks:Bloodlust","Moonworks:Assault","Moonworks:SakisCookie"],"picked":"SKIP","floor":14},{"not_picked":["Moonworks:AnotherUltimateWeapon","Moonworks:WeAreWaruda"],"picked":"Moonworks:HolyNight","floor":16},{"not_picked":["Moonworks:IndiscriminateFireSupport","Moonworks:SakisCookie"],"picked":"Moonworks:TreasureThief+1","floor":18},{"not_picked":["Moonworks:BindingChains","Moonworks:CastOff"],"picked":"Moonworks:FinalSurgery+1","floor":19},{"not_picked":["Moonworks:LulusLuckyEgg","Moonworks:SakisCookie+1"],"picked":"Moonworks:EvilSpyWorkPreparation","floor":22},{"not_picked":["Moonworks:LulusLuckyEgg","Moonworks:JonathanRush"],"picked":"Moonworks:Wanted","floor":23},{"not_picked":["Moonworks:SakisCookie+1","Moonworks:DeployBits","Moonworks:NicePresent+1"],"picked":"SKIP","floor":24},{"not_picked":["Moonworks:IndiscriminateFireSupport+1","Moonworks:SealedMemories","Moonworks:BigMagnum"],"picked":"SKIP","floor":25},{"not_picked":["Moonworks:ShieldCounter","Moonworks:DeployBits+1","Moonworks:CloudOfSeagulls"],"picked":"SKIP","floor":27},{"not_picked":["Moonworks:ImOnFire","Moonworks:EvilSpyWorkPreparation","Moonworks:JonathanRush"],"picked":"SKIP","floor":29},{"not_picked":["Moonworks:SakisCookie+1","Moonworks:SelfDestruct+1","Moonworks:JonathanRush"],"picked":"SKIP","floor":31},{"not_picked":["Moonworks:CrystalBarrier","Moonworks:OutOfAmmo"],"picked":"Moonworks:MeltingMemories","floor":33},{"not_picked":["Moonworks:BeyondHell","Moonworks:DeployBits"],"picked":"Moonworks:LulusLuckyEgg+1","floor":35},{"not_picked":["Moonworks:SakisCookie+1","Moonworks:LulusLuckyEgg","Moonworks:WindyEnchantment+1"],"picked":"SKIP","floor":37},{"not_picked":["Moonworks:CompletionReward+1","Moonworks:MiracleRedBeanIceCream","Moonworks:JonathanRush"],"picked":"SKIP","floor":39},{"not_picked":["Moonworks:JonathanRush+1","Moonworks:Assault"],"picked":"Moonworks:DevilHand+1","floor":40},{"not_picked":["Moonworks:CloudOfSeagulls","Moonworks:DeployBits"],"picked":"Moonworks:Gamble","floor":44}],"player_experience":143008,"relics_obtained":[{"floor":6,"key":"StoneCalendar"},{"floor":9,"key":"Bag of Marbles"},{"floor":11,"key":"Old Coin"},{"floor":14,"key":"Whetstone"},{"floor":20,"key":"CeramicFish"},{"floor":23,"key":"Letter Opener"},{"floor":27,"key":"MawBank"},{"floor":31,"key":"Juzu Bracelet"},{"floor":40,"key":"Eternal Feather"},{"floor":44,"key":"Gambling Chip"}],"event_choices":[{"damage_healed":0,"gold_gain":0,"cards_transformed":["Moonworks:Strike"],"player_choice":"Change","damage_taken":0,"max_hp_gain":0,"max_hp_loss":0,"event_name":"Living Wall","floor":2,"gold_loss":0,"cards_obtained":["Moonworks:CastOff"]},{"damage_healed":0,"gold_gain":0,"player_choice":"Success","damage_taken":12,"relics_obtained":["FossilizedHelix"],"max_hp_gain":0,"max_hp_loss":0,"event_name":"Scrap Ooze","floor":4,"gold_loss":0},{"cards_removed":["Moonworks:Strike"],"damage_healed":0,"gold_gain":0,"player_choice":"Purged","damage_taken":0,"max_hp_gain":0,"max_hp_loss":0,"event_name":"Purifier","floor":8,"gold_loss":0},{"damage_healed":0,"gold_gain":0,"player_choice":"CARD ","damage_taken":12,"max_hp_gain":0,"max_hp_loss":0,"event_name":"Knowing Skull","floor":21,"potions_obtained":[],"gold_loss":0,"cards_obtained":["Mind Blast"]},{"damage_healed":0,"gold_gain":99,"player_choice":"Stole From Cult","damage_taken":0,"max_hp_gain":0,"max_hp_loss":0,"event_name":"Nest","floor":28,"gold_loss":0},{"damage_healed":0,"gold_gain":0,"player_choice":"Ignored","damage_taken":0,"max_hp_gain":0,"max_hp_loss":0,"event_name":"Ghosts","floor":30,"gold_loss":0},{"cards_removed":["Moonworks:TreasureThief"],"damage_healed":0,"gold_gain":0,"player_choice":"Removed Skill","damage_taken":0,"max_hp_gain":0,"max_hp_loss":0,"event_name":"Falling","floor":36,"gold_loss":0},{"damage_healed":0,"gold_gain":0,"player_choice":"Paid","damage_taken":0,"relics_obtained":["Red Mask"],"max_hp_gain":0,"max_hp_loss":0,"event_name":"Tomb of Lord Red Mask","floor":42,"gold_loss":347},{"damage_healed":0,"gold_gain":0,"player_choice":"Ignored","damage_taken":0,"max_hp_gain":0,"max_hp_loss":0,"event_name":"SecretPortal","floor":46,"gold_loss":0},{"damage_healed":0,"gold_gain":0,"player_choice":"Ignored","damage_taken":0,"max_hp_gain":0,"max_hp_loss":0,"event_name":"Mysterious Sphere","floor":48,"gold_loss":0}],"is_beta":false,"boss_relics":[{"not_picked":["Busted Crown","SlaversCollar"],"picked":"Cursed Key"},{"not_picked":["Runic Pyramid","Coffee Dripper"],"picked":"Empty Cage"}],"items_purged_floors":[12],"is_endless":false,"potions_floor_spawned":[5,11,13,18,22,27,31,33,35,40,44],"killed_by":"Awakened One","ascension_level":0}}