{"host":"ibfpjm2kz059o009","time":1610325018,"event":{"mods":["AchievementEnabler","BaseMod","Block Reminder","Colored Powertips","DeckTracker","Googly Eyes","Key Reminder","Minty Spire (QoL Compilation)","Shop Mod","Unceasing Turn Reminder"],"gold_per_floor":[114,189,189,208,208,246,246,346,396,415,22,22,41,60,60,185,185,204,223,223,51,51,70,89,89,89],"floor_reached":25,"playtime":856,"items_purged":[],"score":203,"play_id":"71012613-11d6-4173-a343-69564c6dbf3c","local_time":"20210110193018","daily_mods":["Allstar","ControlledChaos","Lethality"],"is_ascension_mode":false,"campfire_choices":[{"floor":7,"key":"REST"},{"floor":12,"key":"REST"},{"data":"Apotheosis","floor":15,"key":"SMITH"}],"circlet_count":0,"master_deck":["Strike_R","Strike_R","Strike_R","Strike_R","Strike_R","Defend_R","Defend_R","Defend_R","Defend_R","Bash","Mayhem","Panacea","Apotheosis+1","Good Instincts","Metamorphosis","Warcry","Injury","Metallicize","Cleave","Twin Strike","Inflame","Anger","Iron Wave","True Grit","Immolate","CurseOfTheBell","Thunderclap","Flex","Thunderclap","RitualDagger","Headbutt+1","Heavy Blade+1"],"relics":["Burning Blood","Frozen Eye","Golden Idol","Magic Flower","Sundial","Potion Belt","Lantern","Blood Vial","Calling Bell","Akabeko","Frozen Egg 2","Unceasing Top","Nilry\u0027s Codex","Lee\u0027s Waffle"],"acts_visited":["Exordium","TheCity"],"potions_floor_usage":[6,16,19,25],"damage_taken":[{"damage":3,"enemies":"Jaw Worm","floor":1,"turns":3},{"damage":28,"enemies":"2 Louse","floor":4,"turns":3},{"damage":31,"enemies":"Gremlin Nob","floor":6,"turns":4},{"damage":12,"enemies":"Small Slimes","floor":10,"turns":4},{"damage":11,"enemies":"Red Slaver","floor":13,"turns":2},{"damage":8,"enemies":"Looter","floor":14,"turns":2},{"damage":68,"enemies":"Hexaghost","floor":16,"turns":7},{"damage":16,"enemies":"Chosen","floor":18,"turns":3},{"damage":64,"enemies":"3 Byrds","floor":19,"turns":5},{"damage":49,"enemies":"Snake Plant","floor":23,"turns":4},{"damage":30,"enemies":"Chosen and Byrds","floor":24,"turns":4},{"damage":37,"enemies":"Shelled Parasite and Fungi","floor":25,"turns":2}],"seed_played":"2608465768335268498","potions_obtained":[{"floor":4,"key":"GamblersBrew"},{"floor":6,"key":"DuplicationPotion"},{"floor":14,"key":"Swift Potion"},{"floor":18,"key":"Regen Potion"}],"is_trial":false,"path_per_floor":["M","?","?","M","?","E","R","?","T","M","$","R","M","M","R","B",null,"M","M","?","$","?","M","M","M"],"character_chosen":"IRONCLAD","items_purchased":["Lantern","Blood Vial","Inflame","Anger","Lee\u0027s Waffle","Thunderclap"],"campfire_rested":2,"item_purchase_floors":[11,11,11,11,21,21],"current_hp_per_floor":[80,69,69,47,44,22,46,46,46,43,43,67,68,72,72,16,80,73,39,23,87,81,44,26,0,0],"gold":89,"neow_bonus":"","is_daily":true,"chose_seed":false,"campfire_upgraded":1,"win_rate":0.0,"timestamp":1610325018,"path_taken":["M","?","?","M","?","E","R","?","T","M","$","R","M","?","R","BOSS","M","M","?","$","?","M","M","M"],"items_purchased_type":["Relic","Relic","Card","Card","Relic","Card"],"build_version":"2020-12-22","purchased_purges":0,"victory":false,"max_hp_per_floor":[80,80,80,80,80,80,80,80,80,80,80,80,80,80,80,80,80,80,80,80,87,87,87,87,87,87],"card_choices":[{"not_picked":["Anger","Sword Boomerang"],"picked":"Warcry","floor":1},{"not_picked":["Warcry","Headbutt"],"picked":"Metallicize","floor":4},{"not_picked":["Intimidate","Flex"],"picked":"Cleave","floor":6},{"not_picked":["Armaments","Shrug It Off"],"picked":"Twin Strike","floor":10},{"not_picked":["Body Slam","Power Through"],"picked":"Iron Wave","floor":13},{"not_picked":["Shrug It Off","Warcry"],"picked":"True Grit","floor":14},{"not_picked":["Brutality","Offering"],"picked":"Immolate","floor":16},{"not_picked":["Intimidate+1","Clash"],"picked":"Thunderclap","floor":18},{"not_picked":["Body Slam","Twin Strike"],"picked":"Flex","floor":19},{"not_picked":["Uppercut","Second Wind"],"picked":"Headbutt+1","floor":23},{"not_picked":["Barricade+1","Headbutt"],"picked":"Heavy Blade+1","floor":24}],"player_experience":608939,"relics_obtained":[{"floor":6,"key":"Sundial"},{"floor":9,"key":"Potion Belt"},{"floor":17,"key":"Akabeko"},{"floor":17,"key":"Frozen Egg 2"},{"floor":17,"key":"Unceasing Top"},{"floor":20,"key":"Nilry\u0027s Codex"}],"event_choices":[{"damage_healed":0,"gold_gain":75,"player_choice":"Gather Gold","damage_taken":11,"max_hp_gain":0,"max_hp_loss":0,"event_name":"World of Goop","floor":2,"gold_loss":0},{"damage_healed":0,"gold_gain":0,"player_choice":"Take Wound","damage_taken":0,"relics_obtained":["Golden Idol"],"max_hp_gain":0,"max_hp_loss":0,"event_name":"Golden Idol","floor":3,"gold_loss":0,"cards_obtained":["Injury"]},{"damage_healed":0,"gold_gain":0,"player_choice":"Success","damage_taken":3,"relics_obtained":["Magic Flower"],"max_hp_gain":0,"max_hp_loss":0,"event_name":"Scrap Ooze","floor":5,"gold_loss":0},{"damage_healed":0,"gold_gain":100,"player_choice":"Pray","damage_taken":0,"max_hp_gain":0,"max_hp_loss":0,"event_name":"Golden Shrine","floor":8,"gold_loss":0},{"damage_healed":0,"gold_gain":0,"player_choice":"Obtained Book","damage_taken":16,"max_hp_gain":0,"max_hp_loss":0,"event_name":"Cursed Tome","floor":20,"gold_loss":0},{"damage_healed":0,"gold_gain":0,"player_choice":"Joined the Cult","damage_taken":6,"max_hp_gain":0,"max_hp_loss":0,"event_name":"Nest","floor":22,"gold_loss":0,"cards_obtained":["RitualDagger"]}],"is_beta":false,"boss_relics":[{"not_picked":["Runic Dome","Fusion Hammer"],"picked":"Calling Bell"}],"items_purged_floors":[],"is_endless":false,"potions_floor_spawned":[4,6,14,18],"killed_by":"Shelled Parasite and Fungi","ascension_level":0}}