{"host":"zk71suw73lg2r165","time":1610326591,"event":{"mods":["BaseMod","Colored Map","Minty Spire (QoL Compilation)","Permanent Neow","Relic Stats","StSLib"],"gold_per_floor":[30,62,62,212,212,212,212],"floor_reached":6,"playtime":81,"items_purged":[],"score":68,"play_id":"8dadf163-29b4-4a83-8a6a-ca30fec88b24","local_time":"20210110195631","is_ascension_mode":true,"campfire_choices":[],"circlet_count":0,"master_deck":["AscendersBane","Strike_B","Strike_B","Strike_B","Strike_B","Defend_B","Defend_B","Defend_B","Defend_B","Zap","Dualcast","HandOfGreed","Hologram","Auto Shields","Doubt"],"relics":["Cracked Core","Golden Idol","MealTicket"],"acts_visited":["Exordium"],"potions_floor_usage":[],"damage_taken":[{"damage":3,"enemies":"2 Louse","floor":1,"turns":2},{"damage":0,"enemies":"Small Slimes","floor":2,"turns":2},{"damage":5,"enemies":"3 Sentries","floor":6,"turns":2}],"seed_played":"-4700881047385953342","potions_obtained":[],"is_trial":false,"path_per_floor":["M","M","?","?","?","E"],"character_chosen":"DEFECT","items_purchased":[],"campfire_rested":0,"item_purchase_floors":[],"current_hp_per_floor":[61,61,61,61,26,21,21],"gold":212,"neow_bonus":"RANDOM_COLORLESS_2","is_daily":false,"chose_seed":false,"campfire_upgraded":0,"win_rate":0.0,"timestamp":1610326591,"path_taken":["M","M","?","?","?","E"],"items_purchased_type":[],"build_version":"2020-12-22","purchased_purges":0,"victory":false,"max_hp_per_floor":[71,71,64,64,64,64,64],"relic_stats":{"counters":[3,6],"Golden Idol":0,"MealTicket":0,"obtain_stats":[{"Golden Idol":3,"MealTicket":5,"Cracked Core":0},{"Golden Idol":2,"MealTicket":2,"Cracked Core":0},{"Golden Idol":4,"MealTicket":4,"Cracked Core":0}]},"card_choices":[{"not_picked":["The Bomb","Secret Technique"],"picked":"HandOfGreed","floor":0},{"not_picked":["Scrape","Rebound"],"picked":"Hologram","floor":1},{"not_picked":["Hologram","Recycle"],"picked":"Auto Shields","floor":2}],"player_experience":1331575,"relics_obtained":[],"event_choices":[{"damage_healed":0,"gold_gain":0,"player_choice":"Lose Max HP","damage_taken":0,"relics_obtained":["Golden Idol"],"max_hp_gain":0,"max_hp_loss":7,"event_name":"Golden Idol","floor":3,"gold_loss":0},{"damage_healed":0,"gold_gain":150,"player_choice":"AGREE","damage_taken":0,"max_hp_gain":0,"max_hp_loss":0,"event_name":"Liars Game","floor":4,"gold_loss":0,"cards_obtained":["Doubt"]},{"damage_healed":0,"gold_gain":0,"player_choice":"Success","damage_taken":35,"relics_obtained":["MealTicket"],"max_hp_gain":0,"max_hp_loss":0,"event_name":"Scrap Ooze","floor":5,"gold_loss":0}],"is_beta":false,"boss_relics":[],"items_purged_floors":[],"is_endless":false,"potions_floor_spawned":[],"killed_by":"3 Sentries","ascension_level":20}}