{"host":"b7j598ve05halrwk","time":1610403043,"event":{"mods":["2.2 Compatiblity","BaseMod","Block Reminder","DeckTracker","Minty Spire (QoL Compilation)","Relic Stats","Slay the Relics Exporter","StSLib","ojb\u0027s Better Paths Mod","ojb\u0027s Info Mod"],"gold_per_floor":[113,124,142,157,13,13,46,66,66,20,49,60,95,110,110,185,185,198,123,123,134,60,60,85,97,97,97,129,129,129,163,163,163,163],"floor_reached":33,"playtime":2153,"items_purged":["Defend_B"],"score":679,"play_id":"3cf8ab91-038c-44c7-b3a8-7f835fc59dcd","local_time":"20210111171043","is_ascension_mode":true,"campfire_choices":[{"data":"Beam Cell","floor":6.0,"key":"SMITH"},{"data":"Static Discharge","floor":15.0,"key":"SMITH"},{"data":"Turbo","floor":23.0,"key":"SMITH"},{"floor":30,"key":"REST"},{"data":"Hologram","floor":32,"key":"SMITH"}],"circlet_count":0,"master_deck":["AscendersBane","Defend_B","Defend_B","Defend_B","Dualcast","BootSequence","Beam Cell+1","Conserve Battery","Ball Lightning","Static Discharge+1","Coolheaded","Sunder","Sunder","Cold Snap","Darkness","Lockon","Core Surge","CurseOfTheBell","Bite","Bite","Bite","Bite","Bite","Turbo+1","Chill","Hologram+1"],"relics":["Busted Crown","Smiling Mask","Darkstone Periapt","Pear","Unceasing Top","Calling Bell","Bronze Scales","Ornamental Fan","Incense Burner","Sundial","Gremlin Horn","Mercury Hourglass","Pantograph"],"acts_visited":["Exordium","TheCity"],"potions_floor_usage":[28,28,29],"damage_taken":[{"damage":1.0,"enemies":"Cultist","floor":1.0,"turns":3.0},{"damage":7.0,"enemies":"Small Slimes","floor":2.0,"turns":3.0},{"damage":0.0,"enemies":"Jaw Worm","floor":3.0,"turns":3.0},{"damage":5.0,"enemies":"Blue Slaver","floor":4.0,"turns":5.0},{"damage":14.0,"enemies":"3 Sentries","floor":7.0,"turns":7.0},{"damage":11.0,"enemies":"Lots of Slimes","floor":8.0,"turns":3.0},{"damage":7.0,"enemies":"Gremlin Nob","floor":11.0,"turns":3.0},{"damage":1.0,"enemies":"Looter","floor":12.0,"turns":3.0},{"damage":8.0,"enemies":"Lagavulin","floor":13.0,"turns":6.0},{"damage":0.0,"enemies":"3 Louse","floor":14.0,"turns":2.0},{"damage":15.0,"enemies":"Hexaghost","floor":16.0,"turns":6.0},{"damage":23.0,"enemies":"Spheric Guardian","floor":18.0,"turns":4.0},{"damage":0.0,"enemies":"3 Byrds","floor":21.0,"turns":3.0},{"damage":29.0,"enemies":"Slavers","floor":24.0,"turns":3.0},{"damage":6,"enemies":"Centurion and Healer","floor":25,"turns":9},{"damage":36,"enemies":"Book of Stabbing","floor":28,"turns":5},{"damage":2,"enemies":"Snake Plant","floor":29,"turns":2},{"damage":20,"enemies":"Gremlin Leader","floor":31,"turns":5},{"damage":84,"enemies":"Automaton","floor":33,"turns":8}],"seed_played":"1492161899375466664","potions_obtained":[{"floor":1.0,"key":"SteroidPotion"},{"floor":2.0,"key":"ColorlessPotion"},{"floor":7.0,"key":"BlessingOfTheForge"},{"floor":11.0,"key":"SteroidPotion"},{"floor":13.0,"key":"FearPotion"},{"floor":18.0,"key":"Block Potion"},{"floor":25,"key":"FocusPotion"},{"floor":28,"key":"SmokeBomb"}],"is_trial":false,"path_per_floor":["M","M","M","M","$","R","E","M","T","?","E","M","E","M","R","B",null,"M","?","?","M","$","R","E","M","T","?","E","M","R","E","R","B"],"character_chosen":"DEFECT","items_purchased":["Ball Lightning","Static Discharge","Coolheaded","Turbo"],"campfire_rested":1,"item_purchase_floors":[5,5,5,22],"current_hp_per_floor":[63,56,56,51,51,51,37,26,26,26,29,28,20,20,20,5,68,45,45,45,49,49,49,30,44,44,44,14,16,34,22,22,0,0],"gold":163,"neow_bonus":"BOSS_RELIC","is_daily":false,"chose_seed":false,"campfire_upgraded":4,"win_rate":0.0,"timestamp":1610403043,"path_taken":["M","?","M","M","$","R","E","M","T","?","E","M","E","M","R","BOSS","M","?","?","M","$","R","E","M","T","?","E","M","R","E","R","BOSS"],"items_purchased_type":["Card","Card","Card","Card"],"build_version":"2020-12-22","purchased_purges":1,"victory":false,"max_hp_per_floor":[71,71,71,71,71,71,71,71,71,71,81,81,81,81,81,81,87,87,87,60,60,60,60,60,60,60,60,60,60,60,60,60,60,60],"relic_stats":{"Darkstone Periapt":6,"Busted Crown":38,"Gremlin Horn":[5,5],"counters":[19,83],"Ornamental Fan":[52],"Sundial":[4],"Bronze Scales":[183],"Pantograph":25,"Smiling Mask":25,"obtain_stats":[{"Darkstone Periapt":9,"Pear":11,"Gremlin Horn":26,"Incense Burner":17,"Smiling Mask":7,"Mercury Hourglass":28,"Calling Bell":17,"Busted Crown":0,"Ornamental Fan":17,"Sundial":24,"Bronze Scales":17,"Pantograph":31,"Cracked Core":0,"Unceasing Top":13},{"Darkstone Periapt":6,"Pear":7,"Gremlin Horn":15,"Incense Burner":11,"Smiling Mask":5,"Mercury Hourglass":16,"Calling Bell":11,"Busted Crown":0,"Ornamental Fan":11,"Sundial":14,"Bronze Scales":11,"Pantograph":18,"Cracked Core":0,"Unceasing Top":9},{"Darkstone Periapt":24,"Pear":27,"Gremlin Horn":63,"Incense Burner":44,"Smiling Mask":21,"Mercury Hourglass":68,"Calling Bell":44,"Busted Crown":0,"Ornamental Fan":44,"Sundial":54,"Bronze Scales":44,"Pantograph":75,"Cracked Core":0,"Unceasing Top":36}],"Unceasing Top":[11],"Mercury Hourglass":[60]},"card_choices":[{"not_picked":[],"picked":"BootSequence","floor":1.0},{"not_picked":[],"picked":"Beam Cell","floor":2.0},{"not_picked":[],"picked":"Conserve Battery","floor":3.0},{"not_picked":["Beam Cell"],"picked":"SKIP","floor":4.0},{"not_picked":[],"picked":"Sunder","floor":7.0},{"not_picked":[],"picked":"Sunder","floor":8.0},{"not_picked":[],"picked":"Cold Snap","floor":11.0},{"not_picked":["Gash"],"picked":"SKIP","floor":12.0},{"not_picked":[],"picked":"Darkness","floor":13.0},{"not_picked":[],"picked":"Lockon","floor":14.0},{"not_picked":[],"picked":"Core Surge","floor":16.0},{"not_picked":["Scrape"],"picked":"SKIP","floor":18.0},{"not_picked":["Streamline+1"],"picked":"SKIP","floor":21.0},{"not_picked":["Stack"],"picked":"SKIP","floor":24},{"not_picked":[],"picked":"Chill","floor":25},{"not_picked":["Barrage"],"picked":"SKIP","floor":28},{"not_picked":[],"picked":"Hologram","floor":31}],"player_experience":918786,"relics_obtained":[{"floor":7.0,"key":"Smiling Mask"},{"floor":9.0,"key":"Darkstone Periapt"},{"floor":11.0,"key":"Pear"},{"floor":13.0,"key":"Unceasing Top"},{"floor":17.0,"key":"Bronze Scales"},{"floor":17.0,"key":"Ornamental Fan"},{"floor":17.0,"key":"Incense Burner"},{"floor":24,"key":"Sundial"},{"floor":26,"key":"Gremlin Horn"},{"floor":28,"key":"Mercury Hourglass"},{"floor":31,"key":"Pantograph"}],"event_choices":[{"damage_healed":0.0,"max_hp_gain":0.0,"max_hp_loss":0.0,"gold_gain":0.0,"event_name":"World of Goop","player_choice":"Left Gold","floor":10.0,"gold_loss":46.0,"damage_taken":0.0},{"cards_removed":["Strike_B"],"damage_healed":0.0,"max_hp_gain":0.0,"max_hp_loss":0.0,"gold_gain":0.0,"event_name":"Beggar","player_choice":"Gave Gold","floor":19.0,"gold_loss":75.0,"damage_taken":0.0},{"damage_healed":0.0,"max_hp_gain":0.0,"max_hp_loss":27.0,"gold_gain":0.0,"event_name":"Vampires","player_choice":"Became a vampire","floor":20.0,"gold_loss":0.0,"damage_taken":0.0,"cards_obtained":["Bite","Bite","Bite","Bite","Bite"]},{"cards_removed":["Zap"],"damage_healed":0,"gold_gain":0,"player_choice":"Offered Basic","damage_taken":0,"max_hp_gain":0,"max_hp_loss":0,"event_name":"Bonfire Elementals","floor":27,"gold_loss":0}],"is_beta":false,"boss_relics":[{"not_picked":["Empty Cage","Velvet Choker"],"picked":"Calling Bell"}],"items_purged_floors":[22],"is_endless":false,"potions_floor_spawned":[1,2,7,11,13,18,25,28],"killed_by":"Automaton","ascension_level":20}}