{"host":"qq27suot6m8koe0b","time":1610350864,"event":{"mods":["Act Like it!","BaseMod","CapriCore","GifTheSpireLib","Lobotomy","Minty Spire (QoL Compilation)","StSLib"],"gold_per_floor":[119,134,134,134,145,170,182,182,182,212,212,25,37,49,49,147,147,164,164,180,180,180],"floor_reached":21,"playtime":1021,"items_purged":[],"score":216,"play_id":"9ca03dbb-ce25-4bfc-a81f-e5c5bba5b7cf","local_time":"20210111154104","is_ascension_mode":false,"campfire_choices":[{"floor":8.0,"key":"RECALL"},{"data":"Rupture","floor":15.0,"key":"SMITH"}],"circlet_count":0,"master_deck":["Strike_R","Strike_R","Strike_R","Strike_R","Strike_R","Defend_R","Defend_R","Defend_R","Defend_R","Bash","Scorched","Rupture+1","MeatLantern","OldLady","Inflame","Wellcheers","Battle Trance+1","UniverseFragment","Thunderclap","Clothesline","Limit Break+1","Shrug It Off+1","Twin Strike","Hemokinesis","Demon Form","RedShoes","Rage+1","BlackSwan","Twin Strike"],"relics":["Burning Blood","CogitoBucket","Toxic Egg 2","HornCleat","Kunai","Gremlin Horn","HellTrain","Coffee Dripper"],"acts_visited":["Exordium","TheCity"],"potions_floor_usage":[21],"damage_taken":[{"damage":1.0,"enemies":"Cultist","floor":1.0,"turns":3.0},{"damage":7.0,"enemies":"2 Louse","floor":2.0,"turns":2.0},{"damage":2.0,"enemies":"Jaw Worm","floor":5.0,"turns":3.0},{"damage":0.0,"enemies":"3 Sentries","floor":6.0,"turns":4.0},{"damage":8.0,"enemies":"Red Slaver","floor":7.0,"turns":2.0},{"damage":26.0,"enemies":"Lagavulin","floor":10.0,"turns":5.0},{"damage":25.0,"enemies":"Gremlin Gang","floor":13.0,"turns":9.0},{"damage":0.0,"enemies":"Blue Slaver","floor":14.0,"turns":3.0},{"damage":58.0,"enemies":"Hexaghost","floor":16.0,"turns":8.0},{"damage":13,"enemies":"Chosen","floor":18,"turns":5},{"damage":6,"enemies":"Spheric Guardian","floor":20,"turns":4},{"damage":76,"enemies":"Cultist and Chosen","floor":21,"turns":5}],"seed_played":"8704659815426928189","potions_obtained":[{"floor":7.0,"key":"SpeedPotion"},{"floor":10.0,"key":"Fire Potion"},{"floor":13.0,"key":"LiquidMemories"},{"floor":16.0,"key":"Regen Potion"},{"floor":18,"key":"HeartOfIron"},{"floor":20,"key":"Energy Potion"}],"is_trial":false,"path_per_floor":["M","M","?","?","M","E","M","R","T","E","?","$","M","M","R","B",null,"M","?","M","M"],"character_chosen":"IRONCLAD","items_purchased":["Limit Break+1","Shrug It Off+1"],"campfire_rested":0,"item_purchase_floors":[12,12],"current_hp_per_floor":[80,79,76,76,80,80,78,78,78,60,80,80,61,67,67,18,80,73,73,76,0,0],"gold":180,"neow_bonus":"","is_daily":false,"chose_seed":false,"campfire_upgraded":1,"win_rate":0.0,"timestamp":1610350864,"path_taken":["M","M","?","?","M","E","M","R","T","E","?","$","M","?","R","BOSS","M","?","?","M"],"items_purchased_type":["Card","Card"],"build_version":"2020-12-22","purchased_purges":0,"victory":false,"max_hp_per_floor":[80,80,80,80,80,80,80,80,80,80,80,80,80,80,80,80,80,80,80,80,80,80],"card_choices":[{"not_picked":["CherryBlossoms","PunishingBird"],"picked":"Scorched","floor":1.0},{"not_picked":["Power Through","Ghostly Armor"],"picked":"Rupture","floor":1.0},{"not_picked":["Murderer","SpiderBud"],"picked":"MeatLantern","floor":2.0},{"not_picked":["Clash","Body Slam","True Grit"],"picked":"SKIP","floor":2.0},{"not_picked":["SpiderBud","BeautyBeast"],"picked":"OldLady","floor":5.0},{"not_picked":["Iron Wave","Combust"],"picked":"Inflame","floor":5.0},{"not_picked":["CrumblingArmor","WallGazer","Bloodbath"],"picked":"Singing Bowl","floor":6.0},{"not_picked":["Bloodbath","BeautyBeast"],"picked":"Wellcheers","floor":6.0},{"not_picked":["Rupture","Clash"],"picked":"Battle Trance+1","floor":6.0},{"not_picked":["CrumblingArmor","OSAHOGD"],"picked":"UniverseFragment","floor":7.0},{"not_picked":["Perfected Strike","Sword Boomerang"],"picked":"Thunderclap","floor":7.0},{"not_picked":["ShyLook","Laetitia"],"picked":"FieryBird","floor":10.0},{"not_picked":["Seeing Red+1","Perfected Strike"],"picked":"Clothesline","floor":10.0},{"not_picked":["PunishingBird","ShyLook","SpiderBud"],"picked":"Singing Bowl","floor":13.0},{"not_picked":["Sword Boomerang","Armaments+1"],"picked":"Twin Strike","floor":13.0},{"not_picked":["BeautyBeast","SpiderBud","SingingMachine"],"picked":"Singing Bowl","floor":14.0},{"not_picked":["True Grit+1","Clash","Hemokinesis"],"picked":"SKIP","floor":14.0},{"not_picked":["True Grit+1","Clash"],"picked":"Hemokinesis","floor":14.0},{"not_picked":["WallGazer","SpiderBud","CherryBlossoms"],"picked":"Singing Bowl","floor":16.0},{"not_picked":["Offering+1","Reaper"],"picked":"Demon Form","floor":16.0},{"not_picked":["MHz","Murderer","BigBird"],"picked":"Singing Bowl","floor":18},{"not_picked":["CherryBlossoms","GreedKing"],"picked":"RedShoes","floor":18},{"not_picked":["Pommel Strike","Iron Wave"],"picked":"Rage+1","floor":18},{"not_picked":["Mercenary","SnowQueen"],"picked":"BlackSwan","floor":20},{"not_picked":["Perfected Strike","Searing Blow"],"picked":"Twin Strike","floor":20}],"player_experience":270347,"relics_obtained":[{"floor":6.0,"key":"HornCleat"},{"floor":9.0,"key":"Kunai"},{"floor":10.0,"key":"Gremlin Horn"}],"event_choices":[{"damage_healed":0.0,"max_hp_gain":0.0,"max_hp_loss":0.0,"gold_gain":0.0,"event_name":"Scrap Ooze","player_choice":"Success","floor":3.0,"gold_loss":0.0,"damage_taken":3.0,"relics_obtained":["Toxic Egg 2"]},{"damage_healed":0.0,"max_hp_gain":0.0,"max_hp_loss":0.0,"gold_gain":0.0,"event_name":"Golden Wing","player_choice":"Ignored","floor":4.0,"gold_loss":0.0,"damage_taken":0.0},{"cards_removed":["FieryBird"],"damage_healed":20.0,"max_hp_gain":0.0,"max_hp_loss":0.0,"gold_gain":0.0,"event_name":"Bonfire Elementals","player_choice":"Offered Uncommon","floor":11.0,"gold_loss":0.0,"damage_taken":0.0},{"damage_healed":0,"gold_gain":0,"player_choice":"Ignored","damage_taken":0,"max_hp_gain":0,"max_hp_loss":0,"event_name":"NoteForYourself","floor":19,"gold_loss":0}],"is_beta":false,"boss_relics":[{"not_picked":["Runic Cube","Runic Dome"],"picked":"Coffee Dripper"}],"items_purged_floors":[],"is_endless":false,"potions_floor_spawned":[7,10,13,16,18,20],"killed_by":"Cultist and Chosen","ascension_level":0}}