{"host":"odz7g4gpgch153rb","time":1610338933,"event":{"mods":["AchievementEnabler","BaseMod","Better Match","Better Third Choice","BetterRewards","GifTheSpireLib","Infinite Spire","Jedi Mod","Minty Spire (QoL Compilation)","Quick Restart","Replay The Spire","Spikes Relics","StSLib","Stuff the Spire","The Blue Laboratory","Trackpad"],"gold_per_floor":[117,117,97,109,126,126,161,173,200,213,213,224,224,224,224,298,298,317,329,329,329,349,349,349],"floor_reached":23,"playtime":1519,"items_purged":["Strike_G"],"score":367,"play_id":"d0dca171-b6b1-4207-b14f-c3dd61b01b21","local_time":"20210110232213","is_ascension_mode":true,"campfire_choices":[{"data":"Neutralize","floor":6.0,"key":"SMITH"},{"data":"Blade Dance","floor":13.0,"key":"SMITH"},{"floor":15.0,"key":"REST"}],"circlet_count":0,"master_deck":["AscendersBane","Strike_G","Strike_G","Strike_G","Strike_G","Defend_G","Defend_G","Defend_G+1","Defend_G","Defend_G","Survivor","Neutralize+1","Blade Dance+1","Infinite Blades","Caltrops+1","Blade Dance","Adrenaline","Fluid Movement","Replay:Fractal Strike","StuffTheSpire:Injection"],"relics":["Ring of the Snake","NeowsBlessing","SnailShell","trackpad:CultistFigurine","SacredBark","Potion Belt","StuffTheSpire:CocoNut"],"acts_visited":["Exordium","TheCity"],"potions_floor_usage":[],"damage_taken":[{"damage":0.0,"enemies":"Small Slimes","floor":1.0,"turns":1.0},{"damage":0.0,"enemies":"Cultist","floor":4.0,"turns":1.0},{"damage":0.0,"enemies":"2 Louse","floor":5.0,"turns":1.0},{"damage":24.0,"enemies":"Gremlin Nob","floor":7.0,"turns":4.0},{"damage":12.0,"enemies":"Exordium Thugs","floor":8.0,"turns":7.0},{"damage":0.0,"enemies":"2 Fungi Beasts","floor":10.0,"turns":4.0},{"damage":0.0,"enemies":"Lots of Slimes","floor":12.0,"turns":5.0},{"damage":20.0,"enemies":"Fading Forest","floor":16.0,"turns":11.0},{"damage":14.0,"enemies":"Chosen","floor":18.0,"turns":5.0},{"damage":0.0,"enemies":"3 Byrds","floor":19.0,"turns":2.0},{"damage":6.0,"enemies":"Centurion and Healer","floor":22.0,"turns":6.0},{"damage":10,"enemies":"Slavers","floor":23,"turns":2}],"seed_played":"3531420841174512453","potions_obtained":[{"floor":3.0,"key":"AttackPotion"},{"floor":5.0,"key":"blueLaboratory:Moonshine"},{"floor":8.0,"key":"Regen Potion"},{"floor":10.0,"key":"blueLaboratory:HorrorPotion"},{"floor":12.0,"key":"SkillPotion"}],"is_trial":false,"path_per_floor":["M","?","?","M","M","R","E","M","T","M","?","M","R","?","R","B",null,"M","M","AVR","?","M","E"],"character_chosen":"THE_SILENT","items_purchased":[],"campfire_rested":1,"item_purchase_floors":[],"current_hp_per_floor":[59,59,59,59,59,59,35,23,23,35,35,35,35,15,34,38,59,45,45,45,52,46,36,36],"gold":349,"neow_bonus":"THREE_ENEMY_KILL","is_daily":false,"chose_seed":false,"campfire_upgraded":2,"win_rate":0.0,"timestamp":1610338933,"path_taken":["M","?","?","?","M","R","E","M","T","M","?","M","R","?","R","BOSS","M","M","AVR","?","M","E"],"items_purchased_type":[],"build_version":"2020-12-22","purchased_purges":1,"victory":false,"max_hp_per_floor":[66,66,66,66,66,66,66,66,66,66,66,66,66,66,66,66,66,66,66,66,73,73,73,73],"card_choices":[{"not_picked":["Cloak And Dagger","Dagger Spray"],"picked":"Blade Dance","floor":1.0},{"not_picked":["Deadly Poison","PiercingWail","Poisoned Stab"],"picked":"SKIP","floor":4.0},{"not_picked":["Hidden Blade","StuffTheSpire:Repulse","Skewer"],"picked":"SKIP","floor":5.0},{"not_picked":["Outmaneuver","InfectiousVector"],"picked":"Infinite Blades","floor":7.0},{"not_picked":["Bane","jedi:brewingpoison"],"picked":"Caltrops","floor":8.0},{"not_picked":["Slice","Outmaneuver"],"picked":"Blade Dance","floor":10.0},{"not_picked":["Flying Knee","StuffTheSpire:Python","jedi:unstablefumes"],"picked":"SKIP","floor":12.0},{"not_picked":["Phantasmal Killer","Atom Bomb"],"picked":"Adrenaline","floor":16.0},{"not_picked":["Replay:Poison Smokescreen","StuffTheSpire:Incantation","StuffTheSpire:BumpUp+1"],"picked":"SKIP","floor":18.0},{"not_picked":["StuffTheSpire:Sprint","Prepared"],"picked":"Fluid Movement","floor":19.0},{"not_picked":["Dagger Throw","Bane"],"picked":"StuffTheSpire:Injection","floor":22.0}],"player_experience":1030249,"relics_obtained":[{"floor":7.0,"key":"SnailShell"},{"floor":9.0,"key":"trackpad:CultistFigurine"}],"event_choices":[{"damage_healed":0.0,"max_hp_gain":0.0,"max_hp_loss":0.0,"gold_gain":0.0,"event_name":"The Woman in Blue","player_choice":"Bought 1 Potion","floor":3.0,"gold_loss":0.0,"damage_taken":0.0},{"damage_healed":35.0,"max_hp_gain":0.0,"max_hp_loss":66.0,"gold_gain":0.0,"event_name":"betterThird:BetterShining","player_choice":"Upgrade","floor":14.0,"gold_loss":0.0,"damage_taken":20.0,"cards_upgraded":["Caltrops","Defend_G"]}],"is_beta":false,"boss_relics":[{"not_picked":["ReplayTheSpireMod:Onyx Gauntlets","Snecko Eye"],"picked":"SacredBark"}],"items_purged_floors":[20],"is_endless":false,"potions_floor_spawned":[5,8,10,12],"killed_by":"Slavers","ascension_level":18}}