{"host":"ya94u95moedzeoqz","time":1610401878,"event":{"mods":["2.2 Compatiblity","Abigail Mod","Act Like it!","Arknights The Spire","Aspiration","Bartender","BaseMod","Better Altar","Better Match","Better Note","Better Sensory Stone","Better Skull","Better Third Choice","BetterRewards","Energized Spire","Evolution","Filter the Spire","GifTheSpireLib","KinomotoSakuraMod(????)","Luminous","Minty Spire (QoL Compilation)","Permanent Neow","Railgun Mod","Replay The Spire","Spicy Shops","StSLib","The Accelerator","The Alterego","The Fake Hero","The Florist","The Forsaken","The Juggle","The Marked","The Senshi","TheArtist","TheVelvet","Yuri Mod"],"gold_per_floor":[118,136,136,148,161,191,191,225,225,235,266,231,248,248,248,352,352,371,388,388,388,405,405,737,68,68,99,111,123,145,40,40,136,136,146,0,51,0,15,15,35,53,53,53,23,23,23,34,34,34],"floor_reached":51,"playtime":5642,"items_purged":["Strike_B","Doubt","BasicCrystalCard+1"],"score":987,"play_id":"ba2bc817-2ee7-428e-8067-a99c60803c89","local_time":"20210111165118","is_ascension_mode":false,"campfire_choices":[{"data":"Loop","floor":7,"key":"SMITH"},{"data":"Zap","floor":15,"key":"SMITH"},{"data":"BasicCrystalCard","floor":23,"key":"SMITH"},{"floor":32,"key":"REST"},{"data":"ReplayUltimateDefense","floor":40,"key":"SMITH"},{"data":"FIFO Queue","floor":44,"key":"SMITH"},{"data":"Chill","floor":47,"key":"SMITH"},{"floor":49,"key":"REST"}],"circlet_count":0,"master_deck":["Strike_B","Strike_B","Defend_B","Defend_B","Defend_B","Zap+1","Dualcast","Loop+1","FTL","Leap","Cold Snap","Turbo","Good Instincts","Conserve Battery","Beam Cell","Gash","BasicCrystalCard+1","Self Repair+1","Gash","Streamline","Creative AI+1","Gash","Heatsinks+1","Gash","Beam Cell","Fusion","ReplayGash","ReplayGash","ReplayUltimateDefense+1","Static Discharge","ReplayTheSpireMod:Calculation Training","Go for the Eyes","BootSequence","All For One+1","ReplayTheSpireMod:Omega Cannon","AbeCurse","BootSequence+1","FIFO Queue+1","Chill+1","Crystallizer+1","ReplayTheSpireMod:Calculation Training+1","Gash","Hello World"],"relics":["FrozenCore","EVO:Axolotl","Carrot","BargainBundle","TheAbacus","Pear","NlothsMask","MealTicket","Chameleon Ring","Smiling Mask","Matryoshka","Empty Cage","ReplayTheSpireMod:TigerMarble","Old Coin","Replay:Bottled Flurry","ReplayTheSpireMod:CursedCoin","Blue Doll","MawBank","Replay:Grab Bag","Abe\u0027s Treasure","ReplayTheSpireMod:Onyx Gauntlets","Guide Book","Du-Vu Doll","Red Mask","aspiration:HiddenCompartment","Snack Pack","Gremlin Food"],"acts_visited":["Exordium","TheCity","TheBeyond"],"potions_floor_usage":[8,8,11,27,33,33,37],"damage_taken":[{"damage":0,"enemies":"Jaw Worm","floor":1,"turns":3},{"damage":0,"enemies":"Cultist","floor":2,"turns":3},{"damage":0,"enemies":"Small Slimes","floor":4,"turns":2},{"damage":0,"enemies":"Exordium Wildlife","floor":5,"turns":4},{"damage":12,"enemies":"Gremlin Nob","floor":6,"turns":5},{"damage":0,"enemies":"3 Sentries","floor":8,"turns":9},{"damage":2,"enemies":"2 Fungi Beasts","floor":10,"turns":3},{"damage":9,"enemies":"Lagavulin","floor":11,"turns":4},{"damage":0,"enemies":"Large Slime","floor":13,"turns":5},{"damage":34,"enemies":"The Guardian","floor":16,"turns":14},{"damage":3,"enemies":"3 Byrds","floor":18,"turns":6},{"damage":12,"enemies":"Shell Parasite","floor":19,"turns":5},{"damage":23,"enemies":"Chosen and Byrds","floor":22,"turns":7},{"damage":63,"enemies":"Slavers","floor":24,"turns":7},{"damage":37,"enemies":"Cultist and Chosen","floor":27,"turns":7},{"damage":7,"enemies":"3 Cultists","floor":30,"turns":8},{"damage":44,"enemies":"Champ","floor":33,"turns":11},{"damage":4,"enemies":"3 Shapes","floor":35,"turns":9},{"damage":20,"enemies":"2 Orb Walkers","floor":37,"turns":6},{"damage":11,"enemies":"3 Darklings","floor":39,"turns":7},{"damage":18,"enemies":"Transient","floor":41,"turns":5},{"damage":0,"enemies":"Sphere and 2 Shapes","floor":42,"turns":6},{"damage":0,"enemies":"Jaw Worm Horde","floor":48,"turns":4},{"damage":21,"enemies":"Awakened One","floor":50,"turns":10}],"seed_played":"-3130376957454798118","potions_obtained":[{"floor":2,"key":"SkillPotion"},{"floor":8,"key":"Adrenaline Potion"},{"floor":10,"key":"Toxic Potion"},{"floor":16,"key":"Toxic Potion"},{"floor":18,"key":"PotionOfCapacity"},{"floor":22,"key":"FocusPotion"},{"floor":27,"key":"Energy Potion"},{"floor":35,"key":"LiquidBronze"},{"floor":39,"key":"Energy Potion"},{"floor":41,"key":"GamblersBrew"}],"is_trial":false,"path_per_floor":["M","M","?","M","M","E","R","E","T","M","E","?","M","T","R","B",null,"M","M","?","?","M","R","E","$","T","M","?","?","M","$","R","B",null,"M","$","?","?","M","R","M","M","T","R","$","T","R","M","R","B",null],"character_chosen":"DEFECT","items_purchased":["Loop","FTL","Carrot","BargainBundle","Leap","Cold Snap","Turbo","Good Instincts","TheAbacus","Pear","FairyPotion","SkillPotion","Reflective Coating","Conserve Battery","ReplayGash","ReplayUltimateDefense","Static Discharge","Replay:Bottled Flurry","ReplayTheSpireMod:CursedCoin","ReplayTheSpireMod:Calculation Training","Go for the Eyes","All For One","FIFO Queue","Guide Book","Hello World"],"campfire_rested":2,"item_purchase_floors":[0,0,0,0,0,0,0,0,0,0,0,0,0,0,25,25,25,25,25,25,25,31,36,36,45],"current_hp_per_floor":[50,50,50,50,50,45,45,52,52,57,55,76,83,83,83,56,85,85,80,80,80,64,64,8,23,23,25,25,25,25,40,65,21,85,85,85,72,72,68,68,50,57,57,57,72,72,72,76,85,85],"gold":34,"neow_bonus":"","is_daily":false,"chose_seed":false,"campfire_upgraded":6,"win_rate":0.0,"timestamp":1610401878,"path_taken":["M","M","?","M","M","E","R","E","T","?","E","?","M","?","R","BOSS","M","M","?","?","M","R","E","$","T","M","?","?","M","$","R","BOSS","M","$","?","?","M","R","M","M","T","R","?","?","R","M","R","BOSS"],"items_purchased_type":["Card","Card","Relic","Relic","Card","Card","Card","Card","Relic","Relic","Potion","Potion","Potion","Card","Card","Card","Card","Relic","Relic","Card","Card","Card","Card","Relic","Card"],"build_version":"2020-12-22","purchased_purges":3,"victory":true,"max_hp_per_floor":[85,85,85,85,85,85,85,85,85,85,85,85,85,85,85,85,85,85,85,85,85,85,85,85,85,85,85,85,85,85,85,85,85,85,85,85,85,85,85,85,85,85,85,85,85,85,85,85,85,85],"card_choices":[{"not_picked":["Reinforced Body","Stack"],"picked":"Beam Cell","floor":1},{"not_picked":["Chill","Darkness"],"picked":"Gash","floor":2},{"not_picked":["Cold Snap","Panic Button"],"picked":"BasicCrystalCard","floor":4},{"not_picked":["Turbo","Redo"],"picked":"Self Repair","floor":5},{"not_picked":["Rebound","Double Energy"],"picked":"Gash","floor":6},{"not_picked":["Reprogram","Ball Lightning","Genetic Algorithm"],"picked":"SKIP","floor":8},{"not_picked":["BasicCrystalCard","Sweeping Beam"],"picked":"Meteor Strike","floor":10},{"not_picked":["Reinforced Body","Recycle"],"picked":"Streamline","floor":11},{"not_picked":["Streamline","Redo"],"picked":"BasicCrystalCard","floor":13},{"not_picked":["Machine Learning","Core Surge"],"picked":"Creative AI","floor":16},{"not_picked":["Conserve Battery","Glacier"],"picked":"Gash","floor":18},{"not_picked":["Redo","Compile Driver"],"picked":"Heatsinks+1","floor":19},{"not_picked":["Leap","Double Energy"],"picked":"Beam Cell","floor":22},{"not_picked":["Steam","Rebound+1"],"picked":"Fusion","floor":24},{"not_picked":["Turbo","Compile Driver"],"picked":"BasicCrystalCard+1","floor":27},{"not_picked":["Go for the Eyes","Heatsinks"],"picked":"BootSequence","floor":30},{"not_picked":["Buffer","Core Surge"],"picked":"ReplayTheSpireMod:Omega Cannon","floor":33},{"not_picked":["Loop+1","Gash"],"picked":"BootSequence+1","floor":35},{"not_picked":["Leap","Compile Driver+1"],"picked":"Chill","floor":37},{"not_picked":["ReplayTheSpireMod:System Scan+1","Glacier+1"],"picked":"Crystallizer+1","floor":39},{"not_picked":["Beam Cell","BasicCrystalCard"],"picked":"ReplayTheSpireMod:Calculation Training+1","floor":41},{"not_picked":["BasicCrystalCard","Barrage+1"],"picked":"Gash","floor":42},{"not_picked":["Compile Driver","Skim+1","Streamline+1"],"picked":"SKIP","floor":48}],"player_experience":531372,"relics_obtained":[{"floor":6,"key":"MealTicket"},{"floor":8,"key":"Chameleon Ring"},{"floor":11,"key":"Smiling Mask"},{"floor":14,"key":"Matryoshka"},{"floor":24,"key":"Old Coin"},{"floor":26,"key":"Blue Doll"},{"floor":26,"key":"MawBank"},{"floor":37,"key":"Du-Vu Doll"},{"floor":43,"key":"aspiration:HiddenCompartment"},{"floor":43,"key":"Snack Pack"},{"floor":46,"key":"Gremlin Food"}],"event_choices":[{"damage_healed":0,"gold_gain":0,"player_choice":"Trade","damage_taken":0,"relics_obtained":["NlothsMask"],"max_hp_gain":0,"max_hp_loss":0,"event_name":"FaceTrader","floor":3,"gold_loss":0},{"damage_healed":21,"gold_gain":0,"player_choice":"Healed","damage_taken":0,"max_hp_gain":0,"max_hp_loss":0,"event_name":"The Cleric","floor":12,"gold_loss":35},{"damage_healed":0,"gold_gain":0,"player_choice":"Copied","damage_taken":0,"max_hp_gain":0,"max_hp_loss":0,"event_name":"Duplicator","floor":20,"gold_loss":0,"cards_obtained":["Gash"]},{"damage_healed":0,"gold_gain":0,"player_choice":"Gave Potion","damage_taken":0,"relics_obtained":["ReplayTheSpireMod:TigerMarble"],"max_hp_gain":0,"max_hp_loss":0,"event_name":"WeMeetAgain","floor":21,"gold_loss":0},{"cards_removed":["Defend_B"],"damage_healed":0,"gold_gain":0,"player_choice":"Offered Basic","damage_taken":0,"max_hp_gain":0,"max_hp_loss":0,"event_name":"Bonfire Elementals","floor":28,"gold_loss":0},{"cards_removed":["Strike_B"],"damage_healed":0,"gold_gain":0,"player_choice":"Purged","damage_taken":0,"max_hp_gain":0,"max_hp_loss":0,"event_name":"Purifier","floor":29,"gold_loss":0},{"damage_healed":0,"gold_gain":0,"player_choice":"Fight","damage_taken":0,"max_hp_gain":0,"max_hp_loss":0,"event_name":"Mysterious Sphere","floor":37,"gold_loss":0},{"damage_healed":0,"gold_gain":0,"player_choice":"Paid","damage_taken":0,"relics_obtained":["Red Mask"],"max_hp_gain":0,"max_hp_loss":0,"event_name":"Tomb of Lord Red Mask","floor":38,"gold_loss":51}],"is_beta":false,"boss_relics":[{"not_picked":["aspiration:PoetsPen_weak","Replay:Bronze Core"],"picked":"Empty Cage"},{"not_picked":["Astrolabe","aspiration:WatcherSkillbook"],"picked":"Replay:Grab Bag"},{"not_picked":["Runic Dome","Sozu"],"picked":"Abe\u0027s Treasure"},{"not_picked":["Velvet Choker","aspiration:RandomNobGenerator"],"picked":"ReplayTheSpireMod:Onyx Gauntlets"},{"not_picked":["aspiration:RunicSpoon","Replay:Drink Me"],"picked":"FrozenCore"}],"items_purged_floors":[0,25,31],"is_endless":false,"potions_floor_spawned":[2,4,8,10,16,18,22,27,35,39,41],"ascension_level":0}}