{"host":"uc0x0d8zaap3n3zi","time":1610373140,"event":{"mods":["2.2 Compatiblity","AchievementEnabler","Act Like it!","Alarm Clock","BaseMod","Colored Powertips","Downfall","Gensokyo","Marisa????????","Minty Spire (QoL Compilation)","Pale of the Ancients","Rare Cards Sparkle","Relic Stats","StSLib","The Cursed","The Hierophant","The Marked","The Servant 0.9.4","slay the spire mod where everything is the same but ironclad has a cowboy hat"],"gold_per_floor":[118,143,173,173,10,38,38,38,38,88,101,26,36,36,36,151,151,169,169,195,212,133,133,151,60,60,60,408,408,423,15,15,327,327,356,356,14,25,59,59,94,123,174,174,200,110,110,137,137,137,169,169,169,69,69,69,69],"floor_reached":56,"playtime":5539,"items_purged":["Strike_MRS","BinaryStars"],"score":803,"play_id":"c07d9163-8488-4fc8-8dcf-4bf2e8c135ac","local_time":"20210112025220","is_ascension_mode":false,"campfire_choices":[{"data":"AsteroidBelt","floor":15.0,"key":"SMITH"},{"data":"OortCloud","floor":23,"key":"SMITH"},{"floor":29,"key":"REST"},{"data":"UltimateShortwave","floor":32,"key":"SMITH"},{"data":"GalacticHalo","floor":40,"key":"SMITH"},{"data":"EnergyFlow","floor":44,"key":"SMITH"},{"data":"GalacticHalo","floor":49,"key":"SMITH"},{"floor":55,"key":"RECALL"}],"circlet_count":0,"master_deck":["MasterSpark","UpSweep","WitchOfGreed","UltimateShortwave+1","UnstableBomb","NonDirectionalLaser","FairyDestructionRay","AsteroidBelt+1","PowerUp","AlicesGift","OortCloud+1","EnergyFlow+1","MagicChant","GravityBeat","WitchLeyline","AbsoluteMagnitude+1","PulseMagic","GalacticHalo+1","GalacticHalo+1","6A+1","OortCloud+1","Gensokyo:CustomPotion","Gensokyo:MorningStar"],"relics":["MiniHakkero","SimpleLauncher","Strawberry","Letter Opener","Bird Faced Urn","HandmadeGrimoire","Pocketwatch","Old Coin","SproutingBranch","Pandora\u0027s Box","Turnip","Bottled Lightning","Girya","paleoftheancients:Timepiece","paleoftheancients:KeyRelic","Coffee Dripper"],"acts_visited":["Gensokyo:Gensokyo","Gensokyo:Gensokyoer","Gensokyo:Gensokyoest","paleoftheancients:PaleOfTheAncients"],"potions_floor_usage":[21,24,28,35,35,38,56,56,56,56,56,56],"damage_taken":[{"damage":0.0,"enemies":"Gensokyo:2_Kodama","floor":1.0,"turns":4.0},{"damage":1.0,"enemies":"Gensokyo:Python","floor":2.0,"turns":4.0},{"damage":6.0,"enemies":"Gensokyo:Gryphon","floor":3.0,"turns":4.0},{"damage":2.0,"enemies":"Gensokyo:3_Kodama","floor":6.0,"turns":4.0},{"damage":25.0,"enemies":"Gensokyo:Aya","floor":10.0,"turns":6.0},{"damage":0.0,"enemies":"Gensokyo:5_Fairies","floor":11.0,"turns":2.0},{"damage":0.0,"enemies":"Gensokyo:Kitsune","floor":13.0,"turns":2.0},{"damage":18.0,"enemies":"Gensokyo:Yukari","floor":16.0,"turns":10.0},{"damage":15,"enemies":"Gensokyo:Chomper","floor":18,"turns":4},{"damage":24,"enemies":"Gensokyo:CosmicMonolith","floor":20,"turns":5},{"damage":19,"enemies":"Gensokyo:Swordslinger","floor":21,"turns":5},{"damage":1,"enemies":"Gensokyo:Slime_Group","floor":24,"turns":2},{"damage":14,"enemies":"Gensokyo:Reisen","floor":28,"turns":7},{"damage":17,"enemies":"Gensokyo:Mirror_and_Dog","floor":30,"turns":5},{"damage":48,"enemies":"Gensokyo:Eternal_Rivals","floor":33,"turns":11},{"damage":7,"enemies":"Gensokyo:3_Bats","floor":35,"turns":3},{"damage":1,"enemies":"Gensokyo:3_Boulders","floor":38,"turns":5},{"damage":56,"enemies":"Gensokyo:4_Bats","floor":39,"turns":4},{"damage":6,"enemies":"Gensokyo:Sharpion","floor":41,"turns":5},{"damage":31,"enemies":"Gensokyo:SeedOfUnknown","floor":42,"turns":8},{"damage":28,"enemies":"Gensokyo:AtlasGolem","floor":45,"turns":5},{"damage":42,"enemies":"Gensokyo:AtlasGolem","floor":47,"turns":13},{"damage":0,"enemies":"Gensokyo:Dusk_and_Dawn","floor":48,"turns":4},{"damage":9,"enemies":"Gensokyo:Shinki","floor":50,"turns":10},{"damage":13,"enemies":"Gensokyo:Shinki","floor":51,"turns":8},{"damage":116,"enemies":"Gensokyo:Shinki","floor":52,"turns":4},{"damage":95,"enemies":"Gensokyo:Shinki","floor":56,"turns":10}],"seed_played":"-4547618598434677412","potions_obtained":[{"floor":2.0,"key":"DistilledChaos"},{"floor":10.0,"key":"DistilledChaos"},{"floor":11.0,"key":"SkillPotion"},{"floor":13.0,"key":"Fire Potion"},{"floor":16.0,"key":"EntropicBrew"},{"floor":21,"key":"Ancient Potion"},{"floor":24,"key":"Fruit Juice"},{"floor":28,"key":"Strength Potion"},{"floor":35,"key":"Fruit Juice"},{"floor":35,"key":"Block Potion"},{"floor":38,"key":"SteroidPotion"},{"floor":39,"key":"StarNLove"}],"is_trial":false,"path_per_floor":["M","M","M","?","COS","M","?","?","T","E","M","$","M","?","R","B",null,"M","$","M","M","$","R","M","COS","T","?","E","R","M","$","R","B",null,"M","?","COS","M","M","R","M","M","T","R","M","?","?","M","R","B","M","M","?","$","R","M"],"character_chosen":"MARISA","items_purchased":["OortCloud","SproutingBranch"],"campfire_rested":1,"item_purchase_floors":[22,31],"current_hp_per_floor":[82,81,75,82,82,80,80,77,77,52,52,52,52,52,52,36,89,74,74,52,33,33,33,34,34,34,34,29,55,40,40,40,11,87,91,55,55,72,32,32,46,34,34,34,24,24,24,92,92,92,87,92,92,92,92,0,0],"gold":69,"neow_bonus":"TEN_PERCENT_HP_BONUS","is_daily":false,"chose_seed":false,"campfire_upgraded":6,"win_rate":0.0,"timestamp":1610373140,"path_taken":["M","M","M","?","COS","M","?","?","T","E","M","$","M","?","R","BOSS","M","?","M","M","$","R","M","COS","T","?","E","R","?","?","R","BOSS","M","?","COS","M","M","R","M","?","T","R","M","?","?","M","R","BOSS","M","M","?","$","R","M"],"items_purchased_type":["Card","Relic"],"build_version":"2020-12-22","purchased_purges":2,"victory":false,"max_hp_per_floor":[82,82,82,82,82,82,82,89,89,89,89,89,89,89,89,89,89,89,89,89,89,89,89,89,89,89,82,87,87,87,87,87,87,87,92,92,92,92,92,92,92,92,92,92,92,92,92,92,92,92,92,92,92,92,92,92,92],"relic_stats":{"counters":[27,154],"Bird Faced Urn":[54],"Pandora\u0027s Box":["EnergyFlow","MagicChant","GravityBeat","WitchLeyline","AbsoluteMagnitude","PulseMagic"],"Turnip":[10],"Letter Opener":[336],"obtain_stats":[{"Girya":42,"paleoftheancients:KeyRelic":50,"Letter Opener":9,"SproutingBranch":31,"Old Coin":28,"paleoftheancients:Timepiece":50,"Strawberry":8,"Bird Faced Urn":10,"Pandora\u0027s Box":34,"Turnip":36,"HandmadeGrimoire":26,"Coffee Dripper":50,"MiniHakkero":0,"Bottled Lightning":37,"SimpleLauncher":5,"Pocketwatch":27},{"Girya":20,"paleoftheancients:KeyRelic":24,"Letter Opener":4,"SproutingBranch":14,"Old Coin":13,"paleoftheancients:Timepiece":24,"Strawberry":4,"Bird Faced Urn":5,"Pandora\u0027s Box":15,"Turnip":16,"HandmadeGrimoire":12,"Coffee Dripper":24,"MiniHakkero":0,"Bottled Lightning":16,"SimpleLauncher":3,"Pocketwatch":12},{"Girya":95,"paleoftheancients:KeyRelic":132,"Letter Opener":16,"SproutingBranch":64,"Old Coin":59,"paleoftheancients:Timepiece":132,"Strawberry":16,"Bird Faced Urn":22,"Pandora\u0027s Box":75,"Turnip":78,"HandmadeGrimoire":52,"Coffee Dripper":132,"MiniHakkero":0,"Bottled Lightning":78,"SimpleLauncher":12,"Pocketwatch":52}],"Pocketwatch":[105]},"card_choices":[{"not_picked":["6A","MagicAbsorber"],"picked":"WitchOfGreed","floor":1.0},{"not_picked":["UnstableBomb","Acceleration"],"picked":"UltimateShortwave","floor":2.0},{"not_picked":["ChargeUpSpray","MagicChant"],"picked":"UnstableBomb","floor":3.0},{"not_picked":["ShootingEcho","GrandCross"],"picked":"NonDirectionalLaser","floor":6.0},{"not_picked":["SporeBomb","UnstableBomb"],"picked":"FairyDestructionRay","floor":10.0},{"not_picked":["GravityBeat","MilkyWay"],"picked":"AsteroidBelt","floor":11.0},{"not_picked":["ChargeUpSpray","MilkyWay"],"picked":"PowerUp","floor":13.0},{"not_picked":["UltimateShortwave","FinalSpark"],"picked":"BinaryStars","floor":16.0},{"not_picked":["ShootingEcho","Singularity"],"picked":"AlicesGift","floor":18},{"not_picked":["SporeBomb","Acceleration+1","ShootingEcho"],"picked":"SKIP","floor":20},{"not_picked":["SporeBomb","Acceleration+1","ShootingEcho"],"picked":"SKIP","floor":20},{"not_picked":["PowerUp","ShootingEcho+1","StarBarrage"],"picked":"SKIP","floor":21},{"not_picked":["EventHorizon+1","WitchLeyline","SuperPerseids+1"],"picked":"SKIP","floor":24},{"not_picked":["ShootTheMoon","AlicesGift","SporeBomb+1"],"picked":"SKIP","floor":28},{"not_picked":["DC","PowerUp+1","DeepEcoloBomb"],"picked":"SKIP","floor":30},{"not_picked":["ShootingEcho","DC","MeteoricShower+1"],"picked":"SKIP","floor":35},{"not_picked":["GrandCross","ShootingEcho","MysteriousBeam"],"picked":"SKIP","floor":38},{"not_picked":["UnstableBomb+1","PropBag"],"picked":"GalacticHalo","floor":39},{"not_picked":["WitchLeyline","IllusionStar"],"picked":"GalacticHalo","floor":41},{"not_picked":["Orbital+1","ShootTheMoon+1"],"picked":"6A+1","floor":42},{"not_picked":["PulseMagic","StarlightTyphoon+1"],"picked":"OortCloud+1","floor":45},{"not_picked":["Gensokyo:HouraiInAPot","Gensokyo:RisingWorld"],"picked":"Gensokyo:MorningStar","floor":47},{"not_picked":["ShootingEcho","Acceleration+1","ChargeUpSpray"],"picked":"SKIP","floor":48},{"not_picked":["MysteriousBeam","StarBarrage+1","PowerUp+1"],"picked":"SKIP","floor":51}],"player_experience":294327,"relics_obtained":[{"floor":9.0,"key":"Letter Opener"},{"floor":10.0,"key":"Bird Faced Urn"},{"floor":26,"key":"HandmadeGrimoire"},{"floor":28,"key":"Old Coin"}],"event_choices":[{"damage_healed":0,"gold_gain":0,"player_choice":"Upgraded","damage_taken":0,"max_hp_gain":0,"max_hp_loss":0,"event_name":"Upgrade Shrine","floor":53,"gold_loss":0,"cards_upgraded":["AbsoluteMagnitude"]}],"is_beta":false,"boss_relics":[{"not_picked":["Runic Pyramid","Philosopher\u0027s Stone","Sozu"]},{"not_picked":["Fusion Hammer","Busted Crown"],"picked":"Pandora\u0027s Box"}],"items_purged_floors":[12,54],"is_endless":false,"potions_floor_spawned":[10,11,13,20,21,24,30,35,38,42,51],"killed_by":"Gensokyo:Shinki","ascension_level":0}}