{"host":"5dhwd44u3dydylwe","time":1610324969,"event":{"mods":["AchievementEnabler","BaseMod","BetterRewards","Dota2Spire","Hubris","Minty Spire (QoL Compilation)","Shop Mod","StSLib","Wandering Minibosses"],"gold_per_floor":[113,188,200,165,150,180,180,211,211,239,239,249,60,71,71,168,168,214,230,240,93,93,126,126,188,212,239,251,32,56,133,133,263,263,281,323,373,373,392,454,454,729,729,757,344,385,404,404,404,404,404,404,173,236,266],"floor_reached":56,"playtime":2910,"items_purged":["Strike_R","Strike_R","Defend_R"],"score":2003,"play_id":"d6a7ea37-dd3a-4055-8653-d00e0ceed0a7","local_time":"20210111082929","is_ascension_mode":true,"campfire_choices":[{"data":"Apotheosis","floor":7.0,"key":"SMITH"},{"data":"Bludgeon","floor":11.0,"key":"SMITH"},{"data":"Disarm","floor":15.0,"key":"SMITH"},{"data":"Whirlwind","floor":24.0,"key":"SMITH"},{"floor":32.0,"key":"RECALL"},{"data":"hubris:StunningStrike","floor":41.0,"key":"SMITH"},{"data":"Offering","floor":49.0,"key":"SMITH"},{"data":"Double Tap","floor":52.0,"key":"SMITH"}],"circlet_count":1,"master_deck":["Strike_R","Defend_R","Defend_R","Defend_R","Bash","Apotheosis+1","Shrug It Off","Thunderclap","Flame Barrier","Battle Trance","Twin Strike","Disarm+1","True Grit","Bludgeon+1","Whirlwind+1","Burning Pact","Offering+1","Anger","Feel No Pain","Double Tap+1","Inflame+1","Offering","hubris:StunningStrike+1","Burning Pact+1"],"relics":["hubris:EmptyBottle","Pen Nib","Gremlin Horn","Eternal Feather","Dota2Spire:Butterfly","Kunai","InkBottle","Chemical X","Circlet","wanderingMiniBosses:ThiefScarf","Burning Blood","Nloth\u0027s Gift","Dota2Spire:HandOfMidas","Dota2Spire:ArmletOfMordiggian","Centennial Puzzle","Bag of Marbles","MerchantsRug","Nunchaku","Empty Cage","Dota2Spire:MagicBottle","Vajra","Dota2Spire:DivineRapier","Red Skull","Dota2Spire:PowerTreads"],"acts_visited":["Exordium","TheCity","TheBeyond","TheEnding"],"potions_floor_usage":[55,55,55,55,55,55],"damage_taken":[{"damage":0.0,"enemies":"Jaw Worm","floor":1.0,"turns":5.0},{"damage":0.0,"enemies":"Small Slimes","floor":3.0,"turns":3.0},{"damage":18.0,"enemies":"Cultist","floor":5.0,"turns":6.0},{"damage":9.0,"enemies":"Lagavulin","floor":6.0,"turns":8.0},{"damage":0.0,"enemies":"Gremlin Nob","floor":8.0,"turns":3.0},{"damage":2.0,"enemies":"3 Sentries","floor":10.0,"turns":4.0},{"damage":0.0,"enemies":"Lots of Slimes","floor":12.0,"turns":2.0},{"damage":0.0,"enemies":"Large Slime","floor":14.0,"turns":2.0},{"damage":0.0,"enemies":"The Guardian","floor":16.0,"turns":9.0},{"damage":11.0,"enemies":"Chosen","floor":18.0,"turns":5.0},{"damage":11.0,"enemies":"2 Thieves","floor":19.0,"turns":2.0},{"damage":0.0,"enemies":"Snake Plant","floor":20.0,"turns":2.0},{"damage":6.0,"enemies":"Gremlin Leader","floor":23.0,"turns":5.0},{"damage":6.0,"enemies":"Book of Stabbing","floor":25.0,"turns":1.0},{"damage":0.0,"enemies":"Slavers","floor":27.0,"turns":1.0},{"damage":6.0,"enemies":"Chosen and Byrds","floor":28.0,"turns":2.0},{"damage":6.0,"enemies":"Centurion and Healer","floor":31.0,"turns":7.0},{"damage":51.0,"enemies":"hubris:MusketHawk","floor":33.0,"turns":7.0},{"damage":10.0,"enemies":"Orb Walker","floor":35.0,"turns":3.0},{"damage":9.0,"enemies":"3 Darklings","floor":36.0,"turns":5.0},{"damage":27.0,"enemies":"4 Shapes","floor":37.0,"turns":6.0},{"damage":25.0,"enemies":"Spire Growth","floor":39.0,"turns":3.0},{"damage":48.0,"enemies":"Giant Head","floor":40.0,"turns":6.0},{"damage":26.0,"enemies":"Reptomancer","floor":44.0,"turns":3.0},{"damage":25.0,"enemies":"Maw","floor":46.0,"turns":5.0},{"damage":0.0,"enemies":"4 Shapes","floor":47.0,"turns":1.0},{"damage":31.0,"enemies":"Donu and Deca","floor":50.0,"turns":2.0},{"damage":34,"enemies":"Shield and Spear","floor":54,"turns":5},{"damage":25,"enemies":"The Heart","floor":55,"turns":5}],"seed_played":"1788677831265898239","potions_obtained":[{"floor":6.0,"key":"AttackPotion"},{"floor":8.0,"key":"LiquidBronze"},{"floor":10.0,"key":"Block Potion"},{"floor":20.0,"key":"AttackPotion"},{"floor":27.0,"key":"SpeedPotion"},{"floor":35.0,"key":"Explosive Potion"},{"floor":37.0,"key":"Dexterity Potion"},{"floor":44.0,"key":"Energy Potion"},{"floor":54,"key":"DuplicationPotion"}],"is_trial":false,"path_per_floor":["M","?","M","?","M","E","R","E","T","E","R","M","$","M","R","B",null,"M","M","M","$","?","E","R","E","T","E","M","$","T","M","R","B",null,"M","M","M","T","M","E","R","?","T","E","$","M","M","?","R","B",null,"R","$","E","B",null],"character_chosen":"IRONCLAD","items_purchased":["Apotheosis","Shrug It Off","Thunderclap","Flame Barrier","hubris:EmptyBottle","Pen Nib","Battle Trance","Gremlin Horn","Eternal Feather","Chemical X","Whirlwind","Lee\u0027s Waffle","MerchantsRug","Dota2Spire:DivineRapier","Red Skull","EssenceOfSteel"],"campfire_rested":0,"item_purchase_floors":[0,0,0,0,0,0,0,0,0,13,13,21,29,45,53,53],"current_hp_per_floor":[38,27,33,53,35,26,35,41,41,39,48,48,48,48,60,60,75,64,59,65,87,87,87,87,87,87,87,87,87,87,87,87,42,76,72,69,48,48,29,83,87,87,87,67,67,48,54,54,66,41,76,87,87,59,40],"gold":266,"neow_bonus":"","is_daily":false,"chose_seed":false,"campfire_upgraded":7,"win_rate":0.0,"timestamp":1610324969,"path_taken":["M","?","M","?","M","E","R","E","T","E","R","M","?","M","R","BOSS","M","M","M","$","?","E","R","E","T","E","?","?","?","?","R","BOSS","M","M","M","?","M","E","R","?","T","E","$","M","?","?","R","BOSS","R","$","E","BOSS"],"items_purchased_type":["Card","Card","Card","Card","Relic","Relic","Card","Relic","Relic","Relic","Card","Relic","Relic","Relic","Relic","Potion"],"build_version":"2020-12-22","purchased_purges":3,"victory":true,"max_hp_per_floor":[80,80,80,80,80,80,80,80,80,80,80,80,80,80,80,80,80,80,80,80,87,87,87,87,87,87,87,87,87,87,87,87,87,87,87,87,87,87,87,87,87,87,87,87,87,87,87,87,87,87,87,87,87,87,87],"card_choices":[{"not_picked":["Reckless Charge","Battle Trance"],"picked":"Twin Strike","floor":1.0},{"not_picked":["Havoc","Heavy Blade"],"picked":"Disarm","floor":3.0},{"not_picked":["Flex","Iron Wave","Wild Strike"],"picked":"SKIP","floor":5.0},{"not_picked":["Dual Wield","Warcry"],"picked":"True Grit","floor":6.0},{"not_picked":["Body Slam","Warcry"],"picked":"Bludgeon","floor":8.0},{"not_picked":["Clash","Second Wind","Havoc"],"picked":"SKIP","floor":10.0},{"not_picked":["Twin Strike","Armaments","Entrench"],"picked":"SKIP","floor":12.0},{"not_picked":["Pommel Strike","Thunderclap"],"picked":"Burning Pact","floor":14.0},{"not_picked":["Impervious","Limit Break"],"picked":"Offering","floor":16.0},{"not_picked":["Clash","hubris:ReadiedAction","Rupture"],"picked":"SKIP","floor":18.0},{"not_picked":["Entrench","Twin Strike"],"picked":"Anger","floor":19.0},{"not_picked":["Barricade","hubris:CleavingFinish"],"picked":"Feel No Pain","floor":20.0},{"not_picked":["Dual Wield+1","Ghostly Armor+1"],"picked":"Double Tap","floor":23.0},{"not_picked":["Sentinel","Second Wind","Feel No Pain"],"picked":"SKIP","floor":25.0},{"not_picked":["Flex","Cleave+1","Body Slam"],"picked":"SKIP","floor":27.0},{"not_picked":["Warcry","hubris:CleavingFinish+1","Whirlwind"],"picked":"SKIP","floor":28.0},{"not_picked":["hubris:CleavingFinish","Sever Soul","Evolve"],"picked":"SKIP","floor":31.0},{"not_picked":["Thunderclap","Seeing Red"],"picked":"Inflame+1","floor":35.0},{"not_picked":["Sword Boomerang+1","Iron Wave+1","Twin Strike"],"picked":"SKIP","floor":36.0},{"not_picked":["Armaments+1","Twin Strike+1","Evolve"],"picked":"SKIP","floor":37.0},{"not_picked":["Flex","Perfected Strike+1"],"picked":"Offering","floor":39.0},{"not_picked":["Perfected Strike","Anger"],"picked":"hubris:StunningStrike","floor":40.0},{"not_picked":["Clash","Sentinel","Dropkick"],"picked":"SKIP","floor":44.0},{"not_picked":["Pummel+1","Cleave"],"picked":"Burning Pact+1","floor":46.0},{"not_picked":["Headbutt","Armaments","Battle Trance+1"],"picked":"SKIP","floor":47.0},{"not_picked":["Dropkick","Perfected Strike+1","Clash"],"picked":"SKIP","floor":54}],"player_experience":63982,"relics_obtained":[{"floor":6.0,"key":"Dota2Spire:UrnOfShadows"},{"floor":8.0,"key":"Dota2Spire:Butterfly"},{"floor":9.0,"key":"Kunai"},{"floor":10.0,"key":"InkBottle"},{"floor":18.0,"key":"wanderingMiniBosses:ThiefScarf"},{"floor":18.0,"key":"Burning Blood"},{"floor":23.0,"key":"Dota2Spire:HandOfMidas"},{"floor":25.0,"key":"Dota2Spire:ArmletOfMordiggian"},{"floor":26.0,"key":"Centennial Puzzle"},{"floor":27.0,"key":"Bag of Marbles"},{"floor":30.0,"key":"Nunchaku"},{"floor":38.0,"key":"aspiration:FrozenJewel"},{"floor":40.0,"key":"Dota2Spire:MagicBottle"},{"floor":44.0,"key":"Vajra"},{"floor":54,"key":"Dota2Spire:PowerTreads"}],"event_choices":[{"damage_healed":0.0,"max_hp_gain":0.0,"max_hp_loss":0.0,"gold_gain":75.0,"event_name":"World of Goop","player_choice":"Gather Gold","floor":2.0,"gold_loss":0.0,"damage_taken":11.0},{"damage_healed":20.0,"max_hp_gain":0.0,"max_hp_loss":0.0,"gold_gain":0.0,"event_name":"The Cleric","player_choice":"Healed","floor":4.0,"gold_loss":35.0,"damage_taken":0.0},{"damage_healed":0.0,"max_hp_gain":0.0,"max_hp_loss":0.0,"gold_gain":0.0,"event_name":"N\u0027loth","player_choice":"Traded Relic","floor":22.0,"relics_lost":["Dota2Spire:UrnOfShadows"],"gold_loss":0.0,"damage_taken":0.0,"relics_obtained":["Nloth\u0027s Gift"]},{"damage_healed":0.0,"max_hp_gain":0.0,"max_hp_loss":0.0,"gold_gain":275.0,"event_name":"Golden Shrine","player_choice":"Desecrate","floor":42.0,"gold_loss":0.0,"damage_taken":0.0,"cards_obtained":["Regret"]},{"cards_removed":["Regret"],"damage_healed":0.0,"max_hp_gain":0.0,"max_hp_loss":0.0,"gold_gain":0.0,"event_name":"Purifier","player_choice":"Purged","floor":48.0,"gold_loss":0.0,"damage_taken":0.0}],"is_beta":false,"boss_relics":[{"not_picked":["hubris:Stopwatch","Runic Dome"],"picked":"aspiration:FutureDiary"},{"not_picked":["Astrolabe","Sozu"],"picked":"Empty Cage"}],"items_purged_floors":[0,29,45],"is_endless":false,"potions_floor_spawned":[6,8,10,19,20,27,35,37,44,54],"ascension_level":5}}