{"host":"ypphcgdomtfqpc2w","time":1610367474,"event":{"mods":["BaseMod","Minty Spire (QoL Compilation)","StSLib"],"gold_per_floor":[111,131,131,131,143,143,174,174,174,174,208,221,221,221,221,294,294,304,330,348,34,34,34,46,76,76,106,106,158,158,171,171,247,247,261,261,280,40,65,93,93,93,168,200,217,250,264,282,282,282,282,282,282,33,62,62],"floor_reached":57,"playtime":5242,"items_purged":["Strike_R"],"score":3026,"play_id":"01a6af51-cbfc-4edf-b94c-b15b26d939af","local_time":"20210111211754","is_ascension_mode":true,"campfire_choices":[{"data":"Brutality","floor":6,"key":"SMITH"},{"data":"Rupture","floor":8,"key":"SMITH"},{"data":"Armaments","floor":10,"key":"SMITH"},{"floor":15,"key":"REST"},{"data":"Disarm","floor":23,"key":"SMITH"},{"data":"Offering","floor":28,"key":"SMITH"},{"data":"Second Wind","floor":30,"key":"SMITH"},{"data":"Shrug It Off","floor":32,"key":"SMITH"},{"data":"Offering","floor":42,"key":"SMITH"},{"floor":49,"key":"RECALL"},{"data":"Barricade","floor":53,"key":"SMITH"}],"circlet_count":0,"master_deck":["AscendersBane","Bash","Rupture+1","Armaments+1","Brutality+1","Pummel","Offering+1","Disarm+1","Power Through+1","Reaper","Disarm","Second Wind+1","Feel No Pain","Shrug It Off+1","Inflame","Shrug It Off+1","Brutality","Sword Boomerang","Bludgeon","Offering+1","Shockwave","Barricade+1","Rampage","Shrug It Off+1","Ghostly Armor","Dark Embrace","True Grit","True Grit+1","Hemokinesis","Warcry+1"],"relics":["SacredBark","Gambling Chip","White Beast Statue","Orichalcum","Busted Crown","Red Mask","Sling","Oddly Smooth Stone","InkBottle","Blue Candle","PreservedInsect","Pandora\u0027s Box","Membership Card","War Paint","CaptainsWheel","The Courier","Dead Branch","OrangePellets","Akabeko","Anchor","Bronze Scales","Pantograph"],"acts_visited":["Exordium","TheCity","TheBeyond","TheEnding"],"potions_floor_usage":[7,11,14,19,25,33,40,55,56,56],"damage_taken":[{"damage":11,"enemies":"Small Slimes","floor":1,"turns":5},{"damage":12,"enemies":"2 Louse","floor":2,"turns":3},{"damage":3,"enemies":"Cultist","floor":5,"turns":4},{"damage":31,"enemies":"3 Sentries","floor":7,"turns":8},{"damage":12,"enemies":"Gremlin Nob","floor":11,"turns":3},{"damage":8,"enemies":"Looter","floor":12,"turns":2},{"damage":0,"enemies":"Exordium Wildlife","floor":14,"turns":3},{"damage":18,"enemies":"Hexaghost","floor":16,"turns":8},{"damage":16,"enemies":"2 Thieves","floor":18,"turns":3},{"damage":36,"enemies":"Masked Bandits","floor":19,"turns":8},{"damage":11,"enemies":"3 Byrds","floor":20,"turns":6},{"damage":28,"enemies":"3 Cultists","floor":24,"turns":5},{"damage":28,"enemies":"Gremlin Leader","floor":25,"turns":6},{"damage":13,"enemies":"Book of Stabbing","floor":27,"turns":5},{"damage":4,"enemies":"Snake Plant","floor":31,"turns":5},{"damage":73,"enemies":"Automaton","floor":33,"turns":12},{"damage":16,"enemies":"3 Shapes","floor":35,"turns":5},{"damage":21,"enemies":"Orb Walker","floor":37,"turns":4},{"damage":30,"enemies":"Mind Bloom Boss Battle","floor":39,"turns":10},{"damage":27,"enemies":"Reptomancer","floor":40,"turns":9},{"damage":29,"enemies":"Giant Head","floor":44,"turns":6},{"damage":42,"enemies":"3 Darklings","floor":45,"turns":9},{"damage":26,"enemies":"Reptomancer","floor":46,"turns":7},{"damage":18,"enemies":"Jaw Worm Horde","floor":47,"turns":4},{"damage":31,"enemies":"Maw","floor":48,"turns":7},{"damage":27,"enemies":"Donu and Deca","floor":50,"turns":7},{"damage":50,"enemies":"Time Eater","floor":51,"turns":14},{"damage":16,"enemies":"Shield and Spear","floor":55,"turns":3},{"damage":45,"enemies":"The Heart","floor":56,"turns":7}],"seed_played":"-5029510446604516805","potions_obtained":[{"floor":1,"key":"Regen Potion"},{"floor":5,"key":"Energy Potion"},{"floor":11,"key":"Ancient Potion"},{"floor":12,"key":"SmokeBomb"},{"floor":16,"key":"Weak Potion"},{"floor":19,"key":"EssenceOfSteel"},{"floor":24,"key":"DuplicationPotion"},{"floor":25,"key":"Regen Potion"},{"floor":33,"key":"FearPotion"},{"floor":35,"key":"Dexterity Potion"},{"floor":40,"key":"Strength Potion"},{"floor":46,"key":"DistilledChaos"},{"floor":55,"key":"Strength Potion"}],"is_trial":false,"path_per_floor":["M","M","?","?","M","R","E","R","T","R","E","M","?","M","R","B",null,"M","?","M","$","?","R","M","E","T","E","R","T","R","M","R","B",null,"M","?","M","$","?","E","?","R","T","E","M","E","M","M","R","B","B",null,"R","$","E","B",null],"character_chosen":"IRONCLAD","items_purchased":["Feel No Pain","Sling","Membership Card","War Paint","OrangePellets","Akabeko","Anchor","Bronze Scales"],"campfire_rested":1,"item_purchase_floors":[21,21,38,38,54,54,54,54],"current_hp_per_floor":[57,45,45,45,42,42,11,11,11,11,18,10,10,10,32,14,60,64,55,69,69,69,69,65,69,69,56,56,56,56,73,73,70,74,73,73,54,54,66,75,75,75,75,75,75,74,75,73,73,75,75,75,75,75,66,50],"gold":62,"neow_bonus":"BOSS_RELIC","is_daily":false,"chose_seed":false,"campfire_upgraded":9,"win_rate":0.0,"timestamp":1610367474,"path_taken":["M","M","?","?","M","R","E","R","T","R","E","?","?","M","R","BOSS","M","?","M","$","?","R","M","E","T","E","R","?","R","?","R","BOSS","M","?","?","$","?","E","?","R","T","E","?","E","M","M","R","BOSS","BOSS","R","$","E","BOSS"],"items_purchased_type":["Card","Relic","Relic","Relic","Relic","Relic","Relic","Relic"],"build_version":"2020-12-22","purchased_purges":1,"victory":true,"max_hp_per_floor":[75,75,75,75,75,75,75,75,75,75,75,75,75,75,75,75,75,75,75,75,75,75,75,75,75,75,75,75,75,75,75,75,75,75,75,75,75,75,75,75,75,75,75,75,75,75,75,75,75,75,75,75,75,75,75,75],"card_choices":[{"not_picked":["Clash","Seeing Red"],"picked":"Rupture","floor":1},{"not_picked":["Clash","Body Slam"],"picked":"Armaments","floor":2},{"not_picked":["Perfected Strike","Warcry"],"picked":"Pummel","floor":5},{"not_picked":["Dual Wield","Reckless Charge"],"picked":"Offering","floor":7},{"not_picked":["Clothesline","Battle Trance"],"picked":"Disarm","floor":11},{"not_picked":["Wild Strike","Carnage"],"picked":"Power Through","floor":12},{"not_picked":["Exhume","Immolate"],"picked":"Reaper","floor":16},{"not_picked":[],"picked":"Disarm","floor":18},{"not_picked":[],"picked":"Second Wind","floor":19},{"not_picked":["Second Wind+1"],"picked":"SKIP","floor":20},{"not_picked":[],"picked":"Shrug It Off+1","floor":24},{"not_picked":[],"picked":"Inflame","floor":25},{"not_picked":[],"picked":"Shrug It Off","floor":27},{"not_picked":["Ghostly Armor"],"picked":"SKIP","floor":31},{"not_picked":[],"picked":"Brutality","floor":33},{"not_picked":[],"picked":"Dark Embrace","floor":35},{"not_picked":[],"picked":"True Grit","floor":37},{"not_picked":[],"picked":"True Grit+1","floor":39},{"not_picked":["Flex+1"],"picked":"SKIP","floor":40},{"not_picked":["Wild Strike"],"picked":"SKIP","floor":44},{"not_picked":["Armaments+1"],"picked":"SKIP","floor":45},{"not_picked":["Heavy Blade"],"picked":"SKIP","floor":46},{"not_picked":["Inflame"],"picked":"SKIP","floor":47},{"not_picked":[],"picked":"Warcry+1","floor":48},{"not_picked":["Rage"],"picked":"SKIP","floor":55}],"player_experience":2021861,"relics_obtained":[{"floor":7,"key":"Gambling Chip"},{"floor":9,"key":"White Beast Statue"},{"floor":11,"key":"Orichalcum"},{"floor":19,"key":"Red Mask"},{"floor":25,"key":"Oddly Smooth Stone"},{"floor":26,"key":"InkBottle"},{"floor":27,"key":"Blue Candle"},{"floor":29,"key":"PreservedInsect"},{"floor":39,"key":"CaptainsWheel"},{"floor":40,"key":"The Courier"},{"floor":46,"key":"Dead Branch"},{"floor":55,"key":"Pantograph"}],"event_choices":[{"damage_healed":0,"gold_gain":0,"player_choice":"Ignored","damage_taken":0,"max_hp_gain":0,"max_hp_loss":0,"event_name":"Liars Game","floor":3,"gold_loss":0},{"damage_healed":0,"gold_gain":0,"player_choice":"1 cards matched","damage_taken":0,"max_hp_gain":0,"max_hp_loss":0,"event_name":"Match and Keep!","floor":4,"gold_loss":0,"cards_obtained":["Brutality"]},{"damage_healed":0,"gold_gain":0,"player_choice":"Fled","damage_taken":0,"max_hp_gain":0,"max_hp_loss":0,"event_name":"Scrap Ooze","floor":13,"gold_loss":0},{"damage_healed":0,"gold_gain":0,"player_choice":"Fought Bandits","damage_taken":0,"max_hp_gain":0,"max_hp_loss":0,"event_name":"Masked Bandits","floor":19,"gold_loss":0},{"damage_healed":0,"gold_gain":0,"player_choice":"Ignored","damage_taken":0,"max_hp_gain":0,"max_hp_loss":0,"event_name":"Ghosts","floor":22,"gold_loss":0},{"damage_healed":0,"gold_gain":0,"player_choice":"Ignored","damage_taken":0,"max_hp_gain":0,"max_hp_loss":0,"event_name":"Transmorgrifier","floor":36,"gold_loss":0},{"damage_healed":0,"gold_gain":0,"player_choice":"Fight","damage_taken":0,"max_hp_gain":0,"max_hp_loss":0,"event_name":"MindBloom","floor":39,"gold_loss":0},{"damage_healed":0,"gold_gain":0,"player_choice":"1 cards matched","damage_taken":0,"max_hp_gain":0,"max_hp_loss":0,"event_name":"Match and Keep!","floor":41,"gold_loss":0,"cards_obtained":["Hemokinesis"]},{"damage_healed":0,"gold_gain":0,"player_choice":"1 cards matched","damage_taken":0,"max_hp_gain":0,"max_hp_loss":0,"event_name":"Match and Keep!","floor":41,"gold_loss":0,"cards_obtained":["Hemokinesis"]}],"is_beta":false,"boss_relics":[{"not_picked":["Runic Dome","Tiny House"],"picked":"Busted Crown"},{"not_picked":["Velvet Choker","Fusion Hammer"],"picked":"Pandora\u0027s Box"}],"items_purged_floors":[21],"is_endless":false,"potions_floor_spawned":[1,5,11,12,14,16,18,19,20,24,25,27,31,33,35,37,39,40,44,45,46,47,48,55],"ascension_level":20}}