{"host":"9op7xyky91xc1g6p","time":1610334399,"event":{"mods":["Act Like it!","Astrologer","Bartender","BaseMod","Beaked The Cultist","Better Altar","Better Note","Better Sensory Stone","Better Skull","Better Third Choice","Better Vampires","BshForSts","CapriCore","Energized Spire","Gensokyo","Hallownest","Hermit","Infinite Spire","Koishi","Magitek Elite","Marisa????????","Minty Spire (QoL Compilation)","Random Character Button","Remilia??????","Retaliation","Robot Space Explorer","Shade Mod","SpireExporter+","StSLib","The Animator","The Disciple","The Elementalist","The Hierophant","The Immortal","The Marked","The Mystic","The Poker Player","The Runesmith","The Spell Scribe","TheArtist","TheBandit","Trackpad","Yuyuko","??????REMEMod"],"gold_per_floor":[113,113,113,126,144,144,176,176,176,351,366,382,382,45,45,145,145,157,157,157],"floor_reached":19,"playtime":2764,"items_purged":[],"score":167,"play_id":"86f8104f-e324-47aa-9f5c-ef278b4b11fc","local_time":"20210110190639","is_ascension_mode":false,"campfire_choices":[{"floor":6,"key":"REST"},{"floor":15,"key":"REST"}],"circlet_count":0,"master_deck":["elementalist:Air_Emblem","elementalist:Air_Emblem","elementalist:Strike+Elemblue","elementalist:Defend_Elemblue","elementalist:Defend_Elemblue","elementalist:Defend_Elemblue","elementalist:Defend_Elemblue","elementalist:Defend_Elemblue","elementalist:Firestrike","elementalist:Earthstrike","elementalist:Waterstrike","elementalist:Airstrike","elementalist:Crystal_Chalk","elementalist:Pressurize","elementalist:Cyclone","elementalist:Magma_Shot","elementalist:Low_Tides","Gensokyo:AllTheWorldsEvil","Shame","infinitespire:Oblivion","Doubt","elementalist:Spark","elementalist:Spout","elementalist:Confluence","elementalist:Overheat","elementalist:Fission_Lance","elementalist:Wirbelwight","elementalist:Mist"],"relics":["elementalistmod:MagusStaff","elementalistmod:GraduationLetter","REME_ComplimentaryCards","elementalistmod:GreenCirclet","Ginger","trackpad:FieryHotPepper","Blood Vial","Regal Pillow","Black Star","Shovel"],"acts_visited":["Exordium","Gensokyo:Gensokyoer"],"potions_floor_usage":[7,7,14,16,16],"damage_taken":[{"damage":2,"enemies":"2 Louse","floor":1,"turns":3},{"damage":3,"enemies":"Small Slimes","floor":4,"turns":7},{"damage":16,"enemies":"Cultist","floor":5,"turns":5},{"damage":41,"enemies":"Gremlin Nob","floor":7,"turns":8},{"damage":0,"enemies":"Blue Slaver","floor":11,"turns":3},{"damage":0,"enemies":"3 Louse","floor":12,"turns":2},{"damage":54,"enemies":"The Guardian","floor":16,"turns":13},{"damage":55,"enemies":"Gensokyo:CosmicMonolith","floor":18,"turns":9},{"damage":27,"enemies":"Gensokyo:3_Dogs","floor":19,"turns":5}],"seed_played":"3769466289161838831","potions_obtained":[{"floor":1,"key":"SpeedPotion"},{"floor":4,"key":"DuplicationPotion"},{"floor":5,"key":"EntropicBrew"},{"floor":7,"key":"Swift Potion"}],"is_trial":false,"path_per_floor":["M","?","?","M","M","R","E","?","T","?","M","M","?","$","R","B",null,"M","M"],"character_chosen":"THE_ELEMENTALIST","items_purchased":["Regal Pillow","elementalist:Confluence","elementalist:Overheat","elementalist:Fission_Lance"],"campfire_rested":2,"item_purchase_floors":[14,14,14,14],"current_hp_per_floor":[75,75,75,72,56,77,36,36,36,36,36,36,36,36,74,37,77,22,0,0],"gold":157,"neow_bonus":"TEN_PERCENT_HP_BONUS","is_daily":false,"chose_seed":false,"campfire_upgraded":0,"win_rate":0.0,"timestamp":1610334399,"path_taken":["M","?","?","?","M","R","E","?","T","?","M","M","?","$","R","BOSS","M","M"],"items_purchased_type":["Relic","Card","Card","Card"],"build_version":"2020-12-22","purchased_purges":0,"victory":false,"max_hp_per_floor":[77,77,77,77,77,77,77,77,77,77,77,77,77,77,77,77,77,77,77,77],"card_choices":[{"not_picked":["elementalist:Mage_Hand","elementalist:Flame"],"picked":"elementalist:Pressurize","floor":1},{"not_picked":["elementalist:Mage_Hand","elementalist:Ignition"],"picked":"elementalist:Cyclone","floor":4},{"not_picked":["elementalist:Cyclone","elementalist:Aero"],"picked":"elementalist:Magma_Shot","floor":5},{"not_picked":["elementalist:Aero","elementalist:Monument"],"picked":"elementalist:Low_Tides","floor":7},{"not_picked":["infinitespire:FutureSight","infinitespire:Punishment"],"picked":"infinitespire:Oblivion","floor":8},{"not_picked":["elementalist:Cyclone","elementalist:Momentum"],"picked":"elementalist:Spark","floor":11},{"not_picked":["elementalist:Pressurize","elementalist:Multification"],"picked":"elementalist:Spout","floor":12},{"not_picked":["elementalist:Tsunami","elementalist:Quadmire"],"picked":"elementalist:Wirbelwight","floor":16},{"not_picked":["elementalist:Magma_Shot","elementalist:Monument"],"picked":"elementalist:Mist","floor":18}],"player_experience":386647,"relics_obtained":[{"floor":7,"key":"Ginger"},{"floor":9,"key":"trackpad:FieryHotPepper"},{"floor":18,"key":"Shovel"}],"event_choices":[{"damage_healed":0,"gold_gain":0,"player_choice":"Ignored","damage_taken":0,"max_hp_gain":0,"max_hp_loss":0,"event_name":"betterNote:BetterNote","floor":2,"gold_loss":0,"cards_obtained":["theMarked:ThrowWeapon"]},{"damage_healed":0,"gold_gain":175,"player_choice":"AGREE","damage_taken":176,"max_hp_gain":0,"max_hp_loss":0,"event_name":"betterThird:BetterSerpent","floor":10,"gold_loss":0},{"damage_healed":0,"gold_gain":0,"player_choice":"Gave Potion","damage_taken":0,"relics_obtained":["Blood Vial"],"max_hp_gain":0,"max_hp_loss":0,"event_name":"WeMeetAgain","floor":13,"gold_loss":0}],"is_beta":false,"boss_relics":[{"not_picked":["trackpad:StolenKidneys","beaked:MawFillet"],"picked":"Black Star"}],"items_purged_floors":[],"is_endless":false,"potions_floor_spawned":[1,4,5,7],"killed_by":"Gensokyo:3_Dogs","ascension_level":0}}