{"host":"cg4v982k2u4fkmak","time":1610373351,"event":{"mods":["BaseMod","BetterRewards","Colored Map","Conspire","Dota2Spire","Downfall","KinomotoSakuraMod(Ä¾Ö®±¾Ó£)","Marisa£¨ìFÓê¡¡Ä§ÀíÉ³£©","Minty Spire (QoL Compilation)","Quick Restart","RumiaBox-Â¶Ã×æ«µÄÉñÃØºÐ×Ó","SIMod","Shop Mod","StSLib","TestMod","The Servant 0.9.4","UnlockEverythingMod","Youmu£¨»êÆÇÑýÃÎ£©","vexMod","óô»ðÖ¸ÄÏ"],"gold_per_floor":[117,129,142,152,164,64,77,77,77,96,46,65,65,75,75,128,128,144,100,100,118,118,18,47,47,47,81,180,60,67,87,87,211,211,228,88,106,160,160,206,46,66,66,106,106,106,133,133,133,150],"floor_reached":51,"playtime":3122,"items_purged":["Defend_G","Strike_G","Defend_G","Defend_G","Defend_G","Defend_G"],"score":916,"play_id":"ffbb913e-eedf-4dc0-9daf-64d9c38cc746","local_time":"20210111215551","is_ascension_mode":false,"campfire_choices":[{"data":"Reflex","floor":8,"key":"SMITH"},{"floor":13,"key":"REST"},{"data":"Slice","floor":15,"key":"SMITH"},{"data":"Adrenaline","floor":25,"key":"SMITH"},{"data":"Masterful Stab","floor":32,"key":"SMITH"},{"data":"A Thousand Cuts","floor":49,"key":"SMITH"}],"circlet_count":0,"master_deck":["Survivor","Neutralize","Prepared","Dagger Throw","Quick Slash","Slice+1","Acrobatics","Deflect","Reflex+1","Adrenaline+1","Dodge and Roll","Masterful Stab+1","Blur","Deflect","Bite","Bite","Bite","Bite","Bite","Backflip","Prepared+1","A Thousand Cuts+1","Pain","Normality"],"relics":["Ring of the Snake","testmod-TestBox","testmod-Hope","testmod-RainbowHikingShoes","Dota2Spire:BattleFury","Dota2Spire:Satanic","Dota2Spire:Satanic","The Courier","testmod-DeterminationOfClimber","conspire:BottledYoYo","Regal Pillow","conspire:TopHat","testmod-Muramasa","Baka2","Ice Cream","vexMod:MemoryStick","Dota2Spire:CrimsonGuard"],"acts_visited":["Exordium","TheCity","TheBeyond"],"potions_floor_usage":[],"damage_taken":[{"damage":0,"enemies":"Jaw Worm","floor":1,"turns":3},{"damage":0,"enemies":"Small Slimes","floor":2,"turns":1},{"damage":16,"enemies":"2 Louse","floor":3,"turns":2},{"damage":0,"enemies":"Large Slime","floor":4,"turns":1},{"damage":17,"enemies":"Looter","floor":5,"turns":3},{"damage":0,"enemies":"3 Louse","floor":7,"turns":1},{"damage":0,"enemies":"Red Slaver","floor":10,"turns":1},{"damage":0,"enemies":"2 Fungi Beasts","floor":12,"turns":1},{"damage":0,"enemies":"Exordium Thugs","floor":14,"turns":1},{"damage":14,"enemies":"Hexaghost","floor":16,"turns":4},{"damage":0,"enemies":"Chosen","floor":18,"turns":1},{"damage":0,"enemies":"3 Byrds","floor":19,"turns":1},{"damage":0,"enemies":"Cultist and Chosen","floor":21,"turns":1},{"damage":0,"enemies":"Slavers","floor":24,"turns":1},{"damage":0,"enemies":"conspire:Head Lice","floor":27,"turns":1},{"damage":0,"enemies":"Snecko","floor":30,"turns":2},{"damage":0,"enemies":"Snake Plant","floor":31,"turns":1},{"damage":36,"enemies":"Champ","floor":33,"turns":5},{"damage":0,"enemies":"3 Shapes","floor":35,"turns":1},{"damage":0,"enemies":"Orb Walker","floor":37,"turns":1},{"damage":0,"enemies":"2 Orb Walkers","floor":38,"turns":1},{"damage":0,"enemies":"Giant Head","floor":40,"turns":1},{"damage":0,"enemies":"3 Darklings","floor":42,"turns":1},{"damage":0,"enemies":"Nemesis","floor":44,"turns":1},{"damage":0,"enemies":"Maw","floor":47,"turns":1},{"damage":0,"enemies":"Donu and Deca","floor":50,"turns":1}],"seed_played":"4550842176742010986","potions_obtained":[{"floor":1,"key":"Strength Potion"},{"floor":10,"key":"CunningPotion"},{"floor":12,"key":"SteroidPotion"},{"floor":14,"key":"champ:CounterPotion"},{"floor":19,"key":"DuplicationPotion"},{"floor":24,"key":"DuplicationPotion"},{"floor":35,"key":"Fire Potion"},{"floor":38,"key":"Fruit Juice"}],"is_trial":false,"path_per_floor":["M","M","M","M","M","R","M","R","T","M","?","M","R","M","R","B",null,"M","M","?","M","?","R","E","R","T","E","?","R","M","M","R","B",null,"M","$","M","?","?","E","R","M","T","E","?","$","M","?","R","B",null],"character_chosen":"THE_SILENT","items_purchased":["Prepared","Well Laid Plans","Quick Slash","Dota2Spire:BattleFury"],"campfire_rested":1,"item_purchase_floors":[0,0,0,0],"current_hp_per_floor":[38,38,31,31,14,14,14,14,14,14,14,14,35,40,40,26,70,70,70,49,49,42,42,53,53,53,54,54,54,54,54,54,54,54,54,54,54,54,54,60,60,60,60,60,60,60,60,60,60,60],"gold":150,"neow_bonus":"","is_daily":false,"chose_seed":false,"campfire_upgraded":5,"win_rate":0.0,"timestamp":1610373351,"path_taken":["M","M","M","M","M","R","M","R","T","M","?","M","R","M","R","BOSS","M","M","?","M","?","R","E","R","T","E","?","R","M","M","R","BOSS","M","$","M","?","?","E","R","M","T","E","?","$","?","?","R","BOSS"],"items_purchased_type":["Card","Card","Card","Relic"],"build_version":"2020-12-22","purchased_purges":6,"victory":true,"max_hp_per_floor":[70,70,70,70,70,70,70,70,70,70,70,70,70,70,70,70,70,70,70,49,49,54,54,54,54,54,54,54,54,54,54,54,54,54,54,54,54,54,54,60,60,60,60,60,60,60,60,60,60,60],"card_choices":[{"not_picked":["Cloak And Dagger","Poisoned Stab"],"picked":"Slice","floor":1},{"not_picked":["Sucker Punch","Outmaneuver"],"picked":"Acrobatics","floor":2},{"not_picked":["Blade Dance","Bane"],"picked":"Deflect","floor":3},{"not_picked":["Infinite Blades","conspire:DoublingDagger"],"picked":"Reflex","floor":4},{"not_picked":["Eviscerate","Quick Slash"],"picked":"Adrenaline","floor":5},{"not_picked":["Dagger Throw","Blade Dance"],"picked":"Dodge and Roll","floor":7},{"not_picked":["Dagger Spray","Quick Slash"],"picked":"Masterful Stab","floor":10},{"not_picked":["Distraction","Flechettes","PiercingWail"],"picked":"SKIP","floor":12},{"not_picked":["Dodge and Roll","Predator","Heel Hook"],"picked":"SKIP","floor":14},{"not_picked":["Deflect","Tactician"],"picked":"Blur","floor":18},{"not_picked":["Poisoned Stab+1","All Out Attack"],"picked":"Deflect","floor":19},{"not_picked":["Dagger Spray+1","Backstab","Deadly Poison"],"picked":"SKIP","floor":21},{"not_picked":["Terror","Doppelganger"],"picked":"Backflip","floor":24},{"not_picked":["Endless Agony+1","All Out Attack","Night Terror"],"picked":"SKIP","floor":27},{"not_picked":["Deadly Poison+1","Backflip"],"picked":"Prepared+1","floor":30},{"not_picked":["Dagger Spray","Setup","Deadly Poison"],"picked":"SKIP","floor":31},{"not_picked":["Dash","All Out Attack+1","Infinite Blades"],"picked":"SKIP","floor":35},{"not_picked":["Expertise","Outmaneuver","Catalyst+1"],"picked":"SKIP","floor":37},{"not_picked":["Slice","Endless Agony+1"],"picked":"A Thousand Cuts","floor":40},{"not_picked":["Acrobatics+1","Blur","Heel Hook+1"],"picked":"SKIP","floor":42},{"not_picked":["Dodge and Roll+1","Cloak And Dagger","Deadly Poison"],"picked":"SKIP","floor":44},{"not_picked":["Caltrops+1","Skewer+1","Masterful Stab"],"picked":"SKIP","floor":47}],"player_experience":37958,"relics_obtained":[{"floor":1,"key":"Baka"},{"floor":2,"key":"Dota2Spire:Satanic"},{"floor":2,"key":"Dota2Spire:Satanic"},{"floor":9,"key":"The Courier"},{"floor":24,"key":"conspire:BottledYoYo"},{"floor":26,"key":"Regal Pillow"},{"floor":27,"key":"conspire:TopHat"},{"floor":27,"key":"testmod-Muramasa"},{"floor":31,"key":"Baka2"},{"floor":38,"key":"Ice Cream"},{"floor":40,"key":"vexMod:MemoryStick"},{"floor":43,"key":"Dota2Spire:CrimsonGuard"}],"event_choices":[{"cards_removed":["Strike_G"],"damage_healed":0,"gold_gain":0,"player_choice":"Card Removal","damage_taken":0,"max_hp_gain":0,"max_hp_loss":0,"event_name":"The Cleric","floor":11,"gold_loss":50},{"damage_healed":0,"gold_gain":0,"player_choice":"Became a vampire","damage_taken":0,"max_hp_gain":0,"max_hp_loss":21,"event_name":"Vampires","floor":20,"gold_loss":0,"cards_obtained":["Bite","Bite","Bite","Bite","Bite"]},{"damage_healed":0,"gold_gain":0,"player_choice":"Shed Blood","damage_taken":12,"max_hp_gain":5,"max_hp_loss":0,"event_name":"Forgotten Altar","floor":22,"gold_loss":0},{"damage_healed":0,"gold_gain":99,"player_choice":"Stole From Cult","damage_taken":0,"max_hp_gain":0,"max_hp_loss":0,"event_name":"Nest","floor":28,"gold_loss":0},{"damage_healed":0,"gold_gain":0,"player_choice":"Fight","damage_taken":0,"max_hp_gain":0,"max_hp_loss":0,"event_name":"Mysterious Sphere","floor":38,"gold_loss":0},{"damage_healed":0,"gold_gain":0,"player_choice":"Ignored","damage_taken":0,"max_hp_gain":0,"max_hp_loss":0,"event_name":"NoteForYourself","floor":45,"gold_loss":0},{"cards_removed":["Well Laid Plans"],"damage_healed":0,"gold_gain":0,"player_choice":"Removed Power","damage_taken":0,"max_hp_gain":0,"max_hp_loss":0,"event_name":"Falling","floor":48,"gold_loss":0}],"is_beta":false,"boss_relics":[{"not_picked":["testmod-DreamHouse","testmod-Nine"],"picked":"testmod-DeterminationOfClimber"},{"not_picked":["SacredBark","Velvet Choker","vexMod:CursedCompass"]}],"items_purged_floors":[0,6,23,29,36,41],"is_endless":false,"potions_floor_spawned":[1,10,12,14,19,24,31,35,38,40,42],"ascension_level":0}}