{"host":"udyc8f81k2jocuhg","time":1610370394,"event":{"mods":["2.2 Compatiblity","BaseMod","Better Third Choice","Colored Powertips","Conspire","Custom Start","GifTheSpireLib","Hermit","Minty Spire (QoL Compilation)","Permanent Neow","Quick Restart","Relic Filter","Relic Stats","Replay The Spire","Shop Mod","Spikes Relics","StSLib","Stuff the Spire"],"gold_per_floor":[365,81,94,114,114,140,140,172,172,172,172],"floor_reached":10,"playtime":451,"items_purged":[],"score":87,"play_id":"a7e42a7b-72b3-46d2-86dd-cca88a6666e5","local_time":"20210111140634","is_ascension_mode":true,"campfire_choices":[{"data":"hermit:FlashPowder","floor":7.0,"key":"SMITH"}],"circlet_count":0,"master_deck":["hermit:Strike_Hermit","hermit:Strike_Hermit","hermit:Strike_Hermit","hermit:Strike_Hermit","hermit:Defend_Hermit","hermit:Defend_Hermit","hermit:Defend_Hermit","hermit:Defend_Hermit","hermit:Snapshot","hermit:Covet","hermit:Determination","hermit:FlashPowder+1"],"relics":["hermit:Momento","ReplayTheSpireMod:Shallot","Pocketwatch","Mercury Hourglass","RoseTintedShades"],"acts_visited":["Exordium"],"potions_floor_usage":[8],"damage_taken":[{"damage":7.0,"enemies":"Small Slimes","floor":1.0,"turns":3.0},{"damage":0.0,"enemies":"Cultist","floor":3.0,"turns":3.0},{"damage":0.0,"enemies":"Jaw Worm","floor":4.0,"turns":3.0},{"damage":28.0,"enemies":"Gremlin Nob","floor":6.0,"turns":5.0},{"damage":31,"enemies":"Lagavulin","floor":8,"turns":8},{"damage":9,"enemies":"3 Sentries","floor":10,"turns":3}],"seed_played":"-7524381015337039238","potions_obtained":[{"floor":1.0,"key":"Reflective Coating"},{"floor":6.0,"key":"Explosive Potion"}],"is_trial":false,"path_per_floor":["M","$","M","M","?","E","R","E","T","E"],"character_chosen":"HERMIT","items_purchased":["hermit:Determination","ReplayTheSpireMod:Shallot"],"campfire_rested":0,"item_purchase_floors":[2,2],"current_hp_per_floor":[61,61,61,61,61,33,33,2,2,0,0],"gold":172,"neow_bonus":"TWO_FIFTY_GOLD","is_daily":false,"chose_seed":false,"campfire_upgraded":1,"win_rate":0.0,"timestamp":1610370394,"path_taken":["M","$","M","M","?","E","R","E","T","E"],"items_purchased_type":["Card","Relic"],"build_version":"2020-12-22","purchased_purges":0,"victory":false,"max_hp_per_floor":[68,68,68,68,68,68,68,68,68,68,68],"relic_stats":{"counters":[6,25],"obtain_stats":[{"ReplayTheSpireMod:Shallot":2,"RoseTintedShades":9,"hermit:Momento":0,"Pocketwatch":6,"Mercury Hourglass":8},{"ReplayTheSpireMod:Shallot":1,"RoseTintedShades":5,"hermit:Momento":0,"Pocketwatch":4,"Mercury Hourglass":5},{"ReplayTheSpireMod:Shallot":3,"RoseTintedShades":22,"hermit:Momento":0,"Pocketwatch":14,"Mercury Hourglass":22}],"Pocketwatch":[18],"Mercury Hourglass":[27]},"card_choices":[{"not_picked":["hermit:Enervate","hermit:Roulette"],"picked":"hermit:Deadeye","floor":1.0},{"not_picked":["hermit:Quickdraw","hermit:ItchyTrigger","hermit:Headshot"],"picked":"SKIP","floor":3.0},{"not_picked":["hermit:BodyArmor","hermit:Vantage"],"picked":"hermit:FlashPowder","floor":4.0},{"not_picked":["hermit:HighCaliber","hermit:NoHoldsBarred","hermit:Misfire"],"picked":"SKIP","floor":6.0},{"not_picked":["hermit:Vantage","hermit:LowProfile","hermit:DeadMansHand"],"picked":"SKIP","floor":8}],"player_experience":1971610,"relics_obtained":[{"floor":6.0,"key":"Pocketwatch"},{"floor":8,"key":"Mercury Hourglass"},{"floor":9,"key":"RoseTintedShades"}],"event_choices":[{"cards_removed":["hermit:Deadeye"],"damage_healed":0.0,"max_hp_gain":0.0,"max_hp_loss":0.0,"gold_gain":0.0,"event_name":"Purifier","player_choice":"Purged","floor":5.0,"gold_loss":0.0,"damage_taken":0.0}],"is_beta":false,"boss_relics":[],"items_purged_floors":[],"is_endless":false,"potions_floor_spawned":[1,6],"killed_by":"3 Sentries","ascension_level":3}}