{"host":"0ndhasp09f4rkdar","time":1610348528,"event":{"mods":["BaseMod","Dio Mod","Hermit","Hero for Fun","Minty Spire (QoL Compilation)","Replay The Spire","StSLib","SuperFastMode","The Bladedancer"],"gold_per_floor":[111,125,200,215,215,215,247,247,247,247,260,260,274,290,290,290,290],"floor_reached":16,"playtime":534,"items_purged":[],"score":107,"play_id":"148886ad-04bf-482c-813a-0fa49dceb6be","local_time":"20210111150208","is_ascension_mode":true,"campfire_choices":[{"data":"Double Energy","floor":6.0,"key":"SMITH"},{"data":"Reboot","floor":8.0,"key":"SMITH"},{"floor":12.0,"key":"REST"},{"floor":15,"key":"REST"}],"circlet_count":0,"master_deck":["Strike_B","Strike_B+1","Strike_B","Strike_B","Defend_B","Defend_B","Defend_B","Defend_B","Zap","Dualcast","Go for the Eyes","Double Energy+1","Reboot+1","Sweeping Beam","Turbo","White Noise"],"relics":["Cracked Core","NeowsBlessing","Replay:Bottled Flurry","DataDisk","Bottled Flame"],"acts_visited":["Exordium"],"potions_floor_usage":[16],"damage_taken":[{"damage":0.0,"enemies":"Small Slimes","floor":1.0,"turns":1.0},{"damage":0.0,"enemies":"2 Louse","floor":2.0,"turns":1.0},{"damage":0.0,"enemies":"Jaw Worm","floor":4.0,"turns":1.0},{"damage":36.0,"enemies":"Lagavulin","floor":7.0,"turns":7.0},{"damage":13.0,"enemies":"Gremlin Gang","floor":11.0,"turns":4.0},{"damage":2.0,"enemies":"Blue Slaver","floor":13.0,"turns":3.0},{"damage":2,"enemies":"Large Slime","floor":14,"turns":5},{"damage":67,"enemies":"Fading Forest","floor":16,"turns":8}],"seed_played":"-6099659895867693584","potions_obtained":[{"floor":2.0,"key":"Languid Potion"},{"floor":13.0,"key":"Cursed Concoction"},{"floor":14,"key":"Strength Potion"}],"is_trial":false,"path_per_floor":["M","M","?","M","?","R","E","R","T","T","M","R","M","M","R","B"],"character_chosen":"DEFECT","items_purchased":[],"campfire_rested":2,"item_purchase_floors":[],"current_hp_per_floor":[75,75,64,64,64,64,28,28,28,28,15,37,35,33,55,0,0],"gold":290,"neow_bonus":"THREE_ENEMY_KILL","is_daily":false,"chose_seed":false,"campfire_upgraded":2,"win_rate":0.0,"timestamp":1610348528,"path_taken":["M","M","?","M","?","R","E","R","T","?","M","R","M","M","R","BOSS"],"items_purchased_type":[],"build_version":"2020-12-22","purchased_purges":0,"victory":false,"max_hp_per_floor":[75,75,75,75,75,75,75,75,75,75,75,75,75,75,75,75,75],"card_choices":[{"not_picked":["Hologram","Fusion"],"picked":"Go for the Eyes","floor":1.0},{"not_picked":["Reinforced Body","Sweeping Beam","Hologram"],"picked":"SKIP","floor":2.0},{"not_picked":["Ball Lightning","Conserve Battery"],"picked":"Double Energy","floor":4.0},{"not_picked":["Reboot","Panic Button","Go for the Eyes"],"picked":"SKIP","floor":7.0},{"not_picked":["Panic Button","Go for the Eyes"],"picked":"Reboot","floor":7.0},{"not_picked":["Tempest","Panic Button"],"picked":"Sweeping Beam","floor":11.0},{"not_picked":["Steam","Leap"],"picked":"Turbo","floor":13.0},{"not_picked":["Sweeping Beam","Mirror Shield"],"picked":"White Noise","floor":14}],"player_experience":213030,"relics_obtained":[{"floor":7.0,"key":"Replay:Bottled Flurry"},{"floor":9.0,"key":"DataDisk"},{"floor":10.0,"key":"Bottled Flame"}],"event_choices":[{"damage_healed":0.0,"max_hp_gain":0.0,"max_hp_loss":0.0,"gold_gain":75.0,"event_name":"World of Goop","player_choice":"Gather Gold","floor":3.0,"gold_loss":0.0,"damage_taken":11.0}],"is_beta":false,"boss_relics":[],"items_purged_floors":[],"is_endless":false,"potions_floor_spawned":[2,13,14],"killed_by":"Fading Forest","ascension_level":1}}