{"host":"xrbutm0tzv4qwo7u","time":1610400919,"event":{"mods":["AchievementEnabler","BaseMod","Colored Map","Colored Powertips","Dark Map","Hermit","Minty Spire (QoL Compilation)","Quick Restart","StSLib","The Cursed","The Marked"],"gold_per_floor":[118,118,131,147,147,147,181,181,207,239,239,268,279,311,311,412,412,432,432,432,405,405,405,432,432,456,485,497,524,564,592,604,717,729,751,808,820,842,451,478,478,504,583,583,616,629,135,160,160,263,263,280,292,367,377,61,61,61,86,134,167,196,225,225,243,243,341,341,351,366,382,185,185,219,19,19,49,62,93,110,140,157,157,157,157],"floor_reached":84,"playtime":3421,"items_purged":["Sword Boomerang","Whirlwind+1","Sword Boomerang"],"score":1852,"play_id":"500010c0-3dc9-48b4-8d09-6a7b2cb49c44","local_time":"20210111153519","daily_mods":["DeadlyEvents","Elite Swarm"],"is_ascension_mode":false,"campfire_choices":[{"data":"Body Slam","floor":6,"key":"SMITH"},{"data":"Barricade","floor":8,"key":"SMITH"},{"data":"Defend_R","floor":11,"key":"SMITH"},{"floor":15,"key":"REST"},{"data":"Ghostly","floor":23,"key":"SMITH"},{"data":"Ghostly","floor":25,"key":"SMITH"},{"data":"Juggernaut","floor":32,"key":"SMITH"},{"data":"Apotheosis","floor":41,"key":"SMITH"},{"data":"1","floor":44,"key":"LIFT"},{"data":"2","floor":49,"key":"LIFT"},{"data":"3","floor":57,"key":"LIFT"},{"data":"Mind Blast","floor":64,"key":"SMITH"},{"data":"Body Slam","floor":66,"key":"SMITH"},{"data":"Exhume","floor":76,"key":"SMITH"},{"data":"Body Slam","floor":83,"key":"SMITH"}],"circlet_count":0,"master_deck":["Strike_R","Strike_R","Defend_R+1","Defend_R+1","Defend_R+1","Defend_R","Bash","Entrench+1","Fire Breathing","Body Slam+1","Barricade+1","Juggernaut+1","Metallicize","Double Tap","Berserk","Warcry+1","Ghostly+1","Ghostly+1","Ghostly","Ghostly+1","Ghostly","RitualDagger","Berserk","Impervious","Sword Boomerang+1","Impervious","Spot Weakness","Offering+1","Heavy Blade","Body Slam+1","Body Slam","Entrench+1","Apotheosis+1","Mind Blast+1","Impervious","Exhume+1","Exhume","Rampage","Flame Barrier","Exhume","Impervious","Clothesline+1","Twin Strike+1","Flex","Ghostly Armor","Iron Wave","Metallicize","Bandage Up","Bludgeon","Limit Break","Impervious","Juggernaut","Flame Barrier","Barricade","Rage","Ghostly Armor","Barricade","Berserk","Armaments","Impervious","Body Slam+1","Juggernaut","Flame Barrier"],"relics":["Burning Blood","Bag of Marbles","Red Skull","Smiling Mask","HornCleat","Eternal Feather","Philosopher\u0027s Stone","Blue Candle","StrikeDummy","Omamori","MawBank","Regal Pillow","Runic Pyramid","Girya","DollysMirror","Ginger","Lantern","Shuriken","CaptainsWheel","Sundial","Sling","Turnip","Astrolabe","Toolbox","War Paint","SlaversCollar","Brimstone","Chemical X"],"acts_visited":["Exordium","TheCity","TheBeyond","Exordium","TheCity"],"potions_floor_usage":[12,14,14,24],"damage_taken":[{"damage":14,"enemies":"Jaw Worm","floor":1,"turns":7},{"damage":1,"enemies":"Cultist","floor":3,"turns":3},{"damage":10,"enemies":"2 Louse","floor":4,"turns":4},{"damage":27,"enemies":"3 Sentries","floor":7,"turns":6},{"damage":7,"enemies":"Lagavulin","floor":10,"turns":9},{"damage":18,"enemies":"3 Sentries","floor":12,"turns":5},{"damage":0,"enemies":"Large Slime","floor":13,"turns":5},{"damage":27,"enemies":"Gremlin Nob","floor":14,"turns":5},{"damage":11,"enemies":"Hexaghost","floor":16,"turns":11},{"damage":11,"enemies":"Chosen","floor":18,"turns":5},{"damage":14,"enemies":"2 Thieves","floor":21,"turns":5},{"damage":18,"enemies":"Book of Stabbing","floor":24,"turns":6},{"damage":5,"enemies":"Gremlin Leader","floor":27,"turns":7},{"damage":0,"enemies":"Centurion and Healer","floor":29,"turns":7},{"damage":0,"enemies":"Book of Stabbing","floor":30,"turns":7},{"damage":18,"enemies":"Sentry and Sphere","floor":31,"turns":7},{"damage":0,"enemies":"Champ","floor":33,"turns":8},{"damage":6,"enemies":"Orb Walker","floor":35,"turns":5},{"damage":22,"enemies":"2 Orb Walkers","floor":36,"turns":6},{"damage":8,"enemies":"3 Darklings","floor":38,"turns":5},{"damage":6,"enemies":"Giant Head","floor":40,"turns":6},{"damage":1,"enemies":"Nemesis","floor":42,"turns":7},{"damage":0,"enemies":"Reptomancer","floor":45,"turns":5},{"damage":6,"enemies":"Maw","floor":46,"turns":4},{"damage":0,"enemies":"Giant Head","floor":48,"turns":6},{"damage":23,"enemies":"Donu and Deca","floor":50,"turns":7},{"damage":0,"enemies":"Small Slimes","floor":52,"turns":1},{"damage":6,"enemies":"Cultist","floor":53,"turns":1},{"damage":0,"enemies":"Jaw Worm","floor":55,"turns":1},{"damage":0,"enemies":"Lagavulin","floor":59,"turns":2},{"damage":20,"enemies":"3 Sentries","floor":61,"turns":5},{"damage":6,"enemies":"Lagavulin","floor":62,"turns":4},{"damage":0,"enemies":"Gremlin Nob","floor":63,"turns":1},{"damage":0,"enemies":"Blue Slaver","floor":65,"turns":1},{"damage":3,"enemies":"The Guardian","floor":67,"turns":5},{"damage":19,"enemies":"Chosen","floor":69,"turns":2},{"damage":0,"enemies":"3 Byrds","floor":70,"turns":6},{"damage":6,"enemies":"Centurion and Healer","floor":71,"turns":2},{"damage":0,"enemies":"Slavers","floor":74,"turns":2},{"damage":2,"enemies":"Book of Stabbing","floor":77,"turns":3},{"damage":1,"enemies":"Shelled Parasite and Fungi","floor":78,"turns":4},{"damage":0,"enemies":"Gremlin Leader","floor":79,"turns":1},{"damage":2,"enemies":"Chosen and Byrds","floor":80,"turns":2},{"damage":11,"enemies":"Book of Stabbing","floor":81,"turns":4},{"damage":6,"enemies":"Centurion and Healer","floor":82,"turns":6},{"damage":0,"enemies":"Automaton","floor":84,"turns":1}],"seed_played":"3810978615346116303","potions_obtained":[{"floor":4,"key":"EntropicBrew"},{"floor":7,"key":"Fire Potion"},{"floor":13,"key":"SteroidPotion"},{"floor":14,"key":"Fire Potion"},{"floor":18,"key":"CultistPotion"},{"floor":24,"key":"PowerPotion"},{"floor":31,"key":"EntropicBrew"},{"floor":35,"key":"Fire Potion"}],"is_trial":true,"path_per_floor":["M","?","M","M","?","R","E","R","T","E","R","E","M","E","R","B",null,"M","?","?","M","T","R","E","R","T","E","$","M","E","M","R","B",null,"M","?","?","M","$","E","R","E","T","R","E","M","$","E","R","B",null,"M","M","?","M","$","R","?","E","T","E","E","E","R","M","R","B",null,"M","M","M","$","?","E","$","R","E","M","E","M","E","M","R","B"],"character_chosen":"IRONCLAD","items_purchased":["DollysMirror","Apotheosis","Mind Blast","Sundial","Sling","Flame Barrier","Metallicize","Toolbox","Bandage Up","Brimstone","Chemical X"],"campfire_rested":1,"item_purchase_floors":[39,39,39,47,47,47,56,56,56,72,75],"current_hp_per_floor":[72,72,77,73,57,57,36,36,36,35,35,37,53,38,71,70,80,79,40,34,33,33,40,28,40,40,40,40,40,40,28,40,40,40,40,38,38,40,40,40,40,40,40,40,40,40,40,40,40,33,40,40,40,29,35,35,40,40,40,40,30,30,36,40,40,40,40,40,27,39,39,39,39,40,40,40,40,40,40,40,39,39,40,40,40],"gold":157,"neow_bonus":"","is_daily":false,"chose_seed":false,"campfire_upgraded":11,"win_rate":0.0,"timestamp":1610400919,"path_taken":["M","?","M","?","?","R","E","R","T","E","R","E","M","?","R","BOSS","M","?","?","?","?","R","E","R","T","E","$","M","E","M","R","BOSS","M","?","?","?","$","E","R","E","T","R","E","?","$","E","R","BOSS","M","M","?","M","$","R","?","E","T","E","?","E","R","M","R","BOSS","M","?","M","$","?","E","$","R","E","M","?","M","E","M","R","BOSS"],"items_purchased_type":["Relic","Card","Card","Relic","Relic","Card","Card","Relic","Card","Relic","Relic"],"build_version":"2020-12-22","purchased_purges":3,"victory":false,"max_hp_per_floor":[80,80,80,80,80,80,80,80,80,80,80,80,80,80,80,80,80,80,40,40,40,40,40,40,40,40,40,40,40,40,40,40,40,40,40,40,40,40,40,40,40,40,40,40,40,40,40,40,40,40,40,40,40,40,40,40,40,40,40,40,40,40,40,40,40,40,40,40,40,40,40,40,40,40,40,40,40,40,40,40,40,40,40,40,40],"card_choices":[{"not_picked":["Sword Boomerang","Inflame"],"picked":"Entrench","floor":1},{"not_picked":["Clash","Rupture"],"picked":"Fire Breathing","floor":3},{"not_picked":["Wild Strike","Reckless Charge"],"picked":"Body Slam","floor":4},{"not_picked":["Feed","Offering"],"picked":"Barricade","floor":7},{"not_picked":["Offering","Corruption"],"picked":"Reaper","floor":10},{"not_picked":["Bludgeon","Impervious"],"picked":"Juggernaut","floor":12},{"not_picked":["Armaments","Pommel Strike"],"picked":"Metallicize","floor":13},{"not_picked":["Brutality","Corruption"],"picked":"Double Tap","floor":14},{"not_picked":["Corruption","Limit Break"],"picked":"Berserk","floor":16},{"not_picked":["Heavy Blade","Rupture+1"],"picked":"Warcry+1","floor":18},{"not_picked":["True Grit","Heavy Blade"],"picked":"Sword Boomerang","floor":21},{"not_picked":["Corruption","Barricade"],"picked":"Berserk","floor":24},{"not_picked":["Bludgeon","Reaper"],"picked":"Impervious","floor":27},{"not_picked":["True Grit","Cleave"],"picked":"Sword Boomerang+1","floor":29},{"not_picked":["Bludgeon","Reaper"],"picked":"Impervious","floor":30},{"not_picked":["Rage","Uppercut"],"picked":"Spot Weakness","floor":31},{"not_picked":["Bludgeon","Corruption"],"picked":"Offering","floor":33},{"not_picked":["Clash","Anger"],"picked":"Heavy Blade","floor":35},{"not_picked":["Inflame+1","Shockwave"],"picked":"Body Slam","floor":36},{"not_picked":["Wild Strike+1","Thunderclap"],"picked":"Body Slam","floor":38},{"not_picked":["Limit Break","Feed"],"picked":"Impervious","floor":40},{"not_picked":["Brutality","Berserk"],"picked":"Exhume","floor":42},{"not_picked":["Offering","Limit Break"],"picked":"Exhume","floor":45},{"not_picked":["Perfected Strike","Clash"],"picked":"Rampage","floor":46},{"not_picked":["Offering","Bludgeon"],"picked":"Exhume","floor":48},{"not_picked":["Brutality","Feed"],"picked":"Impervious","floor":50},{"not_picked":["Perfected Strike","Clash"],"picked":"Flex","floor":52},{"not_picked":["Evolve","Cleave"],"picked":"Ghostly Armor","floor":53},{"not_picked":["Headbutt","Pommel Strike"],"picked":"Iron Wave","floor":55},{"not_picked":["Corruption","Brutality"],"picked":"Bludgeon","floor":59},{"not_picked":["Berserk","Offering"],"picked":"Limit Break","floor":61},{"not_picked":["Berserk","Reaper"],"picked":"Impervious","floor":62},{"not_picked":["Berserk","Brutality"],"picked":"Juggernaut","floor":63},{"not_picked":["Disarm","Rupture"],"picked":"Flame Barrier","floor":65},{"not_picked":["Bludgeon","Brutality"],"picked":"Barricade","floor":67},{"not_picked":["Perfected Strike","Wild Strike"],"picked":"Rage","floor":69},{"not_picked":["Cleave","True Grit+1"],"picked":"Sword Boomerang","floor":70},{"not_picked":["Rupture","Anger","Clash+1"],"picked":"SKIP","floor":71},{"not_picked":["Brutality","Offering"],"picked":"Barricade","floor":74},{"not_picked":["Immolate","Brutality"],"picked":"Berserk","floor":77},{"not_picked":["Ghostly Armor+1","Flex"],"picked":"Armaments","floor":78},{"not_picked":["Bludgeon","Exhume"],"picked":"Impervious","floor":79},{"not_picked":["Twin Strike+1","Feel No Pain"],"picked":"Body Slam","floor":80},{"not_picked":["Barricade","Bludgeon"],"picked":"Juggernaut","floor":81},{"not_picked":["Shrug It Off","Flex"],"picked":"Flame Barrier","floor":82}],"player_experience":44358,"relics_obtained":[{"floor":7,"key":"Bag of Marbles"},{"floor":9,"key":"Red Skull"},{"floor":10,"key":"Smiling Mask"},{"floor":12,"key":"HornCleat"},{"floor":14,"key":"Eternal Feather"},{"floor":22,"key":"Blue Candle"},{"floor":24,"key":"StrikeDummy"},{"floor":26,"key":"Omamori"},{"floor":27,"key":"MawBank"},{"floor":30,"key":"Regal Pillow"},{"floor":36,"key":"Girya"},{"floor":40,"key":"Ginger"},{"floor":42,"key":"Lantern"},{"floor":43,"key":"Shuriken"},{"floor":45,"key":"CaptainsWheel"},{"floor":48,"key":"Turnip"},{"floor":60,"key":"War Paint"}],"event_choices":[{"damage_healed":0,"gold_gain":0,"player_choice":"Upgraded","damage_taken":0,"max_hp_gain":0,"max_hp_loss":0,"event_name":"Upgrade Shrine","floor":2,"gold_loss":0,"cards_upgraded":["Entrench"]},{"damage_healed":0,"gold_gain":0,"player_choice":"Entered Light","damage_taken":16,"max_hp_gain":0,"max_hp_loss":0,"event_name":"Shining Light","floor":5,"gold_loss":0,"cards_upgraded":["Defend_R","Defend_R"]},{"damage_healed":0,"gold_gain":0,"player_choice":"Became a Ghost","damage_taken":0,"max_hp_gain":0,"max_hp_loss":40,"event_name":"Ghosts","floor":19,"gold_loss":0,"cards_obtained":["Ghostly","Ghostly","Ghostly","Ghostly","Ghostly"]},{"damage_healed":0,"gold_gain":0,"player_choice":"Joined the Cult","damage_taken":6,"max_hp_gain":0,"max_hp_loss":0,"event_name":"Nest","floor":20,"gold_loss":0,"cards_obtained":["RitualDagger"]},{"damage_healed":0,"gold_gain":0,"player_choice":"Fight","damage_taken":0,"max_hp_gain":0,"max_hp_loss":0,"event_name":"Mysterious Sphere","floor":36,"gold_loss":0},{"cards_removed":["Strike_R"],"damage_healed":0,"gold_gain":0,"player_choice":"Removed Attack","damage_taken":0,"max_hp_gain":0,"max_hp_loss":0,"event_name":"Falling","floor":37,"gold_loss":0},{"damage_healed":0,"gold_gain":75,"player_choice":"Gather Gold","damage_taken":11,"max_hp_gain":0,"max_hp_loss":0,"event_name":"World of Goop","floor":54,"gold_loss":0},{"damage_healed":0,"gold_gain":0,"player_choice":"Ignored","damage_taken":0,"max_hp_gain":0,"max_hp_loss":0,"event_name":"NoteForYourself","floor":58,"gold_loss":0},{"damage_healed":0,"gold_gain":0,"player_choice":"Read","damage_taken":0,"max_hp_gain":0,"max_hp_loss":0,"event_name":"The Library","floor":73,"gold_loss":0,"cards_obtained":["Ghostly Armor"]}],"is_beta":false,"boss_relics":[{"not_picked":["Runic Dome","Ectoplasm"],"picked":"Philosopher\u0027s Stone"},{"not_picked":["Fusion Hammer","Pandora\u0027s Box"],"picked":"Runic Pyramid"},{"not_picked":["SacredBark","Cursed Key"],"picked":"Astrolabe"},{"not_picked":["Sozu","Busted Crown"],"picked":"SlaversCollar"}],"items_purged_floors":[47,72,75],"is_endless":true,"potions_floor_spawned":[4,7,13,14,18,24,27,31,35,38,45,48,50,52,62,63,69,79,80,82],"killed_by":"Automaton","ascension_level":0}}