{"host":"dbkc9h3etq50r1dq","time":1610407649,"event":{"mods":["AchievementEnabler","BaseMod","Block Reminder","Colored Powertips","Curses Come First","Custom Start","Dark Map","Minty Spire (QoL Compilation)","Permanent Neow","Potion Indicator Mod","Rare Cards Sparkle","StSLib","SuperFastMode"],"gold_per_floor":[112,112,112,112,125,165,165,206,206,206,29,29,29,104,104,235,235,229,229,253,129,168,168,188,206,274,299,9,29,29,29],"floor_reached":30,"playtime":2633,"items_purged":["Strike_G"],"score":295,"play_id":"744e2bca-ac81-46f1-969e-fa6b1ec22247","local_time":"20210112072729","is_ascension_mode":true,"campfire_choices":[{"floor":7.0,"key":"REST"},{"floor":10.0,"key":"REST"},{"data":"Sucker Punch","floor":12.0,"key":"SMITH"},{"floor":15.0,"key":"REST"},{"data":"Dagger Spray","floor":23,"key":"SMITH"}],"circlet_count":0,"master_deck":["Strike_G","Strike_G","Strike_G","Defend_G","Defend_G","Defend_G","Defend_G","Survivor","Neutralize","Sucker Punch+1","Heel Hook","Adrenaline","Infinite Blades+1","Bullet Time","Escape Plan+1","Dagger Spray+1","Backflip","Flying Knee+1","Outmaneuver","Cloak And Dagger","Finisher","Phantasmal Killer"],"relics":["Ring of the Snake","Golden Idol","Bird Faced Urn","Darkstone Periapt","WingedGreaves","Empty Cage","Red Mask","Shuriken"],"acts_visited":["Exordium","TheCity"],"potions_floor_usage":[22,27,29,29],"damage_taken":[{"damage":11.0,"enemies":"Jaw Worm","floor":1.0,"turns":8.0},{"damage":0.0,"enemies":"2 Louse","floor":5.0,"turns":3.0},{"damage":36.0,"enemies":"Lagavulin","floor":6.0,"turns":9.0},{"damage":16.0,"enemies":"3 Sentries","floor":8.0,"turns":10.0},{"damage":65.0,"enemies":"Slime Boss","floor":16.0,"turns":13.0},{"damage":13.0,"enemies":"2 Thieves","floor":18.0,"turns":4.0},{"damage":4.0,"enemies":"Shell Parasite","floor":20.0,"turns":6.0},{"damage":12,"enemies":"Masked Bandits","floor":22,"turns":4},{"damage":15,"enemies":"Snecko","floor":24,"turns":6},{"damage":12,"enemies":"3 Cultists","floor":25,"turns":6},{"damage":25,"enemies":"Cultist and Chosen","floor":27,"turns":7},{"damage":2,"enemies":"Snecko","floor":29,"turns":4},{"damage":6,"enemies":"Colosseum Slavers","floor":30,"turns":2}],"seed_played":"4699970335214306656","potions_obtained":[{"floor":0.0,"key":"Block Potion"},{"floor":0.0,"key":"GamblersBrew"},{"floor":0.0,"key":"SneckoOil"},{"floor":1.0,"key":"LiquidMemories"},{"floor":6.0,"key":"BlessingOfTheForge"},{"floor":8.0,"key":"Regen Potion"},{"floor":18.0,"key":"CunningPotion"},{"floor":20.0,"key":"Strength Potion"},{"floor":25,"key":"AttackPotion"},{"floor":27,"key":"ColorlessPotion"}],"is_trial":false,"path_per_floor":["M","?","?","?","M","E","R","E","T","R","$","R","?","?","R","B",null,"M","?","M","$","?","R","M","M","T","M","$","M","?"],"character_chosen":"THE_SILENT","items_purchased":["Fruit Juice","Infinite Blades","Backflip","Shuriken","Weak Potion"],"campfire_rested":3,"item_purchase_floors":[11,11,21,28,28],"current_hp_per_floor":[59,59,59,59,59,23,42,28,28,47,47,47,47,36,55,8,55,44,70,66,66,56,56,43,33,33,10,10,10,4,4],"gold":29,"neow_bonus":"THREE_SMALL_POTIONS","is_daily":false,"chose_seed":false,"campfire_upgraded":2,"win_rate":0.0,"timestamp":1610407649,"path_taken":["M","?","?","?","?","E","R","E","T","R","$","R","?","?","R","BOSS","M","?","?","$","?","R","M","M","T","M","$","M","?"],"items_purchased_type":["Potion","Card","Card","Relic","Potion"],"build_version":"2020-12-22","purchased_purges":1,"victory":false,"max_hp_per_floor":[70,65,65,65,65,65,65,65,65,65,65,65,65,65,65,70,70,70,70,70,70,70,70,70,70,70,70,70,70,70,70],"card_choices":[{"not_picked":["Riddle With Holes","Bane"],"picked":"Well Laid Plans","floor":1.0},{"not_picked":["Concentrate","Flying Knee"],"picked":"Sucker Punch","floor":5.0},{"not_picked":["Burst","Distraction"],"picked":"Heel Hook","floor":6.0},{"not_picked":["Poisoned Stab","Blade Dance"],"picked":"Adrenaline","floor":8.0},{"not_picked":["Unload","Grand Finale"],"picked":"Bullet Time","floor":16.0},{"not_picked":["Backstab+1","Dodge and Roll"],"picked":"Escape Plan+1","floor":18.0},{"not_picked":["Underhanded Strike+1","Dagger Throw"],"picked":"Dagger Spray","floor":20.0},{"not_picked":["Riddle With Holes","Expertise"],"picked":"Flying Knee+1","floor":22},{"not_picked":["Predator","Sucker Punch"],"picked":"Outmaneuver","floor":24},{"not_picked":["Flying Knee","All Out Attack+1"],"picked":"Cloak And Dagger","floor":25},{"not_picked":["Deadly Poison","Dagger Spray"],"picked":"Finisher","floor":27},{"not_picked":["Calculated Gamble","Flying Knee"],"picked":"Phantasmal Killer","floor":29}],"player_experience":119236,"relics_obtained":[{"floor":6.0,"key":"Bird Faced Urn"},{"floor":8.0,"key":"Darkstone Periapt"},{"floor":9.0,"key":"WingedGreaves"},{"floor":22,"key":"Red Mask"}],"event_choices":[{"damage_healed":0.0,"max_hp_gain":0.0,"max_hp_loss":5.0,"gold_gain":0.0,"event_name":"Golden Idol","player_choice":"Lose Max HP","floor":2.0,"gold_loss":0.0,"damage_taken":0.0,"relics_obtained":["Golden Idol"]},{"damage_healed":0.0,"max_hp_gain":0.0,"max_hp_loss":0.0,"gold_gain":0.0,"event_name":"Shining Light","player_choice":"Ignored","floor":3.0,"gold_loss":0.0,"damage_taken":0.0},{"damage_healed":0.0,"max_hp_gain":0.0,"max_hp_loss":0.0,"gold_gain":0.0,"event_name":"The Woman in Blue","player_choice":"Bought 0 Potions","floor":4.0,"gold_loss":0.0,"damage_taken":0.0},{"damage_healed":0.0,"max_hp_gain":0.0,"max_hp_loss":0.0,"gold_gain":0.0,"event_name":"Living Wall","player_choice":"Grow","floor":13.0,"gold_loss":0.0,"damage_taken":0.0,"cards_upgraded":["Infinite Blades"]},{"damage_healed":0.0,"max_hp_gain":0.0,"max_hp_loss":0.0,"gold_gain":75.0,"event_name":"World of Goop","player_choice":"Gather Gold","floor":14.0,"gold_loss":0.0,"damage_taken":11.0},{"cards_removed":["Well Laid Plans"],"damage_healed":26.0,"max_hp_gain":0.0,"max_hp_loss":0.0,"gold_gain":0.0,"event_name":"Bonfire Elementals","player_choice":"Offered Uncommon","floor":19.0,"gold_loss":0.0,"damage_taken":0.0},{"damage_healed":0,"gold_gain":0,"player_choice":"Fought Bandits","damage_taken":0,"max_hp_gain":0,"max_hp_loss":0,"event_name":"Masked Bandits","floor":22,"gold_loss":0},{"damage_healed":0,"gold_gain":0,"player_choice":"Fight","damage_taken":0,"max_hp_gain":0,"max_hp_loss":0,"event_name":"Colosseum","floor":30,"gold_loss":0}],"is_beta":false,"boss_relics":[{"not_picked":["Snecko Eye","Runic Dome"],"picked":"Empty Cage"}],"items_purged_floors":[21],"is_endless":false,"potions_floor_spawned":[1,6,8,18,20,25,27],"killed_by":"Colosseum Slavers","ascension_level":5}}