{"host":"tnsigirk6wurdark","time":1610355507,"event":{"mods":["BaseMod","Colored Map","Colored Powertips","DeckTracker","Highlight Path","Minty Spire (QoL Compilation)","Quick Restart","Relic Sorter","StSLib","SuperFastMode","Synergy Search"],"gold_per_floor":[111,32,45,62,82,114,134,154,181,66,66,82,93,119,119,190,190,206,219,230,230,9,9,9,9],"floor_reached":24,"playtime":1792,"items_purged":["Strike_G"],"score":360,"play_id":"86a58b52-5446-48b9-acb8-a26dad461fcc","local_time":"20210111085827","is_ascension_mode":true,"campfire_choices":[{"data":"Venomology","floor":11,"key":"SMITH"},{"floor":15,"key":"REST"},{"data":"Footwork","floor":23,"key":"SMITH"}],"circlet_count":0,"master_deck":["AscendersBane","Strike_G","Strike_G","Strike_G","Strike_G","Defend_G","Defend_G","Defend_G","Defend_G","Defend_G","Survivor","Neutralize","Sucker Punch","Footwork+1","Quick Slash","Venomology+1","Dagger Spray","All Out Attack","Cloak And Dagger","Sucker Punch","Heel Hook","Infinite Blades","Leg Sweep","Unload","Doppelganger","Infinite Blades","Blade Dance","Infinite Blades"],"relics":["Ring of the Snake","Vajra","Art of War","Tingsha","WristBlade","Oddly Smooth Stone"],"acts_visited":["Exordium","TheCity"],"potions_floor_usage":[6,7,12,14,16,16,18,18,18,19,20,20,24],"damage_taken":[{"damage":7,"enemies":"Cultist","floor":1,"turns":5},{"damage":0,"enemies":"Small Slimes","floor":3,"turns":6},{"damage":1,"enemies":"Jaw Worm","floor":4,"turns":5},{"damage":6,"enemies":"Large Slime","floor":5,"turns":10},{"damage":20,"enemies":"Gremlin Nob","floor":6,"turns":4},{"damage":0,"enemies":"Looter","floor":7,"turns":3},{"damage":3,"enemies":"3 Louse","floor":8,"turns":3},{"damage":12,"enemies":"Exordium Thugs","floor":12,"turns":5},{"damage":0,"enemies":"Exordium Wildlife","floor":13,"turns":3},{"damage":9,"enemies":"3 Sentries","floor":14,"turns":7},{"damage":15,"enemies":"Hexaghost","floor":16,"turns":12},{"damage":1,"enemies":"Spheric Guardian","floor":18,"turns":5},{"damage":23,"enemies":"2 Thieves","floor":19,"turns":5},{"damage":19,"enemies":"3 Cultists","floor":20,"turns":5},{"damage":25,"enemies":"Slavers","floor":24,"turns":3}],"seed_played":"7662279948406584462","potions_obtained":[{"floor":3,"key":"SneckoOil"},{"floor":6,"key":"Strength Potion"},{"floor":8,"key":"Regen Potion"},{"floor":12,"key":"Weak Potion"},{"floor":13,"key":"BlessingOfTheForge"},{"floor":16,"key":"Dexterity Potion"},{"floor":20,"key":"Fruit Juice"}],"is_trial":false,"path_per_floor":["M","$","M","M","M","E","M","M","T","$","R","M","M","E","R","B",null,"M","M","M","$","$","R","E"],"character_chosen":"THE_SILENT","items_purchased":["Footwork","Heel Hook","Oddly Smooth Stone","Infinite Blades"],"campfire_rested":1,"item_purchase_floors":[2,10,22,22],"current_hp_per_floor":[58,58,58,57,51,31,31,28,28,28,28,30,30,21,42,27,61,60,37,23,23,23,23,0,0],"gold":9,"neow_bonus":"TEN_PERCENT_HP_BONUS","is_daily":false,"chose_seed":false,"campfire_upgraded":2,"win_rate":0.0,"timestamp":1610355507,"path_taken":["M","?","M","M","M","E","M","?","T","$","R","M","M","E","R","BOSS","M","M","M","?","$","R","E"],"items_purchased_type":["Card","Card","Relic","Card"],"build_version":"2020-12-22","purchased_purges":1,"victory":false,"max_hp_per_floor":[72,72,72,72,72,72,72,72,72,72,72,72,72,72,72,72,72,72,72,77,77,77,77,77,77],"card_choices":[{"not_picked":["Outmaneuver","Flying Knee"],"picked":"Sucker Punch","floor":1},{"not_picked":["Underhanded Strike","Blade Dance"],"picked":"Quick Slash","floor":3},{"not_picked":["Reflex","Sucker Punch"],"picked":"Venomology","floor":4},{"not_picked":["Cloak And Dagger","Masterful Stab"],"picked":"Dagger Spray","floor":5},{"not_picked":["Tactician","Predator"],"picked":"All Out Attack","floor":6},{"not_picked":["Accuracy","Eviscerate"],"picked":"Cloak And Dagger","floor":7},{"not_picked":["Underhanded Strike","Expertise"],"picked":"Sucker Punch","floor":8},{"not_picked":["Prepared","Reflex"],"picked":"Infinite Blades","floor":12},{"not_picked":["Crippling Poison","Acrobatics"],"picked":"Leg Sweep","floor":13},{"not_picked":["Tactician","Skewer"],"picked":"Unload","floor":14},{"not_picked":["Grand Finale","Envenom"],"picked":"Doppelganger","floor":16},{"not_picked":["Underhanded Strike","Expertise","Bane"],"picked":"SKIP","floor":18},{"not_picked":["Caltrops","Acrobatics"],"picked":"Infinite Blades","floor":19},{"not_picked":["PiercingWail","Bane"],"picked":"Blade Dance","floor":20}],"player_experience":666173,"relics_obtained":[{"floor":6,"key":"Vajra"},{"floor":9,"key":"Art of War"},{"floor":14,"key":"Tingsha"}],"event_choices":[],"is_beta":false,"boss_relics":[{"not_picked":["Runic Pyramid","Fusion Hammer"],"picked":"WristBlade"}],"items_purged_floors":[10],"is_endless":false,"potions_floor_spawned":[3,6,8,12,13,16,20],"killed_by":"Slavers","ascension_level":14}}