{"host":"l60rmjjsfi0fipmi","time":1610332919,"event":{"mods":["BaseMod","Colored Map","DeckTracker","Highlight Path","Minty Spire (QoL Compilation)"],"gold_per_floor":[211,114,126,183,183,183,202,202,202,232,250,261,261,274,274,377,427,447,126,144,144,144,175,175,175,175,192,207,207,238,258,258,353,353,372,385,71,71,85,85,116,129,129,129,144,160,170,170,170,170],"floor_reached":51,"playtime":3706,"items_purged":["Strike_P"],"score":838,"play_id":"f90d7152-7bd3-4caa-a2e9-43800c09cc0b","local_time":"20210110214159","is_ascension_mode":true,"campfire_choices":[{"data":"Eruption","floor":6,"key":"SMITH"},{"data":"CrushJoints","floor":8,"key":"SMITH"},{"data":"Vigilance","floor":15,"key":"SMITH"},{"data":"Vault","floor":24,"key":"SMITH"},{"floor":29,"key":"REST"},{"data":"Tantrum","floor":32,"key":"SMITH"},{"floor":40,"key":"REST"},{"data":"BattleHymn","floor":44,"key":"SMITH"},{"floor":49,"key":"REST"}],"circlet_count":0,"master_deck":["Strike_P+1","Strike_P+1","Strike_P+1","Defend_P+1","Defend_P+1","Defend_P+1","Defend_P+1","Eruption+1","Vigilance+1","EmptyFist","Conclude","SashWhip","Prostrate","CrushJoints+1","SandsOfTime","ClearTheMind+1","Tantrum+1","Vault+1","ReachHeaven","LikeWater+1","Meditate+1","Evaluate+1","FlurryOfBlows+1","Devotion","Halt","BattleHymn+1","WaveOfTheHand+1","Adaptation+1"],"relics":["PureWater","Art of War","Lizard Tail","Regal Pillow","Tiny House","Meat on the Bone","Yang","Darkstone Periapt","CaptainsWheel","VioletLotus","Incense Burner","Anchor","Sundial","War Paint"],"acts_visited":["Exordium","TheCity","TheBeyond"],"potions_floor_usage":[16,16,50,50],"damage_taken":[{"damage":0,"enemies":"Jaw Worm","floor":1,"turns":2},{"damage":0,"enemies":"Small Slimes","floor":3,"turns":2},{"damage":0,"enemies":"2 Louse","floor":7,"turns":1},{"damage":21,"enemies":"3 Sentries","floor":10,"turns":9},{"damage":0,"enemies":"2 Fungi Beasts","floor":11,"turns":2},{"damage":8,"enemies":"Large Slime","floor":12,"turns":5},{"damage":0,"enemies":"Lots of Slimes","floor":14,"turns":1},{"damage":54,"enemies":"The Guardian","floor":16,"turns":13},{"damage":20,"enemies":"2 Thieves","floor":18,"turns":4},{"damage":9,"enemies":"Spheric Guardian","floor":20,"turns":5},{"damage":27,"enemies":"Gremlin Leader","floor":23,"turns":7},{"damage":0,"enemies":"Centurion and Healer","floor":27,"turns":5},{"damage":17,"enemies":"Sentry and Sphere","floor":28,"turns":5},{"damage":2,"enemies":"Book of Stabbing","floor":30,"turns":4},{"damage":24,"enemies":"Snake Plant","floor":31,"turns":5},{"damage":30,"enemies":"Automaton","floor":33,"turns":9},{"damage":28,"enemies":"3 Shapes","floor":35,"turns":5},{"damage":19,"enemies":"Orb Walker","floor":36,"turns":6},{"damage":36,"enemies":"Jaw Worm Horde","floor":39,"turns":5},{"damage":38,"enemies":"Nemesis","floor":41,"turns":6},{"damage":38,"enemies":"Writhing Mass","floor":42,"turns":7},{"damage":5,"enemies":"Maw","floor":45,"turns":7},{"damage":11,"enemies":"Jaw Worm Horde","floor":46,"turns":6},{"damage":27,"enemies":"4 Shapes","floor":47,"turns":5},{"damage":63,"enemies":"Time Eater","floor":50,"turns":13}],"seed_played":"849515257415658977","potions_obtained":[{"floor":3,"key":"Explosive Potion"},{"floor":11,"key":"SpeedPotion"},{"floor":14,"key":"Dexterity Potion"},{"floor":17,"key":"GamblersBrew"},{"floor":23,"key":"Strength Potion"}],"is_trial":false,"path_per_floor":["M","$","M","?","?","R","M","R","T","E","M","M","?","M","R","B",null,"M","$","M","?","?","E","R","?","T","M","M","R","E","M","R","B",null,"M","M","$","?","M","R","E","M","T","R","M","M","M","?","R","B",null],"character_chosen":"WATCHER","items_purchased":["Conclude","SashWhip","Meat on the Bone","Incense Burner"],"campfire_rested":3,"item_purchase_floors":[2,2,19,37],"current_hp_per_floor":[72,72,72,72,69,69,69,69,69,48,48,40,64,64,64,10,77,57,57,48,48,73,46,46,46,46,46,41,77,75,51,51,33,77,49,42,42,42,18,56,30,50,50,50,45,46,31,31,69,18],"gold":170,"neow_bonus":"HUNDRED_GOLD","is_daily":false,"chose_seed":false,"campfire_upgraded":6,"win_rate":0.0,"timestamp":1610332919,"path_taken":["M","$","M","?","?","R","M","R","T","E","M","M","?","M","R","BOSS","M","$","M","?","?","E","R","?","T","M","M","R","E","M","R","BOSS","M","?","$","?","M","R","E","M","T","R","M","M","M","?","R","BOSS"],"items_purchased_type":["Card","Card","Relic","Relic"],"build_version":"2020-12-22","purchased_purges":1,"victory":true,"max_hp_per_floor":[72,72,72,72,72,72,72,72,72,72,72,72,72,72,72,72,77,77,77,77,77,77,77,77,77,77,77,77,77,77,77,77,77,77,77,77,77,77,77,77,77,77,77,77,77,77,77,77,77,77],"card_choices":[{"not_picked":["Protect","ThirdEye"],"picked":"EmptyFist","floor":1},{"not_picked":["CutThroughFate","SignatureMove"],"picked":"Prostrate","floor":3},{"not_picked":["ReachHeaven","BowlingBash"],"picked":"CrushJoints","floor":7},{"not_picked":["ThirdEye","CutThroughFate"],"picked":"SandsOfTime","floor":10},{"not_picked":["Ragnarok","Vengeance"],"picked":"ClearTheMind","floor":11},{"not_picked":["Perseverance","Evaluate","FlyingSleeves"],"picked":"SKIP","floor":12},{"not_picked":["FlurryOfBlows","Evaluate"],"picked":"Tantrum","floor":14},{"not_picked":["SpiritShield","Wish"],"picked":"Vault","floor":16},{"not_picked":["PathToVictory","BowlingBash"],"picked":"ReachHeaven","floor":17},{"not_picked":["EmptyFist","FlyingSleeves+1"],"picked":"LikeWater+1","floor":18},{"not_picked":["CutThroughFate+1","Consecrate+1"],"picked":"Meditate","floor":20},{"not_picked":["Consecrate","CrushJoints"],"picked":"Evaluate+1","floor":23},{"not_picked":["FollowUp","SashWhip+1"],"picked":"FlurryOfBlows+1","floor":27},{"not_picked":["SashWhip+1","JustLucky+1","Weave"],"picked":"SKIP","floor":28},{"not_picked":["FlurryOfBlows","Weave","SashWhip"],"picked":"SKIP","floor":30},{"not_picked":["Swivel","Consecrate","FlurryOfBlows"],"picked":"SKIP","floor":31},{"not_picked":["MasterReality","DevaForm"],"picked":"Devotion","floor":33},{"not_picked":["Prostrate+1","Collect+1"],"picked":"Halt","floor":35},{"not_picked":["Fasting2","Consecrate"],"picked":"BattleHymn","floor":36},{"not_picked":["JustLucky","Consecrate+1"],"picked":"WaveOfTheHand","floor":39},{"not_picked":["Sanctity","Blasphemy","BattleHymn+1"],"picked":"SKIP","floor":41},{"not_picked":["FlyingSleeves","Perseverance+1"],"picked":"Adaptation+1","floor":42},{"not_picked":["EmptyBody+1","WreathOfFlame+1","FlurryOfBlows+1"],"picked":"SKIP","floor":45},{"not_picked":["EmptyBody+1","BattleHymn","WreathOfFlame"],"picked":"SKIP","floor":46},{"not_picked":["FlyingSleeves+1","CrushJoints","Prostrate+1"],"picked":"SKIP","floor":47}],"player_experience":333532,"relics_obtained":[{"floor":9,"key":"Lizard Tail"},{"floor":10,"key":"Regal Pillow"},{"floor":23,"key":"Yang"},{"floor":26,"key":"Darkstone Periapt"},{"floor":30,"key":"CaptainsWheel"},{"floor":41,"key":"Anchor"},{"floor":43,"key":"Sundial"}],"event_choices":[{"damage_healed":0,"gold_gain":57,"player_choice":"Gained Gold","damage_taken":0,"max_hp_gain":0,"max_hp_loss":0,"event_name":"Golden Wing","floor":4,"gold_loss":0},{"damage_healed":0,"gold_gain":0,"player_choice":"Success","damage_taken":3,"relics_obtained":["Art of War"],"max_hp_gain":0,"max_hp_loss":0,"event_name":"Scrap Ooze","floor":5,"gold_loss":0},{"damage_healed":24,"gold_gain":0,"player_choice":"Banana","damage_taken":0,"max_hp_gain":0,"max_hp_loss":0,"event_name":"Big Fish","floor":13,"gold_loss":0},{"damage_healed":0,"gold_gain":0,"player_choice":"Simplicity","damage_taken":0,"max_hp_gain":0,"max_hp_loss":0,"event_name":"Back to Basics","floor":21,"gold_loss":0,"cards_upgraded":["Strike_P","Strike_P","Defend_P","Defend_P","Defend_P","Defend_P"]},{"damage_healed":25,"gold_gain":0,"player_choice":"Heal","damage_taken":0,"max_hp_gain":0,"max_hp_loss":0,"event_name":"The Library","floor":22,"gold_loss":0},{"damage_healed":0,"gold_gain":0,"player_choice":"Forge","damage_taken":0,"max_hp_gain":0,"max_hp_loss":0,"event_name":"Accursed Blacksmith","floor":25,"gold_loss":0,"cards_upgraded":["ClearTheMind"]},{"damage_healed":0,"gold_gain":0,"player_choice":"Ignored","damage_taken":0,"max_hp_gain":0,"max_hp_loss":0,"event_name":"Mysterious Sphere","floor":38,"gold_loss":0},{"damage_healed":0,"gold_gain":0,"player_choice":"Gave Potion","damage_taken":0,"relics_obtained":["War Paint"],"max_hp_gain":0,"max_hp_loss":0,"event_name":"WeMeetAgain","floor":48,"gold_loss":0}],"is_beta":false,"boss_relics":[{"not_picked":["SacredBark","Cursed Key"],"picked":"Tiny House"},{"not_picked":["Pandora\u0027s Box","HolyWater"],"picked":"VioletLotus"}],"items_purged_floors":[19],"is_endless":false,"potions_floor_spawned":[3,11,14,23,30,36,39,42,46],"ascension_level":2}}