{"host":"h9d5il8g1iqie9ys","time":1610389061,"event":{"mods":["BaseMod","Colored Powertips","Decade(???)","Hero for Fun","Luminous","Marisa????????","Minty Spire (QoL Compilation)","StSLib","The Administrix","The Animator","The Bug Knight","The Cursed","The Exalted","The Necromancer","The Poker Player","The Saiyan","The Servant 0.9.4","The Wild Card"],"gold_per_floor":[116,130,144,144,157,183,200,228,228,248,9,39,39,58,58,154,154,171,141,141,159,159,159,159,159,237,255,265,281,37,127,127,127,127,127],"floor_reached":33,"playtime":4643,"items_purged":[],"score":319,"play_id":"36b0afa6-96eb-4061-9909-ac5d45393234","local_time":"20210112011741","is_ascension_mode":false,"metric_token":1170,"campfire_choices":[{"floor":15,"key":"RECALL"},{"floor":23,"key":"REST"},{"data":"PokerPlayerMod:Mulligan","floor":25,"key":"SMITH"},{"floor":32,"key":"REST"}],"circlet_count":0,"master_deck":["PokerPlayerMod:Diamond1","PokerPlayerMod:Diamond2","PokerPlayerMod:Diamond3","PokerPlayerMod:Diamond4","PokerPlayerMod:Diamond5","PokerPlayerMod:Spade1","PokerPlayerMod:Spade2","PokerPlayerMod:Spade3","PokerPlayerMod:Spade4","PokerPlayerMod:Club1","PokerPlayerMod:Club2","PokerPlayerMod:Heart2","PokerPlayerMod:TrumpStrike","PokerPlayerMod:BadJoker","PokerPlayerMod:Mulligan+1","PokerPlayerMod:MagicTrick","PokerPlayerMod:Diamond7","PokerPlayerMod:Raise","PokerPlayerMod:CloakAndDiamond","PokerPlayerMod:Spade4","PokerPlayerMod:Diamond6","PokerPlayerMod:Diamond6","PokerPlayerMod:Overdeal","PokerPlayerMod:Diamond5","PokerPlayerMod:FillThePot","PokerPlayerMod:Club8","PokerPlayerMod:Diamond10+","CurseOfTheBell","PokerPlayerMod:MagicTrick","PokerPlayerMod:HeartStrike","PokerPlayerMod:CardPrinter","PokerPlayerMod:Diamond6","PokerPlayerMod:HeartStrike+1","PokerPlayerMod:Diamond3"],"relics":["PokerPlayerMod:DeckCase","Letter Opener","Mercury Hourglass","PokerPlayerMod:BrokenClock","Anchor","FaceOfCleric","Calling Bell","MealTicket","Kunai","Calipers","PokerPlayerMod:ClubPass","Frozen Egg 2","HollowMod:StagPassRelic"],"acts_visited":["Exordium","TheCity"],"potions_floor_usage":[6,7,28,33,33,33,33,33],"damage_taken":[{"damage":2,"enemies":"Cultist","floor":1,"turns":4},{"damage":0,"enemies":"2 Louse","floor":2,"turns":1},{"damage":5,"enemies":"Jaw Worm","floor":3,"turns":2},{"damage":4,"enemies":"Exordium Thugs","floor":5,"turns":3},{"damage":0,"enemies":"Gremlin Nob","floor":6,"turns":1},{"damage":10,"enemies":"Exordium Wildlife","floor":7,"turns":3},{"damage":0,"enemies":"HollowMod:MossKnight","floor":8,"turns":6},{"damage":0,"enemies":"3 Louse","floor":10,"turns":2},{"damage":2,"enemies":"3 Sentries","floor":12,"turns":2},{"damage":0,"enemies":"2 Fungi Beasts","floor":14,"turns":1},{"damage":28,"enemies":"Hexaghost","floor":16,"turns":8},{"damage":0,"enemies":"Chosen","floor":18,"turns":3},{"damage":33,"enemies":"2 Thieves","floor":21,"turns":4},{"damage":0,"enemies":"Snake Plant","floor":27,"turns":2},{"damage":0,"enemies":"3 Cultists","floor":28,"turns":2},{"damage":20,"enemies":"Shelled Parasite and Fungi","floor":29,"turns":3},{"damage":93,"enemies":"Champ","floor":33,"turns":9}],"seed_played":"-7394988253428631859","potions_obtained":[{"floor":1,"key":"Ancient Potion"},{"floor":3,"key":"EssenceOfSteel"},{"floor":5,"key":"SkillPotion"},{"floor":7,"key":"Fruit Juice"},{"floor":16,"key":"EntropicBrew"},{"floor":19,"key":"Explosive Potion"}],"is_trial":false,"path_per_floor":["M","M","M","?","M","E","M","E","T","M","$","E","?","M","R","B",null,"M","?","$","M","T","R","?","R","T","M","M","M","$","?","R","B"],"character_chosen":"THE_POKER_PLAYER","items_purchased":["PokerPlayerMod:BrokenClock","HollowMod:StagPassRelic"],"campfire_rested":2,"item_purchase_floors":[11,30],"current_hp_per_floor":[50,52,47,47,43,43,41,43,43,46,46,44,44,45,45,18,59,60,60,60,28,28,46,46,46,46,47,48,44,59,41,60,0,0,0],"gold":127,"neow_bonus":"THREE_CARDS","is_daily":false,"chose_seed":false,"campfire_upgraded":1,"win_rate":0.0,"timestamp":1610389061,"path_taken":["M","?","M","?","?","E","M","E","T","M","$","E","?","M","R","BOSS","M","?","?","M","?","R","?","R","T","M","?","M","$","?","R","BOSS"],"items_purchased_type":["Relic","Relic"],"build_version":"2020-12-22","purchased_purges":0,"victory":false,"max_hp_per_floor":[52,52,52,52,52,52,57,57,57,57,57,57,57,58,58,59,59,60,60,60,61,61,61,61,61,61,62,63,64,64,64,64,64,64,64],"card_choices":[{"not_picked":["PokerPlayerMod:ClubDance","PokerPlayerMod:Configure"],"picked":"PokerPlayerMod:MagicTrick","floor":0},{"not_picked":["PokerPlayerMod:Club7","PokerPlayerMod:Spade3"],"picked":"PokerPlayerMod:Diamond7","floor":1},{"not_picked":["PokerPlayerMod:CloakAndDiamond","PokerPlayerMod:Club3"],"picked":"PokerPlayerMod:RiskyBet","floor":2},{"not_picked":["PokerPlayerMod:Trickery","PokerPlayerMod:CardBurn"],"picked":"PokerPlayerMod:Raise","floor":3},{"not_picked":["PokerPlayerMod:Club7","PokerPlayerMod:Spade3"],"picked":"PokerPlayerMod:Spade4","floor":5},{"not_picked":["PokerPlayerMod:Diamond2","PokerPlayerMod:Spade5"],"picked":"PokerPlayerMod:Diamond6","floor":6},{"not_picked":["PokerPlayerMod:CloakAndDiamond","PokerPlayerMod:Diamond2"],"picked":"PokerPlayerMod:Diamond6","floor":7},{"not_picked":["PokerPlayerMod:JackOfSpades","PokerPlayerMod:Spade5"],"picked":"PokerPlayerMod:Overdeal","floor":8},{"not_picked":["PokerPlayerMod:Spade1","PokerPlayerMod:Configure"],"picked":"PokerPlayerMod:Diamond5","floor":10},{"not_picked":["PokerPlayerMod:Spade3","PokerPlayerMod:Diamond4"],"picked":"PokerPlayerMod:FillThePot","floor":12},{"not_picked":["PokerPlayerMod:Spade8","PokerPlayerMod:CloakAndDiamond"],"picked":"PokerPlayerMod:Club8","floor":14},{"not_picked":["PokerPlayerMod:Diamond8","PokerPlayerMod:WildCard"],"picked":"PokerPlayerMod:Diamond10+","floor":16},{"not_picked":["PokerPlayerMod:Club3","PokerPlayerMod:Diamond1"],"picked":"PokerPlayerMod:MagicTrick","floor":18},{"not_picked":["PokerPlayerMod:Spade3","PokerPlayerMod:RiskyBet"],"picked":"PokerPlayerMod:HeartStrike","floor":21},{"not_picked":["PokerPlayerMod:CloakAndDiamond","PokerPlayerMod:Club4"],"picked":"PokerPlayerMod:Diamond6","floor":27},{"not_picked":["PokerPlayerMod:Spade1","PokerPlayerMod:FillThePot"],"picked":"PokerPlayerMod:HeartStrike+1","floor":28},{"not_picked":["PokerPlayerMod:Club1","PokerPlayerMod:Spade4"],"picked":"PokerPlayerMod:Diamond3","floor":29}],"player_experience":192889,"relics_obtained":[{"floor":6,"key":"Letter Opener"},{"floor":8,"key":"Mercury Hourglass"},{"floor":12,"key":"Anchor"},{"floor":17,"key":"MealTicket"},{"floor":17,"key":"Kunai"},{"floor":17,"key":"Calipers"},{"floor":22,"key":"PokerPlayerMod:ClubPass"},{"floor":26,"key":"Frozen Egg 2"}],"event_choices":[{"damage_healed":0,"gold_gain":0,"cards_transformed":["PokerPlayerMod:RiskyBet"],"player_choice":"Transformed","damage_taken":0,"max_hp_gain":0,"max_hp_loss":0,"event_name":"Transmorgrifier","floor":4,"gold_loss":0,"cards_obtained":["PokerPlayerMod:CloakAndDiamond"]},{"damage_healed":0,"gold_gain":0,"player_choice":"Trade","damage_taken":0,"relics_obtained":["FaceOfCleric"],"max_hp_gain":0,"max_hp_loss":0,"event_name":"FaceTrader","floor":13,"gold_loss":0},{"damage_healed":0,"gold_gain":0,"player_choice":"Bought 2 Potions","damage_taken":0,"max_hp_gain":0,"max_hp_loss":0,"event_name":"The Woman in Blue","floor":19,"gold_loss":0},{"damage_healed":0,"gold_gain":0,"player_choice":"Read","damage_taken":0,"max_hp_gain":0,"max_hp_loss":0,"event_name":"The Library","floor":24,"gold_loss":0,"cards_obtained":["PokerPlayerMod:CardPrinter"]},{"damage_healed":0,"gold_gain":90,"player_choice":"POTION GOLD ","damage_taken":18,"max_hp_gain":0,"max_hp_loss":0,"event_name":"Knowing Skull","floor":31,"potions_obtained":["SkillPotion"],"gold_loss":0,"cards_obtained":[]}],"is_beta":false,"boss_relics":[{"not_picked":["SacredBark","Fusion Hammer"],"picked":"Calling Bell"}],"items_purged_floors":[],"is_endless":false,"potions_floor_spawned":[1,3,5,7,16,21],"killed_by":"Champ","ascension_level":0}}