{"host":"lts6tz2h67nqtpoe","time":1610360819,"event":{"mods":["AchievementEnabler","BaseMod","Colored Powertips","Downfall","Googly Eyes","Minty Spire (QoL Compilation)","Permanent Neow","Quick Restart","Replay The Spire","StSLib"],"gold_per_floor":[111,304,316,316,416,448,474,502,514,526,558,603,615,656,668,781,793,748,748,748,748,748,748,748,748,748,748,198,123,48,48,48,48,48,48,48,48,48,48,48,48,48,48,48,48,48,48,48,48,48,48],"floor_reached":50,"playtime":2394,"items_purged":["Strike_B"],"score":779,"play_id":"4263ced3-8936-435a-ba9b-4db88ffb87c8","local_time":"20210111022659","is_ascension_mode":true,"campfire_choices":[{"floor":10.0,"key":"REST"},{"data":"Electrodynamics","floor":13.0,"key":"SMITH"},{"floor":15.0,"key":"REST"},{"data":"Echo Form","floor":24.0,"key":"SMITH"},{"floor":32.0,"key":"REST"},{"floor":44.0,"key":"REST"},{"floor":49.0,"key":"REST"}],"circlet_count":0,"master_deck":["Strike_B","Strike_B","Defend_B","Defend_B","Defend_B","Defend_B","Zap+1","Dualcast","ReplayTheSpireMod:Splinters","Loop","Cold Snap","Ball Lightning","Static Discharge","Electrodynamics+1","Loop","Barrage","Mirror Shield+1","Lockon+1","Go for the Eyes","Echo Form+1","Cold Snap+1","Streamline+1","Mirror Shield","ReplayTheSpireMod:Splinters","Cold Snap","Cold Snap","Thunder Strike","Compile Driver+1","Buffer","ReplayTheSpireMod:Omega Cannon"],"relics":["Cracked Core","Ring of Misfortune","Ring of Panic","MawBank","Pear","Pondfish Scales","Singing Bowl","Ectoplasm","Pen Nib","Prayer Wheel","ReplayTheSpireMod:TigerMarble","Matryoshka","Orrery","ReplayTheSpireMod:CursedCoin","Inserter","Replay:Mystery Machine","Boot","HornCleat","Smiling Mask"],"acts_visited":["Exordium","TheCity","TheBeyond"],"potions_floor_usage":[],"damage_taken":[{"damage":5.0,"enemies":"Small Slimes","floor":1.0,"turns":3.0},{"damage":6.0,"enemies":"Jaw Worm","floor":3.0,"turns":3.0},{"damage":10.0,"enemies":"3 Sentries","floor":6.0,"turns":7.0},{"damage":0.0,"enemies":"2 Louse","floor":7.0,"turns":2.0},{"damage":19.0,"enemies":"Exordium Thugs","floor":8.0,"turns":3.0},{"damage":10.0,"enemies":"Blue Slaver","floor":11.0,"turns":2.0},{"damage":0.0,"enemies":"Lagavulin","floor":12.0,"turns":5.0},{"damage":8.0,"enemies":"3 Sentries","floor":14.0,"turns":3.0},{"damage":10.0,"enemies":"The Guardian","floor":16.0,"turns":9.0},{"damage":5.0,"enemies":"2 Thieves","floor":18.0,"turns":2.0},{"damage":4.0,"enemies":"3 Byrds","floor":19.0,"turns":2.0},{"damage":2.0,"enemies":"Centurion and Healer","floor":22.0,"turns":6.0},{"damage":8.0,"enemies":"Replay:Snechameleon","floor":23.0,"turns":3.0},{"damage":0.0,"enemies":"3 Cultists","floor":27.0,"turns":2.0},{"damage":0.0,"enemies":"Sentry and Sphere","floor":31.0,"turns":3.0},{"damage":0.0,"enemies":"Automaton","floor":33.0,"turns":8.0},{"damage":30.0,"enemies":"3 Darklings","floor":35.0,"turns":4.0},{"damage":0.0,"enemies":"3 Shapes","floor":37.0,"turns":5.0},{"damage":0.0,"enemies":"Sphere and 2 Shapes","floor":38.0,"turns":4.0},{"damage":39.0,"enemies":"Giant Head","floor":40.0,"turns":7.0},{"damage":38.0,"enemies":"Spire Growth","floor":41.0,"turns":4.0},{"damage":0.0,"enemies":"R_Hoarder","floor":42.0,"turns":9.0},{"damage":0.0,"enemies":"4 Shapes","floor":45.0,"turns":3.0},{"damage":46.0,"enemies":"Nemesis","floor":46.0,"turns":6.0},{"damage":37,"enemies":"Donu and Deca","floor":50,"turns":4}],"seed_played":"2238351742849324489","potions_obtained":[{"floor":3.0,"key":"FearPotion"},{"floor":7.0,"key":"Doom Potion"},{"floor":8.0,"key":"Adrenaline Potion"},{"floor":11.0,"key":"LifebloodPotion"},{"floor":16.0,"key":"Ancient Potion"},{"floor":18.0,"key":"ColorlessPotion"},{"floor":22.0,"key":"Guardian:BlockOnCardUsePotion"},{"floor":35.0,"key":"hexamod:EctoCoolerPotion"},{"floor":40.0,"key":"SkillPotion"},{"floor":42.0,"key":"Venom Potion"}],"is_trial":false,"path_per_floor":["M","?","M","?","?","E","M","M","T","R","M","E","R","E","R","B",null,"M","M","?","?","M","E","R","?","T","M","$","?","$","M","R","B",null,"M","?","M","M","$","E","M","E","T","R","M","E","?","$","R","B"],"character_chosen":"DEFECT","items_purchased":["ReplayTheSpireMod:TigerMarble","Matryoshka","Orrery","ReplayTheSpireMod:CursedCoin"],"campfire_rested":5,"item_purchase_floors":[28,28,28,30],"current_hp_per_floor":[70,70,64,64,64,54,54,35,45,70,60,60,60,52,77,67,85,80,76,67,67,67,59,59,42,42,46,50,50,50,50,80,80,100,74,74,76,78,78,41,7,9,9,43,47,1,1,1,37,0,0],"gold":48,"neow_bonus":"UPGRADE_CARD","is_daily":false,"chose_seed":false,"campfire_upgraded":2,"win_rate":0.0,"timestamp":1610360819,"path_taken":["M","?","M","?","?","E","M","M","T","R","?","E","R","E","R","BOSS","M","M","?","?","M","E","R","?","T","M","$","?","$","M","R","BOSS","M","?","?","M","?","E","M","E","T","R","M","E","?","?","R","BOSS"],"items_purchased_type":["Relic","Relic","Relic","Relic"],"build_version":"2020-12-22","purchased_purges":1,"victory":false,"max_hp_per_floor":[75,75,75,75,75,75,75,75,85,85,85,85,85,85,85,85,85,85,85,85,85,87,87,87,92,92,96,100,100,100,100,100,100,100,104,104,106,108,108,110,114,116,116,116,120,120,120,120,120,120,120],"card_choices":[{"not_picked":["Gash","Double Energy","Stack"],"picked":"SKIP","floor":1.0},{"not_picked":["ReplayGash","Redo"],"picked":"Loop","floor":2.0},{"not_picked":["Coolheaded","Skim"],"picked":"Cold Snap","floor":3.0},{"not_picked":["Self Repair","ReplaySolidLightProjector"],"picked":"Ball Lightning","floor":6.0},{"not_picked":["BasicCrystalCard","Time Bomb"],"picked":"Static Discharge","floor":7.0},{"not_picked":["Steam","Panic Button"],"picked":"Electrodynamics","floor":8.0},{"not_picked":["Darkness","Steam"],"picked":"Loop","floor":11.0},{"not_picked":["Rebound","Darkness","Leap"],"picked":"SKIP","floor":12.0},{"not_picked":["ReplayGash","White Noise"],"picked":"Barrage","floor":14.0},{"not_picked":["Buffer","Rainbow"],"picked":"Mirror Shield","floor":16.0},{"not_picked":["Coolheaded+1","Stack"],"picked":"Lockon+1","floor":18.0},{"not_picked":["Panic Button","Coolheaded"],"picked":"Go for the Eyes","floor":19.0},{"not_picked":["Leap","Fission","Coolheaded"],"picked":"Singing Bowl","floor":22.0},{"not_picked":["Hologram","Redo+1"],"picked":"Echo Form","floor":23.0},{"not_picked":["Darkness+1","Coolheaded","Auto Shields"],"picked":"Singing Bowl","floor":27.0},{"not_picked":["Compile Driver","Coolheaded","Leap+1"],"picked":"Singing Bowl","floor":27.0},{"not_picked":["BasicCrystalCard","Compile Driver"],"picked":"Cold Snap+1","floor":28.0},{"not_picked":["Go for the Eyes","Buffer"],"picked":"Streamline+1","floor":28.0},{"not_picked":["Reinforced Body","Hologram+1"],"picked":"Mirror Shield","floor":28.0},{"not_picked":["Skim","Compile Driver","Gash"],"picked":"Singing Bowl","floor":28.0},{"not_picked":["Panic Button","Skim","Beam Cell"],"picked":"Singing Bowl","floor":28.0},{"not_picked":["Steam","Rebound"],"picked":"Cold Snap","floor":31.0},{"not_picked":["Crystallizer","Beam Cell"],"picked":"Cold Snap","floor":31.0},{"not_picked":["Reboot","All For One"],"picked":"Thunder Strike","floor":33.0},{"not_picked":["Genetic Algorithm","Leap","Streamline"],"picked":"Singing Bowl","floor":35.0},{"not_picked":["Doom and Gloom","Genetic Algorithm","Streamline"],"picked":"Singing Bowl","floor":35.0},{"not_picked":["Steam","BasicCrystalCard"],"picked":"Compile Driver+1","floor":37.0},{"not_picked":["Doom and Gloom","Gash","Beam Cell+1"],"picked":"Singing Bowl","floor":37.0},{"not_picked":["Conserve Battery+1","BootSequence+1","Go for the Eyes"],"picked":"Singing Bowl","floor":38.0},{"not_picked":["Undo+1","Coolheaded+1"],"picked":"Buffer","floor":38.0},{"not_picked":["Conserve Battery+1","Redo+1","Barrage"],"picked":"Singing Bowl","floor":40.0},{"not_picked":["Streamline+1","Sweeping Beam","ReplayRNGCard"],"picked":"Singing Bowl","floor":41.0},{"not_picked":["Gash","Conserve Battery","Chaos+1"],"picked":"Singing Bowl","floor":41.0},{"not_picked":["ReplayTheSpireMod:Reroute Power+1","Beam Cell","Ball Lightning+1"],"picked":"Singing Bowl","floor":42.0},{"not_picked":["Beam Cell","Rebound","Sweeping Beam+1"],"picked":"Singing Bowl","floor":45.0},{"not_picked":["Cold Snap+1","Redo+1","Coolheaded"],"picked":"Singing Bowl","floor":45.0},{"not_picked":["Loop+1","Heatsinks"],"picked":"ReplayTheSpireMod:Omega Cannon","floor":46.0}],"player_experience":313491,"relics_obtained":[{"floor":4.0,"key":"Ring of Misfortune"},{"floor":4.0,"key":"Ring of Panic"},{"floor":6.0,"key":"MawBank"},{"floor":9.0,"key":"Pear"},{"floor":12.0,"key":"Pondfish Scales"},{"floor":14.0,"key":"Singing Bowl"},{"floor":23.0,"key":"Pen Nib"},{"floor":26.0,"key":"Prayer Wheel"},{"floor":40.0,"key":"Replay:Mystery Machine"},{"floor":42.0,"key":"Boot"},{"floor":43.0,"key":"HornCleat"},{"floor":46.0,"key":"Smiling Mask"}],"event_choices":[{"damage_healed":0.0,"max_hp_gain":0.0,"max_hp_loss":0.0,"gold_gain":100.0,"event_name":"Golden Shrine","player_choice":"Pray","floor":5.0,"gold_loss":0.0,"damage_taken":0.0},{"damage_healed":0.0,"max_hp_gain":0.0,"max_hp_loss":0.0,"gold_gain":0.0,"event_name":"Cursed Tome","player_choice":"Stopped","floor":20.0,"gold_loss":0.0,"damage_taken":9.0},{"damage_healed":0.0,"max_hp_gain":5.0,"max_hp_loss":0.0,"gold_gain":0.0,"event_name":"Forgotten Altar","player_choice":"Shed Blood","floor":25.0,"gold_loss":0.0,"damage_taken":22.0},{"cards_removed":["Strike_B"],"damage_healed":0.0,"max_hp_gain":0.0,"max_hp_loss":0.0,"gold_gain":0.0,"event_name":"Beggar","player_choice":"Gave Gold","floor":29.0,"gold_loss":75.0,"damage_taken":0.0},{"damage_healed":0.0,"max_hp_gain":0.0,"max_hp_loss":0.0,"gold_gain":0.0,"event_name":"Accursed Blacksmith","player_choice":"Forge","floor":36.0,"gold_loss":0.0,"damage_taken":0.0,"cards_upgraded":["Mirror Shield"]},{"damage_healed":0.0,"max_hp_gain":0.0,"max_hp_loss":0.0,"gold_gain":0.0,"event_name":"Mysterious Sphere","player_choice":"Ignored","floor":47.0,"gold_loss":0.0,"damage_taken":0.0}],"is_beta":false,"boss_relics":[{"not_picked":["Runic Dome","Busted Crown"],"picked":"Ectoplasm"},{"not_picked":["Tiny House","Sozu"],"picked":"Inserter"}],"items_purged_floors":[30],"is_endless":false,"potions_floor_spawned":[3,7,8,11,16,18,22,35,40,42],"killed_by":"Donu and Deca","ascension_level":1}}