{"host":"z9mq1tf06lkrncmk","time":1610379901,"event":{"mods":["BaseMod","Downfall","Minty Spire (QoL Compilation)","StSLib"],"gold_per_floor":[199,210,224,129,129,129,129,129,129,42,60,124,124,137,154,258,258,258,258,258,274,274,133,133,203,203,74,74,90,90,101,114,219,219,219,236,253,73,73,73,73,104,104,133,145,145,70,70,80,80],"floor_reached":51,"playtime":3126,"items_purged":["Guardian:Strike_Guardian"],"score":716,"play_id":"0f441161-e2d1-46ca-9a1e-107a789f0bd7","local_time":"20210111104501","is_ascension_mode":false,"campfire_choices":[{"data":"Guardian:TwinSlam","floor":1.0,"key":"SMITH"},{"data":"Guardian:PrismaticBeam","floor":8.0,"key":"SMITH"},{"floor":18.0,"key":"REST"},{"floor":26.0,"key":"REST"},{"floor":28.0,"key":"REST"},{"floor":30.0,"key":"REST"},{"floor":35.0,"key":"REST"},{"floor":43.0,"key":"REST"},{"floor":47.0,"key":"REST"}],"circlet_count":0,"master_deck":["Guardian:Strike_Guardian","Guardian:Strike_Guardian","Guardian:Defend_Guardian","Guardian:Defend_Guardian","Guardian:Defend_Guardian","Guardian:Defend_Guardian","Guardian:CurlUp","Guardian:TwinSlam+1","Guardian:ShieldCharger","Guardian:Repulse","Guardian:PrismaticBeam+1","Guardian:Orbwalk","Guardian:TimeBomb","Guardian:Preprogram","Guardian:Planning","Guardian:ExploitGems","Guardian:TimeCapacitor","Guardian:Suspension+1","Guardian:Incinerate+1","Guardian:SentryBeam","Guardian:TimeCapacitor","Guardian:WalkerClaw+1","Guardian:BaubleBeam+1","Guardian:FloatingOrbs+1","expansioncontent:FaceSlap","Doubt"],"relics":["Guardian:ModeShifter","InkBottle","Lantern","Letter Opener","Fusion Hammer","Enchiridion","White Beast Statue","Bottled Lightning","SlaversCollar","TheAbacus","Bird Faced Urn","Whetstone","Lizard Tail","Boot","downfall:HeartBlessingGreen"],"acts_visited":[],"potions_floor_usage":[50,50],"damage_taken":[{"damage":0.0,"enemies":"2 Louse","floor":2.0,"turns":2.0},{"damage":6.0,"enemies":"Jaw Worm","floor":3.0,"turns":4.0},{"damage":0.0,"enemies":"downfall:FleeingMerchant","floor":4.0,"turns":4.0},{"damage":0.0,"enemies":"downfall:FleeingMerchant","floor":10.0,"turns":4.0},{"damage":5.0,"enemies":"Small Slimes","floor":11.0,"turns":3.0},{"damage":17.0,"enemies":"Lagavulin Event","floor":12.0,"turns":7.0},{"damage":0.0,"enemies":"Blue Slaver","floor":14.0,"turns":3.0},{"damage":0.0,"enemies":"Large Slime","floor":15.0,"turns":5.0},{"damage":23.0,"enemies":"downfall:Defect","floor":16.0,"turns":6.0},{"damage":0.0,"enemies":"Chosen","floor":19.0,"turns":1.0},{"damage":14.0,"enemies":"Centurion and Healer","floor":21.0,"turns":6.0},{"damage":7.0,"enemies":"downfall:FleeingMerchant","floor":23.0,"turns":4.0},{"damage":15.0,"enemies":"downfall:FleeingMerchant","floor":27.0,"turns":4.0},{"damage":6.0,"enemies":"Snecko","floor":29.0,"turns":4.0},{"damage":10.0,"enemies":"Snake Plant","floor":31.0,"turns":5.0},{"damage":4.0,"enemies":"Cultist and Chosen","floor":32.0,"turns":4.0},{"damage":9.0,"enemies":"downfall:Watcher","floor":33.0,"turns":7.0},{"damage":8.0,"enemies":"3 Shapes","floor":36.0,"turns":5.0},{"damage":17.0,"enemies":"3 Darklings","floor":37.0,"turns":4.0},{"damage":12.0,"enemies":"downfall:FleeingMerchant","floor":38.0,"turns":4.0},{"damage":25.0,"enemies":"Nemesis","floor":42.0,"turns":7.0},{"damage":11.0,"enemies":"Reptomancer","floor":44.0,"turns":6.0},{"damage":17.0,"enemies":"Sphere and 2 Shapes","floor":45.0,"turns":4.0},{"damage":0,"enemies":"Transient","floor":49,"turns":5},{"damage":40,"enemies":"downfall:Silent","floor":50,"turns":9}],"seed_played":"-6543380081065744554","potions_obtained":[{"floor":3.0,"key":"champ:CounterPotion"},{"floor":11.0,"key":"Dexterity Potion"},{"floor":12.0,"key":"SteroidPotion"},{"floor":27.0,"key":"Swift Potion"},{"floor":29.0,"key":"Swift Potion"},{"floor":31.0,"key":"SkillPotion"},{"floor":33.0,"key":"sneckomod:MuddlingPotion"},{"floor":36.0,"key":"PowerPotion"},{"floor":38.0,"key":"DuplicationPotion"},{"floor":42.0,"key":"SpeedPotion"},{"floor":44.0,"key":"ColorlessPotion"},{"floor":45.0,"key":"ColorlessPotion"}],"is_trial":false,"path_per_floor":["R","M","M","$","?","?","T","R","?","$","M","?","?","M","M","B",null,"R","M","?","M","?","$","T","T","R","$","R","M","R","M","M","B",null,"R","M","M","$","?","?","T","E","R","E","M","?","R","?","M","B",null],"character_chosen":"GUARDIAN","items_purchased":["Guardian:PrismaticBeam","Guardian:Orbwalk","Guardian:Gem_White","Guardian:Incinerate","Guardian:SentryBeam","Guardian:TimeCapacitor","TheAbacus","Bird Faced Urn"],"campfire_rested":7,"item_purchase_floors":[4,10,23,23,27,27,38,38],"current_hp_per_floor":[80,80,74,74,74,68,68,68,61,61,56,39,65,65,65,42,80,80,80,80,66,50,43,43,43,67,52,76,70,80,70,66,57,80,80,72,55,43,43,43,43,30,54,57,50,50,74,80,80,50],"gold":80,"neow_bonus":"HUNDRED_GOLD","is_daily":false,"chose_seed":false,"campfire_upgraded":2,"win_rate":0.0,"timestamp":1610379901,"path_taken":["R","M","M","$","?","?","T","R","?","?","M","?","?","?","M","BOSS","R","?","?","M","?","$","T","?","R","?","R","?","R","M","M","BOSS","R","M","M","?","?","?","T","E","R","E","M","?","R","?","M","BOSS"],"items_purchased_type":["Card","Card","Card","Card","Card","Card","Relic","Relic"],"build_version":"2020-12-22","purchased_purges":1,"victory":true,"max_hp_per_floor":[80,80,80,80,80,80,80,80,80,80,80,80,80,80,80,80,80,80,80,80,80,80,80,80,80,80,80,80,80,80,80,80,80,80,80,80,80,80,80,80,80,80,80,80,80,80,80,80,80,80],"card_choices":[{"not_picked":["Guardian:Clone","Guardian:Suspension"],"picked":"Guardian:Gem_Red","floor":2.0},{"not_picked":["Guardian:Reroute","Guardian:Gem_Fragmented"],"picked":"Guardian:ShieldCharger","floor":3.0},{"not_picked":["Guardian:Recover","Guardian:Gem_White"],"picked":"Guardian:Repulse","floor":4.0},{"not_picked":["Guardian:Incinerate","Guardian:Gem_Lightblue","Guardian:Suspension"],"picked":"SKIP","floor":10.0},{"not_picked":["Guardian:Gem_Crimson","Guardian:Harden"],"picked":"Guardian:Gem_Fragmented","floor":11.0},{"not_picked":["Guardian:Suspension","Guardian:Reroute"],"picked":"Guardian:TimeBomb","floor":12.0},{"not_picked":["Guardian:TemporalShield","Guardian:Recover"],"picked":"Guardian:Preprogram","floor":14.0},{"not_picked":["Guardian:PrimingBeam","Guardian:Gem_Lightblue"],"picked":"Guardian:Planning","floor":15.0},{"not_picked":["Guardian:FierceBash","Guardian:HyperBeam_Guardian"],"picked":"Guardian:ExploitGems","floor":16.0},{"not_picked":["Guardian:Suspension+1","Guardian:Reroute"],"picked":"Guardian:TimeCapacitor","floor":19.0},{"not_picked":["Guardian:PiercingHide","Guardian:Gem_Green"],"picked":"Guardian:Suspension+1","floor":21.0},{"not_picked":["Guardian:CrystalBeam+1","Guardian:Gem_Blue"],"picked":"Guardian:Gem_Lightblue","floor":23.0},{"not_picked":["Guardian:ArmoredProtocol","Guardian:BronzeArmor","Guardian:Gem_Fragmented"],"picked":"SKIP","floor":27.0},{"not_picked":["Guardian:CrystalBeam","Guardian:Gem_Lightblue"],"picked":"Guardian:WalkerClaw+1","floor":29.0},{"not_picked":["Guardian:VentSteam","Guardian:BronzeOrb","Guardian:Gem_Blue"],"picked":"SKIP","floor":31.0},{"not_picked":["Guardian:ConstructionForm","Guardian:TimeCapacitor","Guardian:RollAttack"],"picked":"SKIP","floor":32.0},{"not_picked":["Guardian:StasisStrike","Guardian:StasisField"],"picked":"Guardian:BaubleBeam","floor":33.0},{"not_picked":["Guardian:PrismaticBarrier+1","Guardian:PrimingBeam+1","Guardian:ChargeCore"],"picked":"SKIP","floor":36.0},{"not_picked":["Guardian:EvasiveProtocol","Guardian:PrimingBeam"],"picked":"Guardian:FloatingOrbs+1","floor":37.0},{"not_picked":["Guardian:Planning+1","Guardian:VentSteam+1"],"picked":"Guardian:Gem_Lightblue","floor":38.0},{"not_picked":["Guardian:GuardianWhirl+1","Guardian:Planning+1","Guardian:ShieldSpikes+1"],"picked":"SKIP","floor":42.0},{"not_picked":["Guardian:Incinerate+1","Guardian:CrystalBeam+1","Guardian:MultiBeam+1"],"picked":"SKIP","floor":44.0},{"not_picked":["Guardian:TemporalStrike","Guardian:WalkerClaw+1","Guardian:BronzeArmor"],"picked":"SKIP","floor":45.0},{"not_picked":["expansioncontent:PolyBeam","expansioncontent:YouAreMine"],"picked":"expansioncontent:FaceSlap","floor":46.0},{"not_picked":["Guardian:SentryBeam+1","Guardian:TemporalShield","Guardian:SpikerProtocol"],"picked":"SKIP","floor":49}],"player_experience":323231,"relics_obtained":[{"floor":7.0,"key":"InkBottle"},{"floor":12.0,"key":"Letter Opener"},{"floor":22.0,"key":"Enchiridion"},{"floor":24.0,"key":"White Beast Statue"},{"floor":25.0,"key":"Bottled Lightning"},{"floor":41.0,"key":"Whetstone"},{"floor":42.0,"key":"Lizard Tail"},{"floor":44.0,"key":"Boot"}],"event_choices":[{"damage_healed":0.0,"max_hp_gain":0.0,"max_hp_loss":0.0,"gold_gain":0.0,"event_name":"Scrap Ooze","player_choice":"Success","floor":9.0,"gold_loss":0.0,"damage_taken":7.0,"relics_obtained":["Lantern"]},{"damage_healed":26.0,"max_hp_gain":0.0,"max_hp_loss":0.0,"gold_gain":0.0,"event_name":"Big Fish","player_choice":"Banana","floor":13.0,"gold_loss":0.0,"damage_taken":0.0},{"cards_removed":["Guardian:Strike_Guardian"],"damage_healed":0.0,"max_hp_gain":0.0,"max_hp_loss":0.0,"gold_gain":0.0,"event_name":"Falling","player_choice":"Removed Attack","floor":40.0,"gold_loss":0.0,"damage_taken":0.0}],"is_beta":false,"boss_relics":[{"not_picked":["Snecko Eye","Velvet Choker"],"picked":"Fusion Hammer"},{"not_picked":["Runic Pyramid","Coffee Dripper"],"picked":"SlaversCollar"}],"items_purged_floors":[38],"is_endless":false,"potions_floor_spawned":[3,11,12,27,29,31,32,33,36,37,38,42,44,45,49],"ascension_level":0}}