{"host":"z42sc0n2dozsmk72","time":1610350577,"event":{"mods":["AchievementEnabler","BaseMod","Better Third Choice","Colored Map","Curses Come First","Highlight Path","Minty Spire (QoL Compilation)","Permanent Neow","Quick Restart","Relic Stats","Shop Mod","StSLib","egg","slay the spire mod where everything is the same but ironclad has a cowboy hat"],"gold_per_floor":[115,131,143,160,180,180,213,213,213,227,227,242,22,54,54,151,151,161,260,271,138,164,164,177,177,177,177,194,194,194],"floor_reached":29,"playtime":1231,"items_purged":["Strike_P","Defend_P"],"score":354,"play_id":"a8a0acc1-f3a5-4d56-b8ea-495c643f1946","local_time":"20210111203617","is_ascension_mode":true,"campfire_choices":[{"data":"TalkToTheHand","floor":6.0,"key":"SMITH"},{"data":"TalkToTheHand","floor":8,"key":"SMITH"},{"data":"FollowUp","floor":11,"key":"SMITH"},{"data":"Study","floor":15,"key":"SMITH"},{"data":"Fasting2","floor":23,"key":"SMITH"},{"data":"Conclude","floor":25,"key":"SMITH"}],"circlet_count":0,"master_deck":["Strike_P","Strike_P","Strike_P","Defend_P","Defend_P","Defend_P","Eruption","Vigilance","TalkToTheHand+1","TalkToTheHand+1","FollowUp+1","Conclude+1","DeusExMachina","Study+1","DevaForm","FlurryOfBlows","Fasting2+1","ThirdEye","EmptyBody"],"relics":["Runic Dome","FossilizedHelix","Orichalcum","Strange Spoon","Blood Vial","SlaversCollar","Red Mask","Frozen Egg 2"],"acts_visited":["Exordium","TheCity"],"potions_floor_usage":[7],"damage_taken":[{"damage":1.0,"enemies":"2 Louse","floor":1.0,"turns":3.0},{"damage":0.0,"enemies":"Small Slimes","floor":2.0,"turns":2.0},{"damage":0.0,"enemies":"Cultist","floor":3.0,"turns":2.0},{"damage":0.0,"enemies":"Exordium Wildlife","floor":4.0,"turns":4.0},{"damage":22.0,"enemies":"Blue Slaver","floor":5.0,"turns":2.0},{"damage":0,"enemies":"Gremlin Nob","floor":7,"turns":3},{"damage":0,"enemies":"Looter","floor":10,"turns":1},{"damage":0,"enemies":"3 Louse","floor":12,"turns":1},{"damage":0,"enemies":"3 Sentries","floor":14,"turns":6},{"damage":0,"enemies":"Slime Boss","floor":16,"turns":4},{"damage":4,"enemies":"3 Byrds","floor":18,"turns":4},{"damage":10,"enemies":"2 Thieves","floor":20,"turns":5},{"damage":44,"enemies":"Masked Bandits","floor":22,"turns":5},{"damage":0,"enemies":"Chosen and Byrds","floor":24,"turns":4},{"damage":15,"enemies":"Snake Plant","floor":28,"turns":3},{"damage":9,"enemies":"Gremlin Leader","floor":29,"turns":2}],"seed_played":"8668431011872434340","potions_obtained":[{"floor":3.0,"key":"Strength Potion"},{"floor":4.0,"key":"SteroidPotion"},{"floor":5.0,"key":"StancePotion"},{"floor":10,"key":"SpeedPotion"},{"floor":12,"key":"LiquidMemories"},{"floor":22,"key":"ColorlessPotion"}],"is_trial":false,"path_per_floor":["M","M","M","M","M","R","E","R","T","M","R","M","$","E","R","B",null,"M","?","M","$","?","R","M","R","T","?","M","E"],"character_chosen":"WATCHER","items_purchased":["Strange Spoon","Fasting2"],"campfire_rested":0,"item_purchase_floors":[13,21],"current_hp_per_floor":[71,71,71,71,49,49,49,49,49,49,49,49,49,49,49,51,72,68,68,60,60,18,18,20,20,20,14,1,0,0],"gold":194,"neow_bonus":"BOSS_RELIC","is_daily":false,"chose_seed":false,"campfire_upgraded":6,"win_rate":0.0,"timestamp":1610350577,"path_taken":["M","M","M","M","M","R","E","R","T","M","R","M","$","E","R","BOSS","M","?","M","$","?","R","M","R","T","?","M","E"],"items_purchased_type":["Relic","Card"],"build_version":"2020-12-22","purchased_purges":2,"victory":false,"max_hp_per_floor":[72,72,72,72,72,72,72,72,72,72,72,72,72,72,72,72,72,72,72,72,72,72,72,72,72,72,72,72,72,72],"relic_stats":{"Blood Vial":12,"Strange Spoon":[16],"counters":[16,51],"Orichalcum":[24],"obtain_stats":[{"Blood Vial":14,"Runic Dome":0,"Strange Spoon":13,"SlaversCollar":17,"Red Mask":22,"PureWater":0,"Orichalcum":9,"Frozen Egg 2":26,"FossilizedHelix":7},{"Blood Vial":9,"Runic Dome":0,"Strange Spoon":8,"SlaversCollar":10,"Red Mask":13,"PureWater":0,"Orichalcum":6,"Frozen Egg 2":14,"FossilizedHelix":6},{"Blood Vial":24,"Runic Dome":0,"Strange Spoon":18,"SlaversCollar":28,"Red Mask":42,"PureWater":0,"Orichalcum":16,"Frozen Egg 2":46,"FossilizedHelix":16}]},"card_choices":[{"not_picked":["Evaluate","Weave"],"picked":"TalkToTheHand","floor":1.0},{"not_picked":["CutThroughFate","ThirdEye","ReachHeaven"],"picked":"SKIP","floor":2.0},{"not_picked":["InnerPeace","ClearTheMind"],"picked":"TalkToTheHand","floor":3.0},{"not_picked":["Meditate","Collect"],"picked":"FollowUp","floor":4.0},{"not_picked":["Prostrate","Worship"],"picked":"Conclude","floor":5.0},{"not_picked":["Evaluate","Adaptation"],"picked":"DeusExMachina","floor":7},{"not_picked":["Protect","SashWhip","CrushJoints"],"picked":"SKIP","floor":10},{"not_picked":["Prostrate","Pray"],"picked":"Study","floor":12},{"not_picked":["FollowUp","SignatureMove","Wireheading"],"picked":"SKIP","floor":14},{"not_picked":["Brilliance","Blasphemy"],"picked":"DevaForm","floor":16},{"not_picked":["DeceiveReality","Wireheading","Evaluate"],"picked":"SKIP","floor":18},{"not_picked":["ClearTheMind","ThirdEye"],"picked":"FlurryOfBlows","floor":20},{"not_picked":["CutThroughFate","Crescendo"],"picked":"ThirdEye","floor":22},{"not_picked":["WaveOfTheHand","Swivel","Protect"],"picked":"SKIP","floor":24},{"not_picked":["ConjureBlade","Sanctity"],"picked":"EmptyBody","floor":28}],"player_experience":833494,"relics_obtained":[{"floor":7,"key":"FossilizedHelix"},{"floor":9,"key":"Orichalcum"},{"floor":14,"key":"Blood Vial"},{"floor":22,"key":"Red Mask"},{"floor":26,"key":"Frozen Egg 2"}],"event_choices":[{"damage_healed":0,"gold_gain":99,"player_choice":"Steal","damage_taken":0,"max_hp_gain":0,"max_hp_loss":0,"event_name":"betterThird:BetterNest","floor":19,"gold_loss":0},{"damage_healed":0,"gold_gain":0,"player_choice":"Fought Bandits","damage_taken":0,"max_hp_gain":0,"max_hp_loss":0,"event_name":"Masked Bandits","floor":22,"gold_loss":0},{"damage_healed":0,"gold_gain":0,"player_choice":"","damage_taken":6,"max_hp_gain":0,"max_hp_loss":0,"event_name":"Knowing Skull","floor":27,"potions_obtained":[],"gold_loss":0,"cards_obtained":[]}],"is_beta":false,"boss_relics":[{"not_picked":["Empty Cage","Sozu"],"picked":"SlaversCollar"}],"items_purged_floors":[13,21],"is_endless":false,"potions_floor_spawned":[3,4,5,10,12,16,18,22,24],"killed_by":"Gremlin Leader","ascension_level":1}}