{"host":"b0l902yh1rk3g5bq","time":1610360692,"event":{"mods":["AchievementEnabler","Act Like it!","Aspiration","BaseMod","Better Match","Better Sensory Stone","Better Skull","Better Third Choice","BetterRewards","Challenge The Spire","Colored Map","Colored Powertips","Conspire","Downfall","Energized Spire","GifTheSpireLib","Halation","Hubris","Infinite Spire","Minty Spire (QoL Compilation)","Quick Restart","Rare Cards Sparkle","Replay The Spire","StSLib","Stuff the Spire","Trackpad","Virulent Crown","Wandering Minibosses","egg","everything is the same but u backflip on backflip","vexMod"],"gold_per_floor":[117,127,127,127,140,167,193,221,221,71,141,172,200,232,232,335,335,348,348,348,348,348,382,410,437,490,519,519,546,571,596,596,700,700,720,720,739,739,770,805,830,282,282,314,314,314,236,268,268,268],"floor_reached":51,"playtime":1801,"items_purged":["Quick Slash","Flying Knee","Flying Knee"],"score":1535,"play_id":"eaab905e-272e-491d-9f6b-734a841836e7","local_time":"20210111112452","daily_mods":["Draft","Heirloom","Flight","DeadlyEvents","Elite Swarm"],"is_ascension_mode":true,"campfire_choices":[{"floor":15,"key":"REST"},{"data":"A Thousand Cuts","floor":28,"key":"SMITH"},{"data":"Accuracy","floor":28,"key":"SMITH"},{"data":"conspire:DoublingDagger","floor":32,"key":"SMITH"},{"data":"After Image","floor":32,"key":"SMITH"},{"data":"Infinite Blades","floor":45,"key":"SMITH"},{"data":"StuffTheSpire:BrainWave","floor":45,"key":"SMITH"},{"data":"infinitespire:Collect","floor":49,"key":"SMITH"},{"data":"Accuracy","floor":49,"key":"SMITH"}],"circlet_count":0,"master_deck":["Cloak And Dagger","Backflip","Blade Dance","Finisher","Escape Plan","Hidden Blade","Accuracy+1","conspire:DoublingDagger+1","Escape Plan","Cloak And Dagger","A Thousand Cuts+1","Adrenaline","Adrenaline","After Image+1","Backflip","After Image","StuffTheSpire:BrainWave+1","Cloak And Dagger+1","Accuracy+1","Malaise","Infinite Blades+1","Adrenaline","infinitespire:Collect+1","Accuracy+1","Dodge and Roll","After Image"],"relics":["Ring of the Snake","StoneCalendar","trackpad:WeightlessShivs","champ:DuelingGlove","infinitespire:Beetle Shell","Replay:Kaleidoscope","StrikeDummy","conspire:TreasureMap","Molten Egg 2","Akabeko","infinitespire:EmpoweringShard","Replay:Arrowhead","aspiration:RandomNobGenerator","Onion Ring","halation:PurpleSoulGem","Garlic","hexamod:BolsterEngine","vexMod:ConsolationPrize","StuffTheSpire:PointBlank","hubris:TenFootPole","hubris:CrystalStatue","trackpad:AdjectivePendant","Oddly Smooth Stone","trackpad:RapidFire","vexMod:PlasmaPancake","aspiration:AnachronicSnailShell","aspiration:HummingbirdHeart","TwistedFunnel","hubris:64BitClover","hubris:BundleOfHerbs","Replay:Drink Me","StuffTheSpire:Mouthbags"],"acts_visited":["Exordium","TheCity","TheBeyond"],"potions_floor_usage":[50],"damage_taken":[{"damage":0,"enemies":"2 Louse","floor":1,"turns":2},{"damage":0,"enemies":"conspire:RoseBush","floor":2,"turns":2},{"damage":0,"enemies":"Cultist","floor":5,"turns":2},{"damage":0,"enemies":"Lagavulin","floor":6,"turns":3},{"damage":25,"enemies":"Gremlin Nob","floor":7,"turns":4},{"damage":0,"enemies":"Lagavulin","floor":8,"turns":3},{"damage":2,"enemies":"Replay:BlueRogue","floor":12,"turns":2},{"damage":12,"enemies":"Gremlin Nob","floor":13,"turns":3},{"damage":9,"enemies":"Replay:BlueRogue","floor":14,"turns":2},{"damage":34,"enemies":"The Guardian","floor":16,"turns":6},{"damage":0,"enemies":"Spheric Guardian","floor":18,"turns":3},{"damage":6,"enemies":"Gremlin Leader","floor":23,"turns":2},{"damage":0,"enemies":"Book of Stabbing","floor":24,"turns":2},{"damage":0,"enemies":"conspire:Head Lice","floor":25,"turns":3},{"damage":0,"enemies":"Slavers","floor":27,"turns":2},{"damage":0,"enemies":"Book of Stabbing","floor":29,"turns":3},{"damage":0,"enemies":"Gremlin Leader","floor":30,"turns":2},{"damage":0,"enemies":"Book of Stabbing","floor":31,"turns":2},{"damage":0,"enemies":"Collector","floor":33,"turns":3},{"damage":0,"enemies":"3 Shapes","floor":35,"turns":2},{"damage":0,"enemies":"Orb Walker","floor":37,"turns":2},{"damage":0,"enemies":"Reptomancer","floor":39,"turns":2},{"damage":0,"enemies":"Giant Head","floor":40,"turns":2},{"damage":0,"enemies":"R_Hoarder","floor":41,"turns":2},{"damage":0,"enemies":"Reptomancer","floor":44,"turns":1},{"damage":0,"enemies":"Giant Head","floor":48,"turns":1},{"damage":0,"enemies":"hubris:GrandSnecko","floor":50,"turns":2}],"seed_played":"-7210188525003282315","potions_obtained":[{"floor":6,"key":"FearPotion"},{"floor":7,"key":"Toxic Potion"},{"floor":12,"key":"PowerPotion"},{"floor":25,"key":"Slimebound:ThreeZeroPotion"}],"is_trial":true,"path_per_floor":["M","M","?","?","M","E","E","E","T","$","T","E","E","E","R","B",null,"M","?","AVR","?","?","E","E","E","T","E","R","E","E","E","R","B",null,"M","?","M","?","E","E","E","$","T","E","R","AVR","$","E","R","B",null],"character_chosen":"THE_SILENT","items_purchased":["conspire:TreasureMap","Infinite Blades","aspiration:HummingbirdHeart","TwistedFunnel","Accuracy"],"campfire_rested":1,"item_purchase_floors":[10,42,42,42,47],"current_hp_per_floor":[70,70,67,67,67,67,42,42,42,42,42,40,28,19,40,6,70,70,70,70,57,57,51,51,51,51,51,51,51,51,51,51,51,75,75,68,68,68,68,74,74,74,74,74,74,56,56,56,56,56],"gold":268,"neow_bonus":"","is_daily":false,"chose_seed":false,"campfire_upgraded":8,"win_rate":0.0,"timestamp":1610360692,"path_taken":["M","M","?","?","?","E","E","E","T","$","?","E","E","E","R","BOSS","M","?","AVR","?","?","E","E","E","T","E","R","E","E","E","R","BOSS","M","?","M","?","?","E","E","$","T","E","R","AVR","$","E","R","BOSS"],"items_purchased_type":["Relic","Card","Relic","Relic","Card"],"build_version":"2020-12-22","purchased_purges":3,"victory":true,"max_hp_per_floor":[70,70,70,70,70,70,70,70,70,70,70,70,70,70,70,70,70,70,70,70,75,75,75,75,75,75,75,75,75,75,75,75,75,75,75,68,68,68,68,74,74,74,74,74,74,56,56,56,56,56],"card_choices":[{"not_picked":["hubris:Counter","StuffTheSpire:Python"],"picked":"Quick Slash","floor":0},{"not_picked":["ReplayTheSpireMod:Shiv Toss","Blade Dance"],"picked":"Cloak And Dagger","floor":0},{"not_picked":["Endless Agony","Outmaneuver"],"picked":"Flying Knee","floor":0},{"not_picked":["Tactician","Deadly Poison"],"picked":"Backflip","floor":0},{"not_picked":["Deadly Poison","StuffTheSpire:Python"],"picked":"Blade Dance","floor":0},{"not_picked":["StuffTheSpire:BumpUp","Prepared"],"picked":"Finisher","floor":0},{"not_picked":["StuffTheSpire:Shiver","Acrobatics"],"picked":"Deflect","floor":0},{"not_picked":["Underhanded Strike","Slice"],"picked":"Escape Plan","floor":0},{"not_picked":["Concentrate","hubris:SlightOfHand"],"picked":"Flying Knee","floor":0},{"not_picked":["Catalyst","conspire:DoublingDagger"],"picked":"Dagger Spray","floor":0},{"not_picked":["ReplayTheSpireMod:Shiv Toss","StuffTheSpire:Repulse"],"picked":"Hidden Blade","floor":0},{"not_picked":["Reflex","Draining Mist"],"picked":"Accuracy","floor":0},{"not_picked":["Outmaneuver","Poisoned Stab"],"picked":"conspire:DoublingDagger","floor":0},{"not_picked":["Masterful Stab","Catalyst"],"picked":"Flying Knee","floor":0},{"not_picked":["Finisher","Slice"],"picked":"Dodge and Roll","floor":0},{"not_picked":["Outmaneuver","Quick Slash"],"picked":"Escape Plan","floor":1},{"not_picked":["StuffTheSpire:ClusterCrunch","Acrobatics","StuffTheSpire:Injection"],"picked":"SKIP","floor":2},{"not_picked":["Underhanded Strike","ReplayTheSpireMod:Tripwire"],"picked":"Cloak And Dagger","floor":5},{"not_picked":["Venomology","Phantasmal Killer"],"picked":"A Thousand Cuts","floor":6},{"not_picked":["Bullet Time","Doppelganger"],"picked":"Adrenaline","floor":7},{"not_picked":["ReplayTheSpireMod:From All Sides","Corpse Explosion","Phantasmal Killer"],"picked":"SKIP","floor":8},{"not_picked":["Malaise","Doppelganger"],"picked":"Adrenaline","floor":12},{"not_picked":["Bullet Time","StuffTheSpire:FinalStruggle+1","Unload+1"],"picked":"SKIP","floor":13},{"not_picked":["Glass Knife+1","Night Terror","Bullet Time"],"picked":"SKIP","floor":14},{"not_picked":["Wraith Form v2","ReplayTheSpireMod:Necrosis"],"picked":"After Image","floor":16},{"not_picked":["Distraction+1","Slice+1"],"picked":"Backflip","floor":18},{"not_picked":["Bullet Time","Tools of the Trade"],"picked":"After Image","floor":23},{"not_picked":["Tools of the Trade","Envenom","Night Terror"],"picked":"SKIP","floor":24},{"not_picked":["Doppelganger","A Thousand Cuts","Atom Bomb+1"],"picked":"SKIP","floor":25},{"not_picked":["Tools of the Trade","Night Terror","Atom Bomb+1"],"picked":"SKIP","floor":27},{"not_picked":["Poison Darts","Doppelganger","Corpse Explosion"],"picked":"SKIP","floor":29},{"not_picked":["Unload+1","Tools of the Trade","Poison Darts"],"picked":"SKIP","floor":30},{"not_picked":["Envenom","Atom Bomb+1","Corpse Explosion"],"picked":"SKIP","floor":31},{"not_picked":["Choke+1","Replay:Poison Smokescreen","Dash+1"],"picked":"SKIP","floor":35},{"not_picked":["StuffTheSpire:BrimstoneBlast+1","StuffTheSpire:BumpUp+1"],"picked":"Cloak And Dagger+1","floor":37},{"not_picked":["Malaise","Replay:Bag of Tricks","Envenom"],"picked":"SKIP","floor":39},{"not_picked":["Glass Knife+1","Corpse Explosion"],"picked":"Malaise","floor":40},{"not_picked":["Doppelganger","Venomology","Atom Bomb+1"],"picked":"SKIP","floor":41},{"not_picked":["Die Die Die+1","aspiration:Lunge+1"],"picked":"Adrenaline","floor":44},{"not_picked":["ReplayTheSpireMod:From All Sides+1","Adrenaline"],"picked":"After Image","floor":48}],"player_experience":636966,"relics_obtained":[{"floor":6,"key":"champ:DuelingGlove"},{"floor":7,"key":"infinitespire:Beetle Shell"},{"floor":8,"key":"Replay:Kaleidoscope"},{"floor":9,"key":"StrikeDummy"},{"floor":11,"key":"Molten Egg 2"},{"floor":12,"key":"Akabeko"},{"floor":13,"key":"infinitespire:EmpoweringShard"},{"floor":14,"key":"Replay:Arrowhead"},{"floor":23,"key":"Garlic"},{"floor":24,"key":"hexamod:BolsterEngine"},{"floor":25,"key":"vexMod:ConsolationPrize"},{"floor":26,"key":"StuffTheSpire:PointBlank"},{"floor":27,"key":"hubris:TenFootPole"},{"floor":29,"key":"hubris:CrystalStatue"},{"floor":30,"key":"trackpad:AdjectivePendant"},{"floor":31,"key":"Oddly Smooth Stone"},{"floor":39,"key":"trackpad:RapidFire"},{"floor":40,"key":"vexMod:PlasmaPancake"},{"floor":41,"key":"aspiration:AnachronicSnailShell"},{"floor":44,"key":"hubris:64BitClover"},{"floor":48,"key":"StuffTheSpire:Mouthbags"}],"event_choices":[{"damage_healed":0,"gold_gain":0,"player_choice":"Relic ","damage_taken":3,"max_hp_gain":0,"max_hp_loss":0,"event_name":"betterThird:BetterScrap","floor":3,"gold_loss":0,"cards_obtained":["Blasphemy"]},{"damage_healed":0,"gold_gain":0,"player_choice":"Bought 0 Potions","damage_taken":0,"max_hp_gain":0,"max_hp_loss":0,"event_name":"The Woman in Blue","floor":4,"gold_loss":0},{"damage_healed":0,"gold_gain":0,"player_choice":"Ignored","damage_taken":0,"max_hp_gain":0,"max_hp_loss":0,"event_name":"Vampires","floor":19,"gold_loss":0},{"damage_healed":0,"gold_gain":0,"player_choice":"Shed Blood","damage_taken":18,"max_hp_gain":5,"max_hp_loss":0,"event_name":"Forgotten Altar","floor":21,"gold_loss":0},{"damage_healed":0,"gold_gain":0,"player_choice":"Copied","damage_taken":0,"max_hp_gain":0,"max_hp_loss":0,"event_name":"Duplicator","floor":38,"gold_loss":0,"cards_obtained":["Accuracy"]}],"is_beta":false,"boss_relics":[{"not_picked":["halation:MonkeysPaw","energizedSpire:PogoStick"],"picked":"aspiration:RandomNobGenerator"},{"not_picked":["energizedSpire:StickyHand","Fusion Hammer","halation:Yufonium"]}],"items_purged_floors":[20,42,46],"is_endless":false,"potions_floor_spawned":[6,7,12,14,16,23,24,25,30,35,41],"ascension_level":1}}