{"host":"t5rw97mv1xv8s043","time":1610397890,"event":{"mods":["2.2 Compatiblity","Act Like it!","BaseMod","Colored Powertips","Downfall","Energized Spire","Hermit","Jorbs\u0027s Wanderer Trilogy","Minty Spire (QoL Compilation)","Rare Cards Sparkle","Replay The Spire","StSLib","The Bug Knight","The Cursed"],"gold_per_floor":[109,109,123,136,136,136,154,154,154,174,174,185,185,205,205,305,305,323,335,56,56,56,81,81,81],"floor_reached":24,"playtime":1578,"items_purged":["hermit:Defend_Hermit"],"score":208,"play_id":"ef922f61-452a-43f8-92ab-c70773ebde52","local_time":"20210111174450","is_ascension_mode":false,"campfire_choices":[{"floor":6,"key":"RECALL"},{"data":"hermit:HighCaliber","floor":8,"key":"SMITH"},{"data":"hermit:Brawl","floor":11,"key":"SMITH"},{"data":"hermit:Snapshot","floor":15,"key":"SMITH"}],"circlet_count":0,"master_deck":["hermit:Strike_Hermit","hermit:Strike_Hermit","hermit:Strike_Hermit","hermit:Strike_Hermit","hermit:Defend_Hermit","hermit:Defend_Hermit","hermit:Defend_Hermit","hermit:Snapshot+1","hermit:Covet","hermit:SprayPray","hermit:HighCaliber+1","Normality","hermit:ItchyTrigger","hermit:Brawl+1","hermit:SprayPray","hermit:HeroicBravado","hermit:Headshot","hermit:Combo+1","hermit:TakeAim+1"],"relics":["hermit:Momento","NeowsBlessing","Ring of Fury","Ring of Searing","Bottled Flame","Replay:Bronze Core","Toolbox","Bag of Marbles"],"acts_visited":["TheCity"],"potions_floor_usage":[7,10,16,16,23,24],"damage_taken":[{"damage":0,"enemies":"2 Louse","floor":1,"turns":1},{"damage":0,"enemies":"Cultist","floor":3,"turns":1},{"damage":0,"enemies":"Small Slimes","floor":4,"turns":1},{"damage":0,"enemies":"Blue Slaver","floor":7,"turns":1},{"damage":20,"enemies":"Exordium Wildlife","floor":10,"turns":3},{"damage":7,"enemies":"Blue Slaver","floor":12,"turns":2},{"damage":4,"enemies":"Gremlin Gang","floor":14,"turns":2},{"damage":61,"enemies":"Fading Forest","floor":16,"turns":11},{"damage":22,"enemies":"3 Byrds","floor":18,"turns":4},{"damage":2,"enemies":"Chosen","floor":19,"turns":3},{"damage":34,"enemies":"Replay:Snechameleon","floor":23,"turns":8},{"damage":51,"enemies":"Sentry and Sphere","floor":24,"turns":5}],"seed_played":"-112875720806150223","potions_obtained":[{"floor":1,"key":"hermit:BlackBile"},{"floor":2,"key":"FairyPotion"},{"floor":2,"key":"Fire Potion"},{"floor":12,"key":"EssenceOfSteel"},{"floor":14,"key":"LiquidMemories"},{"floor":16,"key":"PowerPotion"},{"floor":23,"key":"FearPotion"}],"is_trial":false,"path_per_floor":["M","?","M","M","?","R","M","R","T","M","R","M","T","M","R","B",null,"M","M","$","?","?","E","M"],"character_chosen":"HERMIT","items_purchased":["Toolbox","hermit:Combo+1"],"campfire_rested":0,"item_purchase_floors":[20,20],"current_hp_per_floor":[75,75,75,75,75,75,75,75,75,55,55,48,48,44,44,5,75,53,51,51,51,51,17,0,0],"gold":81,"neow_bonus":"THREE_ENEMY_KILL","is_daily":false,"chose_seed":false,"campfire_upgraded":3,"win_rate":0.0,"timestamp":1610397890,"path_taken":["M","?","?","?","?","R","M","R","T","M","R","M","?","?","R","BOSS","M","M","$","?","?","E","M"],"items_purchased_type":["Relic","Card"],"build_version":"2020-12-22","purchased_purges":1,"victory":false,"max_hp_per_floor":[75,75,75,75,75,75,75,75,75,75,75,75,75,75,75,75,75,75,75,75,75,75,75,75,75],"card_choices":[{"not_picked":["hermit:Scavenge","hermit:Glare"],"picked":"hermit:SprayPray","floor":1},{"not_picked":["hermit:WideOpen","hermit:HighCaliber","hermit:Grudge"],"picked":"SKIP","floor":3},{"not_picked":["hermit:DeadMansHand","hermit:BodyArmor"],"picked":"hermit:HighCaliber","floor":4},{"not_picked":["hermit:CalledShot","hermit:Glare"],"picked":"hermit:ItchyTrigger","floor":7},{"not_picked":["hermit:ShadowCloak","hermit:Vantage"],"picked":"hermit:Brawl","floor":10},{"not_picked":["hermit:LuckOfTheDraw","hermit:Gestalt"],"picked":"hermit:SprayPray","floor":12},{"not_picked":["hermit:Grudge","hermit:Manifest","hermit:EternalForm"],"picked":"SKIP","floor":14},{"not_picked":["hermit:Dissolve","hermit:OverwhelmingPower"],"picked":"hermit:HeroicBravado","floor":16},{"not_picked":["hermit:Manifest","hermit:WideOpen","hermit:Desperado"],"picked":"SKIP","floor":18},{"not_picked":["hermit:Glare","hermit:BodyArmor"],"picked":"hermit:Headshot","floor":19},{"not_picked":["hermit:Snipe","hermit:PistolWhip+1"],"picked":"hermit:TakeAim+1","floor":23}],"player_experience":192511,"relics_obtained":[{"floor":5,"key":"Ring of Fury"},{"floor":5,"key":"Ring of Searing"},{"floor":13,"key":"Bottled Flame"},{"floor":23,"key":"Bag of Marbles"}],"event_choices":[{"damage_healed":0,"gold_gain":0,"player_choice":"Got Potions","damage_taken":0,"max_hp_gain":0,"max_hp_loss":0,"event_name":"Lab","floor":2,"gold_loss":0},{"damage_healed":0,"gold_gain":0,"player_choice":"Ignored","damage_taken":0,"max_hp_gain":0,"max_hp_loss":0,"event_name":"Ghosts","floor":21,"gold_loss":0},{"damage_healed":0,"gold_gain":0,"player_choice":"Ignored","damage_taken":0,"max_hp_gain":0,"max_hp_loss":0,"event_name":"Fountain of Cleansing","floor":22,"gold_loss":0}],"is_beta":false,"boss_relics":[{"not_picked":["hermit:DentedPlate","Ectoplasm"],"picked":"Replay:Bronze Core"}],"items_purged_floors":[20],"is_endless":false,"potions_floor_spawned":[1,3,12,14,16,23],"killed_by":"Sentry and Sphere","ascension_level":0}}