{"host":"61pxv8qo5t6mwz68","time":1610394397,"event":{"mods":["BaseMod","Block Reminder","Colored Map","Highlight Path","Minty Spire (QoL Compilation)","Permanent Neow"],"gold_per_floor":[109,109,121,131,141,176,192,192,192,192,206,236,236,253,253,253,253],"floor_reached":16,"playtime":763,"items_purged":[],"score":114,"play_id":"f55fd419-858c-4981-bec7-a0b4499f6926","local_time":"20210111144637","is_ascension_mode":false,"campfire_choices":[{"floor":15,"key":"REST"}],"circlet_count":0,"master_deck":["Strike_G","Strike_G","Strike_G","Strike_G","Strike_G+1","Defend_G","Defend_G","Defend_G","Defend_G","Defend_G","Survivor","Neutralize","Backstab","Poisoned Stab","Blade Dance","Noxious Fumes","Backstab","Finisher+1","Slice","Distraction","Well Laid Plans","Quick Slash"],"relics":["Ring of the Snake","FossilizedHelix","MealTicket","Ancient Tea Set"],"acts_visited":["Exordium"],"potions_floor_usage":[16,16,16],"damage_taken":[{"damage":0,"enemies":"Jaw Worm","floor":1,"turns":4},{"damage":0,"enemies":"Cultist","floor":3,"turns":4},{"damage":0,"enemies":"2 Louse","floor":4,"turns":2},{"damage":0,"enemies":"Looter","floor":5,"turns":4},{"damage":23,"enemies":"Gremlin Nob","floor":6,"turns":4},{"damage":0,"enemies":"3 Louse","floor":7,"turns":1},{"damage":0,"enemies":"Gremlin Gang","floor":11,"turns":4},{"damage":18,"enemies":"Lagavulin","floor":12,"turns":4},{"damage":0,"enemies":"Looter","floor":14,"turns":1},{"damage":38,"enemies":"The Guardian","floor":16,"turns":7}],"seed_played":"6104066746256995424","potions_obtained":[{"floor":2,"key":"SkillPotion"},{"floor":2,"key":"FearPotion"},{"floor":2,"key":"GamblersBrew"},{"floor":6,"key":"DuplicationPotion"}],"is_trial":false,"path_per_floor":["M","?","M","M","M","E","M","?","T","?","M","E","?","M","R","B"],"character_chosen":"THE_SILENT","items_purchased":[],"campfire_rested":1,"item_purchase_floors":[],"current_hp_per_floor":[70,70,70,70,70,47,47,47,47,33,33,15,15,15,36,0,0],"gold":253,"neow_bonus":"THREE_CARDS","is_daily":false,"chose_seed":false,"campfire_upgraded":0,"win_rate":0.0,"timestamp":1610394397,"path_taken":["M","?","M","M","?","E","?","?","T","?","M","E","?","M","R","BOSS"],"items_purchased_type":[],"build_version":"2020-12-22","purchased_purges":0,"victory":false,"max_hp_per_floor":[70,70,70,70,70,70,70,70,70,70,70,70,70,70,70,70,70],"card_choices":[{"not_picked":["Sucker Punch","Dodge and Roll"],"picked":"Backstab","floor":0},{"not_picked":["Blur","Endless Agony"],"picked":"Poisoned Stab","floor":1},{"not_picked":["Acrobatics","Dodge and Roll"],"picked":"Blade Dance","floor":3},{"not_picked":["Backflip","Outmaneuver"],"picked":"Noxious Fumes","floor":4},{"not_picked":["Dagger Spray","Riddle With Holes"],"picked":"Backstab","floor":5},{"not_picked":["Die Die Die","Deadly Poison"],"picked":"Finisher","floor":6},{"not_picked":["Riddle With Holes","Escape Plan"],"picked":"Slice","floor":7},{"not_picked":["Heel Hook","Reflex"],"picked":"Distraction","floor":11},{"not_picked":["Dagger Throw","Flechettes"],"picked":"Well Laid Plans","floor":12},{"not_picked":["Endless Agony","Dagger Throw"],"picked":"Quick Slash","floor":14}],"player_experience":38796,"relics_obtained":[{"floor":6,"key":"FossilizedHelix"},{"floor":9,"key":"MealTicket"},{"floor":12,"key":"Ancient Tea Set"}],"event_choices":[{"damage_healed":0,"gold_gain":0,"player_choice":"Got Potions","damage_taken":0,"max_hp_gain":0,"max_hp_loss":0,"event_name":"Lab","floor":2,"gold_loss":0},{"damage_healed":0,"gold_gain":0,"player_choice":"Ignored","damage_taken":0,"max_hp_gain":0,"max_hp_loss":0,"event_name":"Liars Game","floor":8,"gold_loss":0},{"damage_healed":0,"gold_gain":0,"player_choice":"Entered Light","damage_taken":14,"max_hp_gain":0,"max_hp_loss":0,"event_name":"Shining Light","floor":10,"gold_loss":0,"cards_upgraded":["Finisher","Strike_G"]},{"damage_healed":0,"gold_gain":0,"player_choice":"Ignored","damage_taken":0,"max_hp_gain":0,"max_hp_loss":0,"event_name":"Purifier","floor":13,"gold_loss":0}],"is_beta":false,"boss_relics":[],"items_purged_floors":[],"is_endless":false,"potions_floor_spawned":[3,6,7],"killed_by":"The Guardian","ascension_level":0}}