{"host":"5jyeqch4fosnsiz2","time":1610395222,"event":{"mods":["BaseMod","Bestiary","Colored Map","Colored Powertips","Filter the Spire","Minty Spire (QoL Compilation)","Relic Stats","StSLib","Waifu the Spire","ojb\u0027s Better Paths Mod","ojb\u0027s Info Mod"],"gold_per_floor":[112,124,135,54,65,65,98,48,48,48,48,48],"floor_reached":11,"playtime":364,"items_purged":[],"score":73,"play_id":"c2fac61f-f7c4-4e61-a9cb-9b740b14c699","local_time":"20210111150022","is_ascension_mode":false,"campfire_choices":[{"data":"Turbo","floor":6,"key":"SMITH"}],"circlet_count":0,"master_deck":["Strike_B","Strike_B","Strike_B","Strike_B","Defend_B","Defend_B","Defend_B","Zap","Dualcast","Meteor Strike","Streamline","Aggregate+1","Coolheaded","Loop","Cold Snap","Turbo+1","Streamline"],"relics":["Cracked Core","Eternal Feather","Singing Bowl"],"acts_visited":["Exordium"],"potions_floor_usage":[11],"damage_taken":[{"damage":5,"enemies":"Cultist","floor":1,"turns":4},{"damage":2,"enemies":"Small Slimes","floor":2,"turns":3},{"damage":6,"enemies":"Jaw Worm","floor":3,"turns":3},{"damage":9,"enemies":"3 Louse","floor":5,"turns":4},{"damage":27,"enemies":"Lagavulin","floor":7,"turns":7},{"damage":27,"enemies":"3 Sentries","floor":11,"turns":6}],"seed_played":"-7782547741143632919","potions_obtained":[{"floor":2,"key":"Strength Potion"},{"floor":7,"key":"Swift Potion"}],"is_trial":false,"path_per_floor":["M","M","M","$","M","R","E","?","T","?","E"],"character_chosen":"DEFECT","items_purchased":["Loop","Cold Snap"],"campfire_rested":0,"item_purchase_floors":[4,4],"current_hp_per_floor":[70,68,62,62,53,53,26,26,26,26,0,0],"gold":48,"neow_bonus":"ONE_RANDOM_RARE_CARD","is_daily":false,"chose_seed":false,"campfire_upgraded":1,"win_rate":0.0,"timestamp":1610395222,"path_taken":["M","M","M","$","?","R","E","?","T","?","E"],"items_purchased_type":["Card","Card"],"build_version":"2020-12-22","purchased_purges":0,"victory":false,"max_hp_per_floor":[75,75,75,75,75,75,75,75,75,75,75,75],"relic_stats":{"Singing Bowl":0,"counters":[6,27],"Eternal Feather":0,"obtain_stats":[{"Singing Bowl":9,"Eternal Feather":7,"Cracked Core":0},{"Singing Bowl":5,"Eternal Feather":5,"Cracked Core":0},{"Singing Bowl":21,"Eternal Feather":21,"Cracked Core":0}]},"card_choices":[{"not_picked":["Steam Power","Barrage"],"picked":"Streamline","floor":1},{"not_picked":["Rebound","Force Field"],"picked":"Aggregate","floor":2},{"not_picked":["Stack","Steam"],"picked":"Coolheaded","floor":3},{"not_picked":["Beam Cell","Conserve Battery"],"picked":"Turbo","floor":5},{"not_picked":["Rebound","Gash"],"picked":"Streamline","floor":7}],"player_experience":299839,"relics_obtained":[{"floor":7,"key":"Eternal Feather"},{"floor":9,"key":"Singing Bowl"}],"event_choices":[{"cards_removed":["Defend_B"],"damage_healed":0,"gold_gain":0,"player_choice":"Card Removal","damage_taken":0,"max_hp_gain":0,"max_hp_loss":0,"event_name":"The Cleric","floor":8,"gold_loss":50},{"damage_healed":0,"gold_gain":0,"player_choice":"Grow","damage_taken":0,"max_hp_gain":0,"max_hp_loss":0,"event_name":"Living Wall","floor":10,"gold_loss":0,"cards_upgraded":["Aggregate"]}],"is_beta":false,"boss_relics":[],"items_purged_floors":[],"is_endless":false,"potions_floor_spawned":[2,7],"killed_by":"3 Sentries","ascension_level":0}}