{"host":"6swbl1yqdi8v28pk","time":1610329165,"event":{"mods":["AchievementEnabler","BaseMod","Colored Map","Minty Spire (QoL Compilation)","Quick Restart"],"gold_per_floor":[161,174,174,186,58,87,99,76,135,147,177,200,231,269,281,390,402,434,446,474,420,443,455,477,489,549,574,603,615,627,659,671,683,683],"floor_reached":33,"playtime":1932,"items_purged":["Strike_G"],"score":274,"play_id":"301bd149-9a86-4efe-b08c-c56da0b037ac","local_time":"20210110193925","is_ascension_mode":true,"campfire_choices":[{"data":"Catalyst","floor":7,"key":"SMITH"},{"data":"Footwork","floor":10,"key":"SMITH"},{"floor":15,"key":"REST"},{"floor":23,"key":"REST"},{"floor":25,"key":"REST"},{"floor":29,"key":"REST"},{"floor":32,"key":"REST"}],"circlet_count":0,"master_deck":["Strike_G","Strike_G","Strike_G","Strike_G","Defend_G","Defend_G","Defend_G","Defend_G","Survivor+1","Neutralize","Dodge and Roll","Dash","Catalyst+1","Acrobatics","Deadly Poison","Footwork+1","After Image","Cloak And Dagger","Leg Sweep","Burst","Corpse Explosion","Quick Slash","Writhe","Deadly Poison","Bouncing Flask","PiercingWail","Poisoned Stab","Well Laid Plans","Backstab+1"],"relics":["Tiny House","MawBank","Vajra","Question Card","SlaversCollar","Pantograph","Nunchaku","Strawberry"],"acts_visited":["Exordium","TheCity"],"potions_floor_usage":[16,18,20,24,28,33],"damage_taken":[{"damage":0,"enemies":"Jaw Worm","floor":1,"turns":5},{"damage":0,"enemies":"Cultist","floor":2,"turns":5},{"damage":2,"enemies":"Small Slimes","floor":4,"turns":4},{"damage":19,"enemies":"Lagavulin","floor":6,"turns":7},{"damage":0,"enemies":"Exordium Wildlife","floor":11,"turns":4},{"damage":0,"enemies":"Exordium Thugs","floor":12,"turns":6},{"damage":3,"enemies":"2 Fungi Beasts","floor":13,"turns":5},{"damage":14,"enemies":"3 Sentries","floor":14,"turns":16},{"damage":7,"enemies":"The Guardian","floor":16,"turns":16},{"damage":17,"enemies":"Chosen","floor":18,"turns":12},{"damage":28,"enemies":"3 Byrds","floor":20,"turns":5},{"damage":19,"enemies":"Cultist and Chosen","floor":22,"turns":9},{"damage":20,"enemies":"Centurion and Healer","floor":24,"turns":9},{"damage":23,"enemies":"Shelled Parasite and Fungi","floor":27,"turns":10},{"damage":5,"enemies":"3 Cultists","floor":28,"turns":4},{"damage":46,"enemies":"Cultist and Chosen","floor":31,"turns":9},{"damage":89,"enemies":"Champ","floor":33,"turns":11}],"seed_played":"-8541176096860544814","potions_obtained":[{"floor":0,"key":"SkillPotion"},{"floor":2,"key":"ColorlessPotion"},{"floor":11,"key":"LiquidBronze"},{"floor":13,"key":"Weak Potion"},{"floor":16,"key":"FairyPotion"},{"floor":22,"key":"Block Potion"},{"floor":27,"key":"Energy Potion"},{"floor":28,"key":"SteroidPotion"}],"is_trial":false,"path_per_floor":["M","M","?","M","$","E","R","?","T","R","M","M","M","E","R","B",null,"M","?","M","?","M","R","M","R","T","M","M","R","?","M","R","B"],"character_chosen":"THE_SILENT","items_purchased":["Deadly Poison"],"campfire_rested":5,"item_purchase_floors":[5],"current_hp_per_floor":[75,75,75,73,73,54,54,72,72,72,72,72,69,55,75,68,75,58,58,30,30,11,33,13,35,42,19,14,38,38,21,45,0,0],"gold":683,"neow_bonus":"BOSS_RELIC","is_daily":false,"chose_seed":false,"campfire_upgraded":2,"win_rate":0.0,"timestamp":1610329165,"path_taken":["M","M","?","M","?","E","R","?","T","R","M","?","M","E","R","BOSS","M","?","M","?","?","R","M","R","T","M","M","R","?","M","R","BOSS"],"items_purchased_type":["Card"],"build_version":"2020-12-22","purchased_purges":1,"victory":false,"max_hp_per_floor":[75,75,75,75,75,75,75,75,75,75,75,75,75,75,75,75,75,75,75,75,75,75,75,75,75,82,82,82,82,82,82,82,82,82],"card_choices":[{"not_picked":["Dagger Spray","Masterful Stab"],"picked":"Dodge and Roll","floor":0},{"not_picked":["Deflect","Backflip"],"picked":"Dash","floor":1},{"not_picked":["Deadly Poison","Sucker Punch"],"picked":"Catalyst","floor":2},{"not_picked":["Riddle With Holes","Reflex"],"picked":"Acrobatics","floor":4},{"not_picked":["Deflect","Cloak And Dagger"],"picked":"Footwork","floor":6},{"not_picked":["Accuracy","Blade Dance"],"picked":"After Image","floor":11},{"not_picked":["Bane","Quick Slash"],"picked":"Cloak And Dagger","floor":12},{"not_picked":["Acrobatics","Slice"],"picked":"Leg Sweep","floor":13},{"not_picked":["Reflex","Riddle With Holes"],"picked":"Burst","floor":14},{"not_picked":["A Thousand Cuts","Burst","Night Terror"],"picked":"Corpse Explosion","floor":16},{"not_picked":["Slice","Underhanded Strike","Dodge and Roll"],"picked":"Quick Slash","floor":18},{"not_picked":["Quick Slash+1","Tactician+1","Underhanded Strike"],"picked":"Deadly Poison","floor":20},{"not_picked":["PiercingWail","Cloak And Dagger","Dagger Spray"],"picked":"Bouncing Flask","floor":22},{"not_picked":["Tactician+1","Riddle With Holes","Expertise"],"picked":"PiercingWail","floor":24},{"not_picked":["Dodge and Roll","Backflip","Cloak And Dagger"],"picked":"Poisoned Stab","floor":27},{"not_picked":["Sucker Punch+1","Dash","Bane"],"picked":"Well Laid Plans","floor":28},{"not_picked":["Venomology","Deadly Poison","PiercingWail"],"picked":"Backstab+1","floor":31}],"player_experience":101877,"relics_obtained":[{"floor":6,"key":"MawBank"},{"floor":9,"key":"Vajra"},{"floor":14,"key":"Question Card"},{"floor":26,"key":"Strawberry"}],"event_choices":[{"cards_removed":["Defend_G"],"damage_healed":0,"gold_gain":0,"player_choice":"Offered Basic","damage_taken":0,"max_hp_gain":0,"max_hp_loss":0,"event_name":"Bonfire Elementals","floor":3,"gold_loss":0},{"damage_healed":18,"gold_gain":0,"player_choice":"Healed","damage_taken":0,"max_hp_gain":0,"max_hp_loss":0,"event_name":"The Cleric","floor":8,"gold_loss":35},{"damage_healed":0,"gold_gain":0,"player_choice":"Opened","damage_taken":0,"relics_obtained":["Pantograph"],"max_hp_gain":0,"max_hp_loss":0,"event_name":"The Mausoleum","floor":19,"gold_loss":0,"cards_obtained":["Writhe"]},{"damage_healed":0,"gold_gain":0,"player_choice":"Paid Gold","damage_taken":0,"relics_obtained":["Nunchaku"],"max_hp_gain":0,"max_hp_loss":0,"event_name":"WeMeetAgain","floor":21,"gold_loss":66},{"damage_healed":0,"gold_gain":0,"player_choice":"Leave","damage_taken":0,"max_hp_gain":0,"max_hp_loss":0,"event_name":"FaceTrader","floor":30,"gold_loss":0}],"is_beta":false,"boss_relics":[{"not_picked":["Runic Dome","Coffee Dripper"],"picked":"SlaversCollar"}],"items_purged_floors":[5],"is_endless":false,"potions_floor_spawned":[2,11,13,16,22,27,28],"killed_by":"Champ","ascension_level":1}}