{"host":"on8rz1ayhhz269sg","time":1610380925,"event":{"mods":["BaseMod","Downfall","Minty Spire (QoL Compilation)","Remilia£®¿Ÿ√◊¿Ú—«£©","StSLib","The Cursed"],"gold_per_floor":[99,112,125,145,157,257,257,67,67,77,62,62,81,99,112,214,214,214,233,233,252,265,5,31,49,66,66,66,91,91,103,117,219,219,219,236,236,75,124,124,148,148,148,48,64,77,77],"floor_reached":48,"playtime":5263,"items_purged":["hexamod:Haunted"],"score":726,"play_id":"c5b4332b-ef11-42b6-a2f3-50c4d11011d5","local_time":"20210112000205","is_ascension_mode":false,"campfire_choices":[{"data":"hexamod:TimeOfNeed","floor":1.0,"key":"SMITH"},{"data":"hexamod:NightmareGuise","floor":9.0,"key":"SMITH"},{"data":"hexamod:VolcanoVisage","floor":12,"key":"SMITH"},{"data":"hexamod:EmpoweringStance","floor":18,"key":"SMITH"},{"floor":27,"key":"REST"},{"data":"hexamod:ThermalTransfer","floor":30,"key":"SMITH"},{"data":"hexamod:SoulSteal","floor":35,"key":"SMITH"},{"data":"hexamod:AdvancingGuard","floor":40,"key":"SMITH"},{"data":"hexamod:VolcanoVisage","floor":43,"key":"SMITH"}],"circlet_count":0,"master_deck":["hexamod:Strike","hexamod:Strike","hexamod:Strike","hexamod:Strike","hexamod:Defend","hexamod:Defend","hexamod:Defend","hexamod:Defend","hexamod:Sear","hexamod:Float","hexamod:TimeOfNeed+1","hexamod:RadiantFlame","hexamod:GhostShield","hexamod:FastForward","hexamod:SpectersWail","hexamod:NightmareGuise+1","hexamod:HauntingEcho","hexamod:VolcanoVisage+1","hexamod:Rewind","hexamod:RainOfEmbers","hexamod:GhostOfSpirePast","hexamod:EmpoweringStance+1","hexamod:ThirdSeal","hexamod:SwordOfDarkness","hexamod:ThermalTransfer+1","hexamod:InspiringFlames","hexamod:BurningTouch+1","hexamod:HeatCrush+1","hexamod:BurningTouch+1","hexamod:GhostOfSpireFuture","hexamod:SoulSteal+1","hexamod:SwordOfDarkness+1","hexamod:HeatMetal+1","hexamod:ShieldOfDarkness","hexamod:ThirdSeal","hexamod:GhostflameInferno","hexamod:FastForward+1","hexamod:ShieldOfDarkness+1","hexamod:VolcanoVisage+1","hexamod:CrushingStance","hexamod:EmpoweredFlame+1","hexamod:EmpoweredFlame+1","hexamod:StepThrough","hexamod:HeatMetal+1","hexamod:CrushingStance","hexamod:AdvancingGuard+1","hexamod:ThermalTransfer+1","hexamod:DynamicBlow","hexamod:Again+1","hexamod:SkipABeat"],"relics":["hexamod:SpiritBrand","Eternal Feather","Dream Catcher","SlaversCollar","Toolbox","Centennial Puzzle","Lantern","Astrolabe","HornCleat","Calipers","Bronze Scales","downfall:TeleportStone","Shuriken","OrangePellets"],"acts_visited":["Exordium","TheCity","TheBeyond"],"potions_floor_usage":[14,19,21,26,32,32,32,33,38,45,47],"damage_taken":[{"damage":6.0,"enemies":"Jaw Worm","floor":2.0,"turns":3.0},{"damage":0.0,"enemies":"Cultist","floor":3.0,"turns":3.0},{"damage":0.0,"enemies":"Small Slimes","floor":4.0,"turns":3.0},{"damage":6.0,"enemies":"Blue Slaver","floor":5.0,"turns":4.0},{"damage":0.0,"enemies":"downfall:FleeingMerchant","floor":8.0,"turns":4.0},{"damage":8,"enemies":"Red Slaver","floor":10,"turns":3},{"damage":0,"enemies":"downfall:FleeingMerchant","floor":11,"turns":4},{"damage":17,"enemies":"Exordium Wildlife","floor":13,"turns":4},{"damage":6,"enemies":"2 Fungi Beasts","floor":14,"turns":1},{"damage":1,"enemies":"Blue Slaver","floor":15,"turns":3},{"damage":25,"enemies":"downfall:Silent","floor":16,"turns":6},{"damage":0,"enemies":"Spheric Guardian","floor":19,"turns":4},{"damage":2,"enemies":"Snake Plant","floor":21,"turns":5},{"damage":20,"enemies":"Shelled Parasite and Fungi","floor":22,"turns":6},{"damage":9,"enemies":"downfall:FleeingMerchant","floor":23,"turns":4},{"damage":13,"enemies":"Sentry and Sphere","floor":25,"turns":6},{"damage":0,"enemies":"3 Cultists","floor":26,"turns":5},{"damage":5,"enemies":"Snake Plant","floor":31,"turns":3},{"damage":20,"enemies":"Chosen and Byrds","floor":32,"turns":8},{"damage":43,"enemies":"downfall:Ironclad","floor":33,"turns":7},{"damage":9,"enemies":"3 Shapes","floor":36,"turns":6},{"damage":0,"enemies":"downfall:FleeingMerchant","floor":38,"turns":4},{"damage":35,"enemies":"2 Orb Walkers","floor":39,"turns":5},{"damage":0,"enemies":"downfall:FleeingMerchant","floor":44,"turns":4},{"damage":4,"enemies":"Orb Walker","floor":45,"turns":3},{"damage":4,"enemies":"Sphere and 2 Shapes","floor":46,"turns":5},{"damage":0,"enemies":"downfall:Watcher","floor":47,"turns":6}],"seed_played":"-888957736670685449","potions_obtained":[{"floor":3.0,"key":"Ancient Potion"},{"floor":5.0,"key":"Dexterity Potion"},{"floor":10,"key":"ColorlessPotion"},{"floor":16,"key":"CultistPotion"},{"floor":19,"key":"Fire Potion"},{"floor":20,"key":"EntropicBrew"},{"floor":22,"key":"Ancient Potion"},{"floor":32,"key":"SkillPotion"},{"floor":33,"key":"champ:CounterPotion"},{"floor":39,"key":"DistilledChaos"},{"floor":45,"key":"Fire Potion"}],"is_trial":false,"path_per_floor":["R","M","M","M","M","?","T","$","R","M","$","R","M","M","M","B",null,"R","M","?","M","M","$","T","M","M","R","?","T","R","M","M","B",null,"R","M","?","$","?","R","T","?","R","$","M","M","B",null],"character_chosen":"THE_SPIRIT","items_purchased":["hexamod:NightmareGuise","Dream Catcher","hexamod:ShieldOfDarkness","hexamod:GhostOfSpireFuture","Toolbox","hexamod:CrushingStance","Shuriken","OrangePellets","hexamod:DynamicBlow"],"campfire_rested":1,"item_purchase_floors":[8,8,23,23,23,38,44,44,44],"current_hp_per_floor":[70,64,64,64,58,58,58,58,67,59,59,68,51,45,44,19,70,70,70,70,68,48,39,39,26,26,68,83,83,85,80,60,17,85,85,76,76,76,41,68,68,68,85,85,81,77,77],"gold":77,"neow_bonus":"ONE_RANDOM_RARE_CARD","is_daily":false,"chose_seed":false,"campfire_upgraded":8,"win_rate":0.0,"timestamp":1610380925,"path_taken":["R","M","M","M","M","?","T","$","R","M","$","R","M","M","M","BOSS","R","M","?","M","?","?","T","?","?","R","?","?","R","?","M","BOSS","R","M","?","$","?","R","T","?","R","?","?","M","BOSS"],"items_purchased_type":["Card","Relic","Card","Card","Relic","Card","Relic","Relic","Card"],"build_version":"2020-12-22","purchased_purges":1,"victory":true,"max_hp_per_floor":[70,70,70,70,70,70,70,70,70,70,70,70,70,70,70,70,70,70,70,70,70,70,70,70,70,70,70,85,85,85,85,85,85,85,85,85,85,85,85,85,85,85,85,85,85,85,85],"card_choices":[{"not_picked":["hexamod:SwordOfDarkness","hexamod:Firestarter"],"picked":"hexamod:AdvancingGuard","floor":2.0},{"not_picked":["hexamod:NightmareStrike","hexamod:Hexaguard"],"picked":"hexamod:RadiantFlame","floor":3.0},{"not_picked":["hexamod:SecondSeal","hexamod:RainOfEmbers"],"picked":"hexamod:GhostShield","floor":4.0},{"not_picked":["hexamod:SecondSeal","hexamod:NightmareStrike"],"picked":"hexamod:FastForward","floor":5.0},{"not_picked":["hexamod:HeatMetal","hexamod:GhostShield"],"picked":"hexamod:SpectersWail","floor":8.0},{"not_picked":["hexamod:Firestarter","hexamod:PhantomCloak"],"picked":"hexamod:HauntingEcho","floor":10},{"not_picked":["hexamod:SwordOfDarkness","hexamod:ThermalTransfer"],"picked":"hexamod:VolcanoVisage","floor":11},{"not_picked":["hexamod:SpectersWail","hexamod:FastForward"],"picked":"hexamod:Rewind","floor":13},{"not_picked":["hexamod:AdvancingGuard","hexamod:HauntingEcho"],"picked":"hexamod:RainOfEmbers","floor":14},{"not_picked":["hexamod:NightmareGuise","hexamod:GhostflameBarrier"],"picked":"hexamod:GhostOfSpirePast","floor":15},{"not_picked":["hexamod:TimeOfNeed","hexamod:ParanormalForm"],"picked":"hexamod:EmpoweringStance","floor":16},{"not_picked":["hexamod:SpectersWail+1","hexamod:SecondSeal"],"picked":"hexamod:ThirdSeal","floor":19},{"not_picked":["hexamod:HauntingEcho+1","hexamod:AdvancingGuard"],"picked":"hexamod:SwordOfDarkness","floor":21},{"not_picked":["hexamod:RainOfEmbers","hexamod:NightmareStrike"],"picked":"hexamod:ThermalTransfer","floor":21},{"not_picked":["hexamod:HauntingEcho","hexamod:GhostOfSpirePast"],"picked":"hexamod:InspiringFlames","floor":22},{"not_picked":["hexamod:GhostLash","hexamod:ShieldOfDarkness"],"picked":"hexamod:BurningTouch+1","floor":22},{"not_picked":["hexamod:FifthSeal","hexamod:SpectersWail"],"picked":"hexamod:HeatCrush+1","floor":23},{"not_picked":["hexamod:GhostLash","hexamod:EtherealExpedition"],"picked":"hexamod:BurningTouch+1","floor":23},{"not_picked":["hexamod:Haunt","hexamod:BacktrackSmack"],"picked":"hexamod:SoulSteal","floor":25},{"not_picked":["hexamod:GhostOfSpireFuture+1","hexamod:NightmareGuise"],"picked":"hexamod:SwordOfDarkness+1","floor":25},{"not_picked":["hexamod:GhostOfSpirePast","hexamod:RainOfEmbers"],"picked":"hexamod:HeatMetal+1","floor":26},{"not_picked":["hexamod:GhostShield","hexamod:SpectersWail"],"picked":"hexamod:ShieldOfDarkness","floor":27},{"not_picked":["hexamod:RecurringNightmare","hexamod:EtherealExpedition"],"picked":"hexamod:ThirdSeal","floor":31},{"not_picked":["hexamod:InspiringFlames","hexamod:Again"],"picked":"hexamod:GhostflameInferno","floor":32},{"not_picked":["hexamod:CatchUp+1","hexamod:FourthSeal"],"picked":"hexamod:FastForward+1","floor":32},{"not_picked":["hexamod:GhostShield","hexamod:BacktrackSmack"],"picked":"hexamod:ShieldOfDarkness+1","floor":32},{"not_picked":["hexamod:CrushingStance","hexamod:TimeWarp"],"picked":"hexamod:VolcanoVisage","floor":33},{"not_picked":["hexamod:GhostflameInferno","hexamod:FifthSeal"],"picked":"hexamod:CrushingStance","floor":33},{"not_picked":["hexamod:SpectralAdrenaline+1","hexamod:NightmareStrike"],"picked":"hexamod:StepThrough","floor":36},{"not_picked":["hexamod:RadiantFlame+1","hexamod:FirstSeal"],"picked":"hexamod:HeatMetal+1","floor":38},{"not_picked":["hexamod:EmpoweredFlame+1","hexamod:GhostShield"],"picked":"hexamod:AdvancingGuard","floor":39},{"not_picked":["hexamod:FastForward+1","hexamod:GhostShield+1"],"picked":"hexamod:ThermalTransfer+1","floor":44},{"not_picked":["hexamod:ThirdSeal","hexamod:GhostflameBarrier+1"],"picked":"hexamod:Again+1","floor":45},{"not_picked":["hexamod:RainOfEmbers+1","hexamod:RadiantFlame"],"picked":"hexamod:SkipABeat","floor":46}],"player_experience":176835,"relics_obtained":[{"floor":7.0,"key":"Eternal Feather"},{"floor":24,"key":"Centennial Puzzle"},{"floor":29,"key":"Lantern"},{"floor":37,"key":"HornCleat"},{"floor":39,"key":"Calipers"},{"floor":41,"key":"Bronze Scales"}],"event_choices":[{"damage_healed":0,"gold_gain":0,"player_choice":"Got Potions","damage_taken":0,"max_hp_gain":0,"max_hp_loss":0,"event_name":"Lab","floor":20,"gold_loss":0},{"damage_healed":0,"gold_gain":0,"player_choice":"Fight","damage_taken":0,"max_hp_gain":0,"max_hp_loss":0,"event_name":"Mysterious Sphere","floor":39,"gold_loss":0}],"is_beta":false,"boss_relics":[{"not_picked":["Philosopher\u0027s Stone","Empty Cage"],"picked":"SlaversCollar"},{"not_picked":["Coffee Dripper","Busted Crown"],"picked":"Astrolabe"}],"items_purged_floors":[38],"is_endless":false,"potions_floor_spawned":[3,5,10,13,16,19,22,25,32,33,39,45],"ascension_level":0}}