{"host":"uvd23xk3ig6bv7xx","time":1610336302,"event":{"mods":["BaseMod","Colored Powertips","Minty Spire (QoL Compilation)","Quick Restart","StSLib","SuperFastMode","¡¾ÒÅÎï¿¨ÅÆ¡¿REMEMod"],"gold_per_floor":[110,110,110,35,110,110,145,164,164,178,178,30,46,65,65,65,65],"floor_reached":16,"playtime":421,"items_purged":["Strike_R","Strike_R"],"score":100,"play_id":"35e7aee0-1588-4a0a-9cf4-a9675098ba42","local_time":"20210111113822","is_ascension_mode":false,"campfire_choices":[{"data":"Cleave","floor":6.0,"key":"SMITH"},{"data":"Body Slam","floor":11.0,"key":"SMITH"},{"data":"Body Slam","floor":15.0,"key":"SMITH"}],"circlet_count":0,"master_deck":["Strike_R","Strike_R","Strike_R","Defend_R","Defend_R","Defend_R","Defend_R","Bash","Flex","DevaForm+1","Cleave+1","Entrench","Body Slam+1","Iron Wave","Body Slam+1","Thunderclap"],"relics":["Burning Blood","REME_ComplimentaryCards","Frozen Egg 2","Gremlin Horn"],"acts_visited":["Exordium"],"potions_floor_usage":[16,16],"damage_taken":[{"damage":14.0,"enemies":"Jaw Worm","floor":1.0,"turns":4.0},{"damage":56.0,"enemies":"3 Sentries","floor":7.0,"turns":12.0},{"damage":0.0,"enemies":"2 Louse","floor":8.0,"turns":1.0},{"damage":0.0,"enemies":"Small Slimes","floor":10.0,"turns":4.0},{"damage":0.0,"enemies":"Gremlin Gang","floor":13.0,"turns":1.0},{"damage":8.0,"enemies":"Red Slaver","floor":14.0,"turns":5.0},{"damage":45,"enemies":"The Guardian","floor":16,"turns":8}],"seed_played":"2167430478517985668","potions_obtained":[{"floor":7.0,"key":"Block Potion"},{"floor":8.0,"key":"AttackPotion"},{"floor":10.0,"key":"BloodPotion"},{"floor":14.0,"key":"Dexterity Potion"}],"is_trial":false,"path_per_floor":["M","?","?","$","?","R","E","M","T","M","R","$","M","M","R","B"],"character_chosen":"IRONCLAD","items_purchased":["Iron Wave"],"campfire_rested":0,"item_purchase_floors":[12],"current_hp_per_floor":[72,72,72,72,61,61,11,17,17,23,23,23,45,43,43,0,0],"gold":65,"neow_bonus":"THREE_CARDS","is_daily":false,"chose_seed":false,"campfire_upgraded":3,"win_rate":0.0,"timestamp":1610336302,"path_taken":["M","?","?","$","?","R","E","M","T","M","R","$","?","M","R","BOSS"],"items_purchased_type":["Card"],"build_version":"2020-12-22","purchased_purges":2,"victory":false,"max_hp_per_floor":[80,80,80,80,80,80,80,80,80,80,80,80,80,80,80,80,80],"card_choices":[{"not_picked":["Perfected Strike","Burning Pact"],"picked":"Flex","floor":0.0},{"not_picked":["Ghostly Armor","Spot Weakness"],"picked":"Cleave","floor":1.0},{"not_picked":["Cleave","Metallicize+1","Exhume"],"picked":"SKIP","floor":7.0},{"not_picked":["Clothesline","Warcry"],"picked":"Entrench","floor":8.0},{"not_picked":["Metallicize+1","Twin Strike"],"picked":"Body Slam","floor":10.0},{"not_picked":["Cleave","Warcry"],"picked":"Body Slam","floor":13.0},{"not_picked":["Heavy Blade","Havoc"],"picked":"Thunderclap","floor":14.0}],"player_experience":327729,"relics_obtained":[{"floor":7.0,"key":"Frozen Egg 2"},{"floor":9.0,"key":"Gremlin Horn"}],"event_choices":[{"damage_healed":0.0,"max_hp_gain":0.0,"max_hp_loss":0.0,"gold_gain":0.0,"event_name":"Liars Game","player_choice":"Ignored","floor":2.0,"gold_loss":0.0,"damage_taken":0.0},{"damage_healed":0.0,"max_hp_gain":0.0,"max_hp_loss":0.0,"gold_gain":0.0,"event_name":"Living Wall","player_choice":"Grow","floor":3.0,"gold_loss":0.0,"damage_taken":0.0,"cards_upgraded":["DevaForm"]},{"damage_healed":0.0,"max_hp_gain":0.0,"max_hp_loss":0.0,"gold_gain":75.0,"event_name":"World of Goop","player_choice":"Gather Gold","floor":5.0,"gold_loss":0.0,"damage_taken":11.0}],"is_beta":false,"boss_relics":[],"items_purged_floors":[4,12],"is_endless":false,"potions_floor_spawned":[7,8,10,14],"killed_by":"The Guardian","ascension_level":0}}