{"host":"cv77zuuuekizn3ic","time":1610351486,"event":{"mods":["AchievementEnabler","BaseMod","Marisa£®ÏF”Í°°ƒß¿Ì…≥£©","Minty Spire (QoL Compilation)","StSLib","Waifu the Spire","everything is the same but u backflip on backflip","slay the spire mod where everything is the same but ironclad has a cowboy hat"],"gold_per_floor":[118,128,148,166,183,183,212,212,212,212,238,218,228,1,1,1,1],"floor_reached":16,"playtime":553,"items_purged":["Strike_R"],"score":224,"play_id":"796b1cce-cd1b-4b9c-b2ad-c77b6ab5e472","local_time":"20210111155126","is_ascension_mode":true,"campfire_choices":[{"data":"Rage","floor":6.0,"key":"SMITH"},{"data":"Disarm","floor":10.0,"key":"SMITH"},{"data":"Uppercut","floor":15,"key":"SMITH"}],"circlet_count":0,"master_deck":["AscendersBane","Strike_R","Strike_R","Strike_R","Strike_R","Defend_R","Defend_R","Defend_R","Defend_R","Bash","Thunderclap","Twin Strike","Wild Strike","Whirlwind","Rage+1","Disarm+1","Parasite","Second Wind","Dark Embrace","Uppercut+1"],"relics":["Burning Blood","NeowsBlessing","Kunai","Blue Candle","Gremlin Horn"],"acts_visited":["Exordium"],"potions_floor_usage":[],"damage_taken":[{"damage":0.0,"enemies":"Cultist","floor":1.0,"turns":1.0},{"damage":0.0,"enemies":"2 Louse","floor":2.0,"turns":1.0},{"damage":0.0,"enemies":"Small Slimes","floor":3.0,"turns":1.0},{"damage":10.0,"enemies":"3 Louse","floor":4.0,"turns":4.0},{"damage":49.0,"enemies":"Exordium Thugs","floor":5.0,"turns":7.0},{"damage":25.0,"enemies":"3 Sentries","floor":7.0,"turns":9.0},{"damage":21.0,"enemies":"Gremlin Nob","floor":11.0,"turns":4.0},{"damage":20.0,"enemies":"Large Slime","floor":13.0,"turns":4.0},{"damage":36,"enemies":"The Guardian","floor":16,"turns":2}],"seed_played":"5748435344931604870","potions_obtained":[{"floor":2.0,"key":"FairyPotion"},{"floor":3.0,"key":"SteroidPotion"},{"floor":11.0,"key":"DistilledChaos"},{"floor":13.0,"key":"HeartOfIron"}],"is_trial":false,"path_per_floor":["M","M","M","M","M","R","E","?","T","R","E","?","M","$","R","B"],"character_chosen":"IRONCLAD","items_purchased":["Dark Embrace","Uppercut"],"campfire_rested":0,"item_purchase_floors":[14,14],"current_hp_per_floor":[74,75,75,71,28,28,9,27,27,27,12,12,28,28,28,0,0],"gold":1,"neow_bonus":"THREE_ENEMY_KILL","is_daily":false,"chose_seed":false,"campfire_upgraded":3,"win_rate":0.0,"timestamp":1610351486,"path_taken":["M","M","?","M","M","R","E","?","T","R","E","?","?","?","R","BOSS"],"items_purchased_type":["Card","Card"],"build_version":"2020-12-22","purchased_purges":1,"victory":false,"max_hp_per_floor":[75,75,75,75,75,75,75,75,75,75,75,75,75,75,75,75,75],"card_choices":[{"not_picked":["Cleave","Disarm"],"picked":"Thunderclap","floor":1.0},{"not_picked":["Sword Boomerang","Armaments"],"picked":"Twin Strike","floor":2.0},{"not_picked":["Blood for Blood","Rupture"],"picked":"Wild Strike","floor":3.0},{"not_picked":["Anger","Armaments"],"picked":"Whirlwind","floor":4.0},{"not_picked":["Headbutt","Burning Pact"],"picked":"Rage","floor":5.0},{"not_picked":["Searing Blow","Exhume"],"picked":"Disarm","floor":7.0},{"not_picked":["Wild Strike","Body Slam"],"picked":"Second Wind","floor":11.0},{"not_picked":["Wild Strike","Dual Wield","Havoc"],"picked":"SKIP","floor":13.0}],"player_experience":860009,"relics_obtained":[{"floor":7.0,"key":"Kunai"},{"floor":9.0,"key":"Blue Candle"},{"floor":11.0,"key":"Gremlin Horn"}],"event_choices":[{"damage_healed":18.0,"max_hp_gain":0.0,"max_hp_loss":0.0,"gold_gain":0.0,"event_name":"Mushrooms","player_choice":"Healed and dodged fight","floor":8.0,"gold_loss":0.0,"damage_taken":0.0,"cards_obtained":["Parasite"]},{"damage_healed":0.0,"max_hp_gain":0.0,"max_hp_loss":0.0,"gold_gain":0.0,"event_name":"The Woman in Blue","player_choice":"Bought 1 Potion","floor":12.0,"gold_loss":0.0,"damage_taken":0.0}],"is_beta":false,"boss_relics":[],"items_purged_floors":[14],"is_endless":false,"potions_floor_spawned":[2,3,11,13],"killed_by":"The Guardian","ascension_level":20}}