{"host":"l0047jjvlunvhvbu","time":1610360630,"event":{"mods":["BaseMod","Colored Map","Colored Powertips","GifTheSpireLib","Minty Spire (QoL Compilation)","Permanent Neow","Quick Restart","StSLib"],"gold_per_floor":[116,136,411,41,58,91,104,104,104,104,116,131,131,161,161,260,260,276,276,327,23,23,56,66,95,95,95,110,110,130,146,146,249,249,264,280,280,294,294,294,44,78,78,78,78,88,88,102,102,102],"floor_reached":51,"playtime":2392,"items_purged":["Regret","Strike_R"],"score":1191,"play_id":"88f555f1-1413-45b3-b78b-1e138ef1f7eb","local_time":"20210111112350","is_ascension_mode":true,"campfire_choices":[{"data":"1","floor":8.0,"key":"LIFT"},{"data":"2","floor":10.0,"key":"LIFT"},{"data":"Uppercut","floor":15.0,"key":"SMITH"},{"data":"3","floor":27.0,"key":"LIFT"},{"data":"Heavy Blade","floor":29.0,"key":"SMITH"},{"data":"Demon Form","floor":32.0,"key":"SMITH"},{"data":"Feed","floor":40.0,"key":"SMITH"},{"data":"Limit Break","floor":44.0,"key":"SMITH"},{"floor":49.0,"key":"REST"}],"circlet_count":0,"master_deck":["AscendersBane","Strike_R+1","Strike_R+1","Strike_R+1","Defend_R+1","Defend_R+1","Spot Weakness+1","Cleave+1","Warcry+1","Feed+1","Heavy Blade+1","Uppercut+1","Pommel Strike+1","Limit Break+1","J.A.X.+1","Immolate+1","Demon Form+1","Shrug It Off+1","Reaper+1","Reaper+1","Reckless Charge+1"],"relics":["Burning Blood","Bag of Marbles","Girya","Tiny Chest","Paper Frog","Incense Burner","PreservedInsect","Velvet Choker","Smiling Mask","Meat on the Bone","Ancient Tea Set","Matryoshka","Question Card","Blood Vial","Astrolabe","Anchor","Art of War","Self Forming Clay","Pen Nib","Dead Branch","Mark of the Bloom"],"acts_visited":["Exordium","TheCity","TheBeyond"],"potions_floor_usage":[50,50,50],"damage_taken":[{"damage":9.0,"enemies":"Jaw Worm","floor":1.0,"turns":4.0},{"damage":1.0,"enemies":"Cultist","floor":2.0,"turns":4.0},{"damage":7.0,"enemies":"Small Slimes","floor":5.0,"turns":4.0},{"damage":18.0,"enemies":"Gremlin Nob","floor":6.0,"turns":3.0},{"damage":0.0,"enemies":"2 Fungi Beasts","floor":7.0,"turns":2.0},{"damage":10.0,"enemies":"Large Slime","floor":11.0,"turns":5.0},{"damage":6.0,"enemies":"Looter","floor":12.0,"turns":2.0},{"damage":32.0,"enemies":"3 Sentries","floor":14.0,"turns":6.0},{"damage":32.0,"enemies":"Hexaghost","floor":16.0,"turns":7.0},{"damage":9.0,"enemies":"Shell Parasite","floor":18.0,"turns":2.0},{"damage":10.0,"enemies":"Slavers","floor":23.0,"turns":2.0},{"damage":2.0,"enemies":"Chosen","floor":24.0,"turns":3.0},{"damage":3.0,"enemies":"Gremlin Leader","floor":25.0,"turns":4.0},{"damage":1.0,"enemies":"3 Cultists","floor":28.0,"turns":3.0},{"damage":0.0,"enemies":"Snecko","floor":30.0,"turns":2.0},{"damage":0.0,"enemies":"Snake Plant","floor":31.0,"turns":2.0},{"damage":72.0,"enemies":"Collector","floor":33.0,"turns":9.0},{"damage":32.0,"enemies":"Orb Walker","floor":35.0,"turns":4.0},{"damage":21.0,"enemies":"3 Darklings","floor":36.0,"turns":4.0},{"damage":43.0,"enemies":"4 Shapes","floor":38.0,"turns":4.0},{"damage":55.0,"enemies":"Giant Head","floor":42.0,"turns":7.0},{"damage":25.0,"enemies":"Maw","floor":46.0,"turns":5.0},{"damage":0.0,"enemies":"Jaw Worm Horde","floor":48.0,"turns":2.0},{"damage":31,"enemies":"Awakened One","floor":50,"turns":5}],"seed_played":"941441785680571075","potions_obtained":[{"floor":1.0,"key":"Fire Potion"},{"floor":7.0,"key":"BloodPotion"},{"floor":12.0,"key":"SteroidPotion"},{"floor":14.0,"key":"SpeedPotion"},{"floor":18.0,"key":"Explosive Potion"},{"floor":25.0,"key":"Energy Potion"},{"floor":28.0,"key":"Dexterity Potion"},{"floor":35.0,"key":"Regen Potion"}],"is_trial":false,"path_per_floor":["M","M","?","$","M","E","M","R","T","R","M","M","?","E","R","B",null,"M","?","T","$","?","E","M","E","T","R","M","R","M","M","R","B",null,"M","M","?","M","T","R","$","E","T","R","?","M","?","M","R","B",null],"character_chosen":"IRONCLAD","items_purchased":["Girya","Meat on the Bone","Self Forming Clay"],"campfire_rested":1,"item_purchase_floors":[4,21,41],"current_hp_per_floor":[69,74,74,74,73,61,67,67,67,67,66,69,62,39,39,13,70,67,67,67,67,67,66,73,79,79,79,89,89,97,101,101,50,91,104,104,114,105,105,105,105,68,68,68,68,43,43,43,43,12],"gold":102,"neow_bonus":"RANDOM_COMMON_RELIC","is_daily":false,"chose_seed":false,"campfire_upgraded":5,"win_rate":0.0,"timestamp":1610360630,"path_taken":["M","M","?","?","M","E","?","R","T","R","M","M","?","E","R","BOSS","M","?","?","$","?","E","M","E","T","R","M","R","M","?","R","BOSS","M","M","?","M","?","R","$","E","T","R","?","?","?","M","R","BOSS"],"items_purchased_type":["Relic","Relic","Relic"],"build_version":"2020-12-22","purchased_purges":2,"victory":true,"max_hp_per_floor":[80,80,80,80,80,80,80,80,80,80,83,86,86,89,89,89,89,89,89,89,89,89,92,95,98,98,98,101,101,101,101,101,104,104,104,104,114,117,117,117,117,117,117,117,117,117,117,117,117,117],"card_choices":[{"not_picked":["Heavy Blade","Wild Strike"],"picked":"Spot Weakness","floor":1.0},{"not_picked":["Twin Strike","Thunderclap"],"picked":"Cleave","floor":2.0},{"not_picked":["Armaments","Combust"],"picked":"Warcry","floor":5.0},{"not_picked":["Shrug It Off","Bloodletting"],"picked":"Feed","floor":6.0},{"not_picked":["Intimidate","Sword Boomerang","True Grit"],"picked":"SKIP","floor":7.0},{"not_picked":["Body Slam","Dark Embrace"],"picked":"Heavy Blade","floor":11.0},{"not_picked":["Warcry","Thunderclap"],"picked":"Uppercut","floor":12.0},{"not_picked":["Dark Embrace","Burning Pact"],"picked":"Pommel Strike","floor":14.0},{"not_picked":["Immolate","Fiend Fire"],"picked":"Limit Break","floor":16.0},{"not_picked":["Infernal Blade+1","Wild Strike","Feel No Pain"],"picked":"SKIP","floor":18.0},{"not_picked":["Fire Breathing","Wild Strike+1"],"picked":"Demon Form","floor":23.0},{"not_picked":["Wild Strike","Anger","Cleave"],"picked":"SKIP","floor":24.0},{"not_picked":["Seeing Red","Combust+1","Iron Wave+1"],"picked":"SKIP","floor":25.0},{"not_picked":["Evolve","Entrench","Inflame","Feel No Pain+1"],"picked":"SKIP","floor":28.0},{"not_picked":["Perfected Strike","Infernal Blade","True Grit"],"picked":"Shrug It Off","floor":30.0},{"not_picked":["Flex","Wild Strike","Sever Soul","Anger"],"picked":"SKIP","floor":31.0},{"not_picked":["Demon Form","Barricade","Offering"],"picked":"Reaper","floor":33.0},{"not_picked":["Warcry+1","Flex","Shrug It Off","Second Wind+1"],"picked":"SKIP","floor":35.0},{"not_picked":["Infernal Blade+1","Shockwave","Armaments","Flame Barrier"],"picked":"SKIP","floor":36.0},{"not_picked":["Searing Blow","Clash","Flex+1","Hemokinesis+1"],"picked":"SKIP","floor":38.0},{"not_picked":["Barricade","Flex+1","Carnage","Pommel Strike+1"],"picked":"SKIP","floor":42.0},{"not_picked":["Heavy Blade","Rupture+1","Clothesline+1","Pommel Strike+1"],"picked":"SKIP","floor":46.0},{"not_picked":["Hemokinesis","Pommel Strike","Warcry+1","Heavy Blade"],"picked":"SKIP","floor":48.0}],"player_experience":248432,"relics_obtained":[{"floor":6.0,"key":"Tiny Chest"},{"floor":9.0,"key":"Paper Frog"},{"floor":14.0,"key":"PreservedInsect"},{"floor":20.0,"key":"Smiling Mask"},{"floor":23.0,"key":"Ancient Tea Set"},{"floor":25.0,"key":"Matryoshka"},{"floor":26.0,"key":"Question Card"},{"floor":26.0,"key":"Blood Vial"},{"floor":39.0,"key":"Anchor"},{"floor":39.0,"key":"Art of War"},{"floor":42.0,"key":"Pen Nib"},{"floor":43.0,"key":"Dead Branch"}],"event_choices":[{"damage_healed":0.0,"max_hp_gain":0.0,"max_hp_loss":0.0,"gold_gain":275.0,"event_name":"Golden Shrine","player_choice":"Desecrate","floor":3.0,"gold_loss":0.0,"damage_taken":0.0,"cards_obtained":["Regret"]},{"damage_healed":0.0,"max_hp_gain":0.0,"max_hp_loss":0.0,"gold_gain":0.0,"event_name":"Scrap Ooze","player_choice":"Success","floor":13.0,"gold_loss":0.0,"damage_taken":7.0,"relics_obtained":["Incense Burner"]},{"damage_healed":0.0,"max_hp_gain":0.0,"max_hp_loss":0.0,"gold_gain":0.0,"event_name":"Drug Dealer","player_choice":"Obtain J.A.X.","floor":19.0,"gold_loss":0.0,"damage_taken":0.0,"cards_obtained":["J.A.X."]},{"damage_healed":0.0,"max_hp_gain":0.0,"max_hp_loss":0.0,"gold_gain":0.0,"cards_transformed":["Bash"],"event_name":"Transmorgrifier","player_choice":"Transformed","floor":22.0,"gold_loss":0.0,"damage_taken":0.0,"cards_obtained":["Immolate"]},{"cards_removed":["Bludgeon"],"damage_healed":0.0,"max_hp_gain":10.0,"max_hp_loss":0.0,"gold_gain":0.0,"event_name":"Bonfire Elementals","player_choice":"Offered Rare","floor":37.0,"gold_loss":0.0,"damage_taken":0.0},{"damage_healed":0.0,"max_hp_gain":0.0,"max_hp_loss":0.0,"gold_gain":0.0,"event_name":"MindBloom","player_choice":"Upgrade","floor":45.0,"gold_loss":0.0,"damage_taken":0.0,"cards_upgraded":["Strike_R","Strike_R","Strike_R","Defend_R","Defend_R","Spot Weakness","Cleave","Warcry","Pommel Strike","J.A.X.","Immolate","Shrug It Off","Reaper"],"relics_obtained":["Mark of the Bloom"]},{"damage_healed":0.0,"max_hp_gain":0.0,"max_hp_loss":0.0,"gold_gain":0.0,"event_name":"The Moai Head","player_choice":"Ignored","floor":47.0,"gold_loss":0.0,"damage_taken":0.0}],"is_beta":false,"boss_relics":[{"not_picked":["Runic Cube","Calling Bell"],"picked":"Velvet Choker"},{"not_picked":["Runic Dome","Coffee Dripper"],"picked":"Astrolabe"}],"items_purged_floors":[4,21],"is_endless":false,"potions_floor_spawned":[1,7,12,14,18,25,28,35,38],"ascension_level":10}}