{"host":"jpcy2bclvs7juczu","time":1610329220,"event":{"mods":["AchievementEnabler","BaseMod","Block Reminder","Colored Powertips","Curses Come First","Minty Spire (QoL Compilation)","Quick Restart","Relic Stats","StSLib","ojb\u0027s Better Paths Mod","ojb\u0027s Info Mod","slay the spire mod where everything is the same but ironclad has a cowboy hat"],"gold_per_floor":[110,130,130,150,168,168,197,197,224,8,8,21,31,42,42,118,168,183,11,11,23,23,23],"floor_reached":22,"playtime":1334,"items_purged":["Strike_G"],"score":376,"play_id":"32093b0c-a82e-4313-a75f-3a96f0a21304","local_time":"20210111014020","is_ascension_mode":true,"campfire_choices":[{"data":"Burst","floor":6.0,"key":"SMITH"},{"floor":11.0,"key":"REST"},{"data":"Bouncing Flask","floor":15.0,"key":"SMITH"}],"circlet_count":0,"master_deck":["AscendersBane","Strike_G","Strike_G","Strike_G","Defend_G","Defend_G","Defend_G","Defend_G","Defend_G","Survivor","Neutralize","Burst+1","Slice","Bouncing Flask+1","Dagger Spray","Backflip","Crippling Poison","Outmaneuver+1","Poisoned Stab","Bane","Night Terror","Wraith Form v2","Catalyst","Footwork","PiercingWail","Heel Hook","Blur","Blur"],"relics":["Ring of the Snake","Art of War","Regal Pillow","Membership Card","Tiny House","Frozen Eye"],"acts_visited":["Exordium","TheCity"],"potions_floor_usage":[22],"damage_taken":[{"damage":0.0,"enemies":"2 Louse","floor":1.0,"turns":3.0},{"damage":2.0,"enemies":"Small Slimes","floor":2.0,"turns":6.0},{"damage":0.0,"enemies":"Cultist","floor":4.0,"turns":2.0},{"damage":8.0,"enemies":"Red Slaver","floor":5.0,"turns":5.0},{"damage":41.0,"enemies":"Gremlin Nob","floor":7.0,"turns":4.0},{"damage":8.0,"enemies":"Blue Slaver","floor":12.0,"turns":4.0},{"damage":0.0,"enemies":"2 Fungi Beasts","floor":13.0,"turns":2.0},{"damage":4.0,"enemies":"Exordium Wildlife","floor":14.0,"turns":4.0},{"damage":23.0,"enemies":"Hexaghost","floor":16.0,"turns":8.0},{"damage":26.0,"enemies":"Chosen","floor":18.0,"turns":5.0},{"damage":11.0,"enemies":"3 Byrds","floor":21.0,"turns":6.0},{"damage":27,"enemies":"Sentry and Sphere","floor":22,"turns":7}],"seed_played":"-2581605684620889663","potions_obtained":[{"floor":2.0,"key":"LiquidMemories"},{"floor":4.0,"key":"AttackPotion"},{"floor":12.0,"key":"Regen Potion"},{"floor":17.0,"key":"Dexterity Potion"}],"is_trial":false,"path_per_floor":["M","M","?","M","M","R","E","?","T","$","R","M","M","M","R","B",null,"M","$","?","M","M"],"character_chosen":"THE_SILENT","items_purchased":["Membership Card","Outmaneuver","DuplicationPotion","Frozen Eye","PiercingWail","Heel Hook"],"campfire_rested":1,"item_purchase_floors":[10,10,10,19,19,19],"current_hp_per_floor":[59,57,57,57,49,49,8,8,8,8,41,33,33,29,29,6,52,35,35,35,24,0,0],"gold":23,"neow_bonus":"THREE_RARE_CARDS","is_daily":false,"chose_seed":false,"campfire_upgraded":2,"win_rate":0.0,"timestamp":1610329220,"path_taken":["M","M","?","M","M","R","E","?","T","$","R","?","M","M","R","BOSS","M","$","?","M","M"],"items_purchased_type":["Relic","Card","Potion","Relic","Card","Card"],"build_version":"2020-12-22","purchased_purges":1,"victory":false,"max_hp_per_floor":[60,60,60,60,60,60,60,60,60,60,60,60,60,60,60,60,65,65,65,65,65,65,65],"relic_stats":{"Regal Pillow":15,"counters":[12,56],"Art of War":[10],"obtain_stats":[{"Frozen Eye":19,"Regal Pillow":9,"Tiny House":17,"Art of War":7,"Membership Card":10,"Ring of the Snake":0},{"Frozen Eye":10,"Regal Pillow":5,"Tiny House":9,"Art of War":5,"Membership Card":5,"Ring of the Snake":0},{"Frozen Eye":43,"Regal Pillow":20,"Tiny House":38,"Art of War":20,"Membership Card":20,"Ring of the Snake":0}],"Ring of the Snake":[24]},"card_choices":[{"not_picked":["Wraith Form v2","Tools of the Trade"],"picked":"Burst","floor":0.0},{"not_picked":["Deflect","PiercingWail"],"picked":"Slice","floor":1.0},{"not_picked":["Acrobatics","Well Laid Plans"],"picked":"Bouncing Flask","floor":2.0},{"not_picked":["Outmaneuver","Quick Slash"],"picked":"Dagger Spray","floor":4.0},{"not_picked":["Calculated Gamble","Dodge and Roll"],"picked":"Backflip","floor":5.0},{"not_picked":["Accuracy","Dodge and Roll"],"picked":"Crippling Poison","floor":7.0},{"not_picked":["Choke","Setup"],"picked":"Poisoned Stab","floor":12.0},{"not_picked":["Blade Dance","Reflex"],"picked":"Bane","floor":13.0},{"not_picked":["Poisoned Stab","Backflip"],"picked":"Night Terror","floor":14.0},{"not_picked":["Storm of Steel","Corpse Explosion"],"picked":"Wraith Form v2","floor":16.0},{"not_picked":["All Out Attack","Infinite Blades"],"picked":"Catalyst","floor":17.0},{"not_picked":["Bane","Choke"],"picked":"Footwork","floor":18.0},{"not_picked":["Quick Slash","Dodge and Roll"],"picked":"Blur","floor":21.0}],"player_experience":376456,"relics_obtained":[{"floor":7.0,"key":"Art of War"},{"floor":9.0,"key":"Regal Pillow"}],"event_choices":[{"damage_healed":0.0,"max_hp_gain":0.0,"max_hp_loss":0.0,"gold_gain":0.0,"cards_transformed":["Strike_G"],"event_name":"Living Wall","player_choice":"Change","floor":3.0,"gold_loss":0.0,"damage_taken":0.0,"cards_obtained":["Reflex"]},{"cards_removed":["Reflex"],"damage_healed":0.0,"max_hp_gain":0.0,"max_hp_loss":0.0,"gold_gain":0.0,"event_name":"Purifier","player_choice":"Purged","floor":8.0,"gold_loss":0.0,"damage_taken":0.0},{"damage_healed":0.0,"max_hp_gain":0.0,"max_hp_loss":0.0,"gold_gain":0.0,"event_name":"The Library","player_choice":"Read","floor":20.0,"gold_loss":0.0,"damage_taken":0.0,"cards_obtained":["Blur"]}],"is_beta":false,"boss_relics":[{"not_picked":["Ectoplasm","Coffee Dripper"],"picked":"Tiny House"}],"items_purged_floors":[19],"is_endless":false,"potions_floor_spawned":[2,4,12,13],"killed_by":"Sentry and Sphere","ascension_level":20}}