{"host":"mydft8i2zzydgggw","time":1610326222,"event":{"mods":["AchievementEnabler","BaseMod","BetterRewards","Colored Map","Colored Powertips","DeckTracker","Keyboard Shortcuts","Minty Spire (QoL Compilation)","Rare Cards Sparkle","StSLib","SuperFastMode","everything is the same but u backflip on backflip"],"gold_per_floor":[114,132,147,164,164,164,198,212,212,86,420,420,420,191,191,191,191],"floor_reached":16,"playtime":349,"items_purged":["Strike_R","Defend_R"],"score":143,"play_id":"8bdc5545-ea3f-4ac6-ae40-9690622de955","local_time":"20210111095022","is_ascension_mode":true,"campfire_choices":[{"data":"Inflame","floor":6,"key":"SMITH"},{"floor":13,"key":"DIG"},{"floor":15,"key":"DIG"}],"circlet_count":0,"master_deck":["Strike_R","Strike_R","Strike_R","Strike_R","Defend_R+1","Defend_R","Defend_R+1","Bash","Inflame+1","Inflame","Shockwave"],"relics":["Burning Blood","Shovel","Gambling Chip","Old Coin","WingedGreaves","Bottled Tornado"],"acts_visited":["Exordium"],"potions_floor_usage":[7,7,8,11,16,16],"damage_taken":[{"damage":6,"enemies":"Cultist","floor":1,"turns":4},{"damage":3,"enemies":"2 Louse","floor":2,"turns":3},{"damage":7,"enemies":"Jaw Worm","floor":3,"turns":6},{"damage":14,"enemies":"Blue Slaver","floor":4,"turns":4},{"damage":34,"enemies":"3 Sentries","floor":7,"turns":8},{"damage":21,"enemies":"Gremlin Gang","floor":8,"turns":4},{"damage":7,"enemies":"Lagavulin","floor":11,"turns":7},{"damage":43,"enemies":"Hexaghost","floor":16,"turns":9}],"seed_played":"1628919378690979940","potions_obtained":[{"floor":4,"key":"EntropicBrew"},{"floor":11,"key":"SneckoOil"}],"is_trial":false,"path_per_floor":["M","M","M","M","?","R","E","M","T","$","E","?","R","$","R","B"],"character_chosen":"IRONCLAD","items_purchased":["PowerPotion","Fire Potion","DistilledChaos"],"campfire_rested":0,"item_purchase_floors":[10,14,14],"current_hp_per_floor":[80,83,82,74,56,56,28,13,13,13,12,41,41,41,41,0,0],"gold":191,"neow_bonus":"TEN_PERCENT_HP_BONUS","is_daily":false,"chose_seed":false,"campfire_upgraded":1,"win_rate":0.0,"timestamp":1610326222,"path_taken":["M","M","M","?","?","R","E","M","T","$","E","?","R","?","R","BOSS"],"items_purchased_type":["Potion","Potion","Potion"],"build_version":"2020-12-22","purchased_purges":2,"victory":false,"max_hp_per_floor":[88,88,88,88,88,88,88,88,88,88,88,88,88,88,88,88,88],"card_choices":[{"not_picked":["Clothesline","Anger","Twin Strike"],"picked":"SKIP","floor":1},{"not_picked":["Rampage","Carnage","Perfected Strike"],"picked":"SKIP","floor":2},{"not_picked":["Rage","Armaments"],"picked":"Inflame","floor":3},{"not_picked":["Armaments","Metallicize"],"picked":"Inflame","floor":4},{"not_picked":["Perfected Strike","Wild Strike","Warcry"],"picked":"SKIP","floor":7},{"not_picked":["Thunderclap","Pommel Strike"],"picked":"Shockwave","floor":8},{"not_picked":["Whirlwind","Perfected Strike","Dropkick"],"picked":"SKIP","floor":11}],"player_experience":161359,"relics_obtained":[{"floor":7,"key":"Shovel"},{"floor":9,"key":"Gambling Chip"},{"floor":11,"key":"Old Coin"},{"floor":13,"key":"WingedGreaves"},{"floor":15,"key":"Bottled Tornado"}],"event_choices":[{"damage_healed":0,"gold_gain":0,"player_choice":"Entered Light","damage_taken":18,"max_hp_gain":0,"max_hp_loss":0,"event_name":"Shining Light","floor":5,"gold_loss":0,"cards_upgraded":["Defend_R","Defend_R"]},{"damage_healed":29,"gold_gain":0,"player_choice":"Banana","damage_taken":0,"max_hp_gain":0,"max_hp_loss":0,"event_name":"Big Fish","floor":12,"gold_loss":0}],"is_beta":false,"boss_relics":[],"items_purged_floors":[10,14],"is_endless":false,"potions_floor_spawned":[4,11],"killed_by":"Hexaghost","ascension_level":6}}