{"host":"vlqejv0notyktumz","time":1610331615,"event":{"mods":["AchievementEnabler","BaseMod","Googly Eyes","Minty Spire (QoL Compilation)"],"gold_per_floor":[114,131,145,145,157,157,172,172,224,14,35,35,35,49,49,154,154,173,73,83,83,83,83,83],"floor_reached":23,"playtime":643,"items_purged":["Strike_B","Strike_B"],"score":235,"play_id":"98cc657a-e5a1-4f38-9955-ccd18f093ae7","local_time":"20210110202015","is_ascension_mode":true,"campfire_choices":[{"data":"Gash","floor":6,"key":"SMITH"},{"data":"Hologram","floor":12,"key":"SMITH"},{"data":"Hologram","floor":15,"key":"SMITH"}],"circlet_count":0,"master_deck":["Defend_B","Defend_B","Defend_B","Defend_B","Zap","Dualcast","Core Surge","Chill+1","Static Discharge","Conserve Battery","Gash+1","FTL","FTL","Leap","Streamline","Hologram+1","Hologram+1","Seek","Go for the Eyes","Beam Cell","Reboot"],"relics":["Cracked Core","Orichalcum","Odd Mushroom","Sozu"],"acts_visited":["Exordium","TheCity"],"potions_floor_usage":[11,14,23],"damage_taken":[{"damage":2,"enemies":"Jaw Worm","floor":1,"turns":4},{"damage":8,"enemies":"Small Slimes","floor":2,"turns":3},{"damage":0,"enemies":"2 Louse","floor":3,"turns":2},{"damage":3,"enemies":"Lots of Slimes","floor":5,"turns":5},{"damage":6,"enemies":"3 Louse","floor":7,"turns":5},{"damage":4,"enemies":"The Mushroom Lair","floor":11,"turns":5},{"damage":0,"enemies":"2 Fungi Beasts","floor":14,"turns":3},{"damage":27,"enemies":"Slime Boss","floor":16,"turns":9},{"damage":13,"enemies":"3 Byrds","floor":18,"turns":5},{"damage":2,"enemies":"Shell Parasite","floor":20,"turns":5},{"damage":82,"enemies":"Gremlin Leader","floor":23,"turns":7}],"seed_played":"6322092605354616319","potions_obtained":[{"floor":3,"key":"EssenceOfSteel"},{"floor":11,"key":"AttackPotion"},{"floor":14,"key":"Regen Potion"}],"is_trial":false,"path_per_floor":["M","M","M","?","M","R","M","?","T","$","?","R","?","M","R","B",null,"M","$","M","?","?","E"],"character_chosen":"DEFECT","items_purchased":["FTL","Leap","Streamline"],"campfire_rested":0,"item_purchase_floors":[10,10,10],"current_hp_per_floor":[66,58,58,58,55,55,49,74,74,74,70,70,70,70,70,43,67,54,54,52,52,52,0,0],"gold":83,"neow_bonus":"ONE_RANDOM_RARE_CARD","is_daily":false,"chose_seed":false,"campfire_upgraded":3,"win_rate":0.0,"timestamp":1610331615,"path_taken":["M","M","M","?","M","R","M","?","T","$","?","R","?","M","R","BOSS","M","$","?","?","?","E"],"items_purchased_type":["Card","Card","Card"],"build_version":"2020-12-22","purchased_purges":2,"victory":false,"max_hp_per_floor":[75,75,75,75,75,75,75,75,75,75,75,75,75,75,75,75,75,75,75,75,75,75,75,75],"card_choices":[{"not_picked":["Steam","Self Repair"],"picked":"Chill","floor":1},{"not_picked":["Sunder","Scrape"],"picked":"Static Discharge","floor":2},{"not_picked":["Turbo","Heatsinks"],"picked":"Conserve Battery","floor":3},{"not_picked":["Sweeping Beam","Storm"],"picked":"Gash","floor":5},{"not_picked":["Double Energy","Hologram"],"picked":"FTL","floor":7},{"not_picked":["Streamline","Lockon"],"picked":"Hologram","floor":11},{"not_picked":["Reprogram","Genetic Algorithm"],"picked":"Hologram","floor":14},{"not_picked":["Hyperbeam","Thunder Strike"],"picked":"Seek","floor":16},{"not_picked":["Cold Snap","Aggregate","Leap"],"picked":"SKIP","floor":18},{"not_picked":["Cold Snap","Beam Cell"],"picked":"Go for the Eyes","floor":20}],"player_experience":325027,"relics_obtained":[{"floor":9,"key":"Orichalcum"},{"floor":11,"key":"Odd Mushroom"}],"event_choices":[{"damage_healed":0,"gold_gain":0,"player_choice":"Ignored","damage_taken":0,"max_hp_gain":0,"max_hp_loss":0,"event_name":"Liars Game","floor":4,"gold_loss":0},{"damage_healed":25,"gold_gain":0,"player_choice":"Banana","damage_taken":0,"max_hp_gain":0,"max_hp_loss":0,"event_name":"Big Fish","floor":8,"gold_loss":0},{"damage_healed":0,"gold_gain":0,"player_choice":"Fought Mushrooms","damage_taken":0,"max_hp_gain":0,"max_hp_loss":0,"event_name":"Mushrooms","floor":11,"gold_loss":0},{"damage_healed":0,"gold_gain":0,"player_choice":"Upgraded","damage_taken":0,"max_hp_gain":0,"max_hp_loss":0,"event_name":"Upgrade Shrine","floor":13,"gold_loss":0,"cards_upgraded":["Chill"]},{"damage_healed":0,"gold_gain":0,"player_choice":"Ignored","damage_taken":0,"max_hp_gain":0,"max_hp_loss":0,"event_name":"Vampires","floor":21,"gold_loss":0},{"damage_healed":0,"gold_gain":0,"cards_transformed":["Strike_B","Strike_B"],"player_choice":"Became Test Subject","damage_taken":0,"max_hp_gain":0,"max_hp_loss":0,"event_name":"Drug Dealer","floor":22,"gold_loss":0,"cards_obtained":["Beam Cell","Reboot"]}],"is_beta":false,"boss_relics":[{"not_picked":["Busted Crown","FrozenCore"],"picked":"Sozu"}],"items_purged_floors":[10,19],"is_endless":false,"potions_floor_spawned":[3,11,14,18],"killed_by":"Gremlin Leader","ascension_level":6}}