{"host":"wonp23fsqqcu31ie","time":1610351612,"event":{"mods":["2.2 Compatiblity","AchievementEnabler","Aspiration","BaseMod","Bestiary","Better Altar","Better Match","Better Sensory Stone","Better Skull","Better Third Choice","BetterRewards","Block Reminder","Colored Map","Colored Powertips","Conspire","Curses Come First","DeckTracker","Displayed Cursed Tome","Downfall","Energized Spire","Evolution","Hermit","Highlight Path","Hubris","Infinite Spire","Marisa????????","Minty Spire (QoL Compilation)","Permanent Neow","Prisma Mod","Quick Restart","Rare Cards Sparkle","Relic Stats","Replay The Spire","Robot Space Explorer","Shade Mod","Shop Mod","StSLib","SuperFastMode","The Animator","The Bug Knight","The Construct","The Cursed","The Disciple","The Dragon Tamer","The Gatherer","The Hierophant","The Marked","The Mystic","The Necromancer","The Poker Player","The Runesmith","The Saiyan","The Servant 0.9.4","The Witch","TheBandit"],"gold_per_floor":[116,177,177,242,255,305,319,350,350,350,400,30,97,147,147,249,249,260,310,22,34,84,84,154,204,229,304,72,98,112,141,141,240,240,250,300,397,412,412,412,67,117,117,182,182,182,182],"floor_reached":45,"playtime":1650,"items_purged":[],"score":674,"play_id":"81c28fa6-6dde-4416-ac4e-114a5b8dce25","local_time":"20210111185332","is_ascension_mode":false,"campfire_choices":[{"floor":10,"key":"RECALL"},{"floor":15,"key":"REST"},{"data":"wariomod:TempestBlasts","floor":23,"key":"SMITH"},{"data":"wariomod:Goblast","floor":32,"key":"SMITH"},{"data":"wariomod:GoAgain","floor":40,"key":"SMITH"},{"data":"wariomod:HappyHit","floor":40,"key":"SMITH"}],"circlet_count":0,"master_deck":["wariomod:Leapslam+1","wariomod:Strike","wariomod:Strike","wariomod:Defend","wariomod:Defend","wariomod:Defend+1","wariomod:Defend","wariomod:Step","wariomod:Leap","wariomod:ThatsNotAll+1","wariomod:ChargeForth+1","wariomod:VeryLongJump+1","wariomod:Goblast+1","wariomod:DanceDash","wariomod:NullJump","wariomod:HappyHit+1","wariomod:TempestBlasts+1","wariomod:DoubleDash+1","wariomod:ForbiddenMagic","wariomod:DanceDash","wariomod:GoAgain+1","wariomod:RacingSpeed","Bandage Up","expansioncontent:StudyTheSpire","Parasite","wariomod:DoubleDash+1"],"relics":["wariomod:TheHat","EVO:Axolotl","SaiyanHeart","SsserpentHead","infinitespire:PuzzleCube","Singing Bowl","hubris:Metronome","MerchantsRug","MealTicket","infinitespire:Cupcake","Membership Card","Bronze Scales","hexamod:BolsterEngine","Replay:Rubber Ducky","wariomod:SunglassHat","wariomod:GlassHat","CaptainsWheel","wariomod:SmileyHat","WingedGreaves","hubris:Backtick","RobotSpaceExplorer:PlasmaHourglass","Replay:Arrowhead","War Paint","Gremlin Food","Oddly Smooth Stone","Guardian:BottledAnomaly","hubris:Icosahedron","ReplayTheSpireMod:Ninjato"],"acts_visited":["Exordium","TheCity","TheBeyond"],"potions_floor_usage":[8,33,33,33,45],"damage_taken":[{"damage":10,"enemies":"Jaw Worm","floor":1,"turns":4},{"damage":6,"enemies":"Small Slimes","floor":4,"turns":3},{"damage":4,"enemies":"Cultist","floor":5,"turns":4},{"damage":0,"enemies":"Large Slime","floor":7,"turns":3},{"damage":6,"enemies":"3 Sentries","floor":8,"turns":2},{"damage":6,"enemies":"conspire:2 RoseBushes","floor":13,"turns":2},{"damage":0,"enemies":"Slime Boss","floor":16,"turns":5},{"damage":8,"enemies":"Chosen","floor":18,"turns":3},{"damage":0,"enemies":"Shell Parasite","floor":21,"turns":4},{"damage":0,"enemies":"Centurion and Healer","floor":24,"turns":4},{"damage":31,"enemies":"conspire:MimicChest","floor":27,"turns":6},{"damage":1,"enemies":"conspire:Head Lice","floor":29,"turns":4},{"damage":0,"enemies":"Chosen and Byrds","floor":30,"turns":3},{"damage":0,"enemies":"Gremlin Leader","floor":31,"turns":3},{"damage":4,"enemies":"Automaton","floor":33,"turns":7},{"damage":11,"enemies":"3 Darklings","floor":35,"turns":4},{"damage":36,"enemies":"2 Orb Walkers","floor":37,"turns":4},{"damage":0,"enemies":"3 Shapes","floor":38,"turns":4},{"damage":8,"enemies":"Writhing Mass","floor":44,"turns":4},{"damage":78,"enemies":"Nightmare","floor":45,"turns":7}],"seed_played":"-9105967066275538737","potions_obtained":[{"floor":5,"key":"Explosive Potion"},{"floor":13,"key":"ColorlessPotion"},{"floor":16,"key":"SteroidPotion"},{"floor":21,"key":"SneckoOil"},{"floor":30,"key":"Dexterity Potion"},{"floor":33,"key":"SpeedPotion"},{"floor":37,"key":"Block Potion"}],"is_trial":false,"path_per_floor":["M","?","?","M","M","?","M","E","T","R","T","$","M","?","R","B",null,"M","?","$","M","?","R","M","T","T","?","$","E","M","E","R","B",null,"M","?","?","M","AVR","R","$","?","T","M","NM"],"character_chosen":"THE_BANDIT","items_purchased":["MerchantsRug","MealTicket","Guide Book","Membership Card","Bronze Scales","hexamod:BolsterEngine","wariomod:HappyHit","wariomod:TempestBlasts","wariomod:GlassHat","CaptainsWheel","Gremlin Food","Oddly Smooth Stone","Guardian:BottledAnomaly","Bandage Up","expansioncontent:StudyTheSpire"],"campfire_rested":1,"item_purchase_floors":[12,12,12,20,20,20,20,20,28,28,41,41,41,41,41],"current_hp_per_floor":[70,70,70,64,60,60,61,55,55,55,55,55,51,51,75,78,86,81,81,89,90,90,90,93,93,93,66,81,81,83,83,83,79,100,90,90,57,60,60,60,75,75,75,74,0,0,0],"gold":182,"neow_bonus":"NOSTALGIA","is_daily":false,"chose_seed":false,"campfire_upgraded":4,"win_rate":0.0,"timestamp":1610351612,"path_taken":["M","?","?","?","M","?","M","E","T","R","?","?","?","?","R","BOSS","M","?","?","M","?","R","?","?","T","?","$","E","M","E","R","BOSS","M","?","?","M","AVR","R","$","?","T","?","NM"],"items_purchased_type":["Relic","Relic","Relic","Relic","Relic","Relic","Card","Card","Relic","Relic","Relic","Relic","Relic","Card","Card"],"build_version":"2020-12-22","purchased_purges":0,"victory":false,"max_hp_per_floor":[80,80,80,80,80,80,81,81,81,81,81,81,83,83,83,86,86,89,89,89,90,90,90,93,93,93,97,97,98,100,100,100,100,100,101,101,104,107,107,107,107,107,107,110,110,110,110],"relic_stats":{"SsserpentHead":800,"Singing Bowl":16,"counters":[49,206],"Bronze Scales":[122],"MealTicket":38,"War Paint":["wariomod:Defend","wariomod:ChargeForth"],"obtain_stats":[{"hubris:Metronome":11,"Singing Bowl":9,"RobotSpaceExplorer:PlasmaHourglass":34,"hubris:SlimyHat":11,"EVO:Axolotl":0,"Replay:Mystery Machine":19,"aspiration:RitualStick":20,"ClockworkSouvenir":19,"Replay:Rubber Ducky":26,"SsserpentHead":3,"hubris:Backtick":34,"hubris:Icosahedron":42,"Mummified Hand":9,"Strawberry":13,"Tiny Chest":20,"MealTicket":12,"hubris:CuriousFeather":24,"WingedGreaves":31,"Guardian:BottledAnomaly":41,"Gremlin Food":41,"MerchantsRug":12,"wariomod:SmileyHat":20,"ReplayTheSpireMod:Ninjato":43,"Happy Flower":12,"aspiration:Nostalgia":0,"wariomod:TheHat":0,"Astrolabe":17,"Guide Book":12,"energizedSpire:EnergizedDie":17,"Oddly Smooth Stone":41,"The Courier":6,"hubris:MedicalManual":26,"SaiyanHeart":0,"War Paint":39,"Replay:Arrowhead":37,"Mercury Hourglass":20,"WarpedTongs":21,"CaptainsWheel":28,"Bronze Scales":20,"Bag of Marbles":20,"ReplayTheSpireMod:TigerMarble":7,"Membership Card":20,"hexamod:BolsterEngine":20,"wariomod:SunglassHat":27,"infinitespire:PuzzleCube":8,"infinitespire:Cupcake":17,"wariomod:GlassHat":28},{"hubris:Metronome":34,"Singing Bowl":34,"RobotSpaceExplorer:PlasmaHourglass":44,"hubris:SlimyHat":17,"EVO:Axolotl":0,"Replay:Mystery Machine":22,"aspiration:RitualStick":22,"ClockworkSouvenir":22,"Replay:Rubber Ducky":39,"SsserpentHead":30,"hubris:Backtick":44,"hubris:Icosahedron":47,"Mummified Hand":4,"Strawberry":8,"Tiny Chest":11,"MealTicket":34,"hubris:CuriousFeather":24,"WingedGreaves":43,"Guardian:BottledAnomaly":47,"Gremlin Food":47,"MerchantsRug":34,"wariomod:SmileyHat":11,"ReplayTheSpireMod:Ninjato":47,"Happy Flower":7,"aspiration:Nostalgia":29,"wariomod:TheHat":0,"Astrolabe":10,"Guide Book":34,"energizedSpire:EnergizedDie":21,"Oddly Smooth Stone":47,"The Courier":3,"hubris:MedicalManual":25,"SaiyanHeart":29,"War Paint":47,"Replay:Arrowhead":46,"Mercury Hourglass":11,"WarpedTongs":22,"CaptainsWheel":40,"Bronze Scales":37,"Bag of Marbles":11,"ReplayTheSpireMod:TigerMarble":16,"Membership Card":11,"hexamod:BolsterEngine":37,"wariomod:SunglassHat":40,"infinitespire:PuzzleCube":34,"infinitespire:Cupcake":36,"wariomod:GlassHat":40},{"hubris:Metronome":142,"Singing Bowl":142,"RobotSpaceExplorer:PlasmaHourglass":183,"hubris:SlimyHat":74,"EVO:Axolotl":0,"Replay:Mystery Machine":97,"aspiration:RitualStick":97,"ClockworkSouvenir":97,"Replay:Rubber Ducky":160,"SsserpentHead":130,"hubris:Backtick":183,"hubris:Icosahedron":195,"Mummified Hand":18,"Strawberry":33,"Tiny Chest":49,"MealTicket":142,"hubris:CuriousFeather":107,"WingedGreaves":176,"Guardian:BottledAnomaly":195,"Gremlin Food":195,"MerchantsRug":142,"wariomod:SmileyHat":49,"ReplayTheSpireMod:Ninjato":195,"Happy Flower":27,"aspiration:Nostalgia":126,"wariomod:TheHat":0,"Astrolabe":45,"Guide Book":142,"energizedSpire:EnergizedDie":93,"Oddly Smooth Stone":195,"The Courier":16,"hubris:MedicalManual":109,"SaiyanHeart":126,"War Paint":195,"Replay:Arrowhead":191,"Mercury Hourglass":49,"WarpedTongs":97,"CaptainsWheel":166,"Bronze Scales":152,"Bag of Marbles":49,"ReplayTheSpireMod:TigerMarble":72,"Membership Card":49,"hexamod:BolsterEngine":152,"wariomod:SunglassHat":166,"infinitespire:PuzzleCube":142,"infinitespire:Cupcake":149,"wariomod:GlassHat":166}]},"card_choices":[{"not_picked":["wariomod:Boomsmack","wariomod:BigUpgrade"],"picked":"wariomod:ThatsNotAll","floor":1},{"not_picked":["wariomod:BodyBlock","wariomod:Leapslam"],"picked":"wariomod:ChargeForth","floor":4},{"not_picked":["wariomod:DeepDig","wariomod:DropBash"],"picked":"wariomod:VeryLongJump","floor":5},{"not_picked":["wariomod:DiceyMove","wariomod:OctoJump"],"picked":"wariomod:Goblast","floor":7},{"not_picked":["wariomod:DeepDig","wariomod:SpikeSlash"],"picked":"wariomod:DanceDash","floor":8},{"not_picked":["wariomod:ThatsNotAll","wariomod:DropBash","wariomod:DisarmingMoves"],"picked":"Singing Bowl","floor":13},{"not_picked":["wariomod:BoomForm","wariomod:FabulousPrizes","wariomod:BoomAndDoom"],"picked":"Singing Bowl","floor":16},{"not_picked":["wariomod:BlastDash","wariomod:Bomblaster+1","wariomod:BodyBlock"],"picked":"Singing Bowl","floor":18},{"not_picked":["wariomod:ChargeForth","wariomod:f"],"picked":"wariomod:DoubleDash+1","floor":21},{"not_picked":["wariomod:BoomBoom","wariomod:Goblast","wariomod:SimpleShield+1"],"picked":"Singing Bowl","floor":24},{"not_picked":["wariomod:DisarmingMoves+1","wariomod:Bombshield+1","wariomod:AwfulLook"],"picked":"Singing Bowl","floor":27},{"not_picked":["wariomod:SpaceSwap","wariomod:DropBash"],"picked":"wariomod:ForbiddenMagic","floor":29},{"not_picked":["wariomod:BlastDash","wariomod:BigUpgrade","wariomod:ChargeForth"],"picked":"Singing Bowl","floor":30},{"not_picked":["wariomod:BigUpgrade","wariomod:BlastDash"],"picked":"wariomod:DanceDash","floor":31},{"not_picked":["wariomod:VeryLongJump","wariomod:BoomAndDoom"],"picked":"wariomod:GoAgain","floor":33},{"not_picked":["wariomod:SpikeSlash+1","wariomod:NullJump+1"],"picked":"wariomod:RacingSpeed","floor":35},{"not_picked":["wariomod:DanceDash","wariomod:DamnedStrength","wariomod:SpikeSlash"],"picked":"Singing Bowl","floor":37},{"not_picked":["wariomod:DanceDash","wariomod:Bombshield+1","wariomod:SpikeSlash+1"],"picked":"Singing Bowl","floor":38},{"not_picked":["wariomod:Hopshield","wariomod:DonateDraw"],"picked":"wariomod:DoubleDash+1","floor":44}],"player_experience":505837,"relics_obtained":[{"floor":8,"key":"infinitespire:PuzzleCube"},{"floor":9,"key":"Singing Bowl"},{"floor":11,"key":"hubris:Metronome"},{"floor":26,"key":"Replay:Rubber Ducky"},{"floor":27,"key":"wariomod:SunglassHat"},{"floor":29,"key":"wariomod:SmileyHat"},{"floor":31,"key":"WingedGreaves"},{"floor":37,"key":"Replay:Arrowhead"},{"floor":43,"key":"ReplayTheSpireMod:Ninjato"}],"event_choices":[{"damage_healed":0,"gold_gain":61,"player_choice":"Gained Gold","damage_taken":0,"max_hp_gain":0,"max_hp_loss":0,"event_name":"Golden Wing","floor":2,"gold_loss":0},{"damage_healed":0,"gold_gain":0,"player_choice":"Trade","damage_taken":0,"relics_obtained":["SsserpentHead"],"max_hp_gain":0,"max_hp_loss":0,"event_name":"FaceTrader","floor":3,"gold_loss":0},{"damage_healed":0,"gold_gain":0,"cards_transformed":["wariomod:Strike"],"player_choice":"Transformed","damage_taken":0,"max_hp_gain":0,"max_hp_loss":0,"event_name":"Transmorgrifier","floor":19,"gold_loss":0,"cards_obtained":["wariomod:NullJump"]},{"damage_healed":0,"gold_gain":0,"player_choice":"Ignored","damage_taken":0,"max_hp_gain":0,"max_hp_loss":0,"event_name":"Beggar","floor":22,"gold_loss":0},{"damage_healed":0,"gold_gain":0,"player_choice":"Ignored","damage_taken":0,"max_hp_gain":0,"max_hp_loss":0,"event_name":"Tomb of Lord Red Mask","floor":36,"gold_loss":0},{"damage_healed":0,"gold_gain":0,"player_choice":"Fight","damage_taken":0,"max_hp_gain":0,"max_hp_loss":0,"event_name":"Mysterious Sphere","floor":37,"gold_loss":0}],"is_beta":false,"boss_relics":[{"not_picked":["conspire:RoyalGoblet","Cursed Key"],"picked":"infinitespire:Cupcake"},{"not_picked":["hubris:GrandSneckoEye","conspire:SeveredTorchhead"],"picked":"hubris:Backtick"}],"items_purged_floors":[],"is_endless":false,"potions_floor_spawned":[5,13,16,21,27,30,31,33,37],"killed_by":"Nightmare","ascension_level":0}}