{"host":"6wux4armhsntp4yb","time":1610377148,"event":{"mods":["BaseMod","Colored Map","DeckTracker","Minty Spire (QoL Compilation)","Relic Stats"],"gold_per_floor":[213,47,61,61,61,61,89,89,163,102,102,127,143,143,143,221,221,236,249,249,265,265,265,265,265],"floor_reached":24,"playtime":910,"items_purged":[],"score":404,"play_id":"fa396c17-c98d-4e62-a306-2f24d610547d","local_time":"20210111235908","is_ascension_mode":true,"campfire_choices":[{"data":"Neutralize","floor":6.0,"key":"SMITH"},{"data":"Cloak And Dagger","floor":8.0,"key":"SMITH"},{"floor":11.0,"key":"REST"},{"data":"Accuracy","floor":15.0,"key":"SMITH"},{"data":"Ghostly","floor":23,"key":"SMITH"}],"circlet_count":0,"master_deck":["AscendersBane","Strike_G","Strike_G","Strike_G","Strike_G","Strike_G","Defend_G","Defend_G","Defend_G","Defend_G","Defend_G","Survivor","Neutralize+1","Backstab","Skewer+1","Cloak And Dagger+1","Accuracy+1","Heel Hook","Storm of Steel","PiercingWail","Ghostly+1","Ghostly","Ghostly"],"relics":["Ring of the Snake","TwistedFunnel","Singing Bowl","Pantograph","Bag of Preparation","HoveringKite"],"acts_visited":["Exordium","TheCity"],"potions_floor_usage":[21,24],"damage_taken":[{"damage":3.0,"enemies":"2 Louse","floor":1.0,"turns":3.0},{"damage":0.0,"enemies":"Small Slimes","floor":3.0,"turns":3.0},{"damage":38.0,"enemies":"Lagavulin","floor":7.0,"turns":9.0},{"damage":1.0,"enemies":"3 Sentries","floor":12.0,"turns":8.0},{"damage":0.0,"enemies":"Jaw Worm","floor":13.0,"turns":3.0},{"damage":53.0,"enemies":"Slime Boss","floor":16.0,"turns":13.0},{"damage":7,"enemies":"3 Byrds","floor":18,"turns":5},{"damage":15,"enemies":"Spheric Guardian","floor":19,"turns":4},{"damage":11,"enemies":"Shelled Parasite and Fungi","floor":21,"turns":2},{"damage":34,"enemies":"Book of Stabbing","floor":24,"turns":5}],"seed_played":"-4945956689113037907","potions_obtained":[{"floor":1.0,"key":"EssenceOfSteel"},{"floor":7.0,"key":"Strength Potion"},{"floor":16.0,"key":"FearPotion"},{"floor":19,"key":"Swift Potion"}],"is_trial":false,"path_per_floor":["M","$","M","?","?","R","E","R","T","?","R","E","M","?","R","B",null,"M","M","?","M","?","R","E"],"character_chosen":"THE_SILENT","items_purchased":["TwistedFunnel"],"campfire_rested":1,"item_purchase_floors":[2],"current_hp_per_floor":[56,56,56,56,56,56,18,18,18,18,37,36,36,41,41,13,57,50,37,37,28,28,28,0,0],"gold":265,"neow_bonus":"HUNDRED_GOLD","is_daily":false,"chose_seed":false,"campfire_upgraded":4,"win_rate":0.0,"timestamp":1610377148,"path_taken":["M","$","M","?","?","R","E","R","T","?","R","E","M","?","R","BOSS","M","M","?","M","?","R","E"],"items_purchased_type":["Relic"],"build_version":"2020-12-22","purchased_purges":0,"victory":false,"max_hp_per_floor":[66,66,66,66,66,66,66,66,66,66,66,66,66,71,71,71,71,71,73,73,75,37,37,37,37],"relic_stats":{"Singing Bowl":4,"counters":[10,55],"Pantograph":25,"HoveringKite":[9],"Bag of Preparation":[12],"obtain_stats":[{"TwistedFunnel":2,"Singing Bowl":7,"Pantograph":9,"HoveringKite":17,"Bag of Preparation":12,"Ring of the Snake":0},{"TwistedFunnel":1,"Singing Bowl":3,"Pantograph":3,"HoveringKite":6,"Bag of Preparation":4,"Ring of the Snake":0},{"TwistedFunnel":3,"Singing Bowl":15,"Pantograph":15,"HoveringKite":39,"Bag of Preparation":23,"Ring of the Snake":0}],"Ring of the Snake":[20]},"card_choices":[{"not_picked":["Expertise","All Out Attack"],"picked":"Backstab","floor":1.0},{"not_picked":["Bane","PiercingWail"],"picked":"Skewer","floor":3.0},{"not_picked":["Setup","Blade Dance"],"picked":"Cloak And Dagger","floor":7.0},{"not_picked":["Blade Dance","Dagger Throw"],"picked":"Accuracy","floor":12.0},{"not_picked":["Acrobatics","Outmaneuver"],"picked":"Heel Hook","floor":13.0},{"not_picked":["Envenom","A Thousand Cuts"],"picked":"Storm of Steel","floor":16.0},{"not_picked":["Caltrops","Endless Agony"],"picked":"PiercingWail","floor":18},{"not_picked":["Catalyst","Deflect","Dagger Spray"],"picked":"Singing Bowl","floor":19},{"not_picked":["Deflect","Dagger Spray","Quick Slash"],"picked":"Singing Bowl","floor":21}],"player_experience":5766828,"relics_obtained":[{"floor":7.0,"key":"Singing Bowl"},{"floor":9.0,"key":"Pantograph"},{"floor":12.0,"key":"Bag of Preparation"}],"event_choices":[{"damage_healed":0.0,"max_hp_gain":0.0,"max_hp_loss":0.0,"gold_gain":0.0,"event_name":"Liars Game","player_choice":"Ignored","floor":4.0,"gold_loss":0.0,"damage_taken":0.0},{"damage_healed":0.0,"max_hp_gain":0.0,"max_hp_loss":0.0,"gold_gain":0.0,"event_name":"Living Wall","player_choice":"Grow","floor":5.0,"gold_loss":0.0,"damage_taken":0.0,"cards_upgraded":["Skewer"]},{"damage_healed":0.0,"max_hp_gain":0.0,"max_hp_loss":0.0,"gold_gain":0.0,"event_name":"World of Goop","player_choice":"Left Gold","floor":10.0,"gold_loss":61.0,"damage_taken":0.0},{"damage_healed":0.0,"max_hp_gain":5.0,"max_hp_loss":0.0,"gold_gain":0.0,"event_name":"Big Fish","player_choice":"Donut","floor":14.0,"gold_loss":0.0,"damage_taken":0.0},{"damage_healed":0,"gold_gain":0,"player_choice":"Ignored","damage_taken":0,"max_hp_gain":0,"max_hp_loss":0,"event_name":"The Mausoleum","floor":20,"gold_loss":0},{"damage_healed":0,"gold_gain":0,"player_choice":"Became a Ghost","damage_taken":0,"max_hp_gain":0,"max_hp_loss":38,"event_name":"Ghosts","floor":22,"gold_loss":0,"cards_obtained":["Ghostly","Ghostly","Ghostly"]}],"is_beta":false,"boss_relics":[{"not_picked":["Cursed Key","Philosopher\u0027s Stone"],"picked":"HoveringKite"}],"items_purged_floors":[],"is_endless":false,"potions_floor_spawned":[1,7,16,19],"killed_by":"Book of Stabbing","ascension_level":20}}