{"host":"19t2eyow02s954g8","time":1610379261,"event":{"mods":["BaseMod","Colored Map","DeckTracker","Minty Spire (QoL Compilation)","StSLib","SuperFastMode"],"gold_per_floor":[116,116,135,135,115,158,182,182,182,182,225,240,240,255,255,351,351,364,385,409,430,83,83,99,123,123,123,143,178,178,198,198,198,198],"floor_reached":33,"playtime":1183,"items_purged":["Regret"],"score":612,"play_id":"52a7de53-3d36-482a-adb5-7c4849573672","local_time":"20210112003421","is_ascension_mode":true,"campfire_choices":[{"data":"Poisoned Stab","floor":8,"key":"SMITH"},{"data":"Neutralize","floor":10,"key":"SMITH"},{"data":"Bouncing Flask","floor":13,"key":"SMITH"},{"data":"Tools of the Trade","floor":15,"key":"SMITH"},{"data":"Adrenaline","floor":23,"key":"SMITH"},{"data":"Catalyst","floor":27,"key":"SMITH"},{"data":"Deadly Poison","floor":32,"key":"SMITH"}],"circlet_count":0,"master_deck":["AscendersBane","Strike_G","Strike_G","Strike_G","Strike_G","Strike_G","Defend_G","Defend_G","Defend_G","Defend_G","Defend_G","Survivor","Neutralize+1","Poisoned Stab+1","PiercingWail","Footwork","Deadly Poison+1","Tools of the Trade+1","Bouncing Flask+1","Adrenaline+1","Catalyst+1","PiercingWail+1","Leg Sweep"],"relics":["Ring of the Snake","NeowsBlessing","Golden Idol","Meat on the Bone","Gremlin Horn","White Beast Statue","Mercury Hourglass","Velvet Choker","Bottled Lightning","Torii","Toxic Egg 2"],"acts_visited":["Exordium","TheCity"],"potions_floor_usage":[11,11,16,19,20,21,24,25,29,33],"damage_taken":[{"damage":0,"enemies":"2 Louse","floor":1,"turns":1},{"damage":0,"enemies":"Small Slimes","floor":3,"turns":1},{"damage":0,"enemies":"Gremlin Nob","floor":6,"turns":1},{"damage":8,"enemies":"Cultist","floor":7,"turns":4},{"damage":14,"enemies":"Lagavulin","floor":11,"turns":8},{"damage":1,"enemies":"Lots of Slimes","floor":12,"turns":3},{"damage":6,"enemies":"3 Louse","floor":14,"turns":2},{"damage":29,"enemies":"Hexaghost","floor":16,"turns":8},{"damage":12,"enemies":"Shell Parasite","floor":18,"turns":6},{"damage":7,"enemies":"3 Byrds","floor":19,"turns":3},{"damage":18,"enemies":"Snake Plant","floor":20,"turns":3},{"damage":5,"enemies":"3 Cultists","floor":21,"turns":4},{"damage":1,"enemies":"Shelled Parasite and Fungi","floor":24,"turns":5},{"damage":0,"enemies":"Centurion and Healer","floor":25,"turns":6},{"damage":17,"enemies":"Snake Plant","floor":28,"turns":4},{"damage":5,"enemies":"Slavers","floor":29,"turns":7},{"damage":2,"enemies":"Sentry and Sphere","floor":31,"turns":7},{"damage":47,"enemies":"Automaton","floor":33,"turns":8}],"seed_played":"8992291293064610410","potions_obtained":[{"floor":5,"key":"Ancient Potion"},{"floor":7,"key":"Poison Potion"},{"floor":11,"key":"SmokeBomb"},{"floor":12,"key":"Fruit Juice"},{"floor":16,"key":"DuplicationPotion"},{"floor":18,"key":"LiquidBronze"},{"floor":19,"key":"DuplicationPotion"},{"floor":20,"key":"PowerPotion"},{"floor":21,"key":"LiquidBronze"},{"floor":24,"key":"Block Potion"},{"floor":25,"key":"PowerPotion"},{"floor":29,"key":"BlessingOfTheForge"},{"floor":30,"key":"Poison Potion"},{"floor":30,"key":"CultistPotion"}],"is_trial":false,"path_per_floor":["M","?","M","?","?","E","M","R","T","R","E","M","R","M","R","B",null,"M","M","M","M","$","R","M","M","T","R","M","E","?","M","R","B"],"character_chosen":"THE_SILENT","items_purchased":["Bottled Lightning"],"campfire_rested":0,"item_purchase_floors":[22],"current_hp_per_floor":[59,36,36,36,36,36,40,40,40,40,38,37,37,43,43,31,61,49,42,36,43,43,43,42,42,42,42,37,44,44,42,42,0,0],"gold":198,"neow_bonus":"THREE_ENEMY_KILL","is_daily":false,"chose_seed":false,"campfire_upgraded":7,"win_rate":0.0,"timestamp":1610379261,"path_taken":["M","?","M","?","?","E","?","R","T","R","E","M","R","M","R","BOSS","M","?","M","M","$","R","M","M","T","R","M","E","?","?","R","BOSS"],"items_purchased_type":["Relic"],"build_version":"2020-12-22","purchased_purges":1,"victory":false,"max_hp_per_floor":[66,66,66,66,66,66,66,66,66,66,66,66,66,66,66,71,71,71,71,71,71,71,71,71,71,71,71,71,71,71,71,71,71,71],"card_choices":[{"not_picked":["Dagger Throw","Bane"],"picked":"Poisoned Stab","floor":1},{"not_picked":["Deflect","Acrobatics"],"picked":"PiercingWail","floor":3},{"not_picked":["PiercingWail","Terror"],"picked":"Footwork","floor":6},{"not_picked":["Acrobatics","Dodge and Roll"],"picked":"Deadly Poison","floor":7},{"not_picked":["Outmaneuver","Quick Slash"],"picked":"Tools of the Trade","floor":11},{"not_picked":["Deflect","Acrobatics"],"picked":"Bouncing Flask","floor":12},{"not_picked":["Masterful Stab","Quick Slash","Sucker Punch"],"picked":"SKIP","floor":14},{"not_picked":["Night Terror","Venomology"],"picked":"Adrenaline","floor":16},{"not_picked":["Outmaneuver","Choke","Dagger Spray"],"picked":"SKIP","floor":18},{"not_picked":["Calculated Gamble","Acrobatics"],"picked":"Catalyst","floor":19},{"not_picked":["Blade Dance","Bane","Eviscerate"],"picked":"SKIP","floor":20},{"not_picked":["Dagger Throw","Acrobatics"],"picked":"PiercingWail+1","floor":21},{"not_picked":["Outmaneuver","PiercingWail+1","Calculated Gamble"],"picked":"SKIP","floor":24},{"not_picked":["Deflect+1","Bane","Infinite Blades"],"picked":"SKIP","floor":25},{"not_picked":["Deflect+1","Bane","Infinite Blades"],"picked":"SKIP","floor":25},{"not_picked":["Sucker Punch","Poisoned Stab"],"picked":"Leg Sweep","floor":28},{"not_picked":["Acrobatics+1","Grand Finale","Dagger Throw"],"picked":"SKIP","floor":29},{"not_picked":["Heel Hook","Prepared+1","Underhanded Strike"],"picked":"SKIP","floor":31}],"player_experience":4249343,"relics_obtained":[{"floor":6,"key":"Gremlin Horn"},{"floor":9,"key":"White Beast Statue"},{"floor":11,"key":"Mercury Hourglass"},{"floor":26,"key":"Torii"},{"floor":29,"key":"Toxic Egg 2"}],"event_choices":[{"damage_healed":0,"gold_gain":0,"player_choice":"Take Damage","damage_taken":23,"relics_obtained":["Golden Idol"],"max_hp_gain":0,"max_hp_loss":0,"event_name":"Golden Idol","floor":2,"gold_loss":0},{"damage_healed":0,"gold_gain":0,"player_choice":"Box","damage_taken":0,"relics_obtained":["Meat on the Bone"],"max_hp_gain":0,"max_hp_loss":0,"event_name":"Big Fish","floor":4,"gold_loss":0,"cards_obtained":["Regret"]},{"damage_healed":0,"gold_gain":0,"player_choice":"Bought 1 Potion","damage_taken":0,"max_hp_gain":0,"max_hp_loss":0,"event_name":"The Woman in Blue","floor":5,"gold_loss":0},{"damage_healed":0,"gold_gain":0,"player_choice":"Got Potions","damage_taken":0,"max_hp_gain":0,"max_hp_loss":0,"event_name":"Lab","floor":30,"gold_loss":0}],"is_beta":false,"boss_relics":[{"not_picked":["Fusion Hammer","Snecko Eye"],"picked":"Velvet Choker"}],"items_purged_floors":[22],"is_endless":false,"potions_floor_spawned":[7,11,12,14,16,18,19,20,21,24,25,28,29,31],"killed_by":"Automaton","ascension_level":20}}