{"host":"jfbo3eu2ui08ej1u","time":1610375344,"event":{"mods":["2.2 Compatiblity","AchievementEnabler","Act Like it!","Aspiration","BaseMod","Better Altar","Better Match","Better Note","Better Sensory Stone","Better Skull","Better Third Choice","Block Reminder","Colored Map","Colored Powertips","Conspire","DeckTracker","Displayed Cursed Tome","Downfall","Energized Spire","Fox Events","GifTheSpireLib","Hermit","Hubris","Infinite Spire","Marked Mod","Minty Spire (QoL Compilation)","Pale of the Ancients","Quick Restart","RRrroohrrRGHHhhh!!","Relic Filter","Reorder Act Four","Replay The Spire","Shop Mod","Spicy Shops","StSLib","Stuff the Spire","The Blue Laboratory","The Disciple","The Forsaken","The Hierophant","The Marked","Uncapped","Unceasing Turn Reminder","Wandering Minibosses"],"gold_per_floor":[117,117,131,131,144,158,158,192,216,216,10,10,46,59,59,143,143,170,170,3,31,40,40,76,89,170,199,199,268,307,307,307,307,307],"floor_reached":33,"playtime":940,"items_purged":["Overencumbered"],"score":681,"play_id":"8610835c-a27f-4dee-a8ba-6ea85b6e83be","local_time":"20210111092904","is_ascension_mode":true,"campfire_choices":[{"data":"rorgmod:Malware","floor":7.0,"key":"SMITH"},{"floor":10.0,"key":"REST"},{"data":"StuffTheSpire:Synthwave","floor":15.0,"key":"SMITH"},{"data":"conspire:Banana","floor":23.0,"key":"SMITH"},{"data":"Zap","floor":28.0,"key":"SMITH"},{"data":"Hologram","floor":32.0,"key":"SMITH"}],"circlet_count":0,"master_deck":["AscendersBane","Strike_B","Strike_B","Defend_B","Defend_B","Defend_B","Defend_B","Zap+1","Dualcast","rorgmod:Malware+1","Rebound","rorgmod:Leap","Electrodynamics","StuffTheSpire:Synthwave+1","rorgmod:Critical Section","Echo Form","Stack+1","conspire:Banana+1","Conserve Battery+1","rorgmod:Malware+1","Hologram+1","Hologram","Redo+1"],"relics":["Cracked Core","hubris:Icosahedron","ReplayFunnel","Vajra","ReplayTheSpireMod:CursedCoin","CeramicFish","Empty Cage","hubris:BottledHeart","ReplayTheSpireMod:TigerMarble","Shuriken","Singing Bowl","Pantograph","hubris:Towel"],"acts_visited":["Exordium","TheCity"],"potions_floor_usage":[],"damage_taken":[{"damage":2.0,"enemies":"Jaw Worm","floor":1.0,"turns":3.0},{"damage":9.0,"enemies":"Small Slimes","floor":3.0,"turns":4.0},{"damage":18.0,"enemies":"2 Louse","floor":5.0,"turns":2.0},{"damage":12.0,"enemies":"Looter","floor":6.0,"turns":3.0},{"damage":24.0,"enemies":"Gremlin Nob","floor":8.0,"turns":4.0},{"damage":0.0,"enemies":"3 Sentries","floor":13.0,"turns":3.0},{"damage":0.0,"enemies":"2 Fungi Beasts","floor":14.0,"turns":3.0},{"damage":13.0,"enemies":"Slime Boss","floor":16.0,"turns":7.0},{"damage":23.0,"enemies":"Spheric Guardian","floor":18.0,"turns":4.0},{"damage":0.0,"enemies":"3 Byrds","floor":21.0,"turns":2.0},{"damage":0.0,"enemies":"Gremlin Leader","floor":24.0,"turns":5.0},{"damage":0.0,"enemies":"Snake Plant","floor":25.0,"turns":3.0},{"damage":0.0,"enemies":"Shelled Parasite and Fungi","floor":27.0,"turns":6.0},{"damage":0.0,"enemies":"Slavers","floor":30.0,"turns":3.0},{"damage":18,"enemies":"Collector","floor":33,"turns":5}],"seed_played":"-44294779808289156","potions_obtained":[{"floor":6.0,"key":"blueLaboratory:BiasPotion"},{"floor":8.0,"key":"blueLaboratory:CoolantVial"},{"floor":18.0,"key":"blueLaboratory:NullPotion"},{"floor":24.0,"key":"blueLaboratory:HummingbirdPotion"}],"is_trial":false,"path_per_floor":["M","?","M","?","M","M","R","E","T","R","$","$","E","M","R","B",null,"M","?","$","M","?","R","E","M","T","M","R","T","E","?","R","B"],"character_chosen":"DEFECT","items_purchased":["ReplayTheSpireMod:CursedCoin","StuffTheSpire:Synthwave","Energy Potion","conspire:Banana","FocusPotion"],"campfire_rested":1,"item_purchase_floors":[11,11,11,20,20],"current_hp_per_floor":[69,69,60,60,42,30,30,6,6,29,29,29,29,29,29,16,63,40,1,1,1,1,1,1,1,1,1,1,1,1,1,1,0,0],"gold":307,"neow_bonus":"TEN_PERCENT_HP_BONUS","is_daily":false,"chose_seed":false,"campfire_upgraded":5,"win_rate":0.0,"timestamp":1610375344,"path_taken":["M","?","M","?","M","M","R","E","T","R","?","$","E","M","R","BOSS","M","?","$","M","?","R","E","?","T","M","R","?","E","?","R","BOSS"],"items_purchased_type":["Relic","Card","Potion","Card","Potion"],"build_version":"2020-12-22","purchased_purges":1,"victory":false,"max_hp_per_floor":[78,78,78,78,78,78,78,78,78,78,78,78,78,78,78,78,78,78,1,1,1,1,1,1,1,1,1,1,1,1,1,1,1,1],"card_choices":[{"not_picked":["Panic Button","Barrage"],"picked":"rorgmod:Malware","floor":1.0},{"not_picked":["Hologram","Conserve Battery"],"picked":"Rebound","floor":3.0},{"not_picked":["StuffTheSpire:LoadUp","Turbo","StuffTheSpire:Plugnplay"],"picked":"SKIP","floor":5.0},{"not_picked":["Hello World","rorgmod:Hardcode"],"picked":"rorgmod:Leap","floor":6.0},{"not_picked":["Cold Snap","rorgmod:Biogeneration"],"picked":"Electrodynamics","floor":8.0},{"not_picked":["rorgmod:Overcurrent","rorgmod:Claw"],"picked":"rorgmod:Critical Section","floor":13.0},{"not_picked":["rorgmod:SQL Injection","Rebound","rorgmod:Hot Sockets"],"picked":"SKIP","floor":14.0},{"not_picked":["Machine Learning","Multi-Cast"],"picked":"Echo Form","floor":16.0},{"not_picked":["Barrage","Redo"],"picked":"Stack+1","floor":18.0},{"not_picked":["StuffTheSpire:Synthwave","Rebound"],"picked":"Conserve Battery+1","floor":21.0},{"not_picked":["Turbo+1","rorgmod:Neutron Shower"],"picked":"Hologram","floor":24.0},{"not_picked":["StuffTheSpire:Plugnplay","Redo","rorgmod:Steady Aim"],"picked":"SKIP","floor":25.0},{"not_picked":["Conserve Battery","rorgmod:Claw"],"picked":"Hologram","floor":27.0},{"not_picked":["Coolheaded","Conserve Battery"],"picked":"Redo+1","floor":30.0}],"player_experience":1196297,"relics_obtained":[{"floor":8.0,"key":"ReplayFunnel"},{"floor":9.0,"key":"Vajra"},{"floor":13.0,"key":"CeramicFish"},{"floor":24.0,"key":"ReplayTheSpireMod:TigerMarble"},{"floor":26.0,"key":"Shuriken"},{"floor":29.0,"key":"Singing Bowl"},{"floor":30.0,"key":"Pantograph"}],"event_choices":[{"damage_healed":0.0,"max_hp_gain":0.0,"max_hp_loss":0.0,"gold_gain":0.0,"event_name":"Duplicator","player_choice":"Copied","floor":22.0,"gold_loss":0.0,"damage_taken":0.0,"cards_obtained":["rorgmod:Malware"]}],"is_beta":false,"boss_relics":[{"not_picked":["Black Star","aspiration:IroncladSkillbook"],"picked":"Empty Cage"}],"items_purged_floors":[11],"is_endless":false,"potions_floor_spawned":[6,8,13,18,24],"killed_by":"Collector","ascension_level":17}}