{"host":"1u4f3pkortkfc57w","time":1610375670,"event":{"mods":["BaseMod","Colored Powertips","Minty Spire (QoL Compilation)","StSLib","UnlockEverythingMod"],"gold_per_floor":[109,109,109,184,209,244,268,306,306,324,345,360,374,390,390,516,516,531,550,475,516,320,341,360,376,376,395,395,395,409,53,53,53,53],"floor_reached":33,"playtime":3021,"items_purged":[],"score":315,"play_id":"84b35542-53ce-46f0-8408-98f47e1aec3d","local_time":"20210111223430","is_ascension_mode":false,"campfire_choices":[{"data":"Flame Barrier","floor":15,"key":"SMITH"},{"data":"Armaments","floor":28,"key":"SMITH"},{"data":"Warcry","floor":32,"key":"SMITH"}],"circlet_count":0,"master_deck":["Defend_R","Defend_R+1","Defend_R","Defend_R","Bash","Headbutt","Iron Wave","Infernal Blade","Flame Barrier+1","Iron Wave","Burning Pact","Metallicize","Bloodletting","Thunderclap","Iron Wave","Exhume","CurseOfTheBell","Armaments+1","Spot Weakness+1","Dual Wield","Combust","True Grit","Pommel Strike+1","Body Slam","Shockwave","Armaments+1","Bite","Bite","Bite","Bite","Bite","Feel No Pain","Warcry+1","Forethought"],"relics":["Burning Blood","NeowsBlessing","Golden Idol","Bronze Scales","Eternal Feather","Juzu Bracelet","Calling Bell","Thread and Needle","Shuriken","Art of War","Red Mask","Oddly Smooth Stone","Turnip","Anchor"],"acts_visited":["Exordium","TheCity"],"potions_floor_usage":[8,11,16,16,16,21,24,33,33],"damage_taken":[{"damage":0,"enemies":"2 Louse","floor":1,"turns":2},{"damage":0,"enemies":"Small Slimes","floor":5,"turns":1},{"damage":0,"enemies":"Lagavulin","floor":6,"turns":1},{"damage":0,"enemies":"Jaw Worm","floor":7,"turns":3},{"damage":41,"enemies":"3 Sentries","floor":8,"turns":8},{"damage":12,"enemies":"Large Slime","floor":10,"turns":7},{"damage":2,"enemies":"Blue Slaver","floor":11,"turns":4},{"damage":7,"enemies":"Looter","floor":12,"turns":3},{"damage":15,"enemies":"Large Slime","floor":13,"turns":5},{"damage":0,"enemies":"Exordium Wildlife","floor":14,"turns":3},{"damage":30,"enemies":"The Guardian","floor":16,"turns":10},{"damage":1,"enemies":"3 Byrds","floor":18,"turns":3},{"damage":4,"enemies":"Shell Parasite","floor":19,"turns":7},{"damage":43,"enemies":"Masked Bandits","floor":21,"turns":5},{"damage":6,"enemies":"Cultist and Chosen","floor":23,"turns":7},{"damage":12,"enemies":"Sentry and Sphere","floor":24,"turns":6},{"damage":5,"enemies":"Chosen and Byrds","floor":25,"turns":6},{"damage":4,"enemies":"Snake Plant","floor":27,"turns":5},{"damage":21,"enemies":"Shelled Parasite and Fungi","floor":30,"turns":5},{"damage":77,"enemies":"Automaton","floor":33,"turns":12}],"seed_played":"565010315846314362","potions_obtained":[{"floor":5,"key":"Energy Potion"},{"floor":6,"key":"ElixirPotion"},{"floor":8,"key":"CultistPotion"},{"floor":11,"key":"Fruit Juice"},{"floor":12,"key":"Block Potion"},{"floor":13,"key":"DuplicationPotion"},{"floor":18,"key":"SkillPotion"},{"floor":21,"key":"Energy Potion"},{"floor":23,"key":"PowerPotion"},{"floor":27,"key":"ColorlessPotion"}],"is_trial":false,"path_per_floor":["M","?","?","?","M","E","M","E","T","M","M","M","M","M","R","B",null,"M","M","$","?","$","M","M","M","T","M","R","?","M","$","R","B"],"character_chosen":"IRONCLAD","items_purchased":["Dual Wield","Oddly Smooth Stone","True Grit","Anchor","Feel No Pain","Warcry","Forethought"],"campfire_rested":0,"item_purchase_floors":[20,22,22,31,31,31,31],"current_hp_per_floor":[80,74,59,48,54,60,66,31,31,25,34,33,24,30,42,18,79,79,79,79,42,42,42,36,37,37,39,57,55,46,46,55,0,0],"gold":53,"neow_bonus":"THREE_ENEMY_KILL","is_daily":false,"chose_seed":false,"campfire_upgraded":3,"win_rate":0.0,"timestamp":1610375670,"path_taken":["M","?","?","?","M","E","M","E","T","M","M","M","M","M","R","BOSS","M","M","$","?","$","M","M","M","T","M","R","?","M","?","R","BOSS"],"items_purchased_type":["Card","Relic","Card","Relic","Card","Card","Card"],"build_version":"2020-12-22","purchased_purges":0,"victory":false,"max_hp_per_floor":[80,74,74,74,74,74,74,74,74,74,79,79,79,79,79,79,79,79,79,79,79,79,79,79,79,79,79,79,55,55,55,55,55,55],"card_choices":[{"not_picked":["Clash","Intimidate"],"picked":"Headbutt","floor":1},{"not_picked":["Dropkick","Twin Strike"],"picked":"Iron Wave","floor":5},{"not_picked":["Juggernaut","Carnage"],"picked":"Infernal Blade","floor":6},{"not_picked":["Feel No Pain","Perfected Strike"],"picked":"Flame Barrier","floor":7},{"not_picked":["Carnage","Cleave"],"picked":"Iron Wave","floor":8},{"not_picked":["Iron Wave","Rupture"],"picked":"Burning Pact","floor":10},{"not_picked":["Evolve","Intimidate"],"picked":"Metallicize","floor":11},{"not_picked":["Clash","Perfected Strike"],"picked":"Bloodletting","floor":12},{"not_picked":["Evolve","Sever Soul"],"picked":"Thunderclap","floor":13},{"not_picked":["Wild Strike","Sword Boomerang"],"picked":"Iron Wave","floor":14},{"not_picked":["Juggernaut","Berserk"],"picked":"Exhume","floor":16},{"not_picked":["Second Wind","Cleave"],"picked":"Armaments","floor":18},{"not_picked":["Pommel Strike","Combust+1"],"picked":"Spot Weakness+1","floor":19},{"not_picked":["Headbutt","Thunderclap"],"picked":"Combust","floor":21},{"not_picked":["Combust","Second Wind+1"],"picked":"Pommel Strike+1","floor":23},{"not_picked":["Feel No Pain","Wild Strike"],"picked":"Body Slam","floor":24},{"not_picked":["Dropkick+1","Cleave"],"picked":"Shockwave","floor":25},{"not_picked":["Combust+1","Havoc+1"],"picked":"Armaments+1","floor":27},{"not_picked":["Clash","Burning Pact","Bloodletting"],"picked":"SKIP","floor":30}],"player_experience":33234,"relics_obtained":[{"floor":6,"key":"Bronze Scales"},{"floor":8,"key":"Eternal Feather"},{"floor":9,"key":"Juzu Bracelet"},{"floor":17,"key":"Thread and Needle"},{"floor":17,"key":"Shuriken"},{"floor":17,"key":"Art of War"},{"floor":21,"key":"Red Mask"},{"floor":26,"key":"Turnip"}],"event_choices":[{"damage_healed":0,"gold_gain":0,"player_choice":"Lose Max HP","damage_taken":0,"relics_obtained":["Golden Idol"],"max_hp_gain":0,"max_hp_loss":6,"event_name":"Golden Idol","floor":2,"gold_loss":0},{"damage_healed":0,"gold_gain":0,"player_choice":"Entered Light","damage_taken":15,"max_hp_gain":0,"max_hp_loss":0,"event_name":"Shining Light","floor":3,"gold_loss":0,"cards_upgraded":["Defend_R","Strike_R"]},{"damage_healed":0,"gold_gain":75,"player_choice":"Gather Gold","damage_taken":11,"max_hp_gain":0,"max_hp_loss":0,"event_name":"World of Goop","floor":4,"gold_loss":0},{"damage_healed":0,"gold_gain":0,"player_choice":"Fought Bandits","damage_taken":0,"max_hp_gain":0,"max_hp_loss":0,"event_name":"Masked Bandits","floor":21,"gold_loss":0},{"damage_healed":0,"gold_gain":0,"player_choice":"Became a vampire","damage_taken":0,"max_hp_gain":0,"max_hp_loss":24,"event_name":"Vampires","floor":29,"gold_loss":0,"cards_obtained":["Bite","Bite","Bite","Bite","Bite"]}],"is_beta":false,"boss_relics":[{"not_picked":["Velvet Choker","Empty Cage"],"picked":"Calling Bell"}],"items_purged_floors":[],"is_endless":false,"potions_floor_spawned":[5,6,8,11,12,13,18,21,23,27],"killed_by":"Automaton","ascension_level":0}}