{"host":"7qoz5gmva6til3yp","time":1610378850,"event":{"mods":["AchievementEnabler","BaseMod","Minty Spire (QoL Compilation)","StSLib","SuperFastMode"],"gold_per_floor":[117,117,117,132,150,150,169,57,81,81,113,188,188,199,199,199,199],"floor_reached":16,"playtime":2544,"items_purged":["Defend_G"],"score":125,"play_id":"25468816-fd2d-4bad-b4e0-f46fffb8c65e","local_time":"20210112002730","is_ascension_mode":true,"campfire_choices":[{"floor":6,"key":"REST"},{"data":"Backflip","floor":10,"key":"SMITH"},{"floor":15,"key":"REST"}],"circlet_count":0,"master_deck":["Strike_G","Strike_G","Strike_G","Strike_G","Defend_G","Defend_G","Defend_G","Defend_G","Survivor","Neutralize","PiercingWail","Quick Slash","Dagger Throw","Backflip+1","Predator","Prepared"],"relics":["Ring of the Snake","Juzu Bracelet","Toy Ornithopter","Potion Belt"],"acts_visited":["Exordium"],"potions_floor_usage":[11,16],"damage_taken":[{"damage":0.0,"enemies":"Small Slimes","floor":1.0,"turns":5.0},{"damage":0,"enemies":"Jaw Worm","floor":4,"turns":4},{"damage":1,"enemies":"2 Louse","floor":5,"turns":2},{"damage":10,"enemies":"Exordium Thugs","floor":7,"turns":10},{"damage":38,"enemies":"Lagavulin","floor":11,"turns":7},{"damage":0,"enemies":"Looter","floor":14,"turns":3},{"damage":54,"enemies":"The Guardian","floor":16,"turns":13}],"seed_played":"3019440445527494314","potions_obtained":[{"floor":1.0,"key":"Regen Potion"},{"floor":5,"key":"Explosive Potion"}],"is_trial":false,"path_per_floor":["M","?","?","M","M","R","M","$","T","R","E","?","?","M","R","B"],"character_chosen":"THE_SILENT","items_purchased":["Predator"],"campfire_rested":2,"item_purchase_floors":[8],"current_hp_per_floor":[70,37,30,30,29,50,40,40,40,40,22,11,11,11,32,0,0],"gold":199,"neow_bonus":"THREE_CARDS","is_daily":false,"chose_seed":false,"campfire_upgraded":1,"win_rate":0.0,"timestamp":1610378850,"path_taken":["M","?","?","M","M","R","M","$","T","R","E","?","?","M","R","BOSS"],"items_purchased_type":["Card"],"build_version":"2020-12-22","purchased_purges":1,"victory":false,"max_hp_per_floor":[70,70,70,70,70,70,70,70,70,70,70,70,70,70,70,70,70],"card_choices":[{"not_picked":["Flying Knee","Outmaneuver"],"picked":"PiercingWail","floor":0.0},{"not_picked":["Choke","Caltrops"],"picked":"Quick Slash","floor":1.0},{"not_picked":["Outmaneuver","Flying Knee"],"picked":"Dagger Throw","floor":4},{"not_picked":["Setup","Flying Knee","Blade Dance"],"picked":"SKIP","floor":5},{"not_picked":["Sucker Punch","Deflect"],"picked":"Backflip","floor":7},{"not_picked":["Deadly Poison","Endless Agony"],"picked":"Prepared","floor":11},{"not_picked":["Crippling Poison","Flying Knee","Accuracy"],"picked":"SKIP","floor":14}],"player_experience":323221,"relics_obtained":[{"floor":9,"key":"Toy Ornithopter"},{"floor":11,"key":"Potion Belt"}],"event_choices":[{"damage_healed":0.0,"max_hp_gain":0.0,"max_hp_loss":0.0,"gold_gain":0.0,"event_name":"Scrap Ooze","player_choice":"Success","floor":2.0,"gold_loss":0.0,"damage_taken":33.0,"relics_obtained":["Juzu Bracelet"]},{"cards_removed":["Strike_G"],"damage_healed":0.0,"max_hp_gain":0.0,"max_hp_loss":0.0,"gold_gain":0.0,"event_name":"Golden Wing","player_choice":"Card Removal","floor":3.0,"gold_loss":0.0,"damage_taken":7.0},{"damage_healed":0,"gold_gain":75,"player_choice":"Gather Gold","damage_taken":11,"max_hp_gain":0,"max_hp_loss":0,"event_name":"World of Goop","floor":12,"gold_loss":0},{"damage_healed":0,"gold_gain":0,"player_choice":"Ignored","damage_taken":0,"max_hp_gain":0,"max_hp_loss":0,"event_name":"Shining Light","floor":13,"gold_loss":0}],"is_beta":false,"boss_relics":[],"items_purged_floors":[8],"is_endless":false,"potions_floor_spawned":[1,5],"killed_by":"The Guardian","ascension_level":5}}