{"host":"hfxp6ue4pvwo3fit","time":1610326035,"event":{"mods":["AchievementEnabler","BaseMod","Colored Map","Colored Powertips","Highlight Path","Minty Spire (QoL Compilation)","Relic Stats","StSLib","SuperFastMode"],"gold_per_floor":[117,66,66,85,100,131,131,156,205,205,221,221,221,164,164,164,164],"floor_reached":16,"playtime":319,"items_purged":[],"score":216,"play_id":"2979a1f3-94e7-450b-bdd6-c732877f1ec9","local_time":"20210110184715","is_ascension_mode":true,"campfire_choices":[{"data":"Die Die Die","floor":10,"key":"SMITH"},{"floor":12,"key":"REST"},{"floor":15,"key":"REST"}],"circlet_count":0,"master_deck":["AscendersBane","Strike_G","Strike_G","Strike_G","Strike_G","Strike_G","Defend_G","Defend_G","Defend_G","Defend_G","Defend_G","Survivor","Neutralize","Poisoned Stab+1","Dagger Throw","Poisoned Stab","Dagger Spray","Acrobatics","Die Die Die+1","Footwork","Flying Knee"],"relics":["Sozu","Matryoshka","Pen Nib","Bag of Marbles","Orichalcum"],"acts_visited":["Exordium"],"potions_floor_usage":[],"damage_taken":[{"damage":0,"enemies":"2 Louse","floor":1,"turns":4},{"damage":0,"enemies":"Cultist","floor":4,"turns":3},{"damage":0,"enemies":"Small Slimes","floor":5,"turns":3},{"damage":34,"enemies":"3 Sentries","floor":6,"turns":9},{"damage":29,"enemies":"Lagavulin","floor":8,"turns":6},{"damage":9,"enemies":"Blue Slaver","floor":11,"turns":3},{"damage":21,"enemies":"Slime Boss","floor":16,"turns":3}],"seed_played":"1896318199193516210","potions_obtained":[],"is_trial":false,"path_per_floor":["M","$","?","M","M","E","?","E","T","R","M","R","?","$","R","B"],"character_chosen":"THE_SILENT","items_purchased":["Dagger Throw","Flying Knee"],"campfire_rested":2,"item_purchase_floors":[2,14],"current_hp_per_floor":[59,59,59,59,59,25,47,18,18,18,9,28,2,2,21,0,0],"gold":164,"neow_bonus":"BOSS_RELIC","is_daily":false,"chose_seed":false,"campfire_upgraded":1,"win_rate":0.0,"timestamp":1610326035,"path_taken":["M","$","?","M","?","E","?","E","T","R","M","R","?","?","R","BOSS"],"items_purchased_type":["Card","Card"],"build_version":"2020-12-22","purchased_purges":0,"victory":false,"max_hp_per_floor":[66,66,66,66,66,66,66,66,66,66,66,66,66,66,66,66,66],"relic_stats":{"Sozu":2,"counters":[7,31],"Pen Nib":[1],"Orichalcum":[12],"obtain_stats":[{"Sozu":0,"Matryoshka":6,"Pen Nib":8,"Bag of Marbles":9,"Orichalcum":9,"Ring of the Snake":0},{"Sozu":0,"Matryoshka":4,"Pen Nib":5,"Bag of Marbles":5,"Orichalcum":5,"Ring of the Snake":0},{"Sozu":0,"Matryoshka":19,"Pen Nib":25,"Bag of Marbles":25,"Orichalcum":25,"Ring of the Snake":0}]},"card_choices":[{"not_picked":["Sucker Punch","Dagger Throw"],"picked":"Poisoned Stab","floor":1},{"not_picked":["Infinite Blades","Finisher"],"picked":"Poisoned Stab","floor":4},{"not_picked":["Blur","Acrobatics"],"picked":"Dagger Spray","floor":5},{"not_picked":["Deflect","Underhanded Strike"],"picked":"Acrobatics","floor":6},{"not_picked":["Prepared","Distraction"],"picked":"Die Die Die","floor":8},{"not_picked":["Blade Dance","Cloak And Dagger"],"picked":"Footwork","floor":11}],"player_experience":495391,"relics_obtained":[{"floor":6,"key":"Matryoshka"},{"floor":8,"key":"Pen Nib"},{"floor":9,"key":"Bag of Marbles"},{"floor":9,"key":"Orichalcum"}],"event_choices":[{"damage_healed":0,"gold_gain":0,"player_choice":"Forge","damage_taken":0,"max_hp_gain":0,"max_hp_loss":0,"event_name":"Accursed Blacksmith","floor":3,"gold_loss":0,"cards_upgraded":["Poisoned Stab"]},{"damage_healed":22,"gold_gain":0,"player_choice":"Banana","damage_taken":0,"max_hp_gain":0,"max_hp_loss":0,"event_name":"Big Fish","floor":7,"gold_loss":0},{"damage_healed":0,"gold_gain":0,"player_choice":"Fled","damage_taken":26,"max_hp_gain":0,"max_hp_loss":0,"event_name":"Scrap Ooze","floor":13,"gold_loss":0}],"is_beta":false,"boss_relics":[],"items_purged_floors":[],"is_endless":false,"potions_floor_spawned":[5,8],"killed_by":"Slime Boss","ascension_level":20}}