{"host":"2tgyrzvaa7l04o2e","time":1610394970,"event":{"mods":["BaseMod","Highlight Path","Minty Spire (QoL Compilation)","Permanent Neow","Relic Stats"],"gold_per_floor":[115,131,145,145,145,175,175,175,175],"floor_reached":8,"playtime":358,"items_purged":[],"score":84,"play_id":"1dd2940b-c91a-486b-811a-1765f5608dce","local_time":"20210111205610","is_ascension_mode":true,"campfire_choices":[{"data":"Clothesline","floor":7,"key":"SMITH"}],"circlet_count":0,"master_deck":["AscendersBane","Strike_R","Strike_R","Strike_R","Strike_R","Strike_R","Defend_R","Defend_R","Defend_R","Defend_R","Bash","Twin Strike","Clothesline+1","Cleave"],"relics":["Burning Blood","Champion Belt","Bottled Flame"],"acts_visited":["Exordium"],"potions_floor_usage":[8],"damage_taken":[{"damage":4,"enemies":"2 Louse","floor":1,"turns":4},{"damage":2,"enemies":"Small Slimes","floor":2,"turns":4},{"damage":11,"enemies":"Jaw Worm","floor":3,"turns":4},{"damage":50,"enemies":"3 Sentries","floor":6,"turns":8},{"damage":45,"enemies":"Lagavulin","floor":8,"turns":5}],"seed_played":"1067246339361368200","potions_obtained":[{"floor":3,"key":"Fruit Juice"}],"is_trial":false,"path_per_floor":["M","M","M","?","?","E","R","E"],"character_chosen":"IRONCLAD","items_purchased":[],"campfire_rested":0,"item_purchase_floors":[],"current_hp_per_floor":[72,72,67,67,72,28,28,0,0],"gold":175,"neow_bonus":"ONE_RARE_RELIC","is_daily":false,"chose_seed":false,"campfire_upgraded":1,"win_rate":0.0,"timestamp":1610394970,"path_taken":["M","M","M","?","?","E","R","E"],"items_purchased_type":[],"build_version":"2020-12-22","purchased_purges":0,"victory":false,"max_hp_per_floor":[72,72,72,72,77,77,77,82,82],"relic_stats":{"counters":[5,25],"Champion Belt":[6],"obtain_stats":[{"Bottled Flame":6,"Champion Belt":0,"Burning Blood":0},{"Bottled Flame":4,"Champion Belt":0,"Burning Blood":0},{"Bottled Flame":20,"Champion Belt":0,"Burning Blood":0}],"Burning Blood":18},"card_choices":[{"not_picked":["Fire Breathing","Pommel Strike"],"picked":"Twin Strike","floor":1},{"not_picked":["Wild Strike","Flex"],"picked":"Clothesline","floor":2},{"not_picked":["Havoc","Heavy Blade"],"picked":"Cleave","floor":3},{"not_picked":["Fiend Fire","Anger","Cleave"],"picked":"SKIP","floor":6}],"player_experience":590154,"relics_obtained":[{"floor":6,"key":"Bottled Flame"}],"event_choices":[{"damage_healed":0,"gold_gain":0,"player_choice":"Ignored","damage_taken":0,"max_hp_gain":0,"max_hp_loss":0,"event_name":"Liars Game","floor":4,"gold_loss":0},{"damage_healed":0,"gold_gain":0,"player_choice":"Donut","damage_taken":0,"max_hp_gain":5,"max_hp_loss":0,"event_name":"Big Fish","floor":5,"gold_loss":0}],"is_beta":false,"boss_relics":[],"items_purged_floors":[],"is_endless":false,"potions_floor_spawned":[3],"killed_by":"Lagavulin","ascension_level":10}}