{"host":"ktoxvvst1mwxww91","time":1610383516,"event":{"mods":["BaseMod","Hermit","Minty Spire (QoL Compilation)","StSLib","The Hierophant","The Mystic","The Necromancer"],"gold_per_floor":[19,19,19,38,59,59,159,199,222,213,213,251,251,13,13,108,108,124,124,74,87,100,100,123,158,213,213,128,128,141,184,184,278,278,299,364,119,139,472,504,529,529,529,529,529,562,581,592,592,592],"floor_reached":51,"playtime":1580,"items_purged":["Strike_G","Strike_G","Accuracy"],"score":1394,"play_id":"bb33c416-c178-42d6-8bde-50beed7c4dfc","local_time":"20210111174516","is_ascension_mode":true,"campfire_choices":[{"data":"Deadly Poison","floor":6.0,"key":"SMITH"},{"data":"Footwork","floor":11.0,"key":"SMITH"},{"data":"Neutralize","floor":13.0,"key":"SMITH"},{"data":"Catalyst","floor":15.0,"key":"SMITH"},{"data":"Adrenaline","floor":23.0,"key":"SMITH"},{"floor":29.0,"key":"REST"},{"data":"Noxious Fumes","floor":32.0,"key":"SMITH"},{"data":"Noxious Fumes","floor":42.0,"key":"SMITH"},{"data":"Corpse Explosion","floor":44.0,"key":"SMITH"},{"data":"Leg Sweep","floor":49,"key":"SMITH"}],"circlet_count":0,"master_deck":["AscendersBane","Defend_G+1","Defend_G","Defend_G","Defend_G+1","Defend_G","Survivor","Neutralize+1","Slice+1","Deadly Poison+1","Footwork+1","Catalyst+1","Adrenaline+1","Backflip","Catalyst+1","Bullet Time","Choke","Noxious Fumes+1","Corpse Explosion+1","Deadly Poison+1","Noxious Fumes+1","Leg Sweep+1","Normality","Decay","Tools of the Trade","PiercingWail"],"relics":["Ring of the Snake","Smiling Mask","War Paint","Incense Burner","Lee\u0027s Waffle","Snecko Eye","Pen Nib","Akabeko","Gambling Chip","StrikeDummy","Cursed Key","Pocketwatch","Whetstone","Regal Pillow","Art of War","The Courier","Bag of Marbles"],"acts_visited":["Exordium","TheCity","TheBeyond"],"potions_floor_usage":[48,50],"damage_taken":[{"damage":0.0,"enemies":"2 Louse","floor":1.0,"turns":5.0},{"damage":5.0,"enemies":"Cultist","floor":4.0,"turns":4.0},{"damage":2.0,"enemies":"Small Slimes","floor":5.0,"turns":3.0},{"damage":20.0,"enemies":"Lagavulin","floor":8.0,"turns":5.0},{"damage":0.0,"enemies":"Exordium Thugs","floor":10.0,"turns":4.0},{"damage":23.0,"enemies":"Gremlin Nob","floor":12.0,"turns":5.0},{"damage":5.0,"enemies":"The Guardian","floor":16.0,"turns":8.0},{"damage":20.0,"enemies":"3 Byrds","floor":18.0,"turns":7.0},{"damage":0.0,"enemies":"Chosen","floor":21.0,"turns":2.0},{"damage":2.0,"enemies":"Centurion and Healer","floor":22.0,"turns":6.0},{"damage":0.0,"enemies":"Snake Plant","floor":24.0,"turns":2.0},{"damage":26.0,"enemies":"Gremlin Leader","floor":25.0,"turns":4.0},{"damage":8.0,"enemies":"Chosen and Byrds","floor":30.0,"turns":4.0},{"damage":0.0,"enemies":"Slavers","floor":31.0,"turns":8.0},{"damage":6.0,"enemies":"Collector","floor":33.0,"turns":4.0},{"damage":0.0,"enemies":"3 Shapes","floor":35.0,"turns":1.0},{"damage":0.0,"enemies":"2 Orb Walkers","floor":36.0,"turns":1.0},{"damage":0.0,"enemies":"Orb Walker","floor":38.0,"turns":2.0},{"damage":2.0,"enemies":"Giant Head","floor":40.0,"turns":4.0},{"damage":0.0,"enemies":"Nemesis","floor":46.0,"turns":3.0},{"damage":0.0,"enemies":"Maw","floor":47.0,"turns":4.0},{"damage":3,"enemies":"4 Shapes","floor":48,"turns":3},{"damage":6,"enemies":"Donu and Deca","floor":50,"turns":3}],"seed_played":"-5543641460678232849","potions_obtained":[{"floor":1.0,"key":"PowerPotion"},{"floor":8.0,"key":"Fruit Juice"},{"floor":12.0,"key":"Dexterity Potion"},{"floor":21.0,"key":"Energy Potion"},{"floor":22.0,"key":"LiquidMemories"},{"floor":31.0,"key":"LiquidBronze"},{"floor":33.0,"key":"DistilledChaos"},{"floor":38.0,"key":"SpeedPotion"},{"floor":46.0,"key":"AttackPotion"}],"is_trial":false,"path_per_floor":["M","?","?","M","M","R","?","E","T","M","R","E","R","$","R","B",null,"M","?","$","M","M","R","M","E","T","?","?","R","M","E","R","B",null,"M","?","$","M","?","E","T","R","T","R","?","E","M","M","R","B",null],"character_chosen":"THE_SILENT","items_purchased":["Catalyst","Lee\u0027s Waffle","Whetstone","Noxious Fumes"],"campfire_rested":1,"item_purchase_floors":[14,14,37,37],"current_hp_per_floor":[71,71,71,66,64,64,64,44,44,49,49,26,26,84,84,79,83,63,63,63,63,61,61,61,35,35,35,35,60,52,52,52,46,75,75,75,75,75,75,73,73,73,73,73,73,73,73,70,70,64],"gold":592,"neow_bonus":"TWENTY_PERCENT_HP_BONUS","is_daily":false,"chose_seed":false,"campfire_upgraded":9,"win_rate":0.0,"timestamp":1610383516,"path_taken":["M","?","?","?","M","R","?","E","T","M","R","E","R","?","R","BOSS","M","?","$","?","M","R","M","E","T","?","?","R","M","E","R","BOSS","M","?","$","M","?","E","?","R","T","R","?","E","M","?","R","BOSS"],"items_purchased_type":["Card","Relic","Relic","Card"],"build_version":"2020-12-22","purchased_purges":3,"victory":true,"max_hp_per_floor":[78,72,72,72,72,72,72,72,72,77,77,77,77,84,84,84,84,84,84,84,84,84,84,84,84,84,84,84,84,84,84,84,84,84,84,84,84,84,84,84,84,84,84,84,84,84,84,84,84,84],"card_choices":[{"not_picked":["Acrobatics","Calculated Gamble"],"picked":"Slice","floor":1.0},{"not_picked":["Catalyst","Backflip"],"picked":"Dagger Throw","floor":4.0},{"not_picked":["Acrobatics","Calculated Gamble"],"picked":"Deadly Poison","floor":5.0},{"not_picked":["Quick Slash","Dodge and Roll","Setup"],"picked":"SKIP","floor":8.0},{"not_picked":["Deflect","Cloak And Dagger"],"picked":"Footwork","floor":10.0},{"not_picked":["Finisher","Envenom","Skewer"],"picked":"SKIP","floor":12.0},{"not_picked":["Venomology","Doppelganger"],"picked":"Adrenaline","floor":16.0},{"not_picked":["Underhanded Strike","Blade Dance+1"],"picked":"Backflip","floor":18.0},{"not_picked":["Quick Slash","Reflex","Heel Hook"],"picked":"SKIP","floor":21.0},{"not_picked":["Poisoned Stab","Prepared","Sucker Punch"],"picked":"SKIP","floor":22.0},{"not_picked":["Predator","Expertise","Masterful Stab+1"],"picked":"SKIP","floor":24.0},{"not_picked":["Backflip","Quick Slash"],"picked":"Bullet Time","floor":25.0},{"not_picked":["Dagger Throw","Flying Knee+1","Predator+1"],"picked":"SKIP","floor":30.0},{"not_picked":["Accuracy","Poisoned Stab"],"picked":"Noxious Fumes","floor":31.0},{"not_picked":["Wraith Form v2","Night Terror"],"picked":"Corpse Explosion","floor":33.0},{"not_picked":["Skewer","Distraction","Deflect"],"picked":"SKIP","floor":35.0},{"not_picked":["Noxious Fumes","Deflect"],"picked":"Deadly Poison+1","floor":36.0},{"not_picked":["Acrobatics","Flying Knee","Quick Slash"],"picked":"SKIP","floor":38.0},{"not_picked":["Infinite Blades+1","Sucker Punch"],"picked":"Leg Sweep","floor":40.0},{"not_picked":["Die Die Die","Dodge and Roll"],"picked":"Tools of the Trade","floor":46.0},{"not_picked":["Backstab","Skewer","Endless Agony"],"picked":"SKIP","floor":47.0},{"not_picked":["Quick Slash+1","Prepared"],"picked":"PiercingWail","floor":48}],"player_experience":990035,"relics_obtained":[{"floor":8.0,"key":"Smiling Mask"},{"floor":9.0,"key":"War Paint"},{"floor":12.0,"key":"Incense Burner"},{"floor":25.0,"key":"Pen Nib"},{"floor":26.0,"key":"Akabeko"},{"floor":31.0,"key":"StrikeDummy"},{"floor":36.0,"key":"Pocketwatch"},{"floor":40.0,"key":"Regal Pillow"},{"floor":41.0,"key":"Art of War"},{"floor":43.0,"key":"The Courier"},{"floor":46.0,"key":"Bag of Marbles"}],"event_choices":[{"damage_healed":0.0,"max_hp_gain":0.0,"max_hp_loss":6.0,"gold_gain":0.0,"event_name":"Golden Idol","player_choice":"Lose Max HP","floor":2.0,"gold_loss":0.0,"damage_taken":0.0,"relics_obtained":["Golden Idol"]},{"cards_removed":["Strike_G"],"damage_healed":0.0,"max_hp_gain":0.0,"max_hp_loss":0.0,"gold_gain":0.0,"event_name":"Bonfire Elementals","player_choice":"Offered Basic","floor":3.0,"gold_loss":0.0,"damage_taken":0.0},{"damage_healed":0.0,"max_hp_gain":0.0,"max_hp_loss":0.0,"gold_gain":100.0,"event_name":"Golden Shrine","player_choice":"Pray","floor":7.0,"gold_loss":0.0,"damage_taken":0.0},{"damage_healed":0.0,"max_hp_gain":0.0,"max_hp_loss":0.0,"gold_gain":0.0,"event_name":"Duplicator","player_choice":"Copied","floor":19.0,"gold_loss":0.0,"damage_taken":0.0,"cards_obtained":["Catalyst"]},{"damage_healed":0.0,"max_hp_gain":0.0,"max_hp_loss":0.0,"gold_gain":0.0,"cards_transformed":["Strike_G","Strike_G"],"event_name":"Drug Dealer","player_choice":"Became Test Subject","floor":27.0,"gold_loss":0.0,"damage_taken":0.0,"cards_obtained":["Choke","Accuracy"]},{"damage_healed":0.0,"max_hp_gain":0.0,"max_hp_loss":0.0,"gold_gain":0.0,"event_name":"Addict","player_choice":"Obtained Relic","floor":28.0,"gold_loss":85.0,"damage_taken":0.0,"relics_obtained":["Gambling Chip"]},{"damage_healed":0.0,"max_hp_gain":0.0,"max_hp_loss":0.0,"gold_gain":0.0,"event_name":"Mysterious Sphere","player_choice":"Fight","floor":36.0,"gold_loss":0.0,"damage_taken":0.0},{"damage_healed":0.0,"max_hp_gain":0.0,"max_hp_loss":0.0,"gold_gain":333.0,"event_name":"The Moai Head","player_choice":"Gave Idol","floor":39.0,"relics_lost":["Golden Idol"],"gold_loss":0.0,"damage_taken":0.0},{"cards_removed":["Dagger Throw"],"damage_healed":0.0,"max_hp_gain":0.0,"max_hp_loss":0.0,"gold_gain":0.0,"event_name":"Falling","player_choice":"Removed Attack","floor":45.0,"gold_loss":0.0,"damage_taken":0.0}],"is_beta":false,"boss_relics":[{"not_picked":["Black Star","Tiny House"],"picked":"Snecko Eye"},{"not_picked":["Pandora\u0027s Box","Astrolabe"],"picked":"Cursed Key"}],"items_purged_floors":[14,20,37],"is_endless":false,"potions_floor_spawned":[1,8,12,21,22,31,33,38,46],"ascension_level":14}}