{"host":"d61fcf2p3sjwe6yo","time":1610391180,"event":{"mods":["AchievementEnabler","BaseMod","Colored Map","Minty Spire (QoL Compilation)","StSLib","SuperFastMode"],"gold_per_floor":[18,31,41,53,53,53,3,32,82,113,124,124,124,124,124,226,226,244,143,68,68,84,84,112,122,122,122,122,142,171,71,71,176,176,190,190,201,216,232,232,142,142,166,185,204,204,204],"floor_reached":46,"playtime":1548,"items_purged":["Strike_G","Envenom"],"score":792,"play_id":"55911c0e-6938-42ca-b3f8-8b8af2d979b0","local_time":"20210111215300","is_ascension_mode":true,"campfire_choices":[{"data":"Dagger Spray","floor":6.0,"key":"SMITH"},{"data":"Catalyst","floor":12.0,"key":"SMITH"},{"data":"Catalyst","floor":15.0,"key":"SMITH"},{"floor":23.0,"key":"REST"},{"floor":27.0,"key":"REST"},{"floor":32.0,"key":"REST"},{"floor":40.0,"key":"REST"},{"data":"Bouncing Flask","floor":42.0,"key":"SMITH"}],"circlet_count":0,"master_deck":["AscendersBane","Strike_G+1","Defend_G","Defend_G","Survivor","Neutralize+1","Corpse Explosion","Dagger Spray+1","Bouncing Flask","Catalyst+1","Bouncing Flask+1","Catalyst+1","After Image","Backflip+1","Noxious Fumes","Backflip","Leg Sweep"],"relics":["Ring of the Snake","Sundial","Regal Pillow","Whetstone","Omamori","Philosopher\u0027s Stone","Toy Ornithopter","Pear","Du-Vu Doll","SlaversCollar"],"acts_visited":["Exordium","TheCity","TheBeyond"],"potions_floor_usage":[],"damage_taken":[{"damage":4.0,"enemies":"Small Slimes","floor":1.0,"turns":5.0},{"damage":1.0,"enemies":"Jaw Worm","floor":2.0,"turns":5.0},{"damage":0.0,"enemies":"2 Louse","floor":3.0,"turns":3.0},{"damage":1.0,"enemies":"Looter","floor":4.0,"turns":4.0},{"damage":15.0,"enemies":"3 Sentries","floor":8.0,"turns":5.0},{"damage":10.0,"enemies":"Lagavulin","floor":10.0,"turns":5.0},{"damage":3.0,"enemies":"3 Louse","floor":11.0,"turns":2.0},{"damage":10.0,"enemies":"The Guardian","floor":16.0,"turns":5.0},{"damage":14.0,"enemies":"2 Thieves","floor":18.0,"turns":2.0},{"damage":10.0,"enemies":"Shell Parasite","floor":22.0,"turns":3.0},{"damage":37.0,"enemies":"Slavers","floor":24.0,"turns":2.0},{"damage":10.0,"enemies":"Centurion and Healer","floor":25.0,"turns":4.0},{"damage":0.0,"enemies":"Snake Plant","floor":29.0,"turns":2.0},{"damage":39.0,"enemies":"Gremlin Leader","floor":30.0,"turns":5.0},{"damage":27.0,"enemies":"Champ","floor":33.0,"turns":5.0},{"damage":16.0,"enemies":"Orb Walker","floor":35.0,"turns":3.0},{"damage":15.0,"enemies":"3 Shapes","floor":37.0,"turns":3.0},{"damage":26.0,"enemies":"3 Darklings","floor":38.0,"turns":3.0},{"damage":12.0,"enemies":"Writhing Mass","floor":39.0,"turns":4.0},{"damage":37.0,"enemies":"4 Shapes","floor":44.0,"turns":5.0},{"damage":3.0,"enemies":"Spire Growth","floor":45.0,"turns":5.0},{"damage":6,"enemies":"Reptomancer","floor":46,"turns":2}],"seed_played":"-8239237426288760734","potions_obtained":[{"floor":2.0,"key":"Dexterity Potion"},{"floor":4.0,"key":"AttackPotion"},{"floor":8.0,"key":"PowerPotion"},{"floor":10.0,"key":"EssenceOfSteel"},{"floor":18.0,"key":"SteroidPotion"},{"floor":28.0,"key":"DuplicationPotion"},{"floor":28.0,"key":"Dexterity Potion"},{"floor":30.0,"key":"Weak Potion"},{"floor":35.0,"key":"ColorlessPotion"},{"floor":37.0,"key":"Swift Potion"},{"floor":38.0,"key":"SpeedPotion"}],"is_trial":false,"path_per_floor":["M","M","M","M","?","R","?","E","T","E","M","R","?","?","R","B",null,"M","$","?","?","M","R","E","M","T","R","?","M","E","$","R","B",null,"M","?","M","M","M","R","?","R","T","M","M","E"],"character_chosen":"THE_SILENT","items_purchased":["Backflip"],"campfire_rested":4,"item_purchase_floors":[19],"current_hp_per_floor":[59,58,58,57,57,57,57,42,42,32,29,29,29,22,22,12,56,42,42,42,42,32,68,31,21,31,70,70,70,41,41,80,53,73,57,57,47,21,14,53,53,53,53,21,18,12,12],"gold":204,"neow_bonus":"THREE_RARE_CARDS","is_daily":false,"chose_seed":false,"campfire_upgraded":4,"win_rate":0.0,"timestamp":1610391180,"path_taken":["M","M","M","M","?","R","?","E","T","E","M","R","?","?","R","BOSS","M","$","?","?","?","R","E","M","T","R","?","?","E","$","R","BOSS","M","?","M","M","M","R","?","R","T","M","M","E"],"items_purchased_type":["Card"],"build_version":"2020-12-22","purchased_purges":2,"victory":false,"max_hp_per_floor":[70,70,70,70,70,70,70,70,70,70,70,70,70,70,70,70,70,70,70,70,70,70,70,70,70,80,80,80,80,80,80,80,80,80,80,80,80,80,80,80,80,80,80,80,80,80,80],"card_choices":[{"not_picked":["Storm of Steel","Wraith Form v2"],"picked":"Corpse Explosion","floor":0.0},{"not_picked":["Outmaneuver","Slice"],"picked":"Dagger Spray","floor":1.0},{"not_picked":["Acrobatics","Sucker Punch","Concentrate"],"picked":"SKIP","floor":2.0},{"not_picked":["Calculated Gamble","Accuracy"],"picked":"Bouncing Flask","floor":3.0},{"not_picked":["Cloak And Dagger","Caltrops","Masterful Stab"],"picked":"SKIP","floor":4.0},{"not_picked":["Heel Hook","Backflip"],"picked":"Catalyst","floor":8.0},{"not_picked":["Crippling Poison","Reflex"],"picked":"Bouncing Flask","floor":10.0},{"not_picked":["Deflect","Terror"],"picked":"Catalyst","floor":11.0},{"not_picked":["Envenom","Glass Knife"],"picked":"After Image","floor":16.0},{"not_picked":["Sucker Punch+1","Terror","Dagger Spray"],"picked":"SKIP","floor":18.0},{"not_picked":["Deadly Poison","Terror","Distraction"],"picked":"SKIP","floor":22.0},{"not_picked":["Underhanded Strike","Bouncing Flask","Eviscerate"],"picked":"SKIP","floor":24.0},{"not_picked":["Outmaneuver+1","Slice"],"picked":"Noxious Fumes","floor":25.0},{"not_picked":["Quick Slash","Dodge and Roll","Poisoned Stab"],"picked":"SKIP","floor":29.0},{"not_picked":["Caltrops","Choke","Quick Slash"],"picked":"SKIP","floor":30.0},{"not_picked":["Choke+1","Accuracy"],"picked":"Backflip","floor":35.0},{"not_picked":["Terror+1","Quick Slash","Eviscerate"],"picked":"SKIP","floor":37.0},{"not_picked":["Underhanded Strike+1","Outmaneuver"],"picked":"Leg Sweep","floor":38.0},{"not_picked":["Well Laid Plans","Deflect+1","Noxious Fumes"],"picked":"SKIP","floor":39.0},{"not_picked":["Distraction","Poisoned Stab+1","Sucker Punch"],"picked":"SKIP","floor":44.0},{"not_picked":["Sucker Punch","Acrobatics","Poisoned Stab"],"picked":"SKIP","floor":45.0}],"player_experience":191178,"relics_obtained":[{"floor":8.0,"key":"Sundial"},{"floor":9.0,"key":"Regal Pillow"},{"floor":10.0,"key":"Whetstone"},{"floor":24.0,"key":"Toy Ornithopter"},{"floor":26.0,"key":"Pear"},{"floor":30.0,"key":"Du-Vu Doll"}],"event_choices":[{"cards_removed":["Strike_G"],"damage_healed":0.0,"max_hp_gain":0.0,"max_hp_loss":0.0,"gold_gain":0.0,"event_name":"Living Wall","player_choice":"Forget","floor":5.0,"gold_loss":0.0,"damage_taken":0.0},{"cards_removed":["Defend_G"],"damage_healed":0.0,"max_hp_gain":0.0,"max_hp_loss":0.0,"gold_gain":0.0,"event_name":"The Cleric","player_choice":"Card Removal","floor":7.0,"gold_loss":50.0,"damage_taken":0.0},{"damage_healed":0.0,"max_hp_gain":0.0,"max_hp_loss":0.0,"gold_gain":0.0,"event_name":"Dead Adventurer","player_choice":"Searched \u00271\u0027 times","floor":13.0,"gold_loss":0.0,"damage_taken":0.0,"relics_obtained":["Omamori"]},{"cards_removed":["Strike_G"],"damage_healed":0.0,"max_hp_gain":0.0,"max_hp_loss":0.0,"gold_gain":0.0,"event_name":"Golden Wing","player_choice":"Card Removal","floor":14.0,"gold_loss":0.0,"damage_taken":7.0},{"cards_removed":["Defend_G"],"damage_healed":0.0,"max_hp_gain":0.0,"max_hp_loss":0.0,"gold_gain":0.0,"event_name":"Beggar","player_choice":"Gave Gold","floor":20.0,"gold_loss":75.0,"damage_taken":0.0},{"damage_healed":0.0,"max_hp_gain":0.0,"max_hp_loss":0.0,"gold_gain":0.0,"cards_transformed":["Strike_G"],"event_name":"Transmorgrifier","player_choice":"Transformed","floor":21.0,"gold_loss":0.0,"damage_taken":0.0,"cards_obtained":["Envenom"]},{"damage_healed":0.0,"max_hp_gain":0.0,"max_hp_loss":0.0,"gold_gain":0.0,"event_name":"Lab","player_choice":"Got Potions","floor":28.0,"gold_loss":0.0,"damage_taken":0.0},{"damage_healed":0.0,"max_hp_gain":0.0,"max_hp_loss":0.0,"gold_gain":0.0,"event_name":"Tomb of Lord Red Mask","player_choice":"Ignored","floor":36.0,"gold_loss":0.0,"damage_taken":0.0},{"cards_removed":["Defend_G"],"damage_healed":0.0,"max_hp_gain":0.0,"max_hp_loss":0.0,"gold_gain":0.0,"event_name":"Designer","player_choice":"Upgrade and Remove","floor":41.0,"gold_loss":90.0,"damage_taken":0.0,"cards_upgraded":["Backflip"]}],"is_beta":false,"boss_relics":[{"not_picked":["Cursed Key","Astrolabe"],"picked":"Philosopher\u0027s Stone"},{"not_picked":["Black Star","Coffee Dripper"],"picked":"SlaversCollar"}],"items_purged_floors":[19,31],"is_endless":false,"potions_floor_spawned":[2,4,8,10,18,30,35,37,38],"killed_by":"Reptomancer","ascension_level":12}}