{"host":"roqztpbdbchtekes","time":1610366411,"event":{"mods":["A Magickal Journey","AchievementEnabler","BaseMod","Better Note","Better Third Choice","BetterRewards","Block Reminder","Colored Map","Colored Powertips","Curses Come First","DeckTracker","Minty Spire (QoL Compilation)","Relic Stats","Spicy Shops","StSLib"],"gold_per_floor":[109,109,126,226,3,3,3,3,3,37,37,37,37],"floor_reached":12,"playtime":409,"items_purged":["Strike_B"],"score":89,"play_id":"c51b1f71-0241-4db1-b45d-7242fea939a8","local_time":"20210111130011","is_ascension_mode":true,"campfire_choices":[{"data":"Genetic Algorithm","floor":6,"key":"SMITH"},{"data":"Defragment","floor":8,"key":"SMITH"}],"circlet_count":0,"master_deck":["Strike_B","Strike_B+1","Strike_B","Defend_B","Defend_B","Defend_B","Defend_B+1","Zap+1","Dualcast+1","Loop+1","Defragment+1","Genetic Algorithm+1","Compile Driver"],"relics":["Cracked Core","Pocketwatch","Dead Branch","War Paint","Mummified Hand","Kunai"],"acts_visited":["Exordium"],"potions_floor_usage":[10,12],"damage_taken":[{"damage":7,"enemies":"Small Slimes","floor":1,"turns":3},{"damage":0,"enemies":"Cultist","floor":3,"turns":4},{"damage":14,"enemies":"3 Sentries","floor":10,"turns":4},{"damage":16,"enemies":"Lagavulin","floor":12,"turns":4}],"seed_played":"-5524445791957233126","potions_obtained":[{"floor":1,"key":"Strength Potion"},{"floor":3,"key":"ColorlessPotion"}],"is_trial":false,"path_per_floor":["M","?","M","?","$","R","T","R","T","E","?","E"],"character_chosen":"DEFECT","items_purchased":["Dead Branch","Loop","War Paint","Genetic Algorithm"],"campfire_rested":0,"item_purchase_floors":[0,0,5,5],"current_hp_per_floor":[33,33,33,33,33,33,33,33,33,19,4,0,0],"gold":37,"neow_bonus":"","is_daily":false,"chose_seed":false,"campfire_upgraded":2,"win_rate":0.0,"timestamp":1610366411,"path_taken":["M","?","?","?","?","R","?","R","T","E","?","E"],"items_purchased_type":["Relic","Card","Relic","Card"],"build_version":"2020-12-22","purchased_purges":1,"victory":false,"max_hp_per_floor":[75,75,75,75,75,75,75,75,75,75,75,75,75],"relic_stats":{"counters":[52,193],"Mummified Hand":[5],"Dead Branch":[4],"Kunai":[8],"War Paint":["Defend_B","Defend_B","Dualcast","Zap"],"obtain_stats":[{"Ice Cream":45,"Regal Pillow":23,"Tiny House":34,"Gremlin Horn":44,"Vajra":0,"Enchiridion":31,"Juzu Bracelet":29,"Whetstone":43,"Empty Cage":17,"FrozenCore":17,"Blood Vial":0,"Emotion Chip":7,"Centennial Puzzle":11,"Dream Catcher":42,"Lizard Tail":46,"TheAbacus":29,"Mummified Hand":46,"Kunai":9,"Toxic Egg 2":29,"Cracked Core":0,"Potion Belt":13,"Girya":0,"Pear":11,"Happy Flower":54,"Golden Idol":12,"Dead Branch":0,"Thread and Needle":0,"PreservedInsect":0,"Omamori":39,"Letter Opener":42,"Frozen Egg 2":24,"War Paint":44,"Medical Kit":0,"White Beast Statue":27,"Cables":9,"Strange Spoon":0,"DataDisk":26,"Busted Crown":34,"Shuriken":0,"Bird Faced Urn":3,"Art of War":0,"Nloth\u0027s Gift":24,"Bag of Marbles":28,"Membership Card":39,"Symbiotic Virus":0,"TungstenRod":0,"Toy Ornithopter":40,"Pocketwatch":0},{"Ice Cream":24,"Regal Pillow":39,"Tiny House":16,"Gremlin Horn":23,"Vajra":29,"Enchiridion":42,"Juzu Bracelet":42,"Whetstone":45,"Empty Cage":8,"FrozenCore":36,"Blood Vial":29,"Emotion Chip":4,"Centennial Puzzle":5,"Dream Catcher":22,"Lizard Tail":24,"TheAbacus":42,"Mummified Hand":24,"Kunai":32,"Toxic Egg 2":42,"Cracked Core":0,"Potion Belt":34,"Girya":29,"Pear":33,"Happy Flower":28,"Golden Idol":33,"Dead Branch":48,"Thread and Needle":0,"PreservedInsect":0,"Omamori":19,"Letter Opener":45,"Frozen Egg 2":11,"War Paint":46,"Medical Kit":29,"White Beast Statue":13,"Cables":4,"Strange Spoon":0,"DataDisk":12,"Busted Crown":43,"Shuriken":29,"Bird Faced Urn":1,"Art of War":29,"Nloth\u0027s Gift":39,"Bag of Marbles":42,"Membership Card":19,"Symbiotic Virus":0,"TungstenRod":0,"Toy Ornithopter":20,"Pocketwatch":48},{"Ice Cream":86,"Regal Pillow":135,"Tiny House":57,"Gremlin Horn":83,"Vajra":102,"Enchiridion":150,"Juzu Bracelet":150,"Whetstone":170,"Empty Cage":27,"FrozenCore":124,"Blood Vial":102,"Emotion Chip":13,"Centennial Puzzle":18,"Dream Catcher":80,"Lizard Tail":86,"TheAbacus":150,"Mummified Hand":86,"Kunai":111,"Toxic Egg 2":150,"Cracked Core":0,"Potion Belt":117,"Girya":102,"Pear":113,"Happy Flower":96,"Golden Idol":113,"Dead Branch":178,"Thread and Needle":0,"PreservedInsect":0,"Omamori":66,"Letter Opener":170,"Frozen Egg 2":39,"War Paint":175,"Medical Kit":102,"White Beast Statue":44,"Cables":13,"Strange Spoon":0,"DataDisk":42,"Busted Crown":159,"Shuriken":102,"Bird Faced Urn":3,"Art of War":102,"Nloth\u0027s Gift":135,"Bag of Marbles":150,"Membership Card":66,"Symbiotic Virus":0,"TungstenRod":0,"Toy Ornithopter":72,"Pocketwatch":178}],"Pocketwatch":[18]},"card_choices":[{"not_picked":["Melter","Gash","Steam Power"],"picked":"SKIP","floor":1},{"not_picked":["Beam Cell","Go for the Eyes"],"picked":"Defragment","floor":3},{"not_picked":["Biased Cognition","Redo"],"picked":"Compile Driver","floor":10}],"player_experience":303339,"relics_obtained":[{"floor":9,"key":"Mummified Hand"},{"floor":10,"key":"Kunai"}],"event_choices":[{"damage_healed":0,"gold_gain":0,"player_choice":"Upgraded","damage_taken":0,"max_hp_gain":0,"max_hp_loss":0,"event_name":"Upgrade Shrine","floor":2,"gold_loss":0,"cards_upgraded":["Loop"]},{"damage_healed":0,"gold_gain":100,"player_choice":"Pray","damage_taken":0,"max_hp_gain":0,"max_hp_loss":0,"event_name":"Golden Shrine","floor":4,"gold_loss":0},{"damage_healed":19,"gold_gain":0,"player_choice":"Upgrade","damage_taken":15,"max_hp_gain":0,"max_hp_loss":75,"event_name":"betterThird:BetterShining","floor":11,"gold_loss":0,"cards_upgraded":["Strike_B","Defend_B"]}],"is_beta":false,"boss_relics":[],"items_purged_floors":[0],"is_endless":false,"potions_floor_spawned":[1,3],"killed_by":"Lagavulin","ascension_level":4}}