{"host":"y4sghvfd0ewtcchd","time":1610384719,"event":{"mods":["Aspiration","BaseMod","Better Debug","Better Note","Better Third Choice","BetterRewards","Block Reminder","Colored Map","Colored Powertips","Downfall","Highlight Path","Hubris","Infinite Spire","Minty Spire (QoL Compilation)","Relic Sorter","Relic Stats","Replay The Spire","Shop Mod","StSLib","The Jungle","The Saiyan"],"gold_per_floor":[113,113,113,113,131,156,156,169,194,194,119,134,34,62,62,159,159,178,191,210,210,220,220,220],"floor_reached":23,"playtime":1468,"items_purged":["Strike_B","Strike_B"],"score":339,"play_id":"c781092f-64fd-4350-9ce6-c6e19a277d5c","local_time":"20210111200519","is_ascension_mode":true,"campfire_choices":[{"data":"Chaos","floor":7.0,"key":"SMITH"},{"data":"FIFO Queue","floor":10.0,"key":"SMITH"},{"data":"Storm","floor":15.0,"key":"SMITH"}],"circlet_count":0,"master_deck":["Strike_B","Strike_B","Defend_B","Defend_B","Defend_B","Zap","Dualcast","FIFO Queue+1","Replay:SS_hec_2+1","White Noise+1","Heatsinks","Compile Driver+1","Chaos+1","Buffer+1","Fusion+1","Consume","Self Repair","Storm+1","Biased Cognition","Electrodynamics"],"relics":["Cracked Core","aspiration:Nostalgia","Burning Blood","infinitespire:WardingShard","Toy Ornithopter","War Paint","Blue Candle","infinitespire:Cupcake","PrismaticShard"],"acts_visited":["Exordium","TheCity"],"potions_floor_usage":[23,23],"damage_taken":[{"damage":0.0,"enemies":"Small Slimes","floor":1.0,"turns":5.0},{"damage":6.0,"enemies":"2 Louse","floor":5.0,"turns":2.0},{"damage":0.0,"enemies":"Gremlin Nob","floor":6.0,"turns":6.0},{"damage":12.0,"enemies":"Jaw Worm","floor":8.0,"turns":4.0},{"damage":0.0,"enemies":"Blue Slaver","floor":12.0,"turns":4.0},{"damage":0.0,"enemies":"Lagavulin","floor":14.0,"turns":6.0},{"damage":30.0,"enemies":"Hexaghost","floor":16.0,"turns":5.0},{"damage":0.0,"enemies":"3 Byrds","floor":18.0,"turns":3.0},{"damage":26.0,"enemies":"Shell Parasite","floor":19.0,"turns":3.0},{"damage":34.0,"enemies":"Snake Plant","floor":20.0,"turns":3.0},{"damage":23.0,"enemies":"Centurion and Healer","floor":22.0,"turns":4.0},{"damage":0,"enemies":"Book of Stabbing","floor":23,"turns":1},{"damage":0,"enemies":"Book of Stabbing","floor":23,"turns":1}],"seed_played":"3716803387939974578","potions_obtained":[{"floor":6.0,"key":"SmokeBomb"},{"floor":8.0,"key":"hexamod:EctoCoolerPotion"},{"floor":14.0,"key":"Milkshake"}],"is_trial":false,"path_per_floor":["M","?","?","$","M","E","R","M","T","R","$","M","$","E","R","B",null,"M","M","M","?","M","E"],"character_chosen":"DEFECT","items_purchased":["FIFO Queue","Replay:SS_hec_2","aspiration:Nostalgia","White Noise","infinitespire:WardingShard","Heatsinks","Compile Driver+1"],"campfire_rested":0,"item_purchase_floors":[0,0,0,0,0,0,0],"current_hp_per_floor":[39,39,39,39,39,45,45,39,39,39,39,52,52,58,58,53,70,75,62,34,26,16,22,22],"gold":220,"neow_bonus":"","is_daily":false,"chose_seed":false,"campfire_upgraded":3,"win_rate":0.0,"timestamp":1610384719,"path_taken":["M","?","?","?","M","E","R","?","T","R","?","M","$","E","R","BOSS","M","M","M","?","M","E"],"items_purchased_type":["Card","Card","Relic","Card","Relic","Card","Card"],"build_version":"2020-12-22","purchased_purges":2,"victory":false,"max_hp_per_floor":[75,75,75,75,75,75,75,75,75,75,75,75,75,75,75,75,75,75,75,75,75,75,75,75],"relic_stats":{"counters":[12,45],"Blue Candle":[0],"War Paint":["Fusion","White Noise"],"obtain_stats":[{"NeowsBlessing":0,"infinitespire:WardingShard":0,"aspiration:Nostalgia":0,"Blue Candle":14,"War Paint":9,"Cracked Core":0,"PrismaticShard":21,"Burning Blood":0,"Toy Ornithopter":6,"infinitespire:Cupcake":17},{"NeowsBlessing":0,"infinitespire:WardingShard":0,"aspiration:Nostalgia":0,"Blue Candle":6,"War Paint":4,"Cracked Core":0,"PrismaticShard":10,"Burning Blood":0,"Toy Ornithopter":3,"infinitespire:Cupcake":7},{"NeowsBlessing":0,"infinitespire:WardingShard":0,"aspiration:Nostalgia":0,"Blue Candle":27,"War Paint":17,"Cracked Core":0,"PrismaticShard":41,"Burning Blood":0,"Toy Ornithopter":13,"infinitespire:Cupcake":32}],"Burning Blood":71,"Toy Ornithopter":5},"card_choices":[{"not_picked":["Cold Snap","Auto Shields"],"picked":"Chaos","floor":1.0},{"not_picked":["BasicCrystalCard","Capacitor"],"picked":"Fusion","floor":5.0},{"not_picked":["Beam Cell","Reinforced Body"],"picked":"Consume","floor":6.0},{"not_picked":["Conserve Battery","Turbo"],"picked":"Self Repair","floor":8.0},{"not_picked":["Gash","Steam"],"picked":"Storm","floor":12.0},{"not_picked":["Ball Lightning","BootSequence"],"picked":"Biased Cognition","floor":14.0},{"not_picked":["Amplify","Multi-Cast"],"picked":"Electrodynamics","floor":16.0},{"not_picked":["Go for the Eyes","hubris:Ukulele","Steam+1"],"picked":"SKIP","floor":18.0},{"not_picked":["Steam","FTL","Sunder"],"picked":"SKIP","floor":19.0},{"not_picked":["Rebound","Streamline+1","Panic Button"],"picked":"SKIP","floor":20.0},{"not_picked":["SashWhip","Replay:Vibes+1","champ:BladeFlurry"],"picked":"SKIP","floor":22.0}],"player_experience":537792,"relics_obtained":[{"floor":6.0,"key":"Toy Ornithopter"},{"floor":9.0,"key":"War Paint"},{"floor":14.0,"key":"Blue Candle"},{"floor":21.0,"key":"PrismaticShard"}],"event_choices":[],"is_beta":false,"boss_relics":[{"not_picked":["Kintsugi","hubris:CrackedHourglass"],"picked":"infinitespire:Cupcake"}],"items_purged_floors":[11,13],"is_endless":false,"potions_floor_spawned":[6,8,14],"killed_by":"Book of Stabbing","ascension_level":7}}