{"host":"dk10vuzdqf3wivcv","time":1610403358,"event":{"mods":["Aspiration","Astrologer","BaseMod","Colored Map","Conspire","Downfall","Friendly Minions","Hermit","Hubris","Infinite Spire","Minty Spire (QoL Compilation)","Replay The Spire","StSLib","SuperFastMode","Td1madao Mod","The Animator","The Gatherer","The Jungle","The Marked","The Servant 0.9.4"],"gold_per_floor":[99,109,122,138,138,138,188,207,221,231,231,231,231,231],"floor_reached":12,"playtime":393,"items_purged":[],"score":72,"play_id":"0dd7b14f-f518-40cb-b181-dea19a7fe9c4","local_time":"20210111231558","is_ascension_mode":false,"campfire_choices":[{"floor":1,"key":"RECALL"},{"data":"hexamod:Hexaguard","floor":6,"key":"SMITH"}],"circlet_count":0,"master_deck":["hexamod:Strike","hexamod:Strike","hexamod:Strike","hexamod:Strike","hexamod:Defend","hexamod:Defend","hexamod:Defend","hexamod:Defend","hexamod:Sear","hexamod:Float","hexamod:Hexaguard+1","hexamod:GhostOfSpireFuture","hexamod:NightmareGuise","hexamod:NightmareGuise","hexamod:FirstSeal","hexamod:FourthSeal"],"relics":["Velvet Choker","Replay:WaspNest"],"acts_visited":["Exordium"],"potions_floor_usage":[12],"damage_taken":[{"damage":0,"enemies":"Cultist","floor":2,"turns":3},{"damage":1,"enemies":"2 Louse","floor":3,"turns":3},{"damage":0,"enemies":"Small Slimes","floor":4,"turns":3},{"damage":2,"enemies":"3 Louse","floor":8,"turns":5},{"damage":0,"enemies":"Blue Slaver","floor":9,"turns":6},{"damage":3,"enemies":"2 Fungi Beasts","floor":10,"turns":4},{"damage":91,"enemies":"Gremlin Nob","floor":12,"turns":6}],"seed_played":"9197126783699352048","potions_obtained":[{"floor":4,"key":"Energy Potion"},{"floor":10,"key":"Fire Potion"}],"is_trial":false,"path_per_floor":["R_BF","M","M","M","?","R","T","M","M","M","?","E"],"character_chosen":"THE_SPIRIT","items_purchased":[],"campfire_rested":0,"item_purchase_floors":[],"current_hp_per_floor":[70,70,69,69,69,69,69,67,67,70,67,0,0,0],"gold":231,"neow_bonus":"BOSS_RELIC","is_daily":false,"chose_seed":false,"campfire_upgraded":1,"win_rate":0.0,"timestamp":1610403358,"path_taken":["R_BF","M","M","?","?","R","T","?","M","M","?","E"],"items_purchased_type":[],"build_version":"2020-12-22","purchased_purges":0,"victory":false,"max_hp_per_floor":[70,70,70,70,70,70,70,70,70,70,70,70,70,70],"card_choices":[{"not_picked":["hexamod:HauntingEcho","hexamod:HeatMetal"],"picked":"hexamod:Hexaguard","floor":2},{"not_picked":["hexamod:Rewind","hexamod:RainOfEmbers"],"picked":"hexamod:GhostOfSpireFuture","floor":3},{"not_picked":["hexamod:HauntingEcho","hexamod:SpectralAdrenaline"],"picked":"hexamod:NightmareGuise","floor":4},{"not_picked":["hexamod:BacktrackSmack","hexamod:Rewind"],"picked":"hexamod:NightmareGuise","floor":8},{"not_picked":["hexamod:AdvancingGuard","hexamod:PhantomFireball"],"picked":"hexamod:FirstSeal","floor":9},{"not_picked":["hexamod:DynamicBlow","hexamod:ShieldOfDarkness"],"picked":"hexamod:FourthSeal","floor":10}],"player_experience":171230,"relics_obtained":[],"event_choices":[{"damage_healed":0,"gold_gain":0,"player_choice":"Ignored","damage_taken":0,"max_hp_gain":0,"max_hp_loss":0,"event_name":"NoteForYourself","floor":5,"gold_loss":0},{"damage_healed":0,"gold_gain":0,"player_choice":"Success","damage_taken":3,"relics_obtained":["Replay:WaspNest"],"max_hp_gain":0,"max_hp_loss":0,"event_name":"Scrap Ooze","floor":11,"gold_loss":0}],"is_beta":false,"boss_relics":[],"items_purged_floors":[],"is_endless":false,"potions_floor_spawned":[4,10],"killed_by":"Gremlin Nob","ascension_level":0}}