{"host":"sdl5b0uiznq00owb","time":1610354649,"event":{"mods":["BaseMod","Minty Spire (QoL Compilation)","Permanent Neow","Relic Stats"],"gold_per_floor":[119,129,144,144,159,190,190,216,241,241,254,254,100,100,100,196,196,216,234,234,262,262,272,272,272,272,307,327,339,339,352,352,453,453,471,521,537,173,192,192,224,224,224,446,461,477,487,487,487,487,487],"floor_reached":50,"playtime":3395,"items_purged":["Choke","Strike_G"],"score":806,"play_id":"d4bf2e9e-c26c-48fa-9e5e-3827c88c015b","local_time":"20210111024409","is_ascension_mode":true,"campfire_choices":[{"floor":7.0,"key":"REST"},{"floor":12.0,"key":"REST"},{"floor":15.0,"key":"REST"},{"floor":24.0,"key":"REST"},{"data":"Crippling Poison","floor":30.0,"key":"SMITH"},{"data":"Footwork","floor":32.0,"key":"SMITH"},{"floor":40,"key":"REST"},{"floor":42,"key":"REST"},{"floor":49,"key":"REST"}],"circlet_count":0,"master_deck":["AscendersBane","Strike_G","Defend_G","Defend_G+1","Defend_G","Defend_G","Defend_G","Survivor","Neutralize","Sucker Punch","Slice","Predator","Deadly Poison+1","Quick Slash","Blade Dance","Footwork+1","Die Die Die","Crippling Poison+1","Footwork","PiercingWail","Backflip+1","Terror","Slice+1","Escape Plan","Backflip+1","Burst","Predator+1","Deadly Poison","Caltrops","Deflect","Blur","Regret","Escape Plan+1"],"relics":["Ring of the Serpent","Tingsha","Lantern","Toy Ornithopter","Cursed Key","Red Mask","Orichalcum","Torii","Bronze Scales","PreservedInsect","FossilizedHelix"],"acts_visited":["Exordium","TheCity","TheBeyond"],"potions_floor_usage":[41,50],"damage_taken":[{"damage":2.0,"enemies":"2 Louse","floor":1.0,"turns":4.0},{"damage":0.0,"enemies":"Cultist","floor":2.0,"turns":4.0},{"damage":0.0,"enemies":"Jaw Worm","floor":3.0,"turns":4.0},{"damage":0.0,"enemies":"3 Louse","floor":5.0,"turns":3.0},{"damage":36.0,"enemies":"Gremlin Nob","floor":6.0,"turns":5.0},{"damage":7.0,"enemies":"3 Sentries","floor":8.0,"turns":7.0},{"damage":8.0,"enemies":"Large Slime","floor":11.0,"turns":4.0},{"damage":13.0,"enemies":"Slime Boss","floor":16.0,"turns":9.0},{"damage":33.0,"enemies":"2 Thieves","floor":18.0,"turns":3.0},{"damage":1.0,"enemies":"3 Byrds","floor":19.0,"turns":4.0},{"damage":21.0,"enemies":"Masked Bandits","floor":21.0,"turns":5.0},{"damage":13.0,"enemies":"Snecko","floor":23.0,"turns":5.0},{"damage":23.0,"enemies":"Gremlin Leader","floor":27.0,"turns":7.0},{"damage":1.0,"enemies":"3 Cultists","floor":28.0,"turns":4.0},{"damage":0.0,"enemies":"Centurion and Healer","floor":29.0,"turns":7.0},{"damage":7.0,"enemies":"Shelled Parasite and Fungi","floor":31.0,"turns":4.0},{"damage":35.0,"enemies":"Automaton","floor":33.0,"turns":11.0},{"damage":7,"enemies":"Orb Walker","floor":35,"turns":5},{"damage":12,"enemies":"Mind Bloom Boss Battle","floor":36,"turns":6},{"damage":1,"enemies":"3 Shapes","floor":37,"turns":4},{"damage":16,"enemies":"Maw","floor":39,"turns":7},{"damage":28,"enemies":"Nemesis","floor":41,"turns":7},{"damage":12,"enemies":"Jaw Worm Horde","floor":45,"turns":5},{"damage":3,"enemies":"4 Shapes","floor":46,"turns":5},{"damage":0,"enemies":"Spire Growth","floor":47,"turns":6},{"damage":108,"enemies":"Awakened One","floor":50,"turns":21}],"seed_played":"6746995155427655901","potions_obtained":[{"floor":1.0,"key":"Energy Potion"},{"floor":6.0,"key":"Explosive Potion"},{"floor":11.0,"key":"GamblersBrew"},{"floor":19.0,"key":"Regen Potion"},{"floor":23.0,"key":"BlessingOfTheForge"},{"floor":27.0,"key":"FairyPotion"},{"floor":35,"key":"PowerPotion"},{"floor":41,"key":"Fruit Juice"},{"floor":47,"key":"Regen Potion"}],"is_trial":false,"path_per_floor":["M","M","M","?","M","E","R","E","T","?","M","R","$","?","R","B",null,"M","M","?","?","?","M","R","?","T","E","M","M","R","M","R","B",null,"M","?","M","$","M","R","E","R","T","?","M","M","M","?","R","B"],"character_chosen":"THE_SILENT","items_purchased":["Infinite Blades","Deadly Poison","Bronze Scales","Caltrops"],"campfire_rested":7,"item_purchase_floors":[13,38,38,38],"current_hp_per_floor":[61,61,61,47,47,11,32,25,25,25,17,38,38,31,52,49,65,32,31,31,10,10,16,37,70,70,47,51,51,51,44,44,9,55,48,36,35,35,19,40,22,44,44,44,32,29,29,29,50,0,0],"gold":487,"neow_bonus":"TRANSFORM_CARD","is_daily":false,"chose_seed":false,"campfire_upgraded":2,"win_rate":0.0,"timestamp":1610354649,"path_taken":["M","M","M","?","M","E","R","E","T","?","?","R","$","?","R","BOSS","M","M","?","?","?","?","R","?","T","E","?","M","R","M","R","BOSS","M","?","M","$","M","R","E","R","T","?","?","M","?","?","R","BOSS"],"items_purchased_type":["Card","Card","Relic","Card"],"build_version":"2020-12-22","purchased_purges":2,"victory":false,"max_hp_per_floor":[70,70,70,70,70,70,70,70,70,70,70,70,70,70,70,70,70,70,70,70,70,70,70,70,70,70,70,70,70,70,70,70,70,70,70,70,70,70,70,70,75,75,75,75,75,75,75,71,71,71,71],"relic_stats":{"Torii":19,"counters":[26,156],"Bronze Scales":[197],"Tingsha":[57],"PreservedInsect":0,"Orichalcum":[126],"Cursed Key":1,"obtain_stats":[{"Lantern":8,"Torii":36,"Bronze Scales":38,"Tingsha":6,"PreservedInsect":41,"Red Mask":21,"Orichalcum":27,"Cursed Key":17,"Toy Ornithopter":9,"Ring of the Serpent":34,"FossilizedHelix":43,"Ring of the Snake":0},{"Lantern":6,"Torii":19,"Bronze Scales":20,"Tingsha":5,"PreservedInsect":22,"Red Mask":11,"Orichalcum":13,"Cursed Key":8,"Toy Ornithopter":6,"Ring of the Serpent":17,"FossilizedHelix":22,"Ring of the Snake":0},{"Lantern":27,"Torii":101,"Bronze Scales":105,"Tingsha":20,"PreservedInsect":119,"Red Mask":52,"Orichalcum":64,"Cursed Key":40,"Toy Ornithopter":27,"Ring of the Serpent":90,"FossilizedHelix":119,"Ring of the Snake":0}],"Toy Ornithopter":30},"card_choices":[{"not_picked":["PiercingWail","Acrobatics"],"picked":"Slice","floor":1.0},{"not_picked":["Setup","Cloak And Dagger"],"picked":"Predator","floor":2.0},{"not_picked":["Heel Hook","Prepared"],"picked":"Deadly Poison","floor":3.0},{"not_picked":["Bane","Acrobatics"],"picked":"Quick Slash","floor":5.0},{"not_picked":["PiercingWail","Eviscerate"],"picked":"Blade Dance","floor":6.0},{"not_picked":["A Thousand Cuts","Dodge and Roll"],"picked":"Footwork","floor":8.0},{"not_picked":["Caltrops","Deadly Poison","Reflex"],"picked":"SKIP","floor":11.0},{"not_picked":["Glass Knife","Tools of the Trade"],"picked":"Die Die Die","floor":16.0},{"not_picked":["Underhanded Strike","Poisoned Stab","Quick Slash"],"picked":"SKIP","floor":18.0},{"not_picked":["Dagger Throw","Outmaneuver"],"picked":"Crippling Poison","floor":19.0},{"not_picked":["Cloak And Dagger","Flying Knee"],"picked":"PiercingWail","floor":21.0},{"not_picked":["Quick Slash+1","Outmaneuver"],"picked":"Backflip+1","floor":23.0},{"not_picked":["Prepared","Riddle With Holes"],"picked":"Terror","floor":27.0},{"not_picked":["Sucker Punch","Well Laid Plans"],"picked":"Slice+1","floor":28.0},{"not_picked":["Dagger Throw","Dagger Spray"],"picked":"Escape Plan","floor":29.0},{"not_picked":["Quick Slash","Outmaneuver+1"],"picked":"Backflip+1","floor":31.0},{"not_picked":["Bullet Time","Venomology"],"picked":"Burst","floor":33.0},{"not_picked":["Poisoned Stab","All Out Attack+1"],"picked":"Predator+1","floor":35},{"not_picked":["Quick Slash+1","Well Laid Plans","Underhanded Strike+1"],"picked":"SKIP","floor":37},{"not_picked":["Flechettes","PiercingWail+1"],"picked":"Deflect","floor":39},{"not_picked":["Flechettes+1","Expertise"],"picked":"Blur","floor":41},{"not_picked":["Eviscerate+1","Endless Agony","Dash+1"],"picked":"SKIP","floor":45},{"not_picked":["Quick Slash+1","Eviscerate+1"],"picked":"Escape Plan+1","floor":46},{"not_picked":["Backstab+1","Skewer","Flechettes"],"picked":"SKIP","floor":47}],"player_experience":788891,"relics_obtained":[{"floor":6.0,"key":"Tingsha"},{"floor":8.0,"key":"Lantern"},{"floor":9.0,"key":"Toy Ornithopter"},{"floor":21.0,"key":"Red Mask"},{"floor":27.0,"key":"Orichalcum"},{"floor":36,"key":"Torii"},{"floor":41,"key":"PreservedInsect"},{"floor":43,"key":"FossilizedHelix"}],"event_choices":[{"damage_healed":0.0,"max_hp_gain":0.0,"max_hp_loss":0.0,"gold_gain":0.0,"event_name":"Shining Light","player_choice":"Entered Light","floor":4.0,"gold_loss":0.0,"damage_taken":14.0,"cards_upgraded":["Deadly Poison","Defend_G"]},{"damage_healed":0.0,"max_hp_gain":0.0,"max_hp_loss":0.0,"gold_gain":0.0,"cards_transformed":["Strike_G"],"event_name":"Transmorgrifier","player_choice":"Transformed","floor":10.0,"gold_loss":0.0,"damage_taken":0.0,"cards_obtained":["Choke"]},{"cards_removed":["Strike_G"],"damage_healed":0.0,"max_hp_gain":0.0,"max_hp_loss":0.0,"gold_gain":0.0,"event_name":"Golden Wing","player_choice":"Card Removal","floor":14.0,"gold_loss":0.0,"damage_taken":7.0},{"damage_healed":0.0,"max_hp_gain":0.0,"max_hp_loss":0.0,"gold_gain":0.0,"event_name":"The Library","player_choice":"Read","floor":20.0,"gold_loss":0.0,"damage_taken":0.0,"cards_obtained":["Footwork"]},{"damage_healed":0.0,"max_hp_gain":0.0,"max_hp_loss":0.0,"gold_gain":0.0,"event_name":"Masked Bandits","player_choice":"Fought Bandits","floor":21.0,"gold_loss":0.0,"damage_taken":0.0},{"damage_healed":0.0,"max_hp_gain":0.0,"max_hp_loss":0.0,"gold_gain":0.0,"event_name":"Vampires","player_choice":"Ignored","floor":22.0,"gold_loss":0.0,"damage_taken":0.0},{"cards_removed":["Infinite Blades"],"damage_healed":33.0,"max_hp_gain":0.0,"max_hp_loss":0.0,"gold_gain":0.0,"event_name":"Bonfire Elementals","player_choice":"Offered Uncommon","floor":25.0,"gold_loss":0.0,"damage_taken":0.0},{"damage_healed":0,"gold_gain":0,"player_choice":"Fight","damage_taken":0,"max_hp_gain":0,"max_hp_loss":0,"event_name":"MindBloom","floor":36,"gold_loss":0},{"damage_healed":0,"gold_gain":222,"player_choice":"Wore Mask","damage_taken":0,"max_hp_gain":0,"max_hp_loss":0,"event_name":"Tomb of Lord Red Mask","floor":44,"gold_loss":0},{"damage_healed":0,"gold_gain":0,"player_choice":"Max HP","damage_taken":0,"max_hp_gain":0,"max_hp_loss":4,"event_name":"Winding Halls","floor":48,"gold_loss":0}],"is_beta":false,"boss_relics":[{"not_picked":["Runic Dome","Tiny House"],"picked":"Cursed Key"},{"not_picked":["Busted Crown","Philosopher\u0027s Stone"],"picked":"Ring of the Serpent"}],"items_purged_floors":[13,38],"is_endless":false,"potions_floor_spawned":[1,6,11,19,23,27,35,39,41,47],"killed_by":"Awakened One","ascension_level":11}}