{"host":"o5or1zybx7au40zl","time":1610376381,"event":{"mods":["Act Like it!","BaseMod","Better Third Choice","Conspire","Dota2Spire","GungeonMod","Hubris","Minty Spire (QoL Compilation)","Replay The Spire","StSLib","The Jungle"],"gold_per_floor":[116,136,24,43,59,89,100,100,100,100,48,48,76,86,86,185,185,196,196,196,214,228,228,228],"floor_reached":23,"playtime":535,"items_purged":["conspire:NecroticWound"],"score":203,"play_id":"1e8b4f2d-8e12-4383-b14c-fd8683ea9c14","local_time":"20210111154621","is_ascension_mode":false,"campfire_choices":[{"floor":10,"key":"RECALL"},{"data":"Storm","floor":12,"key":"SMITH"},{"floor":15,"key":"REST"}],"circlet_count":0,"master_deck":["Strike_B","Strike_B","Strike_B","Strike_B","Defend_B","Defend_B","Defend_B","Defend_B","Zap","Dualcast","Apotheosis","Barrage","Auto Shields","FIFO Queue","Multi-Cast","Storm","Cold Snap","Storm+1","Storm+1","Double Energy","Creative AI","Cold Snap+1","Coolheaded+1"],"relics":["FrozenCore","DemoMod:JetPack","Replay:Baseball","Happy Flower"],"acts_visited":["Exordium","Exordium"],"potions_floor_usage":[16,23,23],"damage_taken":[{"damage":0,"enemies":"Cultist","floor":1,"turns":2},{"damage":10,"enemies":"2 Louse","floor":2,"turns":2},{"damage":0,"enemies":"Jaw Worm","floor":4,"turns":3},{"damage":0,"enemies":"Red Slaver","floor":5,"turns":3},{"damage":19,"enemies":"Lagavulin","floor":6,"turns":7},{"damage":0,"enemies":"Large Slime","floor":7,"turns":5},{"damage":36,"enemies":"Gremlin Nob","floor":13,"turns":5},{"damage":6,"enemies":"2 Fungi Beasts","floor":14,"turns":3},{"damage":12,"enemies":"Hexaghost","floor":16,"turns":8},{"damage":27,"enemies":"theJungle:MUSHROOMGANG","floor":18,"turns":5},{"damage":17,"enemies":"theJungle:Flameango_and_Byrd","floor":21,"turns":5},{"damage":30,"enemies":"theJungle:Snecko_Cultist_And_Trap","floor":22,"turns":5},{"damage":6,"enemies":"theJungle:Cassacara","floor":23,"turns":2}],"seed_played":"8428762583712574836","potions_obtained":[{"floor":4,"key":"GamblersBrew"},{"floor":6,"key":"FearPotion"},{"floor":7,"key":"Dota2Spire:HealingSalve"},{"floor":16,"key":"Dexterity Potion"},{"floor":22,"key":"Milkshake"}],"is_trial":false,"path_per_floor":["M","M","$","M","M","E","M","?","T","R","$","R","E","M","R","B",null,"M","?","?","M","M","E"],"character_chosen":"DEFECT","items_purchased":["FIFO Queue","Storm"],"campfire_rested":1,"item_purchase_floors":[3,11],"current_hp_per_floor":[75,65,65,65,65,46,46,46,46,46,46,46,10,4,26,32,75,48,48,48,31,1,0,0],"gold":228,"neow_bonus":"RANDOM_COLORLESS_2","is_daily":false,"chose_seed":false,"campfire_upgraded":1,"win_rate":0.0,"timestamp":1610376381,"path_taken":["M","M","$","M","M","E","M","?","T","R","?","R","E","M","R","BOSS","M","?","?","M","?","E"],"items_purchased_type":["Card","Card"],"build_version":"2020-12-22","purchased_purges":1,"victory":false,"max_hp_per_floor":[75,75,75,75,75,75,75,75,75,75,75,75,75,75,75,75,75,75,75,75,75,75,75,75],"card_choices":[{"not_picked":["ReplayTheSpireMod:Necrogeddon","Metamorphosis"],"picked":"Apotheosis","floor":0},{"not_picked":["Reinforced Body","BasicCrystalCard"],"picked":"Barrage","floor":1},{"not_picked":["ReplaySolidLightProjector","Panic Button"],"picked":"Auto Shields","floor":2},{"not_picked":["Hologram","Stack","Gash"],"picked":"SKIP","floor":4},{"not_picked":["Turbo","Reinforced Body"],"picked":"Multi-Cast","floor":5},{"not_picked":["Genetic Algorithm","Conserve Battery"],"picked":"Storm","floor":6},{"not_picked":["Reprogram","Cold Snap","Rebound"],"picked":"SKIP","floor":7},{"not_picked":["Reprogram","Rebound"],"picked":"Cold Snap","floor":7},{"not_picked":["hubris:SpecializedCircuitry","Panic Button","Doom and Gloom"],"picked":"SKIP","floor":13},{"not_picked":["Genetic Algorithm","Barrage"],"picked":"Double Energy","floor":14},{"not_picked":["Seek","Hyperbeam"],"picked":"Creative AI","floor":16},{"not_picked":["ReplaySort","Blizzard"],"picked":"Cold Snap+1","floor":18},{"not_picked":["Hologram+1","Streamline","Stack+1"],"picked":"SKIP","floor":21},{"not_picked":["Go for the Eyes","Sweeping Beam+1"],"picked":"Coolheaded+1","floor":22}],"player_experience":952411,"relics_obtained":[{"floor":6,"key":"DemoMod:JetPack"},{"floor":13,"key":"Happy Flower"}],"event_choices":[{"damage_healed":0,"gold_gain":0,"player_choice":"Gave Potion","damage_taken":0,"relics_obtained":["Replay:Baseball"],"max_hp_gain":0,"max_hp_loss":0,"event_name":"WeMeetAgain","floor":8,"gold_loss":0},{"damage_healed":0,"gold_gain":0,"player_choice":"Leave","damage_taken":0,"max_hp_gain":0,"max_hp_loss":0,"event_name":"conspire:Investor","floor":19,"gold_loss":0},{"damage_healed":0,"gold_gain":0,"player_choice":"Forge","damage_taken":0,"max_hp_gain":0,"max_hp_loss":0,"event_name":"Accursed Blacksmith","floor":20,"gold_loss":0,"cards_upgraded":["Storm"]}],"is_beta":false,"boss_relics":[{"not_picked":["Honey Jar","Kintsugi"],"picked":"FrozenCore"}],"items_purged_floors":[3],"is_endless":false,"potions_floor_spawned":[4,6,7,16,22],"killed_by":"theJungle:Cassacara","ascension_level":0}}