{"host":"z4nt7tdd4gjrinn7","time":1610383456,"event":{"mods":["BaseMod","Minty Spire (QoL Compilation)","StSLib"],"gold_per_floor":[116,128,128,143,34,34,109,129,129,129,146,163,163,163,163,259,259,274,285,285,285,296,296,307,307,307,108,108,108,124,124,124,124,124],"floor_reached":33,"playtime":1354,"items_purged":[],"score":237,"play_id":"8a487bbe-c31d-42a5-bfdc-82638c6c7f32","local_time":"20210111114416","is_ascension_mode":false,"campfire_choices":[{"data":"Fire Breathing","floor":6,"key":"SMITH"},{"floor":10,"key":"REST"},{"data":"Cleave","floor":15,"key":"SMITH"},{"floor":23,"key":"REST"},{"floor":25,"key":"REST"},{"floor":32,"key":"REST"}],"circlet_count":0,"master_deck":["Strike_R+1","Strike_R+1","Strike_R+1","Strike_R+1","Strike_R+1","Defend_R+1","Defend_R+1","Defend_R+1","Defend_R+1","Immolate","Sword Boomerang","Cleave+1","Fire Breathing+1","Infernal Blade","Anger","Wild Strike","Double Tap","Immolate","Clothesline+1","Thunderclap","Cleave","Cleave","Wild Strike","Wild Strike+1"],"relics":["Burning Blood","Question Card","Empty Cage","PreservedInsect","Lee\u0027s Waffle","MutagenicStrength"],"acts_visited":["Exordium","TheCity"],"potions_floor_usage":[16,16,16,16,16,24,24,33],"damage_taken":[{"damage":5,"enemies":"Cultist","floor":1,"turns":4},{"damage":13,"enemies":"Jaw Worm","floor":2,"turns":3},{"damage":0,"enemies":"2 Louse","floor":4,"turns":1},{"damage":14,"enemies":"Blue Slaver","floor":8,"turns":3},{"damage":4,"enemies":"Looter","floor":11,"turns":3},{"damage":6,"enemies":"2 Fungi Beasts","floor":12,"turns":2},{"damage":51,"enemies":"The Guardian","floor":16,"turns":8},{"damage":20,"enemies":"Chosen","floor":18,"turns":4},{"damage":32,"enemies":"Shell Parasite","floor":19,"turns":5},{"damage":45,"enemies":"Centurion and Healer","floor":22,"turns":5},{"damage":23,"enemies":"Snecko","floor":24,"turns":5},{"damage":15,"enemies":"Snake Plant","floor":30,"turns":4},{"damage":92,"enemies":"Collector","floor":33,"turns":8}],"seed_played":"7565855430734627866","potions_obtained":[{"floor":0,"key":"BlessingOfTheForge"},{"floor":0,"key":"DuplicationPotion"},{"floor":0,"key":"CultistPotion"},{"floor":11,"key":"EntropicBrew"},{"floor":16,"key":"Weak Potion"},{"floor":18,"key":"Swift Potion"},{"floor":30,"key":"Energy Potion"}],"is_trial":false,"path_per_floor":["M","M","$","M","$","R","?","M","T","R","M","M","?","?","R","B",null,"M","M","?","?","M","R","M","R","T","$","?","?","M","?","R","B"],"character_chosen":"IRONCLAD","items_purchased":["Fire Breathing","Infernal Blade","Lee\u0027s Waffle","Wild Strike"],"campfire_rested":4,"item_purchase_floors":[5,5,27,27],"current_hp_per_floor":[80,73,73,79,79,79,68,60,60,80,80,80,80,80,80,35,77,63,37,23,23,12,36,19,43,43,89,89,89,80,80,89,0,0],"gold":124,"neow_bonus":"THREE_SMALL_POTIONS","is_daily":false,"chose_seed":false,"campfire_upgraded":2,"win_rate":0.0,"timestamp":1610383456,"path_taken":["M","?","?","M","$","R","?","M","T","R","M","M","?","?","R","BOSS","M","M","?","?","M","R","M","R","T","$","?","?","M","?","R","BOSS"],"items_purchased_type":["Card","Card","Relic","Card"],"build_version":"2020-12-22","purchased_purges":0,"victory":false,"max_hp_per_floor":[80,80,80,80,80,80,80,80,80,80,80,80,80,80,80,80,77,77,77,82,82,82,82,82,82,82,89,89,89,89,89,89,89,89],"card_choices":[{"not_picked":["Sword Boomerang","Anger"],"picked":"Immolate","floor":1},{"not_picked":["True Grit","Flex"],"picked":"Sword Boomerang","floor":2},{"not_picked":["Headbutt","Shrug It Off"],"picked":"Cleave","floor":4},{"not_picked":["Clothesline","Shrug It Off"],"picked":"Anger","floor":8},{"not_picked":["Anger","Warcry","Thunderclap"],"picked":"Wild Strike","floor":11},{"not_picked":["Pummel","Burning Pact","Flex"],"picked":"Double Tap","floor":12},{"not_picked":["Corruption","Double Tap","Fiend Fire"],"picked":"Immolate","floor":16},{"not_picked":["Heavy Blade","Flex+1","Twin Strike"],"picked":"Clothesline+1","floor":18},{"not_picked":["Entrench+1","Clash+1","Feel No Pain"],"picked":"Thunderclap","floor":19},{"not_picked":["Iron Wave","Thunderclap","Rupture"],"picked":"Cleave","floor":22},{"not_picked":["True Grit","Flex+1","Intimidate"],"picked":"Cleave","floor":24},{"not_picked":["Headbutt","Hemokinesis","Battle Trance"],"picked":"Wild Strike+1","floor":30}],"player_experience":47970,"relics_obtained":[{"floor":9,"key":"Question Card"},{"floor":26,"key":"PreservedInsect"}],"event_choices":[{"damage_healed":0,"gold_gain":75,"player_choice":"Gather Gold","damage_taken":11,"max_hp_gain":0,"max_hp_loss":0,"event_name":"World of Goop","floor":7,"gold_loss":0},{"damage_healed":0,"gold_gain":0,"player_choice":"Ignored","damage_taken":0,"max_hp_gain":0,"max_hp_loss":0,"event_name":"Shining Light","floor":13,"gold_loss":0},{"damage_healed":20,"gold_gain":0,"player_choice":"Healed and dodged fight","damage_taken":0,"max_hp_gain":0,"max_hp_loss":0,"event_name":"Mushrooms","floor":14,"gold_loss":0,"cards_obtained":["Parasite"]},{"damage_healed":0,"gold_gain":0,"player_choice":"Shed Blood","damage_taken":19,"max_hp_gain":5,"max_hp_loss":0,"event_name":"Forgotten Altar","floor":20,"gold_loss":0},{"damage_healed":0,"gold_gain":0,"player_choice":"Ignored","damage_taken":0,"max_hp_gain":0,"max_hp_loss":0,"event_name":"Ghosts","floor":21,"gold_loss":0},{"damage_healed":0,"gold_gain":0,"player_choice":"Simplicity","damage_taken":0,"max_hp_gain":0,"max_hp_loss":0,"event_name":"Back to Basics","floor":28,"gold_loss":0,"cards_upgraded":["Strike_R","Strike_R","Strike_R","Strike_R","Strike_R","Defend_R","Defend_R","Defend_R","Defend_R"]},{"damage_healed":0,"gold_gain":0,"player_choice":"Ignored","damage_taken":0,"max_hp_gain":0,"max_hp_loss":0,"event_name":"Vampires","floor":29,"gold_loss":0},{"damage_healed":0,"gold_gain":0,"player_choice":"Inject Mutagens","damage_taken":0,"relics_obtained":["MutagenicStrength"],"max_hp_gain":0,"max_hp_loss":0,"event_name":"Drug Dealer","floor":31,"gold_loss":0}],"is_beta":false,"boss_relics":[{"not_picked":["Fusion Hammer","Coffee Dripper"],"picked":"Empty Cage"}],"items_purged_floors":[],"is_endless":false,"potions_floor_spawned":[11,12,16,18,30],"killed_by":"Collector","ascension_level":0}}