{"host":"u4tznopnj1dsdkte","time":1610394263,"event":{"mods":["AchievementEnabler","BaseMod","Colored Map","Colored Powertips","DeckTracker","Highlight Path","Minty Spire (QoL Compilation)","Relic Stats"],"gold_per_floor":[112,131,146,71,71,71,102,102,102,102,125,137,212,226,226,300,300,314,60,72,72,72,72,90,90,168,168,187,200,200,235,235,308,308,323,323,213,228,248,248,281,20,20,52,71,96,96,96,96,96,96,96,96,43,43,43],"floor_reached":55,"playtime":3065,"items_purged":["Strike_R","Strike_R"],"score":1786,"play_id":"9766545c-be2f-46a9-bdf2-6c0d81f8e996","local_time":"20210111204423","is_ascension_mode":true,"campfire_choices":[{"data":"Fiend Fire","floor":6,"key":"SMITH"},{"data":"Pommel Strike","floor":8,"key":"SMITH"},{"data":"Hemokinesis","floor":10,"key":"SMITH"},{"data":"Rupture","floor":15,"key":"SMITH"},{"data":"Bloodletting","floor":23,"key":"SMITH"},{"data":"Shrug It Off","floor":25,"key":"SMITH"},{"data":"Shrug It Off","floor":27,"key":"SMITH"},{"data":"Shrug It Off","floor":30,"key":"SMITH"},{"floor":32,"key":"REST"},{"floor":40,"key":"REST"},{"floor":47,"key":"RECALL"},{"data":"Offering","floor":49,"key":"SMITH"},{"data":"Good Instincts","floor":53,"key":"SMITH"}],"circlet_count":0,"master_deck":["AscendersBane","Strike_R","Strike_R","Defend_R","Defend_R","Defend_R","Bash","Parasite","Fiend Fire+1","Hemokinesis+1","Shrug It Off+1","Hemokinesis+1","Pommel Strike+1","Bloodletting+1","Rupture+1","Reaper","Bandage Up","Bandage Up","Shrug It Off+1","Shrug It Off+1","Whirlwind","Offering+1","Good Instincts+1"],"relics":["Burning Blood","Gambling Chip","Question Card","Oddly Smooth Stone","Runic Pyramid","PreservedInsect","Bottled Tornado","Boot","Busted Crown","Ancient Tea Set","Anchor","HornCleat","StoneCalendar"],"acts_visited":["Exordium","TheCity","TheBeyond","TheEnding"],"potions_floor_usage":[7,7,18,20,33,33,50,50,55],"damage_taken":[{"damage":6,"enemies":"2 Louse","floor":1,"turns":4},{"damage":9,"enemies":"Jaw Worm","floor":2,"turns":3},{"damage":2,"enemies":"Cultist","floor":3,"turns":3},{"damage":5,"enemies":"Gremlin Nob","floor":7,"turns":3},{"damage":13,"enemies":"Lots of Slimes","floor":12,"turns":4},{"damage":2,"enemies":"Large Slime","floor":14,"turns":2},{"damage":44,"enemies":"The Guardian","floor":16,"turns":11},{"damage":9,"enemies":"Spheric Guardian","floor":18,"turns":3},{"damage":24,"enemies":"3 Byrds","floor":20,"turns":5},{"damage":23,"enemies":"Snecko","floor":24,"turns":4},{"damage":18,"enemies":"Centurion and Healer","floor":28,"turns":4},{"damage":17,"enemies":"Snake Plant","floor":29,"turns":3},{"damage":31,"enemies":"Book of Stabbing","floor":31,"turns":4},{"damage":45,"enemies":"Champ","floor":33,"turns":6},{"damage":50,"enemies":"3 Darklings","floor":35,"turns":4},{"damage":22,"enemies":"3 Shapes","floor":38,"turns":4},{"damage":66,"enemies":"Sphere and 2 Shapes","floor":39,"turns":4},{"damage":25,"enemies":"Nemesis","floor":41,"turns":3},{"damage":45,"enemies":"Giant Head","floor":44,"turns":5},{"damage":21,"enemies":"Maw","floor":45,"turns":5},{"damage":16,"enemies":"Mind Bloom Boss Battle","floor":46,"turns":5},{"damage":54,"enemies":"Donu and Deca","floor":50,"turns":7},{"damage":87,"enemies":"Awakened One","floor":51,"turns":7},{"damage":77,"enemies":"Shield and Spear","floor":55,"turns":6}],"seed_played":"-5900449407127853483","potions_obtained":[{"floor":2,"key":"SpeedPotion"},{"floor":3,"key":"EntropicBrew"},{"floor":7,"key":"LiquidMemories"},{"floor":14,"key":"ColorlessPotion"},{"floor":28,"key":"SteroidPotion"},{"floor":31,"key":"Regen Potion"},{"floor":35,"key":"Fire Potion"},{"floor":41,"key":"Block Potion"},{"floor":45,"key":"AttackPotion"}],"is_trial":false,"path_per_floor":["M","M","M","$","?","R","E","R","T","R","T","M","?","M","R","B",null,"M","$","M","?","$","R","M","R","T","R","M","M","R","E","R","B",null,"M","?","?","M","M","R","E","$","T","E","M","?","R","$","R","B","B",null,"R","$","E"],"character_chosen":"IRONCLAD","items_purchased":["PreservedInsect","Bandage Up","Anchor","FearPotion"],"campfire_rested":2,"item_purchase_floors":[19,19,42,54],"current_hp_per_floor":[68,65,69,69,69,69,70,70,70,70,70,63,52,56,56,18,61,58,58,56,56,56,56,49,49,49,49,55,52,52,43,65,48,68,44,44,44,66,38,60,49,49,49,32,43,75,75,75,75,75,32,64,64,64,0,0],"gold":43,"neow_bonus":"THREE_RARE_CARDS","is_daily":false,"chose_seed":false,"campfire_upgraded":10,"win_rate":0.0,"timestamp":1610394263,"path_taken":["M","M","M","$","?","R","E","R","T","R","?","M","?","M","R","BOSS","M","$","M","?","?","R","M","R","T","R","?","M","R","E","R","BOSS","M","?","?","?","M","R","E","?","T","E","M","?","R","$","R","BOSS","BOSS","R","$","E"],"items_purchased_type":["Relic","Card","Relic","Potion"],"build_version":"2020-12-22","purchased_purges":2,"victory":false,"max_hp_per_floor":[75,75,75,75,75,75,75,75,75,75,75,75,75,75,75,75,75,75,75,75,75,75,75,75,75,75,75,75,75,75,75,75,75,75,75,75,75,75,75,75,75,75,75,75,75,75,75,75,75,75,75,75,75,75,75,75],"relic_stats":{"Busted Crown":16,"counters":[24,109],"Gambling Chip":[51],"StoneCalendar":[31],"PreservedInsect":333,"Question Card":18,"Boot":[14],"obtain_stats":[{"Oddly Smooth Stone":11,"StoneCalendar":46,"PreservedInsect":19,"Bottled Tornado":26,"Question Card":9,"Boot":31,"Ancient Tea Set":41,"Burning Blood":0,"Anchor":42,"Busted Crown":34,"HornCleat":44,"Gambling Chip":7,"Runic Pyramid":17},{"Oddly Smooth Stone":4,"StoneCalendar":21,"PreservedInsect":8,"Bottled Tornado":10,"Question Card":4,"Boot":13,"Ancient Tea Set":18,"Burning Blood":0,"Anchor":18,"Busted Crown":14,"HornCleat":19,"Gambling Chip":4,"Runic Pyramid":7},{"Oddly Smooth Stone":13,"StoneCalendar":89,"PreservedInsect":33,"Bottled Tornado":42,"Question Card":13,"Boot":53,"Ancient Tea Set":74,"Burning Blood":0,"Anchor":74,"Busted Crown":59,"HornCleat":79,"Gambling Chip":13,"Runic Pyramid":30}],"Burning Blood":132},"card_choices":[{"not_picked":["Limit Break","Berserk"],"picked":"Fiend Fire","floor":0},{"not_picked":["Body Slam","Iron Wave"],"picked":"Hemokinesis","floor":1},{"not_picked":["Dark Embrace","Headbutt"],"picked":"Shrug It Off","floor":2},{"not_picked":["Warcry","Headbutt"],"picked":"Hemokinesis","floor":3},{"not_picked":["Blood for Blood","Reckless Charge"],"picked":"Pommel Strike","floor":7},{"not_picked":["Cleave","Warcry","Heavy Blade"],"picked":"Bloodletting","floor":12},{"not_picked":["Cleave","Juggernaut","Flex"],"picked":"Rupture","floor":14},{"not_picked":["Brutality","Feed","Exhume"],"picked":"Reaper","floor":16},{"not_picked":["Clash","Inflame","Flex","Wild Strike"],"picked":"SKIP","floor":18},{"not_picked":["Rupture","Cleave+1","Twin Strike","Anger"],"picked":"SKIP","floor":20},{"not_picked":["Clothesline","Limit Break","Headbutt"],"picked":"Shrug It Off","floor":24},{"not_picked":["Cleave","Ghostly Armor","Havoc"],"picked":"Shrug It Off","floor":28},{"not_picked":["Body Slam","Flex","Wild Strike"],"picked":"Whirlwind","floor":29},{"not_picked":["Perfected Strike","Clash","Iron Wave","Flex"],"picked":"SKIP","floor":31},{"not_picked":["Limit Break","Immolate","Corruption"],"picked":"Offering","floor":33},{"not_picked":["Anger+1","True Grit+1"],"picked":"SKIP","floor":35},{"not_picked":["Dramatic Entrance"],"picked":"Good Instincts","floor":36},{"not_picked":["Seeing Red","Dual Wield"],"picked":"SKIP","floor":38},{"not_picked":["Evolve","Battle Trance"],"picked":"SKIP","floor":39},{"not_picked":["Disarm","Second Wind+1"],"picked":"SKIP","floor":41},{"not_picked":["Intimidate","Flex"],"picked":"SKIP","floor":44},{"not_picked":["Twin Strike","Entrench"],"picked":"SKIP","floor":45}],"player_experience":1245762,"relics_obtained":[{"floor":7,"key":"Gambling Chip"},{"floor":9,"key":"Question Card"},{"floor":11,"key":"Oddly Smooth Stone"},{"floor":26,"key":"Bottled Tornado"},{"floor":31,"key":"Boot"},{"floor":41,"key":"Ancient Tea Set"},{"floor":44,"key":"HornCleat"},{"floor":46,"key":"StoneCalendar"}],"event_choices":[{"cards_removed":["Strike_R"],"damage_healed":0,"gold_gain":0,"player_choice":"Forget","damage_taken":0,"max_hp_gain":0,"max_hp_loss":0,"event_name":"Living Wall","floor":5,"gold_loss":0},{"damage_healed":0,"gold_gain":75,"player_choice":"Gather Gold","damage_taken":11,"max_hp_gain":0,"max_hp_loss":0,"event_name":"World of Goop","floor":13,"gold_loss":0},{"damage_healed":0,"gold_gain":0,"player_choice":"Copied","damage_taken":0,"max_hp_gain":0,"max_hp_loss":0,"event_name":"Duplicator","floor":21,"gold_loss":0,"cards_obtained":["Bandage Up"]},{"damage_healed":0,"gold_gain":0,"player_choice":"Memory 1","damage_taken":0,"max_hp_gain":0,"max_hp_loss":0,"event_name":"SensoryStone","floor":36,"gold_loss":0},{"cards_removed":["Defend_R"],"damage_healed":0,"gold_gain":0,"player_choice":"Upgrade and Remove","damage_taken":0,"max_hp_gain":0,"max_hp_loss":0,"event_name":"Designer","floor":37,"gold_loss":110,"cards_upgraded":["Hemokinesis"]},{"damage_healed":0,"gold_gain":0,"player_choice":"Fight","damage_taken":0,"max_hp_gain":0,"max_hp_loss":0,"event_name":"MindBloom","floor":46,"gold_loss":0}],"is_beta":false,"boss_relics":[{"not_picked":["Mark of Pain","Black Star"],"picked":"Runic Pyramid"},{"not_picked":["Snecko Eye","Coffee Dripper"],"picked":"Busted Crown"}],"items_purged_floors":[4,42],"is_endless":false,"potions_floor_spawned":[2,3,7,14,28,31,35,41,45],"killed_by":"Shield and Spear","ascension_level":20}}