{"host":"7l2t4psy44vpcd9q","time":1610369872,"event":{"mods":["AchievementEnabler","BaseMod","DeckTracker","Minty Spire (QoL Compilation)","SuperFastMode"],"gold_per_floor":[114,133,145,159,179,179,195,195,195],"floor_reached":8,"playtime":212,"items_purged":[],"score":104,"play_id":"c9a8294c-9b76-487f-8fae-8496d34b5a0e","local_time":"20210111215752","is_ascension_mode":true,"campfire_choices":[{"floor":6,"key":"REST"}],"circlet_count":0,"master_deck":["AscendersBane","Strike_P","Strike_P","Strike_P","Strike_P","Defend_P","Defend_P","Defend_P","Defend_P","Eruption","Vigilance","Adaptation","FlyingSleeves","FearNoEvil","EmptyFist","Pray"],"relics":["Velvet Choker"],"acts_visited":["Exordium"],"potions_floor_usage":[7,7,8],"damage_taken":[{"damage":1,"enemies":"Cultist","floor":1,"turns":4},{"damage":0,"enemies":"2 Louse","floor":2,"turns":2},{"damage":24,"enemies":"Jaw Worm","floor":3,"turns":2},{"damage":14,"enemies":"Red Slaver","floor":4,"turns":5},{"damage":11,"enemies":"3 Louse","floor":5,"turns":3},{"damage":11,"enemies":"Looter","floor":7,"turns":3},{"damage":22,"enemies":"Gremlin Nob","floor":8,"turns":2}],"seed_played":"1096553762469712174","potions_obtained":[{"floor":3,"key":"Weak Potion"},{"floor":4,"key":"SkillPotion"},{"floor":7,"key":"DistilledChaos"}],"is_trial":false,"path_per_floor":["M","M","M","M","M","R","M","E"],"character_chosen":"WATCHER","items_purchased":[],"campfire_rested":1,"item_purchase_floors":[],"current_hp_per_floor":[60,60,36,22,11,31,20,0,0],"gold":195,"neow_bonus":"BOSS_RELIC","is_daily":false,"chose_seed":false,"campfire_upgraded":0,"win_rate":0.0,"timestamp":1610369872,"path_taken":["M","M","M","?","M","R","M","E"],"items_purchased_type":[],"build_version":"2020-12-22","purchased_purges":0,"victory":false,"max_hp_per_floor":[68,68,68,68,68,68,68,68,68],"card_choices":[{"not_picked":["FlurryOfBlows","BattleHymn"],"picked":"Adaptation","floor":1},{"not_picked":["JustLucky","Meditate"],"picked":"FlyingSleeves","floor":2},{"not_picked":["PathToVictory","ThirdEye"],"picked":"FearNoEvil","floor":3},{"not_picked":["PathToVictory","Worship","Crescendo"],"picked":"SKIP","floor":4},{"not_picked":["Evaluate","PathToVictory"],"picked":"EmptyFist","floor":5},{"not_picked":["Crescendo","EmptyBody"],"picked":"Pray","floor":7}],"player_experience":1189305,"relics_obtained":[],"event_choices":[],"is_beta":false,"boss_relics":[],"items_purged_floors":[],"is_endless":false,"potions_floor_spawned":[3,4,7],"killed_by":"Gremlin Nob","ascension_level":20}}