{"host":"df48i9djcn92c5sx","time":1610343611,"event":{"mods":["BaseMod","Downfall","Marisa£®ÏF”Í°°ƒß¿Ì…≥£©","Minty Spire (QoL Compilation)","READ ME - Guardian Mod","READ ME - Snecko Mod","Reimu£®≤©¿ˆ¡È√Œ£©","Remilia£®¿Ÿ√◊¿Ú—«£©","Replay The Spire","Shop Mod","StSLib","The Jungle","The Servant 0.9.4"],"gold_per_floor":[99,99,99,99,99,119,119,119,133,133,63,63,79,98,113,216,216,216,226,226,245,245,245,245,245,276,296,312,325,175,175,190,292,292,292,325,325,358,371,371,371,400,67,67,81,6,19,4,17,17],"floor_reached":51,"playtime":2422,"items_purged":[],"score":1309,"play_id":"b11c823f-7758-4117-b13d-cc438742b41f","local_time":"20210111134011","is_ascension_mode":true,"campfire_choices":[{"data":"MasterSpark","floor":1.0,"key":"SMITH"},{"data":"EarthLightRay","floor":8.0,"key":"SMITH"},{"data":"FairyDestructionRay","floor":10.0,"key":"SMITH"},{"data":"JA","floor":12.0,"key":"SMITH"},{"data":"BinaryStars","floor":18.0,"key":"SMITH"},{"floor":23.0,"key":"REST"},{"data":"OneTimeOff","floor":25.0,"key":"SMITH"},{"floor":30.0,"key":"REST"},{"floor":35.0,"key":"RECALL"},{"data":"ManaConvection","floor":44.0,"key":"SMITH"},{"floor":46.0,"key":"REST"}],"circlet_count":0,"master_deck":["AscendersBane","Strike_MRS","Strike_MRS","Defend_MRS","Defend_MRS","Defend_MRS","Defend_MRS","MasterSpark+1","UpSweep","UnstableBomb+1","FairyDestructionRay+1","EarthLightRay+1","JA+1","OrrerysSun+1","SprinkleStarSeal+1","OneTimeOff+1","ManaRampage+1","CurseOfTheBell","BinaryStars+1","ShootTheMoon","AsteroidBelt+1","sneckomod:Bewildered","BigCrunch","BlazingStar","SuperPerseids+1","IllusionStar+1","BlazeAway","Regret","Writhe","ManaConvection+1","Parasite","GrandCross+1","PowerUp+1","EnergyFlow+1"],"relics":["MiniHakkero","downfall:HeartsMalice","Replay:Grab Bag","Cursed Key","Philosopher\u0027s Stone","Calling Bell","Omamori","Quantum Egg","Replay:PocketPolymizer","theJungle:SneckoAutograph","AmplifyWand","sneckomod:BlankCard","downfall:HeartBlessingGreen","downfall:HeartBlessingBlue","Orichalcum","RedLine:ReiMu","ReplayFunnel","Turnip","Blue Doll","downfall:HeartBlessingRed"],"acts_visited":["Exordium","Exordium","TheBeyond"],"potions_floor_usage":[50],"damage_taken":[{"damage":0.0,"enemies":"Jaw Worm","floor":2.0,"turns":1.0},{"damage":0.0,"enemies":"Cultist","floor":3.0,"turns":1.0},{"damage":0.0,"enemies":"2 Louse","floor":5.0,"turns":1.0},{"damage":15.0,"enemies":"Exordium Thugs","floor":6.0,"turns":3.0},{"damage":1.0,"enemies":"Exordium Wildlife","floor":9.0,"turns":3.0},{"damage":5.0,"enemies":"downfall:FleeingMerchant","floor":11.0,"turns":4.0},{"damage":0.0,"enemies":"Red Slaver","floor":13.0,"turns":1.0},{"damage":9.0,"enemies":"Exordium Thugs","floor":14.0,"turns":3.0},{"damage":0.0,"enemies":"2 Fungi Beasts","floor":15.0,"turns":2.0},{"damage":50.0,"enemies":"downfall:Ironclad","floor":16.0,"turns":7.0},{"damage":12.0,"enemies":"theJungle:5_Spyders","floor":19.0,"turns":6.0},{"damage":25.0,"enemies":"theJungle:MUSHROOMGANG","floor":21.0,"turns":2.0},{"damage":22.0,"enemies":"theJungle:MamaSnecko","floor":26.0,"turns":6.0},{"damage":8.0,"enemies":"theJungle:2_Snecko_Cultists","floor":27.0,"turns":3.0},{"damage":31.0,"enemies":"theJungle:2_Flameangoes","floor":28.0,"turns":4.0},{"damage":0.0,"enemies":"theJungle:Snecko_Cultist_And_Trap","floor":29.0,"turns":2.0},{"damage":1.0,"enemies":"Snake Plant","floor":32.0,"turns":4.0},{"damage":1.0,"enemies":"downfall:Watcher","floor":33.0,"turns":9.0},{"damage":0.0,"enemies":"Orb Walker","floor":36.0,"turns":3.0},{"damage":14.0,"enemies":"3 Darklings","floor":38.0,"turns":5.0},{"damage":28.0,"enemies":"Transient","floor":39.0,"turns":5.0},{"damage":0.0,"enemies":"Nemesis","floor":42.0,"turns":8.0},{"damage":57.0,"enemies":"Writhing Mass","floor":45.0,"turns":5.0},{"damage":25.0,"enemies":"Spire Growth","floor":47.0,"turns":4.0},{"damage":0.0,"enemies":"downfall:FleeingMerchant","floor":48.0,"turns":4.0},{"damage":27,"enemies":"4 Shapes","floor":49,"turns":6},{"damage":18,"enemies":"downfall:Defect","floor":50,"turns":6}],"seed_played":"2727301084825619544","potions_obtained":[{"floor":6.0,"key":"Energy Potion"},{"floor":9.0,"key":"Energy Potion"},{"floor":13.0,"key":"Adrenaline Potion"},{"floor":16.0,"key":"ZuzhouPotion:ReiMu"},{"floor":19.0,"key":"Adrenaline Potion"},{"floor":21.0,"key":"Elixir"},{"floor":29.0,"key":"DistilledChaos"},{"floor":36.0,"key":"LifebloodPotion"},{"floor":45.0,"key":"ZuzhouPotion:ReiMu"},{"floor":47.0,"key":"ColorlessPotion"}],"is_trial":false,"path_per_floor":["R","M","M","?","M","M","T","R","M","R","$","R","M","M","M","B",null,"R","M","?","M","?","R","T","R","E","M","M","M","R","T","M","B",null,"R","M","?","M","M","T","T","E","?","R","M","R","M","$","M","B",null],"character_chosen":"MARISA","items_purchased":["OrrerysSun+1"],"campfire_rested":3,"item_purchase_floors":[11],"current_hp_per_floor":[68,68,68,68,68,53,53,53,58,58,59,59,65,62,62,18,61,61,55,55,30,30,52,52,52,36,28,9,9,44,44,49,54,77,77,83,83,71,49,49,49,55,96,96,45,73,54,54,33,21],"gold":17,"neow_bonus":"THREE_ENEMY_KILL","is_daily":false,"chose_seed":false,"campfire_upgraded":7,"win_rate":0.0,"timestamp":1610343611,"path_taken":["R","M","M","?","M","?","T","R","?","R","$","R","M","M","M","BOSS","R","M","?","M","?","R","T","R","E","M","?","M","R","?","M","BOSS","R","M","?","M","?","?","T","E","?","R","M","R","M","$","M","BOSS"],"items_purchased_type":["Card"],"build_version":"2020-12-22","purchased_purges":0,"victory":true,"max_hp_per_floor":[75,75,75,75,75,75,75,75,75,75,75,75,75,75,75,75,75,75,75,75,75,75,75,75,75,75,75,75,75,85,85,85,85,85,85,85,85,85,85,85,85,85,96,96,96,96,96,96,96,96],"card_choices":[{"not_picked":["ShootingEcho","DC"],"picked":"UnstableBomb","floor":2.0},{"not_picked":["Occultation","RefractionSpark"],"picked":"FairyDestructionRay","floor":3.0},{"not_picked":["GravityBeat","Singularity","NonDirectionalLaser"],"picked":"SKIP","floor":5.0},{"not_picked":["Robbery","DeepEcoloBomb"],"picked":"EarthLightRay","floor":6.0},{"not_picked":["Acceleration","GalacticHalo","WitchLeyline"],"picked":"SKIP","floor":9.0},{"not_picked":["FairyDestructionRay","WitchLeyline"],"picked":"JA","floor":11.0},{"not_picked":["GalacticHalo","DarkSpark"],"picked":"SprinkleStarSeal","floor":13.0},{"not_picked":["LuminesStrike","DC"],"picked":"OneTimeOff","floor":14.0},{"not_picked":["WitchOfGreed","ManaConvection","NonDirectionalLaser"],"picked":"SKIP","floor":15.0},{"not_picked":["FinalSpark","BlazingStar"],"picked":"ManaRampage","floor":16.0},{"not_picked":["PropBag","DC+1","Acceleration"],"picked":"SKIP","floor":19.0},{"not_picked":["DragonMeteor+1","WitchOfGreed","ChargeUpSpray+1"],"picked":"SKIP","floor":21.0},{"not_picked":["ManaConvection","ShootingEcho"],"picked":"ShootTheMoon","floor":26.0},{"not_picked":["GalacticHalo","Acceleration","WitchOfGreed"],"picked":"SKIP","floor":27.0},{"not_picked":["GravityBeat","DeepEcoloBomb"],"picked":"AsteroidBelt+1","floor":28.0},{"not_picked":["GasGiant","Acceleration","AsteroidBelt"],"picked":"SKIP","floor":29.0},{"not_picked":["SporeBomb","WitchOfGreed"],"picked":"BigCrunch","floor":32.0},{"not_picked":["JA","ManaRampage"],"picked":"BlazingStar","floor":33.0},{"not_picked":["UnstableBomb+1","ChargingUp"],"picked":"SuperPerseids+1","floor":36.0},{"not_picked":["IllusionStar+1","DC","ShootTheMoon"],"picked":"SKIP","floor":38.0},{"not_picked":["DC","ShootTheMoon"],"picked":"IllusionStar+1","floor":38.0},{"not_picked":["SprinkleStarSeal","MagicChant+1"],"picked":"BlazeAway","floor":39.0},{"not_picked":["MachineGunSpark","DC+1","AsteroidBelt"],"picked":"SKIP","floor":42.0},{"not_picked":["NonDirectionalLaser","ManaConvection"],"picked":"GrandCross+1","floor":45.0},{"not_picked":["WitchLeyline+1","MilkyWay"],"picked":"PowerUp+1","floor":47.0},{"not_picked":["AbsoluteMagnitude","UnstableBomb"],"picked":"EnergyFlow+1","floor":48},{"not_picked":["Robbery+1","EnergyFlow+1","Singularity+1"],"picked":"SKIP","floor":49}],"player_experience":1416456,"relics_obtained":[{"floor":17.0,"key":"Omamori"},{"floor":17.0,"key":"Quantum Egg"},{"floor":17.0,"key":"Replay:PocketPolymizer"},{"floor":24.0,"key":"AmplifyWand"},{"floor":26.0,"key":"sneckomod:BlankCard"},{"floor":31.0,"key":"Orichalcum"},{"floor":40.0,"key":"ReplayFunnel"},{"floor":41.0,"key":"Turnip"},{"floor":42.0,"key":"Blue Doll"}],"event_choices":[{"damage_healed":0.0,"max_hp_gain":0.0,"max_hp_loss":0.0,"gold_gain":0.0,"event_name":"Upgrade Shrine","player_choice":"Upgraded","floor":4.0,"gold_loss":0.0,"damage_taken":0.0,"cards_upgraded":["UnstableBomb"]},{"damage_healed":0.0,"max_hp_gain":0.0,"max_hp_loss":0.0,"gold_gain":0.0,"event_name":"Upgrade Shrine","player_choice":"Upgraded","floor":22.0,"gold_loss":0.0,"damage_taken":0.0,"cards_upgraded":["ManaRampage"]},{"damage_healed":0.0,"max_hp_gain":0.0,"max_hp_loss":0.0,"gold_gain":0.0,"event_name":"Accursed Blacksmith","player_choice":"Forge","floor":37.0,"gold_loss":0.0,"damage_taken":0.0,"cards_upgraded":["SprinkleStarSeal"]}],"is_beta":false,"boss_relics":[{"not_picked":["Runic Pyramid","Abe\u0027s Treasure"],"picked":"Replay:Grab Bag"},{"not_picked":["ChewingGum","SlaversCollar"],"picked":"Cursed Key"},{"not_picked":["Runic Dome","Velvet Choker"],"picked":"Philosopher\u0027s Stone"},{"not_picked":["expansioncontent:StudyCardRelic","Pandora\u0027s Box"],"picked":"Calling Bell"},{"not_picked":["Replay:Wanted Poster","Painkiller Herb"],"picked":"RedLine:ReiMu"}],"items_purged_floors":[],"is_endless":false,"potions_floor_spawned":[6,9,13,16,19,21,29,36,45,47],"ascension_level":10}}