{"host":"2i0myh7fqij2ti1z","time":1610379313,"event":{"mods":["Aspiration","BaseMod","Better Third Choice","Colored Powertips","FoggyMod","GifTheSpireLib","Highlight Path","Minty Spire (QoL Compilation)","Permanent Neow","Quick Restart","Random Character Button","Random Character Mod","Relic Sorter","Replay The Spire","Shop Mod","Spicy Shops","StSLib","Stuff the Spire","Transform Curses","Wandering Minibosses","vexMod","óô»ðÖ¸ÄÏ"],"gold_per_floor":[118,70,70,70,10904,10934,10457,10192,10192,10028,9886,9749,9677,9712,9508,9609,9609,9621,9471,9570,9770,9813,9813,9592,9534,9534,9376,9376,9227,9089,9029,9029],"floor_reached":31,"playtime":1808,"items_purged":["Parasite","Mind Blast","Dark Shackles","Parasite","Evolve","Pain","Writhe","Clumsy","StuffTheSpire:Harmony"],"score":392,"play_id":"451e290e-b3da-4dc4-8860-7c133d65ce40","local_time":"20210111233513","daily_mods":["SealedDeck","Colorless Cards","Heirloom","Flight"],"is_ascension_mode":true,"campfire_choices":[],"circlet_count":0,"master_deck":["Dark Shackles","StuffTheSpire:Incineration","Power Through+1","Burning Pact","Clash","Wild Strike","StuffTheSpire:Incineration","Shockwave","StuffTheSpire:Ambrosia+1","Panacea","Ghostly Armor+1","StuffTheSpire:Rapture","Evolve+1","ReplayUltimateDefense","StuffTheSpire:Rapture","StuffTheSpire:Perfection"],"relics":["Burning Blood","Ring of Chaos","CaptainsWheel","StuffTheSpire:DarkSteelAnvil","betterThird:SlimedRelic","Juzu Bracelet","ReplayTheSpireMod:Shallot","StuffTheSpire:Saxophone","Dream Catcher","StuffTheSpire:PointBlank","Membership Card","Chemical X","Potion Belt","Orichalcum","ClockworkSouvenir","Chameleon Ring","Gremlin Horn","Question Card","aspiration:SeaSaltIceCream","Black Star","vexMod:RedPlottingStone","vexMod:Spyglass","Replay:WaspNest","Gremlin Food","StuffTheSpire:ModemDavis","ReplayFunnel","Frozen Eye","StuffTheSpire:BottledHeartBeat","The Courier","WarpedTongs","WarpedTongs","WarpedTongs","WarpedTongs","WarpedTongs","Prayer Wheel","Medical Kit","vexMod:ScavengeHelm","MerchantsRug","aspiration:Nostalgia","Replay:M_StaffOfTheSnake","StuffTheSpire:DarkSteelAnvil","The Courier"],"acts_visited":["Exordium","TheCity"],"potions_floor_usage":[31,31],"damage_taken":[{"damage":0.0,"enemies":"Small Slimes","floor":1.0,"turns":3.0},{"damage":6,"enemies":"Gremlin Nob","floor":6,"turns":6},{"damage":0,"enemies":"Lagavulin","floor":14,"turns":6},{"damage":33,"enemies":"The Guardian","floor":16,"turns":12},{"damage":7,"enemies":"3 Byrds","floor":18,"turns":9},{"damage":0,"enemies":"2 Thieves","floor":31,"turns":4}],"seed_played":"7821427952413584039","potions_obtained":[{"floor":6,"key":"Dexterity Potion"},{"floor":14,"key":"SpeedPotion"},{"floor":18,"key":"Adrenaline Potion"}],"is_trial":true,"path_per_floor":["M","M","?","?","$","E","R","R","T","$","?","R","$","E","R","B",null,"M","$","?","?","?","R","R","$","T","R","R","$","$","M"],"character_chosen":"IRONCLAD","items_purchased":["StuffTheSpire:Saxophone","Dream Catcher","Membership Card","Chemical X","Potion Belt","Orichalcum","Panacea","ClockworkSouvenir","Chameleon Ring","Question Card","Ghostly Armor+1","vexMod:RedPlottingStone","vexMod:Spyglass","Evolve","ReplayFunnel","Frozen Eye","Prayer Wheel","Medical Kit","StuffTheSpire:HistoryBook","MerchantsRug","aspiration:Nostalgia"],"campfire_rested":0,"item_purchase_floors":[5,5,7,7,7,7,7,8,8,10,10,12,13,15,19,19,24,25,27,27,29],"current_hp_per_floor":[80,69,39,39,39,40,40,40,40,40,40,40,40,47,47,21,77,77,77,77,77,58,58,58,58,58,58,58,58,58,63,63],"gold":9029,"neow_bonus":"","is_daily":false,"chose_seed":false,"campfire_upgraded":0,"win_rate":0.0,"timestamp":1610379313,"path_taken":["M","?","?","?","$","E","R","R","T","$","?","R","$","E","R","BOSS","M","$","?","?","?","R","R","?","T","R","R","$","$","?"],"items_purchased_type":["Relic","Relic","Relic","Relic","Relic","Relic","Card","Relic","Relic","Relic","Card","Relic","Relic","Card","Relic","Relic","Relic","Relic","Relic","Relic","Relic"],"build_version":"2020-12-22","purchased_purges":9,"victory":false,"max_hp_per_floor":[80,80,80,80,77,78,78,78,78,78,78,75,75,76,76,77,77,78,78,78,78,78,78,78,78,78,78,78,78,78,83,83],"card_choices":[{"not_picked":["Havoc","Thunderclap"],"picked":"Shockwave","floor":1.0},{"not_picked":["Heavy Blade","Discovery","Cleave"],"picked":"SKIP","floor":6},{"not_picked":["Enlightenment","Sever Soul","Body Slam","Rupture"],"picked":"SKIP","floor":14},{"not_picked":["HandOfGreed","Offering","Reaper"],"picked":"ReplayUltimateDefense","floor":16},{"not_picked":["StuffTheSpire:RockThrow+1","Sword Boomerang","Trip","Flash of Steel"],"picked":"SKIP","floor":18}],"player_experience":243961,"relics_obtained":[{"floor":6,"key":"StuffTheSpire:PointBlank"},{"floor":9,"key":"Gremlin Horn"},{"floor":14,"key":"Replay:WaspNest"},{"floor":14,"key":"Gremlin Food"},{"floor":22,"key":"StuffTheSpire:BottledHeartBeat"},{"floor":26,"key":"vexMod:ScavengeHelm"}],"event_choices":[{"damage_healed":0,"gold_gain":0,"player_choice":"Slimed","damage_taken":11,"max_hp_gain":0,"max_hp_loss":0,"event_name":"betterThird:BetterGoop","floor":2,"gold_loss":48},{"damage_healed":0,"gold_gain":1,"player_choice":"Relic Relic ","damage_taken":30,"max_hp_gain":0,"max_hp_loss":0,"event_name":"betterThird:BetterScrap","floor":3,"gold_loss":0,"cards_obtained":["Replay:Bag of Tricks"]},{"damage_healed":0,"gold_gain":0,"cards_transformed":["Thunderclap"],"player_choice":"Transformed","damage_taken":0,"max_hp_gain":0,"max_hp_loss":0,"event_name":"Transmorgrifier","floor":4,"gold_loss":0,"cards_obtained":["Mind Blast"]},{"damage_healed":0,"gold_gain":0,"player_choice":"Paid Gold","damage_taken":0,"relics_obtained":["aspiration:SeaSaltIceCream"],"max_hp_gain":0,"max_hp_loss":0,"event_name":"WeMeetAgain","floor":11,"gold_loss":142},{"damage_healed":0,"gold_gain":99,"player_choice":"Steal","damage_taken":0,"max_hp_gain":0,"max_hp_loss":0,"event_name":"betterThird:BetterNest","floor":20,"gold_loss":0},{"damage_healed":0,"gold_gain":200,"player_choice":"Gold","damage_taken":0,"max_hp_gain":0,"max_hp_loss":0,"event_name":"Wheel of Change","floor":21,"gold_loss":0},{"damage_healed":0,"gold_gain":0,"player_choice":"Rummage","damage_taken":0,"relics_obtained":["WarpedTongs"],"max_hp_gain":0,"max_hp_loss":0,"event_name":"Accursed Blacksmith","floor":23,"gold_loss":0,"cards_obtained":["Pain"]}],"is_beta":false,"boss_relics":[{"not_picked":["Empty Cage","Astrolabe"],"picked":"StuffTheSpire:ModemDavis"}],"items_purged_floors":[5,7,8,12,15,24,27,29,30],"is_endless":false,"potions_floor_spawned":[6,14,18],"killed_by":"2 Thieves","ascension_level":1}}