{"host":"fmtvje4mks8zli8e","time":1610330753,"event":{"mods":["AchievementEnabler","AlwaysNeverKeys","BaseMod","BetterRewards","Minty Spire (QoL Compilation)","READ ME - Guardian Mod","Remove Card Discount Mod","StSLib","The Cursed","The Druid","The Servant 0.9.4","The Wild Card"],"gold_per_floor":[119,119,119,129,129,129,161,161,216,232,232,232,266,40,40,137,137,154,169,180,180,180,207,207,236,261,290,290,308,324,336,336,437,437,455,455,473,501,515,545,582,616,616,645,663,672,706,719,719,719,719,719,278,318,318],"floor_reached":56,"playtime":4625,"items_purged":["Anger"],"score":1821,"play_id":"22200714-b871-4e8b-a618-36e7f0bb73e6","local_time":"20210110200553","is_ascension_mode":true,"campfire_choices":[{"data":"Armaments","floor":6.0,"key":"SMITH"},{"data":"Metallicize","floor":8.0,"key":"SMITH"},{"data":"True Grit","floor":12.0,"key":"SMITH"},{"data":"Iron Wave","floor":15.0,"key":"SMITH"},{"data":"Dual Wield","floor":24.0,"key":"SMITH"},{"data":"Barricade","floor":32.0,"key":"SMITH"},{"floor":49.0,"key":"REST"},{"floor":52,"key":"REST"}],"circlet_count":0,"master_deck":["Strike_R","Strike_R","Strike_R","Defend_R","Defend_R+1","Defend_R","Defend_R+1","Bash","Iron Wave+1","Metallicize+1","Armaments+1","Cleave","Twin Strike","True Grit+1","Immolate","Barricade+1","Dual Wield+1","Body Slam","Burning Pact","Intimidate","Offering","Impervious","Madness","Madness","Anger+1","Parasite","Ghostly Armor","Reaper","Madness","Dark Embrace","Dramatic Entrance","Secret Technique","Inflame+1"],"relics":["Burning Blood","Meat on the Bone","Art of War","StrikeDummy","Happy Flower","Sundial","Anchor","Boot","MealTicket","Membership Card","Bronze Scales","Runic Pyramid","Letter Opener","Vajra","Strawberry","Blood Vial","Ancient Tea Set","Fusion Hammer","CeramicFish","Toy Ornithopter","Smiling Mask","Oddly Smooth Stone","PreservedInsect","Lantern","ClockworkSouvenir","Incense Burner","Centennial Puzzle","Bottled Tornado"],"acts_visited":["Exordium","TheCity","TheBeyond","TheEnding"],"potions_floor_usage":[55,55,55,55,55],"damage_taken":[{"damage":4.0,"enemies":"2 Louse","floor":1.0,"turns":3.0},{"damage":2.0,"enemies":"Jaw Worm","floor":4.0,"turns":4.0},{"damage":8.0,"enemies":"Gremlin Nob","floor":7.0,"turns":4.0},{"damage":0.0,"enemies":"Small Slimes","floor":10.0,"turns":2.0},{"damage":2.0,"enemies":"Lagavulin","floor":13.0,"turns":6.0},{"damage":24.0,"enemies":"The Guardian","floor":16.0,"turns":11.0},{"damage":0.0,"enemies":"Chosen","floor":18.0,"turns":4.0},{"damage":0.0,"enemies":"Shell Parasite","floor":19.0,"turns":5.0},{"damage":18.0,"enemies":"Snake Plant","floor":20.0,"turns":6.0},{"damage":15.0,"enemies":"Slavers","floor":23.0,"turns":6.0},{"damage":30.0,"enemies":"Book of Stabbing","floor":25.0,"turns":6.0},{"damage":0.0,"enemies":"Gremlin Leader","floor":27.0,"turns":8.0},{"damage":21.0,"enemies":"Centurion and Healer","floor":29.0,"turns":8.0},{"damage":21.0,"enemies":"Shelled Parasite and Fungi","floor":30.0,"turns":4.0},{"damage":12.0,"enemies":"Snake Plant","floor":31.0,"turns":5.0},{"damage":22.0,"enemies":"Champ","floor":33.0,"turns":11.0},{"damage":0.0,"enemies":"3 Darklings","floor":35.0,"turns":4.0},{"damage":6.0,"enemies":"3 Shapes","floor":38.0,"turns":4.0},{"damage":6.0,"enemies":"Sphere and 2 Shapes","floor":39.0,"turns":5.0},{"damage":6.0,"enemies":"Giant Head","floor":40.0,"turns":6.0},{"damage":20.0,"enemies":"Writhing Mass","floor":41.0,"turns":6.0},{"damage":19.0,"enemies":"Reptomancer","floor":42.0,"turns":6.0},{"damage":6.0,"enemies":"Nemesis","floor":44.0,"turns":7.0},{"damage":6.0,"enemies":"Maw","floor":45.0,"turns":9.0},{"damage":19.0,"enemies":"Reptomancer","floor":47.0,"turns":6.0},{"damage":11.0,"enemies":"4 Shapes","floor":48.0,"turns":4.0},{"damage":73,"enemies":"Donu and Deca","floor":50,"turns":15},{"damage":29,"enemies":"Shield and Spear","floor":54,"turns":6},{"damage":53,"enemies":"The Heart","floor":55,"turns":12}],"seed_played":"28117677296657241","potions_obtained":[{"floor":4.0,"key":"Weak Potion"},{"floor":7.0,"key":"PowerPotion"},{"floor":16.0,"key":"Explosive Potion"},{"floor":19.0,"key":"Ancient Potion"},{"floor":20.0,"key":"Weak Potion"},{"floor":27.0,"key":"SteroidPotion"},{"floor":38.0,"key":"Fruit Juice"},{"floor":41.0,"key":"Dexterity Potion"},{"floor":44.0,"key":"EntropicBrew"}],"is_trial":false,"path_per_floor":["M","?","?","M","?","R","E","R","T","M","?","R","E","$","R","B",null,"M","M","M","?","?","E","R","E","T","E","?","M","M","M","R","B",null,"M","T","?","M","M","E","M","E","T","E","M","?","E","M","R","B",null,"R","$","E","B",null],"character_chosen":"IRONCLAD","items_purchased":["Meat on the Bone","Art of War","StrikeDummy","Iron Wave","Happy Flower","Metallicize","Armaments","Membership Card","Bronze Scales","ClockworkSouvenir","Incense Burner","Centennial Puzzle","Dark Embrace","Dramatic Entrance","Secret Technique"],"campfire_rested":2,"item_purchase_floors":[0,0,0,0,0,0,0,14,14,53,53,53,53,53,53],"current_hp_per_floor":[51,44,44,48,48,48,58,58,58,64,48,48,52,67,67,49,80,80,80,68,53,53,56,56,51,51,59,59,58,57,53,53,51,92,92,92,80,87,89,91,79,68,68,76,84,84,88,85,97,52,97,97,97,83,61],"gold":318,"neow_bonus":"","is_daily":false,"chose_seed":false,"campfire_upgraded":6,"win_rate":0.0,"timestamp":1610330753,"path_taken":["M","?","?","M","?","R","E","R","T","M","?","R","E","$","R","BOSS","M","M","M","?","?","E","R","E","T","E","?","?","M","M","R","BOSS","M","?","?","?","M","E","M","E","T","E","M","?","E","M","R","BOSS","R","$","E","BOSS"],"items_purchased_type":["Relic","Relic","Relic","Card","Relic","Card","Card","Relic","Relic","Relic","Relic","Relic","Card","Card","Card"],"build_version":"2020-12-22","purchased_purges":1,"victory":true,"max_hp_per_floor":[80,80,80,80,80,80,80,80,80,80,80,80,80,80,80,80,80,80,80,80,85,85,85,85,92,92,92,92,92,92,92,92,92,92,92,92,92,97,97,97,97,97,97,97,97,97,97,97,97,97,97,97,97,97,97],"card_choices":[{"not_picked":["Body Slam","Armaments"],"picked":"Cleave","floor":1.0},{"not_picked":["Sword Boomerang","Infernal Blade"],"picked":"Twin Strike","floor":4.0},{"not_picked":["Heavy Blade","Immolate"],"picked":"Anger","floor":7.0},{"not_picked":["Havoc","Wild Strike"],"picked":"True Grit","floor":10.0},{"not_picked":["Havoc","Cleave"],"picked":"Immolate","floor":13.0},{"not_picked":["Brutality","Berserk"],"picked":"Barricade","floor":16.0},{"not_picked":["Heavy Blade","Infernal Blade","Perfected Strike"],"picked":"SKIP","floor":18.0},{"not_picked":["Feel No Pain","Uppercut"],"picked":"Dual Wield","floor":19.0},{"not_picked":["Hemokinesis","True Grit","Pummel+1"],"picked":"SKIP","floor":20.0},{"not_picked":["Perfected Strike","Entrench"],"picked":"Body Slam","floor":23.0},{"not_picked":["Evolve","Flex"],"picked":"Burning Pact","floor":25.0},{"not_picked":["Heavy Blade","Headbutt","Searing Blow"],"picked":"SKIP","floor":27.0},{"not_picked":["Sever Soul+1","Sword Boomerang","Spot Weakness+1"],"picked":"SKIP","floor":29.0},{"not_picked":["Armaments","Power Through"],"picked":"Intimidate","floor":30.0},{"not_picked":["Anger+1","Twin Strike"],"picked":"Offering","floor":31.0},{"not_picked":["Feed","Limit Break"],"picked":"Impervious","floor":33.0},{"not_picked":["Power Through+1","Perfected Strike+1","Flex+1"],"picked":"SKIP","floor":35.0},{"not_picked":["Uppercut+1","Pommel Strike"],"picked":"Anger+1","floor":38.0},{"not_picked":["Rupture+1","Perfected Strike+1","Heavy Blade+1"],"picked":"SKIP","floor":39.0},{"not_picked":["Spot Weakness+1","Whirlwind","Dual Wield"],"picked":"SKIP","floor":40.0},{"not_picked":["Fire Breathing+1","Heavy Blade"],"picked":"Ghostly Armor","floor":41.0},{"not_picked":["Havoc+1","Intimidate"],"picked":"Reaper","floor":42.0},{"not_picked":["Intimidate","Flex+1","Reckless Charge"],"picked":"SKIP","floor":44.0},{"not_picked":["True Grit+1","Heavy Blade","Thunderclap+1"],"picked":"SKIP","floor":45.0},{"not_picked":["Sadistic Nature","Secret Weapon"],"picked":"Madness","floor":46.0},{"not_picked":["Clothesline","Pommel Strike","Shrug It Off"],"picked":"SKIP","floor":47.0},{"not_picked":["Wild Strike","Headbutt","Burning Pact+1"],"picked":"SKIP","floor":48.0},{"not_picked":["Clothesline+1","Combust+1"],"picked":"Inflame+1","floor":54}],"player_experience":3049852,"relics_obtained":[{"floor":7.0,"key":"Anchor"},{"floor":9.0,"key":"Boot"},{"floor":13.0,"key":"MealTicket"},{"floor":23.0,"key":"Vajra"},{"floor":25.0,"key":"Strawberry"},{"floor":26.0,"key":"Blood Vial"},{"floor":27.0,"key":"Ancient Tea Set"},{"floor":36.0,"key":"CeramicFish"},{"floor":40.0,"key":"Toy Ornithopter"},{"floor":42.0,"key":"Smiling Mask"},{"floor":43.0,"key":"Oddly Smooth Stone"},{"floor":44.0,"key":"PreservedInsect"},{"floor":47.0,"key":"Lantern"},{"floor":54,"key":"Bottled Tornado"}],"event_choices":[{"damage_healed":0.0,"max_hp_gain":0.0,"max_hp_loss":0.0,"gold_gain":0.0,"event_name":"Scrap Ooze","player_choice":"Success","floor":2.0,"gold_loss":0.0,"damage_taken":7.0,"relics_obtained":["Sundial"]},{"damage_healed":0.0,"max_hp_gain":0.0,"max_hp_loss":0.0,"gold_gain":0.0,"event_name":"The Cleric","player_choice":"Leave","floor":3.0,"gold_loss":0.0,"damage_taken":0.0},{"damage_healed":0.0,"max_hp_gain":0.0,"max_hp_loss":0.0,"gold_gain":0.0,"event_name":"Golden Wing","player_choice":"Ignored","floor":5.0,"gold_loss":0.0,"damage_taken":0.0},{"damage_healed":0.0,"max_hp_gain":0.0,"max_hp_loss":0.0,"gold_gain":0.0,"event_name":"Shining Light","player_choice":"Entered Light","floor":11.0,"gold_loss":0.0,"damage_taken":16.0,"cards_upgraded":["Defend_R","Defend_R"]},{"damage_healed":0.0,"max_hp_gain":5.0,"max_hp_loss":0.0,"gold_gain":0.0,"event_name":"Forgotten Altar","player_choice":"Shed Blood","floor":21.0,"gold_loss":0.0,"damage_taken":20.0},{"damage_healed":0.0,"max_hp_gain":0.0,"max_hp_loss":0.0,"gold_gain":0.0,"event_name":"The Mausoleum","player_choice":"Opened","floor":22.0,"gold_loss":0.0,"damage_taken":0.0,"relics_obtained":["Letter Opener"]},{"cards_removed":["Strike_R"],"damage_healed":0.0,"max_hp_gain":0.0,"max_hp_loss":0.0,"gold_gain":0.0,"event_name":"Purifier","player_choice":"Purged","floor":28.0,"gold_loss":0.0,"damage_taken":0.0},{"damage_healed":0.0,"max_hp_gain":0.0,"max_hp_loss":0.0,"gold_gain":0.0,"event_name":"Winding Halls","player_choice":"Embrace Madness","floor":37.0,"gold_loss":0.0,"damage_taken":12.0,"cards_obtained":["Madness","Madness"]},{"damage_healed":0.0,"max_hp_gain":0.0,"max_hp_loss":0.0,"gold_gain":0.0,"event_name":"SensoryStone","player_choice":"Memory 1","floor":46.0,"gold_loss":0.0,"damage_taken":0.0}],"is_beta":false,"boss_relics":[{"not_picked":["SlaversCollar","Pandora\u0027s Box"],"picked":"Runic Pyramid"},{"not_picked":["Astrolabe","Calling Bell"],"picked":"Fusion Hammer"}],"items_purged_floors":[53],"is_endless":false,"potions_floor_spawned":[4,7,16,19,20,27,29,38,41,42,44,45],"ascension_level":2}}