{"host":"7cp3z5w0tcrrm8ys","time":1610368615,"event":{"mods":["AchievementEnabler","BaseMod","Colored Map","Colored Powertips","DeckTracker","Minty Spire (QoL Compilation)","StSLib","SuperFastMode"],"gold_per_floor":[362,362,28,28,52,96,112,112,161,173,185,197,209,241,253,358,370,403,415,427,364,32,32,65,65,89,139,160,179,8,29,29,29,29],"floor_reached":33,"playtime":1096,"items_purged":["Strike_R"],"score":522,"play_id":"390573b8-7f24-417a-9285-f1d259b440b5","local_time":"20210111213655","is_ascension_mode":true,"campfire_choices":[{"data":"Evolve","floor":8.0,"key":"SMITH"},{"data":"Bash","floor":11.0,"key":"SMITH"},{"data":"Feel No Pain","floor":15.0,"key":"SMITH"},{"floor":23.0,"key":"REST"},{"data":"Fiend Fire","floor":25.0,"key":"SMITH"},{"floor":32.0,"key":"REST"}],"circlet_count":0,"master_deck":["AscendersBane","Strike_R","Strike_R","Defend_R","Defend_R","Defend_R","Defend_R","Bash+1","Twin Strike","Evolve+1","Second Wind","Bludgeon+1","Feel No Pain+1","Shrug It Off","Fiend Fire+1","Sentinel","Impervious","Dark Embrace","Blood for Blood","Wild Strike"],"relics":["Black Blood","Golden Idol","Vajra","MawBank","ClockworkSouvenir","Bird Faced Urn","MealTicket"],"acts_visited":["Exordium","TheCity"],"potions_floor_usage":[33],"damage_taken":[{"damage":3.0,"enemies":"2 Louse","floor":1.0,"turns":3.0},{"damage":7.0,"enemies":"Jaw Worm","floor":5.0,"turns":3.0},{"damage":32.0,"enemies":"Gremlin Nob","floor":6.0,"turns":4.0},{"damage":6.0,"enemies":"Small Slimes","floor":7.0,"turns":2.0},{"damage":3.0,"enemies":"Blue Slaver","floor":14.0,"turns":5.0},{"damage":11.0,"enemies":"Slime Boss","floor":16.0,"turns":8.0},{"damage":46.0,"enemies":"Shell Parasite","floor":18.0,"turns":9.0},{"damage":38.0,"enemies":"Book of Stabbing","floor":24.0,"turns":4.0},{"damage":10.0,"enemies":"Spheric Guardian","floor":28.0,"turns":4.0},{"damage":22.0,"enemies":"Centurion and Healer","floor":29.0,"turns":6.0},{"damage":34.0,"enemies":"Snake Plant","floor":31.0,"turns":6.0},{"damage":87,"enemies":"Champ","floor":33,"turns":17}],"seed_played":"-1759638281290785180","potions_obtained":[{"floor":6.0,"key":"SkillPotion"},{"floor":7.0,"key":"SneckoOil"}],"is_trial":false,"path_per_floor":["M","?","$","?","M","E","M","R","T","$","R","?","?","M","R","B",null,"M","?","?","?","$","R","E","R","T","?","M","M","$","M","R","B"],"character_chosen":"IRONCLAD","items_purchased":["Evolve","Second Wind","Bludgeon","BloodPotion","Energy Potion","ClockworkSouvenir","Dark Embrace","Blood for Blood","BlessingOfTheForge"],"campfire_rested":2,"item_purchase_floors":[3,3,3,22,22,22,30,30,30],"current_hp_per_floor":[53,53,53,53,52,26,26,26,26,26,26,19,36,39,39,34,60,26,26,26,26,26,45,32,32,32,32,38,32,47,31,50,0,0],"gold":29,"neow_bonus":"TWO_FIFTY_GOLD","is_daily":false,"chose_seed":false,"campfire_upgraded":4,"win_rate":0.0,"timestamp":1610368615,"path_taken":["M","?","$","?","M","E","M","R","T","?","R","?","?","?","R","BOSS","M","?","?","?","?","R","E","R","T","?","M","?","$","M","R","BOSS"],"items_purchased_type":["Card","Card","Card","Potion","Potion","Relic","Card","Card","Potion"],"build_version":"2020-12-22","purchased_purges":1,"victory":false,"max_hp_per_floor":[75,68,68,68,68,68,68,68,68,68,68,68,68,68,68,68,68,68,68,65,65,65,65,65,65,65,65,65,65,65,65,65,65,65],"card_choices":[{"not_picked":["Dual Wield","Heavy Blade"],"picked":"Twin Strike","floor":1.0},{"not_picked":["Sword Boomerang","Armaments","Iron Wave"],"picked":"SKIP","floor":5.0},{"not_picked":["Shrug It Off","Corruption"],"picked":"Feel No Pain","floor":6.0},{"not_picked":["Warcry","Sentinel"],"picked":"Shrug It Off","floor":7.0},{"not_picked":["Shrug It Off","Second Wind","True Grit"],"picked":"SKIP","floor":14.0},{"not_picked":["Berserk","Demon Form"],"picked":"Fiend Fire","floor":16.0},{"not_picked":["Sever Soul+1","Feel No Pain"],"picked":"Sentinel","floor":18.0},{"not_picked":["Second Wind+1","Clash","Searing Blow"],"picked":"SKIP","floor":24.0},{"not_picked":["Second Wind+1","Clash","Searing Blow"],"picked":"SKIP","floor":24.0},{"not_picked":["Heavy Blade","Perfected Strike","Shrug It Off"],"picked":"SKIP","floor":28.0},{"not_picked":["Havoc+1","Thunderclap"],"picked":"Impervious","floor":29.0},{"not_picked":["True Grit","Heavy Blade"],"picked":"Wild Strike","floor":31.0}],"player_experience":797796,"relics_obtained":[{"floor":6.0,"key":"Vajra"},{"floor":9.0,"key":"MawBank"},{"floor":24.0,"key":"Bird Faced Urn"},{"floor":26.0,"key":"MealTicket"}],"event_choices":[{"damage_healed":0.0,"max_hp_gain":0.0,"max_hp_loss":7.0,"gold_gain":0.0,"event_name":"Golden Idol","player_choice":"Lose Max HP","floor":2.0,"gold_loss":0.0,"damage_taken":0.0,"relics_obtained":["Golden Idol"]},{"damage_healed":0.0,"max_hp_gain":0.0,"max_hp_loss":0.0,"gold_gain":0.0,"event_name":"Living Wall","player_choice":"Grow","floor":4.0,"gold_loss":0.0,"damage_taken":0.0,"cards_upgraded":["Bludgeon"]},{"cards_removed":["Strike_R"],"damage_healed":0.0,"max_hp_gain":0.0,"max_hp_loss":0.0,"gold_gain":0.0,"event_name":"Golden Wing","player_choice":"Card Removal","floor":12.0,"gold_loss":0.0,"damage_taken":7.0},{"damage_healed":17.0,"max_hp_gain":0.0,"max_hp_loss":0.0,"gold_gain":0.0,"event_name":"Mushrooms","player_choice":"Healed and dodged fight","floor":13.0,"gold_loss":0.0,"damage_taken":0.0,"cards_obtained":["Parasite"]},{"damage_healed":0.0,"max_hp_gain":0.0,"max_hp_loss":0.0,"gold_gain":0.0,"event_name":"Vampires","player_choice":"Ignored","floor":19.0,"gold_loss":0.0,"damage_taken":0.0},{"cards_removed":["Parasite"],"damage_healed":0.0,"max_hp_gain":0.0,"max_hp_loss":0.0,"gold_gain":0.0,"event_name":"Back to Basics","player_choice":"Elegance","floor":20.0,"gold_loss":0.0,"damage_taken":0.0},{"cards_removed":["Strike_R"],"damage_healed":0.0,"max_hp_gain":0.0,"max_hp_loss":0.0,"gold_gain":0.0,"event_name":"Beggar","player_choice":"Gave Gold","floor":21.0,"gold_loss":75.0,"damage_taken":0.0},{"damage_healed":0.0,"max_hp_gain":0.0,"max_hp_loss":0.0,"gold_gain":100.0,"event_name":"The Joust","player_choice":"Bet on Murderer","floor":27.0,"gold_loss":50.0,"damage_taken":0.0}],"is_beta":false,"boss_relics":[{"not_picked":["Snecko Eye","Coffee Dripper"],"picked":"Black Blood"}],"items_purged_floors":[22],"is_endless":false,"potions_floor_spawned":[6,7],"killed_by":"Champ","ascension_level":20}}