{"host":"w4b7hmige5bnqipq","time":1610353487,"event":{"mods":["2.2 Compatiblity","BaseMod","Colored Map","DeckTracker","Keyboard Shortcuts","Minty Spire (QoL Compilation)","Permanent Neow","Rare Cards Sparkle","SuperFastMode","everything is the same but u backflip on backflip","slay the spire mod where everything is the same but ironclad has a cowboy hat"],"gold_per_floor":[118,118,68,93,268,303,149,149,149,185,198,198,198,218,218,338,338,353,403,35,51,70,70,70],"floor_reached":23,"playtime":726,"items_purged":["Doubt","Defend_P"],"score":288,"play_id":"e9709cdb-fb73-4fda-b0bc-27f537365537","local_time":"20210111172447","is_ascension_mode":true,"campfire_choices":[{"data":"LessonLearned","floor":8.0,"key":"SMITH"},{"data":"Establishment","floor":13.0,"key":"SMITH"},{"floor":15.0,"key":"REST"}],"circlet_count":0,"master_deck":["Strike_P","Strike_P+1","Strike_P","Defend_P+1","Defend_P","Defend_P","Eruption+1","Vigilance+1","Crescendo+1","FlyingSleeves","Establishment+1","LessonLearned+1","SandsOfTime+1","FearNoEvil+1","FearNoEvil+1","DevaForm+1","ClearTheMind+1","Protect+1","Indignation+1","Study"],"relics":["PureWater","NeowsBlessing","Golden Idol","Question Card","Darkstone Periapt","Art of War","Philosopher\u0027s Stone","Toxic Egg 2"],"acts_visited":["Exordium","TheCity"],"potions_floor_usage":[22,23],"damage_taken":[{"damage":0.0,"enemies":"Small Slimes","floor":1.0,"turns":1.0},{"damage":0.0,"enemies":"2 Louse","floor":4.0,"turns":1.0},{"damage":0.0,"enemies":"3 Sentries","floor":6.0,"turns":2.0},{"damage":12.0,"enemies":"Gremlin Nob","floor":10.0,"turns":3.0},{"damage":6.0,"enemies":"Jaw Worm","floor":11.0,"turns":3.0},{"damage":0.0,"enemies":"Gremlin Gang","floor":14.0,"turns":2.0},{"damage":0.0,"enemies":"Slime Boss","floor":16.0,"turns":5.0},{"damage":16.0,"enemies":"Spheric Guardian","floor":18.0,"turns":4.0},{"damage":22,"enemies":"3 Byrds","floor":21,"turns":5},{"damage":0,"enemies":"Snecko","floor":22,"turns":3},{"damage":36,"enemies":"Slavers","floor":23,"turns":1}],"seed_played":"8188150869958843913","potions_obtained":[{"floor":6.0,"key":"DistilledChaos"},{"floor":14.0,"key":"SteroidPotion"},{"floor":16.0,"key":"GamblersBrew"},{"floor":22,"key":"SteroidPotion"}],"is_trial":false,"path_per_floor":["M","?","?","M","?","E","$","R","T","E","M","?","R","M","R","B",null,"M","?","$","M","M","E"],"character_chosen":"WATCHER","items_purchased":["LessonLearned","Toxic Egg 2","Protect+1"],"campfire_rested":1,"item_purchase_floors":[7,20,20],"current_hp_per_floor":[72,54,54,54,54,54,54,54,54,42,36,22,22,22,43,43,72,56,56,56,34,34,0,0],"gold":70,"neow_bonus":"THREE_ENEMY_KILL","is_daily":false,"chose_seed":false,"campfire_upgraded":2,"win_rate":0.0,"timestamp":1610353487,"path_taken":["M","?","?","M","?","E","$","R","T","E","M","?","R","M","R","BOSS","M","?","$","M","M","E"],"items_purchased_type":["Card","Relic","Card"],"build_version":"2020-12-22","purchased_purges":2,"victory":false,"max_hp_per_floor":[72,72,72,72,72,72,72,72,72,72,72,72,72,72,72,72,72,72,72,72,72,72,72,72],"card_choices":[{"not_picked":["Collect","Halt"],"picked":"Crescendo","floor":1.0},{"not_picked":["Prostrate","BowlingBash"],"picked":"FlyingSleeves","floor":4.0},{"not_picked":["PathToVictory","Protect"],"picked":"Establishment","floor":6.0},{"not_picked":["JustLucky","EmptyFist","Evaluate"],"picked":"SandsOfTime","floor":10.0},{"not_picked":["PathToVictory","Crescendo","InnerPeace"],"picked":"FearNoEvil","floor":11.0},{"not_picked":["WreathOfFlame","TalkToTheHand","FlyingSleeves"],"picked":"FearNoEvil","floor":14.0},{"not_picked":["LessonLearned","Devotion","Blasphemy"],"picked":"DevaForm","floor":16.0},{"not_picked":["FollowUp","SignatureMove","Prostrate"],"picked":"ClearTheMind","floor":18.0},{"not_picked":["Crescendo+1","SashWhip","MentalFortress+1"],"picked":"Indignation+1","floor":21},{"not_picked":["ReachHeaven","EmptyBody+1","BattleHymn"],"picked":"Study","floor":22}],"player_experience":481389,"relics_obtained":[{"floor":6.0,"key":"Question Card"},{"floor":9.0,"key":"Darkstone Periapt"},{"floor":10.0,"key":"Art of War"}],"event_choices":[{"damage_healed":0.0,"max_hp_gain":0.0,"max_hp_loss":0.0,"gold_gain":0.0,"event_name":"Golden Idol","player_choice":"Take Damage","floor":2.0,"gold_loss":0.0,"damage_taken":18.0,"relics_obtained":["Golden Idol"]},{"cards_removed":["Strike_P"],"damage_healed":0.0,"max_hp_gain":0.0,"max_hp_loss":0.0,"gold_gain":0.0,"event_name":"The Cleric","player_choice":"Card Removal","floor":3.0,"gold_loss":50.0,"damage_taken":0.0},{"damage_healed":0.0,"max_hp_gain":0.0,"max_hp_loss":0.0,"gold_gain":175.0,"event_name":"Liars Game","player_choice":"AGREE","floor":5.0,"gold_loss":0.0,"damage_taken":0.0,"cards_obtained":["Doubt"]},{"damage_healed":0.0,"max_hp_gain":0.0,"max_hp_loss":0.0,"gold_gain":0.0,"event_name":"Shining Light","player_choice":"Entered Light","floor":12.0,"gold_loss":0.0,"damage_taken":14.0,"cards_upgraded":["FearNoEvil","Eruption"]},{"damage_healed":0,"gold_gain":100,"player_choice":"Bet on Murderer","damage_taken":0,"max_hp_gain":0,"max_hp_loss":0,"event_name":"The Joust","floor":19,"gold_loss":50}],"is_beta":false,"boss_relics":[{"not_picked":["Velvet Choker","Busted Crown"],"picked":"Philosopher\u0027s Stone"}],"items_purged_floors":[7,20],"is_endless":false,"potions_floor_spawned":[6,14,16,22],"killed_by":"Slavers","ascension_level":1}}