{"host":"fx1msjnmzlhlr397","time":1610385369,"event":{"mods":["AchievementEnabler","Act Like it!","Astrologer","BaseMod","Better Third Choice","Colored Map","Colored Powertips","Downfall","Duelist Mod","Friendly Minions","Gensokyo","GifTheSpireLib","Googly Eyes","Hermit","Highlight Path","LagranYue(???·?)","Marisa????????","Minty Spire (QoL Compilation)","Permanent Neow","Prisma Mod","Quick Restart","Rare Cards Sparkle","Replay The Spire","SOS???????","Shop Mod","StSLib","SuperFastMode","Td1madao Mod","The Alterego","The Animator","The Hierophant","The Jungle","The Wild Card"],"gold_per_floor":[112,112,135,46,0,0,13,13,39,72,72,83,83,96,96,96,96],"floor_reached":16,"playtime":432,"items_purged":[],"score":98,"play_id":"205932fa-dfa1-40aa-b214-73c117dcc2ba","local_time":"20210111121609","is_ascension_mode":false,"campfire_choices":[{"data":"Resistance","floor":6,"key":"SMITH"},{"data":"Rupture","floor":8,"key":"SMITH"},{"data":"Furious","floor":11,"key":"SMITH"},{"data":"Twin Teeth","floor":15,"key":"SMITH"}],"circlet_count":0,"master_deck":["Strike_C","Strike_C+1","Strike_C","Strike_C+1","Defend_C","Defend_C","Defend_C","Defend_C","Knight Kick","Chip","Lunge","Resistance+1","Regret","Afterwards","Rupture+1","Furious+1","Pot Of Greed","Pot Of Greed","Energy Supply","Twin Teeth+1"],"relics":["Apod","LagranYue:RandomDrawCardRelic","Simple Rune","Anchor","Bag of Preparation","Blue Doll","Grinning Jar","Golden Idol"],"acts_visited":["Exordium"],"potions_floor_usage":[],"damage_taken":[{"damage":3,"enemies":"2 Louse","floor":1,"turns":3},{"damage":0,"enemies":"Jaw Worm","floor":7,"turns":2},{"damage":19,"enemies":"Gremlin Nob","floor":10,"turns":3},{"damage":10,"enemies":"Cultist","floor":12,"turns":3},{"damage":0,"enemies":"Looter","floor":14,"turns":1},{"damage":42,"enemies":"Fading Forest","floor":16,"turns":9}],"seed_played":"-1878097529261248108","potions_obtained":[{"floor":10,"key":"BlessingOfTheForge"},{"floor":12,"key":"Strength Potion"},{"floor":14,"key":"Ancient Potion"}],"is_trial":false,"path_per_floor":["M","?","T","?","$","R","M","R","T","E","R","M","?","M","R_BF","B"],"character_chosen":"TD1MADAO_CLASS","items_purchased":["Afterwards"],"campfire_rested":0,"item_purchase_floors":[5],"current_hp_per_floor":[67,67,67,67,67,67,67,67,67,48,48,38,38,38,38,0,0],"gold":96,"neow_bonus":"THREE_CARDS","is_daily":false,"chose_seed":false,"campfire_upgraded":4,"win_rate":0.0,"timestamp":1610385369,"path_taken":["M","?","?","?","$","R","M","R","T","E","R","?","?","M","R_BF","BOSS"],"items_purchased_type":["Card"],"build_version":"2020-12-22","purchased_purges":0,"victory":false,"max_hp_per_floor":[70,70,70,70,70,70,70,70,70,70,70,70,65,65,65,65,65],"card_choices":[{"not_picked":["Cursed Blade","Preloading"],"picked":"Lunge","floor":0},{"not_picked":["Lunge","Provocative"],"picked":"Resistance","floor":1},{"not_picked":["Light Attack","Lunge"],"picked":"Rupture","floor":7},{"not_picked":["Fire Up","Memory Alloy"],"picked":"Furious","floor":10},{"not_picked":["Pod Fire","Gravity Defend"],"picked":"Energy Supply","floor":12},{"not_picked":["Lunge","Three Hit"],"picked":"Twin Teeth","floor":14}],"player_experience":12636,"relics_obtained":[{"floor":3,"key":"Anchor"},{"floor":9,"key":"Blue Doll"},{"floor":10,"key":"Grinning Jar"}],"event_choices":[{"damage_healed":0,"gold_gain":0,"player_choice":"Box","damage_taken":0,"relics_obtained":["Simple Rune"],"max_hp_gain":0,"max_hp_loss":0,"event_name":"Big Fish","floor":2,"gold_loss":0,"cards_obtained":["Regret"]},{"damage_healed":0,"gold_gain":0,"player_choice":"Paid Gold","damage_taken":0,"relics_obtained":["Bag of Preparation"],"max_hp_gain":0,"max_hp_loss":0,"event_name":"WeMeetAgain","floor":4,"gold_loss":89},{"damage_healed":0,"gold_gain":0,"player_choice":"Lose Max HP","damage_taken":0,"relics_obtained":["Golden Idol"],"max_hp_gain":0,"max_hp_loss":5,"event_name":"Golden Idol","floor":13,"gold_loss":0}],"is_beta":false,"boss_relics":[],"items_purged_floors":[],"is_endless":false,"potions_floor_spawned":[10,12,14],"killed_by":"Fading Forest","ascension_level":0}}