{"host":"f6w7z8zvb0mi4wy9","time":1610405039,"event":{"mods":["BaseMod","Colored Map","Minty Spire (QoL Compilation)","READ ME - Guardian Mod","StSLib","SuperFastMode","The Jungle"],"gold_per_floor":[116,129,79,92,92,124,124,137,162,162,179,190,190,230,230,361,361,384,384,404,329,354,393,393,393,393,406,1,44,44,62,62,192,192,212,225,60,79,95,133,133,476,476,509,509,549,549,587,587,587,587,587,76,117,117],"floor_reached":56,"playtime":2381,"items_purged":["Defend_B","Strike_B"],"score":1577,"play_id":"bd8d5127-55a9-4839-8179-a455eb00ffc8","local_time":"20210112074359","is_ascension_mode":true,"campfire_choices":[{"data":"Zap","floor":7,"key":"SMITH"},{"data":"Dualcast","floor":10,"key":"SMITH"},{"floor":15,"key":"REST"},{"floor":24,"key":"RECALL"},{"floor":30,"key":"REST"},{"data":"Core Surge","floor":32,"key":"SMITH"},{"data":"Defragment","floor":41,"key":"SMITH"},{"floor":49,"key":"REST"},{"data":"Gash","floor":52,"key":"SMITH"}],"circlet_count":0,"master_deck":["Strike_B+1","Defend_B+1","Defend_B+1","Zap+1","Dualcast+1","Gash+1","Sweeping Beam","Streamline+1","Redo+1","Glacier+1","Redo+1","Coolheaded+1","Genetic Algorithm+1","Fission+1","White Noise+1","Tempest+1","Core Surge+1","White Noise+1","Consume+1","Seek+1","Consume+1","Trip+1","Static Discharge+1","Reboot+1","Steam+1","Gash","Defragment+1","Steam+1","Go for the Eyes","Capacitor+1","Beam Cell+1","Go for the Eyes","Force Field+1","Redo+1","Purity+1","Bandage Up+1","Good Instincts+1","Steam+1","Chill+1","Steam+1","Thunder Strike"],"relics":["Cracked Core","NeowsBlessing","Toxic Egg 2","Ginger","Akabeko","Golden Idol","Cables","Inserter","Potion Belt","Whetstone","DollysMirror","War Paint","Runic Pyramid","Gambling Chip","Old Coin","Mercury Hourglass","Dead Branch","Anchor","Dream Catcher","DataDisk"],"acts_visited":["Exordium","TheCity","TheBeyond","TheEnding"],"potions_floor_usage":[11,14,14,16,23,27,40,44,46,48,50,50,54,55,55,55,55],"damage_taken":[{"damage":0,"enemies":"2 Louse","floor":1,"turns":1},{"damage":0,"enemies":"Jaw Worm","floor":2,"turns":1},{"damage":0,"enemies":"Small Slimes","floor":4,"turns":1},{"damage":21,"enemies":"Lagavulin","floor":6,"turns":6},{"damage":7,"enemies":"2 Fungi Beasts","floor":8,"turns":2},{"damage":0,"enemies":"Lots of Slimes","floor":11,"turns":3},{"damage":2,"enemies":"Blue Slaver","floor":12,"turns":2},{"damage":11,"enemies":"3 Sentries","floor":14,"turns":6},{"damage":14,"enemies":"Slime Boss","floor":16,"turns":10},{"damage":7,"enemies":"Shell Parasite","floor":18,"turns":6},{"damage":0,"enemies":"Spheric Guardian","floor":20,"turns":3},{"damage":5,"enemies":"Snake Plant","floor":22,"turns":4},{"damage":18,"enemies":"Gremlin Leader","floor":23,"turns":7},{"damage":5,"enemies":"Sentry and Sphere","floor":27,"turns":4},{"damage":0,"enemies":"Book of Stabbing","floor":29,"turns":4},{"damage":12,"enemies":"Chosen and Byrds","floor":31,"turns":4},{"damage":11,"enemies":"Champ","floor":33,"turns":11},{"damage":4,"enemies":"3 Shapes","floor":35,"turns":4},{"damage":0,"enemies":"Orb Walker","floor":36,"turns":3},{"damage":0,"enemies":"Maw","floor":38,"turns":7},{"damage":0,"enemies":"Sphere and 2 Shapes","floor":39,"turns":6},{"damage":0,"enemies":"Giant Head","floor":40,"turns":5},{"damage":0,"enemies":"Nemesis","floor":42,"turns":9},{"damage":0,"enemies":"Giant Head","floor":44,"turns":8},{"damage":0,"enemies":"Reptomancer","floor":46,"turns":4},{"damage":43,"enemies":"Giant Head","floor":48,"turns":9},{"damage":33,"enemies":"Time Eater","floor":50,"turns":6},{"damage":25,"enemies":"Shield and Spear","floor":54,"turns":7},{"damage":54,"enemies":"The Heart","floor":55,"turns":9}],"seed_played":"-8094082501877263736","potions_obtained":[{"floor":4,"key":"FocusPotion"},{"floor":8,"key":"Block Potion"},{"floor":11,"key":"BlessingOfTheForge"},{"floor":12,"key":"PowerPotion"},{"floor":14,"key":"Ancient Potion"},{"floor":22,"key":"Swift Potion"},{"floor":23,"key":"Regen Potion"},{"floor":31,"key":"LiquidMemories"},{"floor":35,"key":"DuplicationPotion"},{"floor":39,"key":"EssenceOfDarkness"},{"floor":40,"key":"GamblersBrew"},{"floor":42,"key":"Dexterity Potion"},{"floor":44,"key":"PowerPotion"},{"floor":54,"key":"Fire Potion"}],"is_trial":false,"path_per_floor":["M","M","?","M","T","E","R","M","T","R","M","M","?","E","R","B",null,"M","?","M","?","M","E","R","?","T","M","$","E","R","M","R","B",null,"M","M","$","M","M","E","R","E","T","E","T","E","?","E","R","B",null,"R","$","E","B",null],"character_chosen":"DEFECT","items_purchased":["Seek+1","DollysMirror","Trip+1","Defragment","Steam+1","Block Potion","Dexterity Potion","LiquidBronze","Chill+1","Steam+1","Thunder Strike"],"campfire_rested":3,"item_purchase_floors":[28,28,28,37,37,53,53,53,53,53,53],"current_hp_per_floor":[75,75,75,75,75,54,54,47,47,47,47,45,27,16,38,24,75,68,68,68,68,63,45,45,45,45,52,52,52,74,62,62,51,75,71,71,71,71,71,71,71,71,71,71,71,71,61,24,46,13,75,75,75,56,8],"gold":117,"neow_bonus":"THREE_ENEMY_KILL","is_daily":false,"chose_seed":false,"campfire_upgraded":5,"win_rate":0.0,"timestamp":1610405039,"path_taken":["M","M","?","M","?","E","R","M","T","R","M","M","?","E","R","BOSS","M","?","?","?","M","E","R","?","T","?","$","E","R","M","R","BOSS","M","M","$","M","M","E","R","E","T","E","?","E","?","E","R","BOSS","R","$","E","BOSS"],"items_purchased_type":["Card","Relic","Card","Card","Card","Potion","Potion","Potion","Card","Card","Card"],"build_version":"2020-12-22","purchased_purges":2,"victory":true,"max_hp_per_floor":[75,75,75,75,75,75,75,75,75,75,75,75,75,75,75,75,75,75,75,75,75,75,75,75,75,75,75,75,75,75,75,75,75,75,75,75,75,75,75,75,75,75,75,75,75,75,75,75,75,75,75,75,75,75,75],"card_choices":[{"not_picked":["Hello World","Compile Driver"],"picked":"Gash","floor":1},{"not_picked":["Steam","Fusion"],"picked":"Sweeping Beam","floor":2},{"not_picked":["Rebound","Hologram"],"picked":"Streamline","floor":4},{"not_picked":["Streamline","Gash"],"picked":"Redo+1","floor":6},{"not_picked":["Self Repair","Go for the Eyes"],"picked":"Glacier+1","floor":8},{"not_picked":["Streamline","Thunder Strike"],"picked":"Redo+1","floor":11},{"not_picked":["Auto Shields+1","Ball Lightning"],"picked":"Coolheaded+1","floor":12},{"not_picked":["Aggregate+1","Self Repair"],"picked":"Genetic Algorithm+1","floor":14},{"not_picked":["Multi-Cast+1","Machine Learning"],"picked":"Fission+1","floor":16},{"not_picked":["Redo+1","Leap+1","Darkness+1"],"picked":"SKIP","floor":18},{"not_picked":["Barrage+1","Gash"],"picked":"White Noise+1","floor":20},{"not_picked":["Static Discharge","Sunder"],"picked":"Tempest+1","floor":22},{"not_picked":["Hello World","Sweeping Beam+1"],"picked":"Core Surge","floor":23},{"not_picked":["Barrage","Recycle+1"],"picked":"Consume+1","floor":27},{"not_picked":["Streamline","Coolheaded+1"],"picked":"Static Discharge+1","floor":29},{"not_picked":["Cold Snap","Conserve Battery+1","Go for the Eyes"],"picked":"SKIP","floor":31},{"not_picked":["Machine Learning","Hyperbeam"],"picked":"Reboot+1","floor":33},{"not_picked":["Cold Snap+1","Barrage"],"picked":"Steam+1","floor":35},{"not_picked":["Stack+1","Rebound+1"],"picked":"Gash","floor":36},{"not_picked":["Turbo+1","Cold Snap+1"],"picked":"Go for the Eyes","floor":38},{"not_picked":["Steam Power+1","Leap+1"],"picked":"Capacitor+1","floor":39},{"not_picked":["Turbo+1","Amplify+1"],"picked":"Beam Cell+1","floor":40},{"not_picked":["Compile Driver","Barrage"],"picked":"Go for the Eyes","floor":42},{"not_picked":["Cold Snap+1","Go for the Eyes+1"],"picked":"Force Field+1","floor":44},{"not_picked":["Beam Cell+1","Streamline+1"],"picked":"Redo+1","floor":46},{"not_picked":["Mind Blast","Forethought+1"],"picked":"Purity+1","floor":47},{"not_picked":["Enlightenment+1","Chrysalis+1"],"picked":"Bandage Up+1","floor":47},{"not_picked":["Jack Of All Trades+1","PanicButton+1"],"picked":"Good Instincts+1","floor":47},{"not_picked":["Aggregate+1","Rebound+1","Core Surge"],"picked":"SKIP","floor":48},{"not_picked":["Cold Snap+1","Barrage+1"],"picked":"Steam+1","floor":49},{"not_picked":["Heatsinks","Conserve Battery+1","Ball Lightning+1"],"picked":"SKIP","floor":54}],"player_experience":853590,"relics_obtained":[{"floor":5,"key":"Toxic Egg 2"},{"floor":6,"key":"Ginger"},{"floor":9,"key":"Akabeko"},{"floor":14,"key":"Cables"},{"floor":23,"key":"Potion Belt"},{"floor":26,"key":"Whetstone"},{"floor":29,"key":"War Paint"},{"floor":40,"key":"Gambling Chip"},{"floor":42,"key":"Old Coin"},{"floor":44,"key":"Mercury Hourglass"},{"floor":45,"key":"Dead Branch"},{"floor":46,"key":"Anchor"},{"floor":48,"key":"Dream Catcher"},{"floor":54,"key":"DataDisk"}],"event_choices":[{"cards_removed":["Strike_B"],"damage_healed":0,"gold_gain":0,"player_choice":"Card Removal","damage_taken":0,"max_hp_gain":0,"max_hp_loss":0,"event_name":"The Cleric","floor":3,"gold_loss":50},{"damage_healed":0,"gold_gain":0,"player_choice":"Take Damage","damage_taken":18,"relics_obtained":["Golden Idol"],"max_hp_gain":0,"max_hp_loss":0,"event_name":"Golden Idol","floor":13,"gold_loss":0},{"cards_removed":["Defend_B"],"damage_healed":0,"gold_gain":0,"player_choice":"Purged","damage_taken":0,"max_hp_gain":0,"max_hp_loss":0,"event_name":"Purifier","floor":19,"gold_loss":0},{"cards_removed":["Strike_B"],"damage_healed":0,"gold_gain":0,"player_choice":"Gave Gold","damage_taken":0,"max_hp_gain":0,"max_hp_loss":0,"event_name":"Beggar","floor":21,"gold_loss":75},{"damage_healed":0,"gold_gain":0,"player_choice":"Copied","damage_taken":0,"max_hp_gain":0,"max_hp_loss":0,"event_name":"Duplicator","floor":25,"gold_loss":0,"cards_obtained":["White Noise"]},{"damage_healed":0,"gold_gain":0,"player_choice":"Memory 3","damage_taken":10,"max_hp_gain":0,"max_hp_loss":0,"event_name":"SensoryStone","floor":47,"gold_loss":0}],"is_beta":false,"boss_relics":[{"not_picked":["Runic Dome","Calling Bell"],"picked":"Inserter"},{"not_picked":["Fusion Hammer","Snecko Eye"],"picked":"Runic Pyramid"}],"items_purged_floors":[37,53],"is_endless":false,"potions_floor_spawned":[4,8,11,12,14,22,23,31,35,39,40,42,44,54],"ascension_level":1}}