{"host":"3zhcrllo23fhqv4x","time":1610329271,"event":{"mods":["AchievementEnabler","BaseMod","Downfall","Hermit","Jorbs\u0027s Wanderer Trilogy","Marisa????????","Minty Spire (QoL Compilation)","Remilia??????","StSLib","The Cursed","The Disciple","The Hierophant","The Runesmith","The Servant 0.9.4"],"gold_per_floor":[99,110,210,210,229,229,229,252,102,114,140,140,152,163,178,178,178],"floor_reached":16,"playtime":622,"items_purged":[],"score":102,"play_id":"cc381bd3-11c9-454d-b654-a52224f58261","local_time":"20210110204111","is_ascension_mode":false,"campfire_choices":[{"floor":1,"key":"RECALL"},{"data":"hermit:Snapshot","floor":9,"key":"SMITH"},{"floor":12,"key":"REST"}],"circlet_count":0,"master_deck":["hermit:Strike_Hermit","hermit:Strike_Hermit","hermit:Strike_Hermit","hermit:Strike_Hermit","hermit:Defend_Hermit","hermit:Defend_Hermit","hermit:Defend_Hermit","hermit:Snapshot+1","hermit:Covet","hermit:Deadeye","Regret","hermit:Vantage","hermit:Feint","hermit:GoldenBullet","hermit:FlashPowder","hermit:Dissolve","hermit:TrackingShot","hermit:TakeAim"],"relics":["hermit:Momento","Tiny Chest","PreservedInsect","Nunchaku","downfall:HeartBlessingRed","downfall:HeartBlessingBlue","hermit:RyeStalk"],"acts_visited":["Exordium"],"potions_floor_usage":[15,16,16],"damage_taken":[{"damage":1,"enemies":"2 Louse","floor":2,"turns":3},{"damage":10,"enemies":"Jaw Worm","floor":5,"turns":4},{"damage":0,"enemies":"Cultist","floor":10,"turns":3},{"damage":22,"enemies":"3 Sentries","floor":11,"turns":7},{"damage":10,"enemies":"Exordium Wildlife","floor":13,"turns":4},{"damage":2,"enemies":"Lots of Slimes","floor":14,"turns":4},{"damage":3,"enemies":"Gremlin Gang","floor":15,"turns":3},{"damage":66,"enemies":"downfall:Defect","floor":16,"turns":6}],"seed_played":"-6429483102725515585","potions_obtained":[{"floor":10,"key":"Fire Potion"},{"floor":11,"key":"Dexterity Potion"},{"floor":14,"key":"AttackPotion"}],"is_trial":false,"path_per_floor":["R","M","?","?","M","?","T","T","R","M","E","R","M","M","M","B"],"character_chosen":"HERMIT","items_purchased":[],"campfire_rested":1,"item_purchase_floors":[],"current_hp_per_floor":[75,74,74,74,64,64,64,64,74,74,52,77,67,65,62,0,0],"gold":178,"neow_bonus":"RANDOM_COMMON_RELIC","is_daily":false,"chose_seed":false,"campfire_upgraded":1,"win_rate":0.0,"timestamp":1610329271,"path_taken":["R","M","?","?","M","?","T","?","R","M","E","R","M","M","M","BOSS"],"items_purchased_type":[],"build_version":"2020-12-22","purchased_purges":0,"victory":false,"max_hp_per_floor":[75,75,75,75,75,75,75,75,85,85,85,85,85,85,85,85,85],"card_choices":[{"not_picked":["hermit:LowProfile","hermit:DeadMansHand"],"picked":"hermit:Deadeye","floor":2},{"not_picked":["hermit:SprayPray","hermit:LowProfile"],"picked":"hermit:Vantage","floor":5},{"not_picked":["hermit:Shortfuse","hermit:ItchyTrigger"],"picked":"hermit:GoldenBullet","floor":10},{"not_picked":["hermit:Snipe","hermit:TrackingShot"],"picked":"hermit:FlashPowder","floor":11},{"not_picked":["hermit:Vantage","hermit:Feint"],"picked":"hermit:Dissolve","floor":13},{"not_picked":["hermit:SprayPray","hermit:LowProfile"],"picked":"hermit:TrackingShot","floor":14},{"not_picked":["hermit:Malice","hermit:Enervate"],"picked":"hermit:TakeAim","floor":15}],"player_experience":289606,"relics_obtained":[{"floor":8,"key":"Nunchaku"},{"floor":11,"key":"hermit:RyeStalk"}],"event_choices":[{"damage_healed":0,"gold_gain":0,"player_choice":"Box","damage_taken":0,"relics_obtained":["PreservedInsect"],"max_hp_gain":0,"max_hp_loss":0,"event_name":"Big Fish","floor":4,"gold_loss":0,"cards_obtained":["Regret"]},{"damage_healed":0,"gold_gain":0,"cards_transformed":["hermit:Defend_Hermit"],"player_choice":"Transformed","damage_taken":0,"max_hp_gain":0,"max_hp_loss":0,"event_name":"Transmorgrifier","floor":6,"gold_loss":0,"cards_obtained":["hermit:Feint"]}],"is_beta":false,"boss_relics":[],"items_purged_floors":[],"is_endless":false,"potions_floor_spawned":[10,11,14],"killed_by":"downfall:Defect","ascension_level":0}}