{"host":"8i4doyxqctgl5qb0","time":1610399236,"event":{"mods":["AchievementEnabler","BaseMod","Block Reminder","Colored Powertips","Downfall","Minty Spire (QoL Compilation)","Permanent Neow","Potion Indicator Mod","Rare Cards Sparkle","StSLib","SuperFastMode","The Jungle","The Runesmith"],"gold_per_floor":[115,131,142,142,157,157,168,178,201,201,92,92,21,41,41,142,142,161,161,260,25,37,37,54,54,81,81,81,81,101,114,114,114,114],"floor_reached":33,"playtime":1883,"items_purged":["Runesmith:Strike_RS"],"score":239,"play_id":"538096b9-1359-40bf-80de-f34295cd510f","local_time":"20210112050716","is_ascension_mode":false,"campfire_choices":[{"data":"Runesmith:Duplicate","floor":6,"key":"SMITH"},{"data":"Runesmith:Firestorm","floor":12,"key":"SMITH"},{"floor":15,"key":"REST"},{"floor":23,"key":"REST"},{"data":"Runesmith:LithiumIon","floor":25,"key":"SMITH"},{"data":"expansioncontent:CaCaw","floor":27,"key":"SMITH"},{"data":"Runesmith:CraftMagma","floor":29,"key":"SMITH"},{"floor":32,"key":"REST"}],"circlet_count":0,"master_deck":["Runesmith:Strike_RS","Runesmith:Strike_RS","Runesmith:Defend_RS","Runesmith:Defend_RS","Runesmith:Defend_RS","Runesmith:Defend_RS","Runesmith:CraftFirestone","Runesmith:Fortify","Runesmith:EarthShield","Runesmith:ChiselStab","Runesmith:DoubleUp","Runesmith:Duplicate+1","Runesmith:CraftProtectio","Runesmith:ReplicatingBarrier","Runesmith:PoweredAnvil","Runesmith:Supernova","Runesmith:Firestorm+1","Runesmith:Grindstone","Runesmith:BackupBattery","Runesmith:HammerAndChisel","Runesmith:CraftMedicinae","Runesmith:DoubleUp","J.A.X.","Runesmith:CraftIncendium","Runesmith:LithiumIon+1","expansioncontent:CaCaw+1","Runesmith:CraftMagma+1","Runesmith:RuneHurl","Runesmith:CraftMagma","Runesmith:Supernova"],"relics":["Runesmith:BrokenRuby","NeowsBlessing","Runesmith:UraniumAnvil","Akabeko","Nloth\u0027s Gift"],"acts_visited":["Exordium","TheCity"],"potions_floor_usage":[33,33],"damage_taken":[{"damage":0,"enemies":"Small Slimes","floor":1,"turns":1},{"damage":0,"enemies":"Cultist","floor":2,"turns":1},{"damage":0,"enemies":"Jaw Worm","floor":3,"turns":1},{"damage":16,"enemies":"Exordium Thugs","floor":5,"turns":6},{"damage":2,"enemies":"Red Slaver","floor":7,"turns":5},{"damage":3,"enemies":"Looter","floor":8,"turns":4},{"damage":6,"enemies":"Exordium Wildlife","floor":14,"turns":9},{"damage":20,"enemies":"The Guardian","floor":16,"turns":12},{"damage":14,"enemies":"Shell Parasite","floor":18,"turns":9},{"damage":13,"enemies":"3 Byrds","floor":22,"turns":5},{"damage":6,"enemies":"Shelled Parasite and Fungi","floor":24,"turns":8},{"damage":30,"enemies":"Snake Plant","floor":30,"turns":8},{"damage":9,"enemies":"Centurion and Healer","floor":31,"turns":11},{"damage":62,"enemies":"Collector","floor":33,"turns":7}],"seed_played":"-6921344287432276169","potions_obtained":[{"floor":5,"key":"DuplicationPotion"},{"floor":7,"key":"SkillPotion"},{"floor":16,"key":"Guardian:BlockOnCardUsePotion"}],"is_trial":false,"path_per_floor":["M","M","M","?","M","R","M","M","T","?","$","R","$","M","R","B",null,"M","?","?","$","M","R","M","R","T","R","?","R","M","M","R","B"],"character_chosen":"RUNESMITH_CLASS","items_purchased":["Runesmith:Firestorm","Runesmith:Grindstone","Runesmith:BackupBattery","Runesmith:CraftIncendium","Runesmith:LithiumIon","expansioncontent:CaCaw"],"campfire_rested":3,"item_purchase_floors":[11,13,13,21,21,21],"current_hp_per_floor":[70,70,70,70,54,54,52,49,49,49,49,49,49,43,64,44,70,56,56,56,56,43,64,58,58,58,58,58,58,28,19,40,0,0],"gold":114,"neow_bonus":"THREE_ENEMY_KILL","is_daily":false,"chose_seed":false,"campfire_upgraded":5,"win_rate":0.0,"timestamp":1610399236,"path_taken":["M","M","M","?","?","R","M","M","T","?","$","R","?","?","R","BOSS","M","?","?","$","M","R","M","R","T","R","?","R","M","M","R","BOSS"],"items_purchased_type":["Card","Card","Card","Card","Card","Card"],"build_version":"2020-12-22","purchased_purges":1,"victory":false,"max_hp_per_floor":[70,70,70,70,70,70,70,70,70,70,70,70,70,70,70,70,70,70,70,70,70,70,70,70,70,70,70,70,70,70,70,70,70,70],"card_choices":[{"not_picked":["Runesmith:HammerThrow","Runesmith:Repurpose"],"picked":"Runesmith:EarthShield","floor":1},{"not_picked":["Runesmith:EarthShield","Runesmith:HammerThrow"],"picked":"Runesmith:ChiselStab","floor":2},{"not_picked":["Runesmith:HeatExchange","Runesmith:Superposition"],"picked":"Runesmith:DoubleUp","floor":3},{"not_picked":["Runesmith:DoubleUp","Runesmith:Superposition"],"picked":"Runesmith:CraftProtectio","floor":5},{"not_picked":["Runesmith:RuneHurl","Runesmith:Superposition"],"picked":"Runesmith:ReplicatingBarrier","floor":7},{"not_picked":["Runesmith:BackupBattery","Runesmith:HammerThrow"],"picked":"Runesmith:PoweredAnvil","floor":8},{"not_picked":["Runesmith:ChiselStab","Runesmith:RuneHurl"],"picked":"Runesmith:HammerAndChisel","floor":14},{"not_picked":["Runesmith:ReplicatingBarrier","Runesmith:FissionHammer"],"picked":"Runesmith:CraftMedicinae","floor":16},{"not_picked":["Runesmith:Permafrost","Runesmith:CraftReservo"],"picked":"Runesmith:DoubleUp","floor":18},{"not_picked":["Runesmith:Malloc+1","Runesmith:NanitesCloud+1"],"picked":"Runesmith:CraftMagma","floor":22},{"not_picked":["Runesmith:CraftProtectio","Runesmith:ChargedHammer+1"],"picked":"Runesmith:RuneHurl","floor":24},{"not_picked":["Runesmith:Augment","Runesmith:UnstableHammer"],"picked":"Runesmith:CraftMagma","floor":30},{"not_picked":["Runesmith:EnergizedChisel","Runesmith:Attraction"],"picked":"Runesmith:Supernova","floor":31}],"player_experience":150710,"relics_obtained":[{"floor":9,"key":"Centennial Puzzle"},{"floor":26,"key":"Akabeko"}],"event_choices":[{"damage_healed":0,"gold_gain":0,"cards_transformed":["Runesmith:Strike_RS"],"player_choice":"Transformed","damage_taken":0,"max_hp_gain":0,"max_hp_loss":0,"event_name":"Transmorgrifier","floor":4,"gold_loss":0,"cards_obtained":["Runesmith:Duplicate"]},{"damage_healed":0,"gold_gain":0,"player_choice":"1 cards matched","damage_taken":0,"max_hp_gain":0,"max_hp_loss":0,"event_name":"Match and Keep!","floor":10,"gold_loss":0,"cards_obtained":["Runesmith:Supernova"]},{"damage_healed":0,"gold_gain":0,"player_choice":"Obtain J.A.X.","damage_taken":0,"max_hp_gain":0,"max_hp_loss":0,"event_name":"Drug Dealer","floor":19,"gold_loss":0,"cards_obtained":["J.A.X."]},{"damage_healed":0,"gold_gain":99,"player_choice":"Stole From Cult","damage_taken":0,"max_hp_gain":0,"max_hp_loss":0,"event_name":"Nest","floor":20,"gold_loss":0},{"damage_healed":0,"gold_gain":0,"player_choice":"Traded Relic","damage_taken":0,"relics_obtained":["Nloth\u0027s Gift"],"max_hp_gain":0,"max_hp_loss":0,"event_name":"N\u0027loth","floor":28,"relics_lost":["Centennial Puzzle"],"gold_loss":0}],"is_beta":false,"boss_relics":[{"not_picked":["Tiny House","Velvet Choker"],"picked":"Runesmith:UraniumAnvil"}],"items_purged_floors":[11],"is_endless":false,"potions_floor_spawned":[5,7,16,22,24,30],"killed_by":"Collector","ascension_level":0}}