{"host":"ecaj4hn004xnnrw9","time":1610400140,"event":{"mods":["AchievementEnabler","BaseMod","Hermit","Minty Spire (QoL Compilation)","Quick Restart","Replay The Spire","Shop Mod","StSLib","The Jungle"],"gold_per_floor":[109,128,128,145,48,83,83,83,83,5,24,43,69,15,15,111,111,128,128,43,43,59,59,74,74,74,86,116,127,145,160,160,160,160],"floor_reached":33,"playtime":1207,"items_purged":["Strike_R"],"score":510,"play_id":"c371a3bf-f9a1-4afc-bb77-80c2c190bc28","local_time":"20210111212220","is_ascension_mode":true,"campfire_choices":[{"data":"Uppercut","floor":8,"key":"SMITH"},{"data":"ReplayTheSpireMod:Limb From Limb","floor":15,"key":"SMITH"},{"data":"Burning Pact","floor":23,"key":"SMITH"},{"data":"Offering","floor":25,"key":"SMITH"},{"data":"True Grit","floor":32,"key":"SMITH"}],"circlet_count":0,"master_deck":["AscendersBane","Strike_R","Strike_R","Defend_R","Defend_R","Defend_R","Defend_R","Bash","Uppercut+1","Wild Strike","ReplayTheSpireMod:Limb From Limb+1","Cleave","Thunderclap","Shrug It Off","Burning Pact+1","ReplayTheSpireMod:Stacked","Shrug It Off","Offering+1","Defy Death","Writhe","Sentinel+1","True Grit+1","Whirlwind"],"relics":["Burning Blood","NeowsBlessing","King of Hearts","Sundial","Pear","Cursed Key","Matryoshka","Replay:WaspNest","Enchiridion","Gremlin Horn","Blue Doll","HornCleat"],"acts_visited":["Exordium","TheCity"],"potions_floor_usage":[6,13,16,27,29,33,33],"damage_taken":[{"damage":0,"enemies":"Cultist","floor":1,"turns":1},{"damage":0,"enemies":"2 Louse","floor":2,"turns":1},{"damage":0,"enemies":"Small Slimes","floor":4,"turns":1},{"damage":30,"enemies":"3 Sentries","floor":6,"turns":5},{"damage":15,"enemies":"Exordium Wildlife","floor":11,"turns":5},{"damage":6,"enemies":"Blue Slaver","floor":12,"turns":3},{"damage":0,"enemies":"Gremlin Nob","floor":13,"turns":2},{"damage":40,"enemies":"The Guardian","floor":16,"turns":11},{"damage":21,"enemies":"2 Thieves","floor":18,"turns":3},{"damage":6,"enemies":"Shell Parasite","floor":22,"turns":5},{"damage":6,"enemies":"Centurion and Healer","floor":24,"turns":2},{"damage":24,"enemies":"Chosen and Byrds","floor":27,"turns":6},{"damage":6,"enemies":"Gremlin Leader","floor":28,"turns":5},{"damage":0,"enemies":"Snake Plant","floor":29,"turns":2},{"damage":0,"enemies":"Centurion and Healer","floor":30,"turns":4},{"damage":17,"enemies":"Sentry and Sphere","floor":31,"turns":4},{"damage":27,"enemies":"Automaton","floor":33,"turns":6}],"seed_played":"-3174378213065450541","potions_obtained":[{"floor":1,"key":"Adrenaline Potion"},{"floor":6,"key":"Languid Potion"},{"floor":12,"key":"Energy Potion"},{"floor":24,"key":"ColorlessPotion"},{"floor":28,"key":"Swift Potion"},{"floor":30,"key":"ElixirPotion"},{"floor":31,"key":"BlessingOfTheForge"}],"is_trial":false,"path_per_floor":["M","M","?","M","$","E","?","R","T","$","M","M","E","$","R","B",null,"M","?","?","?","M","R","M","R","T","M","E","M","M","M","R","B"],"character_chosen":"IRONCLAD","items_purchased":["Thunderclap","Shrug It Off","Swift Potion","Shrug It Off"],"campfire_rested":0,"item_purchase_floors":[5,10,10,14],"current_hp_per_floor":[78,80,80,80,80,56,49,49,49,49,40,40,56,56,56,22,73,58,58,58,42,42,42,42,42,42,24,24,30,36,25,25,0,0],"gold":160,"neow_bonus":"THREE_ENEMY_KILL","is_daily":false,"chose_seed":false,"campfire_upgraded":5,"win_rate":0.0,"timestamp":1610400140,"path_taken":["M","?","?","M","?","E","?","R","T","$","M","M","E","$","R","BOSS","M","?","?","?","M","R","M","R","T","M","E","M","M","M","R","BOSS"],"items_purchased_type":["Card","Card","Potion","Card"],"build_version":"2020-12-22","purchased_purges":1,"victory":false,"max_hp_per_floor":[80,80,80,80,80,80,80,80,80,80,80,80,90,90,90,90,90,90,90,90,90,90,90,90,90,90,90,90,90,90,90,90,90,90],"card_choices":[{"not_picked":["Rupture","Armaments"],"picked":"Uppercut","floor":1},{"not_picked":["Armaments","Perfected Strike"],"picked":"Wild Strike","floor":2},{"not_picked":["Pommel Strike","Wild Strike"],"picked":"Cleave","floor":4},{"not_picked":["Armaments","Abandon","Brutality"],"picked":"SKIP","floor":6},{"not_picked":["Twin Strike","True Grit","Havoc"],"picked":"SKIP","floor":11},{"not_picked":["Cleave","Bloodletting"],"picked":"Burning Pact","floor":12},{"not_picked":["Sentinel","Pummel"],"picked":"ReplayTheSpireMod:Stacked","floor":13},{"not_picked":["Berserk","Exhume"],"picked":"Offering","floor":16},{"not_picked":["Replay:Undeath\u0027s Touch","Wild Strike"],"picked":"Defy Death","floor":18},{"not_picked":["Heavy Blade+1","Perfected Strike","Shockwave"],"picked":"SKIP","floor":22},{"not_picked":["Anger","Offering","Armaments"],"picked":"SKIP","floor":24},{"not_picked":["ReplayTheSpireMod:Muscle Training","Thunderclap","Cleave"],"picked":"SKIP","floor":27},{"not_picked":["Brutality","Abandon"],"picked":"Sentinel+1","floor":28},{"not_picked":["Twin Strike","Anger+1","Evolve"],"picked":"SKIP","floor":29},{"not_picked":["Run Through","Warcry"],"picked":"True Grit","floor":30},{"not_picked":["Sword Boomerang","Anger+1"],"picked":"Whirlwind","floor":31}],"player_experience":286382,"relics_obtained":[{"floor":6,"key":"King of Hearts"},{"floor":9,"key":"Sundial"},{"floor":13,"key":"Pear"},{"floor":21,"key":"Enchiridion"},{"floor":26,"key":"Gremlin Horn"},{"floor":26,"key":"Blue Doll"},{"floor":28,"key":"HornCleat"}],"event_choices":[{"damage_healed":0,"gold_gain":0,"cards_transformed":["Strike_R"],"player_choice":"Transformed","damage_taken":0,"max_hp_gain":0,"max_hp_loss":0,"event_name":"Transmorgrifier","floor":3,"gold_loss":0,"cards_obtained":["ReplayTheSpireMod:Limb From Limb"]},{"cards_removed":["Strike_R"],"damage_healed":0,"gold_gain":0,"player_choice":"Card Removal","damage_taken":7,"max_hp_gain":0,"max_hp_loss":0,"event_name":"Golden Wing","floor":7,"gold_loss":0},{"damage_healed":0,"gold_gain":0,"player_choice":"Obtained Relic","damage_taken":0,"relics_obtained":["Replay:WaspNest"],"max_hp_gain":0,"max_hp_loss":0,"event_name":"Addict","floor":20,"gold_loss":85},{"damage_healed":0,"gold_gain":0,"player_choice":"Obtained Book","damage_taken":16,"max_hp_gain":0,"max_hp_loss":0,"event_name":"Cursed Tome","floor":21,"gold_loss":0}],"is_beta":false,"boss_relics":[{"not_picked":["Runic Cube","Replay:Ancient Bell"],"picked":"Cursed Key"}],"items_purged_floors":[5],"is_endless":false,"potions_floor_spawned":[1,6,12,24,28,30,31],"killed_by":"Automaton","ascension_level":11}}