{"host":"Connor","time":1610394723,"event":{"mods":["Aspiration","BaseMod","Downfall","Hubris","Marisa????????","Minty Spire (QoL Compilation)","Replay The Spire","StSLib","The Cursed","The Jungle","The Servant 0.9.4"],"gold_per_floor":[120,120,120,120,13,61,61,24,24,24,24,49,87,87,87,194,257,287,308,37,37,63,63,94,100,100],"floor_reached":25,"playtime":707,"items_purged":["Strike_R"],"score":393,"play_id":"0f7ffbaa-32fc-44d3-905a-84e1e347e2cb","local_time":"20210111115203","is_ascension_mode":true,"campfire_choices":[{"data":"Armaments","floor":7,"key":"SMITH"},{"data":"Uppercut","floor":11,"key":"SMITH"},{"data":"Metallicize","floor":15,"key":"SMITH"},{"data":"expansioncontent:StudyTheSpire","floor":23,"key":"SMITH"}],"circlet_count":0,"master_deck":["AscendersBane","Strike_R","Strike_R","Strike_R","Strike_R","Defend_R","Defend_R","Defend_R+1","Defend_R","Bash","Uppercut+1","expansioncontent:SlimeTackle+1","Armaments+1","Carnage+1","Metallicize+1","Flex","Reaper+1","Dropkick+1","Shrug It Off","expansioncontent:StudyTheSpire+1","Exhume","Sword Boomerang+1","Pommel Strike+1"],"relics":["Burning Blood","Replay:Bandana","Molten Egg 2","White Beast Statue","Bronze Scales","Golden Idol","Tiny House"],"acts_visited":["Exordium","TheCity"],"potions_floor_usage":[13,13,16,18,18,22,22,25],"damage_taken":[{"damage":10,"enemies":"2 Louse","floor":1,"turns":3},{"damage":11,"enemies":"Gremlin Nob","floor":6,"turns":3},{"damage":3,"enemies":"Small Slimes","floor":12,"turns":2},{"damage":11,"enemies":"3 Sentries","floor":13,"turns":10},{"damage":23,"enemies":"The Guardian","floor":16,"turns":11},{"damage":5,"enemies":"3 Byrds","floor":18,"turns":3},{"damage":5,"enemies":"Chosen","floor":19,"turns":6},{"damage":34,"enemies":"Centurion and Healer","floor":22,"turns":9},{"damage":29,"enemies":"Sentry and Sphere","floor":24,"turns":6},{"damage":38,"enemies":"Slavers","floor":25,"turns":3}],"seed_played":"-4084229129478554337","potions_obtained":[{"floor":6,"key":"Doom Potion"},{"floor":12,"key":"SkillPotion"},{"floor":13,"key":"Regen Potion"},{"floor":16,"key":"ColorlessPotion"},{"floor":17,"key":"SneckoOil"},{"floor":18,"key":"LiquidMemories"},{"floor":19,"key":"ColorlessPotion"},{"floor":22,"key":"LiquidBronze"},{"floor":24,"key":"SteroidPotion"}],"is_trial":false,"path_per_floor":["M","?","?","?","$","E","R","$","T","$","R","M","E","?","R","B",null,"M","M","$","?","M","R","M","E"],"character_chosen":"IRONCLAD","items_purchased":["expansioncontent:SlimeTackle+1","Carnage+1","expansioncontent:StudyTheSpire"],"campfire_rested":0,"item_purchase_floors":[5,8,20],"current_hp_per_floor":[64,64,69,69,69,64,64,64,64,64,64,67,62,34,34,32,73,74,78,78,78,60,60,37,0,0],"gold":100,"neow_bonus":"RANDOM_COMMON_RELIC","is_daily":false,"chose_seed":false,"campfire_upgraded":4,"win_rate":0.0,"timestamp":1610394723,"path_taken":["M","?","?","?","$","E","R","?","T","$","R","M","E","?","R","BOSS","M","M","$","?","M","R","M","E"],"items_purchased_type":["Card","Card","Card"],"build_version":"2020-12-18","purchased_purges":1,"victory":false,"max_hp_per_floor":[75,75,80,80,80,80,80,80,80,80,80,80,80,80,80,80,85,85,85,85,85,85,85,85,85,85],"card_choices":[{"not_picked":["Warcry","Sentinel"],"picked":"Uppercut","floor":1},{"not_picked":["Thunderclap+1","Intimidate"],"picked":"Armaments","floor":6},{"not_picked":["ReplayTheSpireMod:LeadingStrike+1","Run Through+1"],"picked":"Metallicize","floor":12},{"not_picked":["Dark Embrace","Sever Soul+1"],"picked":"Flex","floor":13},{"not_picked":["Impervious","Demonic Infusion"],"picked":"Reaper+1","floor":16},{"not_picked":["Replay:Undeath\u0027s Touch+1","Pommel Strike+1"],"picked":"Dropkick+1","floor":17},{"not_picked":["Thunderclap+1","ReplayTheSpireMod:Stacked"],"picked":"Shrug It Off","floor":18},{"not_picked":["Anger+1","Perfected Strike+1","Clash+1"],"picked":"SKIP","floor":19},{"not_picked":["Havoc","Armaments"],"picked":"Sword Boomerang+1","floor":22},{"not_picked":["Cleave+1","Wild Strike+1"],"picked":"Pommel Strike+1","floor":24}],"player_experience":605631,"relics_obtained":[{"floor":6,"key":"White Beast Statue"},{"floor":13,"key":"Bronze Scales"}],"event_choices":[{"damage_healed":0,"gold_gain":0,"player_choice":"Donut","damage_taken":0,"max_hp_gain":5,"max_hp_loss":0,"event_name":"Big Fish","floor":3,"gold_loss":0},{"cards_removed":["Injury"],"damage_healed":0,"gold_gain":0,"player_choice":"Forget","damage_taken":0,"max_hp_gain":0,"max_hp_loss":0,"event_name":"Living Wall","floor":4,"gold_loss":0},{"damage_healed":0,"gold_gain":0,"player_choice":"Take Damage","damage_taken":28,"relics_obtained":["Golden Idol"],"max_hp_gain":0,"max_hp_loss":0,"event_name":"Golden Idol","floor":14,"gold_loss":0},{"damage_healed":0,"gold_gain":0,"player_choice":"Read","damage_taken":0,"max_hp_gain":0,"max_hp_loss":0,"event_name":"The Library","floor":21,"gold_loss":0,"cards_obtained":["Exhume"]}],"is_beta":true,"boss_relics":[{"not_picked":["Runic Dome","Ooze Armor"],"picked":"Tiny House"}],"items_purged_floors":[20],"is_endless":false,"potions_floor_spawned":[6,12,13,16,18,19,22,24],"killed_by":"Slavers","ascension_level":18}}