{"host":"y76x98twjnyyxs83","time":1610392331,"event":{"mods":["BaseMod","Colored Powertips","Minty Spire (QoL Compilation)","Permanent Neow","Quick Restart","Rare Cards Sparkle","Relic Stats","StSLib"],"gold_per_floor":[110,110,160,174,174,174,188,215,238,255,255,270,286,319,319,396,396,434,434,475,144,183,183,183,183],"floor_reached":24,"playtime":997,"items_purged":[],"score":416,"play_id":"288a20e6-4070-4b41-9fdf-2d0bb63a357a","local_time":"20210112031211","is_ascension_mode":true,"campfire_choices":[{"data":"BattleHymn","floor":6.0,"key":"SMITH"},{"data":"WaveOfTheHand","floor":11.0,"key":"SMITH"},{"floor":15.0,"key":"REST"},{"floor":23,"key":"REST"}],"circlet_count":0,"master_deck":["AscendersBane","Eruption","Vigilance","BattleHymn+1","LikeWater","CutThroughFate","WaveOfTheHand+1","WheelKick","SpiritShield","Sanctity","Wish+1","Evaluate","DevaForm","Vengeance","ClearTheMind","Blasphemy","Scrawl","Wallop","LessonLearned","Protect+1","DeusExMachina","Wish","Conclude"],"relics":["SlaversCollar","White Beast Statue","Pandora\u0027s Box","Nloth\u0027s Gift","Orrery"],"acts_visited":["Exordium","TheCity"],"potions_floor_usage":[22],"damage_taken":[{"damage":3.0,"enemies":"Small Slimes","floor":1.0,"turns":4.0},{"damage":4.0,"enemies":"Jaw Worm","floor":4.0,"turns":3.0},{"damage":2.0,"enemies":"Cultist","floor":7.0,"turns":3.0},{"damage":29.0,"enemies":"Gremlin Nob","floor":8.0,"turns":4.0},{"damage":0.0,"enemies":"Blue Slaver","floor":10.0,"turns":5.0},{"damage":6.0,"enemies":"Red Slaver","floor":12.0,"turns":5.0},{"damage":6.0,"enemies":"Looter","floor":13.0,"turns":4.0},{"damage":1.0,"enemies":"3 Sentries","floor":14.0,"turns":5.0},{"damage":15.0,"enemies":"Hexaghost","floor":16.0,"turns":9.0},{"damage":30,"enemies":"Spheric Guardian","floor":18,"turns":5},{"damage":4,"enemies":"Chosen","floor":20,"turns":3},{"damage":22,"enemies":"Sentry and Sphere","floor":22,"turns":7},{"damage":29,"enemies":"Slavers","floor":24,"turns":1}],"seed_played":"-1008875132569472471","potions_obtained":[{"floor":1.0,"key":"ColorlessPotion"},{"floor":7.0,"key":"PowerPotion"},{"floor":10.0,"key":"LiquidBronze"},{"floor":16.0,"key":"GamblersBrew"},{"floor":18,"key":"Fire Potion"},{"floor":20,"key":"SteroidPotion"},{"floor":22,"key":"BlessingOfTheForge"}],"is_trial":false,"path_per_floor":["M","?","?","M","?","R","M","E","T","M","R","M","M","E","R","B",null,"M","?","M","$","M","R","E"],"character_chosen":"WATCHER","items_purchased":["Orrery","Conclude","Regen Potion"],"campfire_rested":2,"item_purchase_floors":[21,21,21],"current_hp_per_floor":[58,51,51,47,47,47,45,16,16,16,16,10,4,3,23,8,53,23,23,19,19,9,29,0,0],"gold":183,"neow_bonus":"BOSS_RELIC","is_daily":false,"chose_seed":false,"campfire_upgraded":2,"win_rate":0.0,"timestamp":1610392331,"path_taken":["M","?","?","?","?","R","M","E","T","M","R","?","M","E","R","BOSS","M","?","M","$","M","R","E"],"items_purchased_type":["Relic","Card","Potion"],"build_version":"2020-12-22","purchased_purges":0,"victory":false,"max_hp_per_floor":[68,68,68,68,68,68,68,68,68,68,68,68,68,68,68,68,68,68,68,68,68,68,68,68,68],"relic_stats":{"counters":[13,58],"Pandora\u0027s Box":["Evaluate","DevaForm","Vengeance","ClearTheMind","Blasphemy","Scrawl"],"Nloth\u0027s Gift":1,"obtain_stats":[{"SlaversCollar":0,"Orrery":21,"Pandora\u0027s Box":17,"Omamori":8,"Nloth\u0027s Gift":19,"PureWater":0,"White Beast Statue":14},{"SlaversCollar":0,"Orrery":11,"Pandora\u0027s Box":9,"Omamori":4,"Nloth\u0027s Gift":10,"PureWater":0,"White Beast Statue":8},{"SlaversCollar":0,"Orrery":50,"Pandora\u0027s Box":42,"Omamori":14,"Nloth\u0027s Gift":47,"PureWater":0,"White Beast Statue":33}]},"card_choices":[{"not_picked":["Crescendo","WindmillStrike"],"picked":"BattleHymn","floor":1.0},{"not_picked":["SandsOfTime","FlurryOfBlows"],"picked":"LikeWater","floor":4.0},{"not_picked":["SashWhip","CrushJoints","EmptyBody"],"picked":"SKIP","floor":7.0},{"not_picked":["BowlingBash","Consecrate"],"picked":"CutThroughFate","floor":8.0},{"not_picked":["EmptyFist","Halt"],"picked":"WaveOfTheHand","floor":10.0},{"not_picked":["FlurryOfBlows","Evaluate"],"picked":"WheelKick","floor":12.0},{"not_picked":["Crescendo","Perseverance"],"picked":"SpiritShield","floor":13.0},{"not_picked":["FlyingSleeves","Protect"],"picked":"Sanctity","floor":14.0},{"not_picked":["SpiritShield","Scrawl"],"picked":"Wish","floor":16.0},{"not_picked":["ThirdEye","CutThroughFate+1"],"picked":"Wallop","floor":18},{"not_picked":["FlyingSleeves","EmptyFist"],"picked":"LessonLearned","floor":20},{"not_picked":["Prostrate","BowlingBash"],"picked":"Protect+1","floor":21},{"not_picked":["Vengeance","Prostrate"],"picked":"DeusExMachina","floor":21},{"not_picked":["Evaluate","EmptyFist"],"picked":"Wish","floor":21},{"not_picked":["WaveOfTheHand","ClearTheMind","CutThroughFate"],"picked":"SKIP","floor":22}],"player_experience":1125131,"relics_obtained":[{"floor":8.0,"key":"Omamori"},{"floor":14.0,"key":"White Beast Statue"}],"event_choices":[{"cards_removed":["Strike_P"],"damage_healed":0.0,"max_hp_gain":0.0,"max_hp_loss":0.0,"gold_gain":0.0,"event_name":"Golden Wing","player_choice":"Card Removal","floor":2.0,"gold_loss":0.0,"damage_taken":7.0},{"damage_healed":0.0,"max_hp_gain":0.0,"max_hp_loss":0.0,"gold_gain":50.0,"event_name":"Golden Shrine","player_choice":"Pray","floor":3.0,"gold_loss":0.0,"damage_taken":0.0},{"cards_removed":["Strike_P"],"damage_healed":0.0,"max_hp_gain":0.0,"max_hp_loss":0.0,"gold_gain":0.0,"event_name":"Purifier","player_choice":"Purged","floor":5.0,"gold_loss":0.0,"damage_taken":0.0},{"damage_healed":0,"gold_gain":0,"player_choice":"Traded Relic","damage_taken":0,"relics_obtained":["Nloth\u0027s Gift"],"max_hp_gain":0,"max_hp_loss":0,"event_name":"N\u0027loth","floor":19,"relics_lost":["Omamori"],"gold_loss":0}],"is_beta":false,"boss_relics":[{"not_picked":["SacredBark","VioletLotus"],"picked":"Pandora\u0027s Box"}],"items_purged_floors":[],"is_endless":false,"potions_floor_spawned":[1,7,10,16,18,20,22],"killed_by":"Slavers","ascension_level":20}}