{"host":"ss2ocoam53r2lno0","time":1610382830,"event":{"mods":["Act Like it!","BaseMod","ChefMod","Clockwork Mod","Colored Powertips","Curses Come First","Displayed Cursed Tome","Downfall","Evolution","Googly Eyes","Hallownest","Highlight Path","Minty Spire (QoL Compilation)","Poor People Problems","Rare Cards Sparkle","Robot Space Explorer","Shade Mod","Shop Mod","Spicy Shops","StSLib","The Marked"],"gold_per_floor":[119,119,119,137,157,157,168,195,195,195,230,244,244,244],"floor_reached":13,"playtime":842,"items_purged":[],"score":100,"play_id":"27fd47f7-cdcc-4a98-a908-7c772557f571","local_time":"20210111173350","is_ascension_mode":true,"campfire_choices":[{"data":"Clockwork:CraftVarja","floor":6,"key":"SMITH"}],"circlet_count":0,"master_deck":["Clockwork:SnapKeep","Clockwork:SnapKeep","Clockwork:Strike","Clockwork:Strike","Clockwork:Shield","Clockwork:Shield","Clockwork:Shield","Clockwork:Shield","Clockwork:Tinker","Clockwork:WarmUp","Clockwork:Enhance","Clockwork:Roundhouse","Clockwork:OccamsRazor","Clockwork:ChargingBlade"],"relics":["Clockwork:MomentumEngine","EVO:Axolotl","NeowsBlessing","Anchor","Clockwork:Varja","Peace Pipe","Mummified Hand","Akabeko"],"acts_visited":["Exordium"],"potions_floor_usage":[7,11,13,13,13],"damage_taken":[{"damage":0,"enemies":"Small Slimes","floor":1,"turns":2},{"damage":0,"enemies":"Jaw Worm","floor":4,"turns":1},{"damage":0,"enemies":"2 Louse","floor":5,"turns":2},{"damage":31,"enemies":"Gremlin Gang","floor":7,"turns":5},{"damage":30,"enemies":"Lagavulin","floor":8,"turns":13},{"damage":16,"enemies":"Gremlin Nob","floor":11,"turns":5},{"damage":0,"enemies":"2 Fungi Beasts","floor":12,"turns":4},{"damage":8,"enemies":"Lagavulin","floor":13,"turns":3}],"seed_played":"-609582483518351308","potions_obtained":[{"floor":4,"key":"DuplicationPotion"},{"floor":5,"key":"Slimebound:ThreeZeroPotion"},{"floor":10,"key":"DuplicationPotion"},{"floor":10,"key":"DistilledChaos"},{"floor":11,"key":"Dexterity Potion"}],"is_trial":false,"path_per_floor":["M","?","?","M","M","R","M","E","T","?","E","M","E"],"character_chosen":"CLOCKWORK","items_purchased":[],"campfire_rested":0,"item_purchase_floors":[],"current_hp_per_floor":[85,73,78,78,78,78,47,17,17,17,1,1,0,0],"gold":244,"neow_bonus":"THREE_ENEMY_KILL","is_daily":false,"chose_seed":false,"campfire_upgraded":1,"win_rate":0.0,"timestamp":1610382830,"path_taken":["M","?","?","M","M","R","M","E","T","?","E","?","E"],"items_purchased_type":[],"build_version":"2020-12-22","purchased_purges":0,"victory":false,"max_hp_per_floor":[85,85,90,90,90,90,90,90,90,90,90,90,90,90],"card_choices":[{"not_picked":["Clockwork:Roundhouse","Clockwork:Pluck"],"picked":"Clockwork:Enhance","floor":1},{"not_picked":["Clockwork:SnapKeep","Clockwork:SystemScan"],"picked":"Clockwork:CraftVarja","floor":4},{"not_picked":["Clockwork:Redundancy","Clockwork:CogToss"],"picked":"Clockwork:Roundhouse","floor":5},{"not_picked":["Clockwork:SearchingStrike","Clockwork:TestingEnvironment"],"picked":"Clockwork:OccamsRazor","floor":7},{"not_picked":["Clockwork:SystemHardening","Clockwork:ForgeStrike","Clockwork:Downsize"],"picked":"SKIP","floor":8},{"not_picked":["Clockwork:ForgeStrike","Clockwork:AdaptiveShield"],"picked":"Clockwork:ChargingBlade","floor":11},{"not_picked":["Clockwork:Halt","Clockwork:SystemScan","Clockwork:AdaptiveShield"],"picked":"SKIP","floor":12}],"player_experience":662480,"relics_obtained":[{"floor":8,"key":"Peace Pipe"},{"floor":9,"key":"Mummified Hand"},{"floor":11,"key":"Akabeko"}],"event_choices":[{"damage_healed":0,"gold_gain":0,"player_choice":"Success","damage_taken":12,"relics_obtained":["Anchor"],"max_hp_gain":0,"max_hp_loss":0,"event_name":"Scrap Ooze","floor":2,"gold_loss":0},{"damage_healed":0,"gold_gain":0,"player_choice":"Donut","damage_taken":0,"max_hp_gain":5,"max_hp_loss":0,"event_name":"Big Fish","floor":3,"gold_loss":0},{"damage_healed":0,"gold_gain":0,"player_choice":"Got Potions","damage_taken":0,"max_hp_gain":0,"max_hp_loss":0,"event_name":"Lab","floor":10,"gold_loss":0}],"is_beta":false,"boss_relics":[],"items_purged_floors":[],"is_endless":false,"potions_floor_spawned":[4,5,11,12],"killed_by":"Lagavulin","ascension_level":1}}