{"host":"Vert","time":1610368714,"event":{"mods":["BaseMod","Better Note","Colored Powertips","Hermit","Marisa????????","Minty Spire (QoL Compilation)","Replay The Spire","StSLib","Td1madao Mod","The Gatherer","The Marked","The Servant 0.9.4"],"gold_per_floor":[111,127,26,101,101,428,442,442,442,458,458,478,193,193,193,323,323,313,136,161,11,25,41,41,41,41,41,41,66,107,130,130,130,130],"floor_reached":33,"playtime":1321,"items_purged":["Regret","Clumsy","Looming Evil","Delirium"],"score":292,"play_id":"3adfba21-d79c-4992-9ac4-b1c53be01e42","local_time":"20210111153834","is_ascension_mode":false,"campfire_choices":[{"floor":8,"key":"REST"},{"data":"Replay:Undeath\u0027s Touch","floor":11,"key":"SMITH"},{"floor":15,"key":"REST"},{"floor":27,"key":"REST"},{"data":"True Grit","floor":32,"key":"SMITH"}],"circlet_count":0,"master_deck":["Strike_R","Defend_R","Bash","Twin Strike","Thunderclap","Clash","Replay:Undeath\u0027s Touch+1","Shrug It Off","ReplayTheSpireMod:Strike From Hell","Sever Soul","ReplayTheSpireMod:Stacked","Clash","Demonic Infusion","Thunderclap+1","True Grit+1","Dark Embrace","Clothesline","Run Through","Run Through"],"relics":["Burning Blood","Divine Protection","Darkstone Periapt","ReplayTheSpireMod:CursedCoin","Bottled Flame","Golden Idol","Kintsugi","Lantern","The Courier","Nloth\u0027s Gift","Eternal Feather"],"acts_visited":["Exordium","TheCity"],"potions_floor_usage":[6,18,30,30,33,33],"damage_taken":[{"damage":2,"enemies":"2 Louse","floor":1,"turns":4},{"damage":0,"enemies":"Small Slimes","floor":2,"turns":4},{"damage":55,"enemies":"Lagavulin","floor":6,"turns":7},{"damage":0,"enemies":"Jaw Worm","floor":7,"turns":3},{"damage":0,"enemies":"3 Louse","floor":10,"turns":3},{"damage":0,"enemies":"Blue Slaver","floor":12,"turns":2},{"damage":27,"enemies":"Slime Boss","floor":16,"turns":11},{"damage":10,"enemies":"2 Thieves","floor":18,"turns":4},{"damage":8,"enemies":"3 Byrds","floor":20,"turns":5},{"damage":44,"enemies":"Shelled Parasite and Fungi","floor":22,"turns":6},{"damage":24,"enemies":"Snake Plant","floor":23,"turns":5},{"damage":0,"enemies":"Centurion and Healer","floor":29,"turns":5},{"damage":6,"enemies":"Book of Stabbing","floor":30,"turns":4},{"damage":15,"enemies":"3 Cultists","floor":31,"turns":5},{"damage":74,"enemies":"Collector","floor":33,"turns":10}],"seed_played":"-6732135631251428021","potions_obtained":[{"floor":1,"key":"SneckoOil"},{"floor":10,"key":"Ancient Potion"},{"floor":16,"key":"Explosive Potion"},{"floor":18,"key":"Adrenaline Potion"},{"floor":29,"key":"Energy Potion"},{"floor":30,"key":"Weak Potion"},{"floor":31,"key":"Swift Potion"}],"is_trial":false,"path_per_floor":["M","M","$","?","?","E","M","R","T","M","R","M","$","?","R","B",null,"M","$","M","$","M","M","?","?","T","R","?","M","E","M","R","B"],"character_chosen":"IRONCLAD","items_purchased":["Clash","ReplayTheSpireMod:Stacked","ReplayTheSpireMod:CursedCoin","Bottled Flame","Clash","True Grit"],"campfire_rested":3,"item_purchase_floors":[3,13,13,13,13,19],"current_hp_per_floor":[80,80,80,69,69,20,26,50,50,56,56,62,68,47,72,51,98,94,94,92,92,54,36,36,36,36,65,65,71,71,62,71,0,0],"gold":130,"neow_bonus":"RANDOM_EVENT","is_daily":false,"chose_seed":false,"campfire_upgraded":2,"win_rate":0.0,"timestamp":1610368714,"path_taken":["M","M","$","?","?","E","M","R","T","M","R","M","$","?","R","BOSS","M","$","M","$","M","M","?","?","T","R","?","?","E","M","R","BOSS"],"items_purchased_type":["Card","Card","Relic","Relic","Card","Card"],"build_version":"2020-12-18","purchased_purges":4,"victory":false,"max_hp_per_floor":[80,80,80,80,80,80,80,80,80,80,80,80,86,86,86,86,98,98,98,98,98,98,98,98,98,98,98,98,98,98,98,98,98,98],"card_choices":[{"not_picked":["Dual Wield","Dropkick"],"picked":"Twin Strike","floor":1},{"not_picked":["Sword Boomerang","Cleave"],"picked":"Thunderclap","floor":2},{"not_picked":["Combust","Power Through"],"picked":"Replay:Undeath\u0027s Touch","floor":6},{"not_picked":["Headbutt","Pommel Strike"],"picked":"Shrug It Off","floor":7},{"not_picked":["Sword Boomerang","Battle Trance"],"picked":"ReplayTheSpireMod:Strike From Hell","floor":10},{"not_picked":["Evolve","ReplayTheSpireMod:LeadingStrike"],"picked":"Sever Soul","floor":12},{"not_picked":["Berserk","Hemogenesis"],"picked":"Demonic Infusion","floor":16},{"not_picked":["Shockwave","Pommel Strike"],"picked":"Thunderclap+1","floor":18},{"not_picked":["Spot Weakness","Battle Trance","Heavy Blade"],"picked":"SKIP","floor":20},{"not_picked":["Iron Wave+1","Shrug It Off","Fire Breathing"],"picked":"SKIP","floor":22},{"not_picked":["Entrench+1","ReplayTheSpireMod:Strike From Hell"],"picked":"Dark Embrace","floor":23},{"not_picked":["Pummel+1","Evolve","Clash"],"picked":"SKIP","floor":29},{"not_picked":["Carnage","Iron Wave"],"picked":"Run Through","floor":30},{"not_picked":["Shrug It Off","Whirlwind"],"picked":"Run Through","floor":31}],"player_experience":530831,"relics_obtained":[{"floor":6,"key":"Old Coin"},{"floor":9,"key":"Darkstone Periapt"},{"floor":26,"key":"The Courier"},{"floor":30,"key":"Eternal Feather"}],"event_choices":[{"damage_healed":0,"gold_gain":0,"player_choice":"Box","damage_taken":0,"relics_obtained":["Divine Protection"],"max_hp_gain":0,"max_hp_loss":0,"event_name":"Big Fish","floor":0,"gold_loss":0,"cards_obtained":["Regret"]},{"damage_healed":0,"gold_gain":75,"player_choice":"Gather Gold","damage_taken":11,"max_hp_gain":0,"max_hp_loss":0,"event_name":"World of Goop","floor":4,"gold_loss":0},{"cards_removed":["Defend_R"],"damage_healed":0,"gold_gain":0,"player_choice":"Forget","damage_taken":0,"max_hp_gain":0,"max_hp_loss":0,"event_name":"Living Wall","floor":5,"gold_loss":0},{"damage_healed":0,"gold_gain":0,"player_choice":"Take Damage","damage_taken":21,"relics_obtained":["Golden Idol"],"max_hp_gain":0,"max_hp_loss":0,"event_name":"Golden Idol","floor":14,"gold_loss":0},{"damage_healed":0,"gold_gain":0,"player_choice":"Gave Potion","damage_taken":0,"relics_obtained":["Lantern"],"max_hp_gain":0,"max_hp_loss":0,"event_name":"WeMeetAgain","floor":24,"gold_loss":0},{"damage_healed":0,"gold_gain":0,"cards_transformed":["Strike_R"],"player_choice":"Transformed","damage_taken":0,"max_hp_gain":0,"max_hp_loss":0,"event_name":"Transmorgrifier","floor":25,"gold_loss":0,"cards_obtained":["Clothesline"]},{"damage_healed":0,"gold_gain":0,"player_choice":"Traded Relic","damage_taken":0,"relics_obtained":["Nloth\u0027s Gift"],"max_hp_gain":0,"max_hp_loss":0,"event_name":"N\u0027loth","floor":28,"relics_lost":["Old Coin"],"gold_loss":0}],"is_beta":true,"boss_relics":[{"not_picked":["SlaversCollar","SacredBark"],"picked":"Kintsugi"}],"items_purged_floors":[3,13,19,21],"is_endless":false,"potions_floor_spawned":[1,10,16,18,29,30,31],"killed_by":"Collector","ascension_level":0}}