{"host":"hve1dyh1ly81yl9f","time":1610389669,"event":{"mods":["BaseMod","Colored Map","DeckTracker","Highlight Path","Keyboard Shortcuts","Minty Spire (QoL Compilation)","Permanent Neow","Quick Restart","StSLib","SuperFastMode"],"gold_per_floor":[16,16,29,43,43,73,73,98,98,98,116,135,135,167,167,270,270,284,43,43,43,55,80,80,114,114,114,46,46,62,75,75,178,178,178,178],"floor_reached":35,"playtime":845,"items_purged":[],"score":603,"play_id":"621631fe-f440-4638-bbe1-43d0e2103d6d","local_time":"20210112032749","is_ascension_mode":true,"campfire_choices":[{"data":"Inflame","floor":7.0,"key":"SMITH"},{"floor":10.0,"key":"REST"},{"floor":15.0,"key":"REST"},{"floor":24.0,"key":"REST"},{"data":"Reaper","floor":27.0,"key":"SMITH"},{"data":"Inflame","floor":29.0,"key":"SMITH"},{"floor":32,"key":"REST"}],"circlet_count":0,"master_deck":["Strike_R+1","Strike_R","Strike_R","Strike_R","Strike_R+1","Defend_R","Defend_R","Defend_R","Defend_R","Bash","Limit Break","Perfected Strike+1","Shrug It Off","Inflame+1","Flex","Headbutt","Shrug It Off","Headbutt+1","Heavy Blade+1","Pommel Strike+1","Reaper+1","Inflame+1","Dual Wield","Double Tap"],"relics":["Black Blood","Ornamental Fan","HornCleat","InkBottle","Mango","SacredBark","Gremlin Horn","Matryoshka","Eternal Feather","Whetstone","Singing Bowl"],"acts_visited":["Exordium","TheCity","TheBeyond"],"potions_floor_usage":[31],"damage_taken":[{"damage":13.0,"enemies":"Jaw Worm","floor":1.0,"turns":4.0},{"damage":1.0,"enemies":"Cultist","floor":3.0,"turns":3.0},{"damage":0.0,"enemies":"Small Slimes","floor":4.0,"turns":3.0},{"damage":23.0,"enemies":"Gremlin Nob","floor":6.0,"turns":4.0},{"damage":40.0,"enemies":"3 Sentries","floor":8.0,"turns":7.0},{"damage":16.0,"enemies":"Exordium Wildlife","floor":11.0,"turns":4.0},{"damage":10.0,"enemies":"Exordium Thugs","floor":12.0,"turns":4.0},{"damage":26.0,"enemies":"Lagavulin","floor":14.0,"turns":4.0},{"damage":18.0,"enemies":"Slime Boss","floor":16.0,"turns":7.0},{"damage":22.0,"enemies":"Spheric Guardian","floor":18.0,"turns":4.0},{"damage":23.0,"enemies":"Chosen","floor":22.0,"turns":5.0},{"damage":21.0,"enemies":"Slavers","floor":23.0,"turns":3.0},{"damage":45.0,"enemies":"Book of Stabbing","floor":25.0,"turns":4.0},{"damage":23.0,"enemies":"Centurion and Healer","floor":30.0,"turns":4.0},{"damage":0,"enemies":"3 Cultists","floor":31,"turns":4},{"damage":69,"enemies":"Collector","floor":33,"turns":8},{"damage":93,"enemies":"3 Darklings","floor":35,"turns":4}],"seed_played":"192571591628152411","potions_obtained":[{"floor":4.0,"key":"FearPotion"},{"floor":8.0,"key":"Ancient Potion"},{"floor":11.0,"key":"SkillPotion"},{"floor":18.0,"key":"Strength Potion"},{"floor":30.0,"key":"LiquidMemories"}],"is_trial":false,"path_per_floor":["M","?","M","M","$","E","R","E","T","R","M","M","?","E","R","B",null,"M","$","?","?","M","E","R","E","T","R","$","R","M","M","R","B",null,"M"],"character_chosen":"IRONCLAD","items_purchased":["Gremlin Horn","Inflame"],"campfire_rested":4,"item_purchase_floors":[19,28],"current_hp_per_floor":[65,65,70,76,76,59,59,25,25,49,39,35,40,34,63,51,87,71,71,71,71,54,39,68,29,29,41,41,53,36,44,86,59,91,0,0],"gold":178,"neow_bonus":"THREE_RARE_CARDS","is_daily":false,"chose_seed":false,"campfire_upgraded":3,"win_rate":0.0,"timestamp":1610389669,"path_taken":["M","?","M","M","?","E","R","E","T","R","M","M","?","E","R","BOSS","M","$","?","?","M","E","R","E","T","R","?","R","M","?","R","BOSS","M"],"items_purchased_type":["Relic","Card"],"build_version":"2020-12-22","purchased_purges":0,"victory":false,"max_hp_per_floor":[80,80,80,80,80,80,80,80,80,80,80,80,85,99,99,99,99,99,99,99,99,99,99,99,99,99,99,99,99,99,101,101,101,101,101,101],"card_choices":[{"not_picked":["Brutality","Impervious"],"picked":"Limit Break","floor":0.0},{"not_picked":["Cleave","Headbutt"],"picked":"Perfected Strike","floor":1.0},{"not_picked":["Anger","Ghostly Armor"],"picked":"Shrug It Off","floor":3.0},{"not_picked":["Inflame","Second Wind","Carnage"],"picked":"SKIP","floor":4.0},{"not_picked":["Second Wind","Carnage"],"picked":"Inflame","floor":4.0},{"not_picked":["Fiend Fire","Havoc","Anger"],"picked":"SKIP","floor":6.0},{"not_picked":["Cleave","Flame Barrier"],"picked":"Flex","floor":8.0},{"not_picked":["Flex","Dark Embrace"],"picked":"Headbutt","floor":11.0},{"not_picked":["Blood for Blood","Entrench","Dark Embrace"],"picked":"SKIP","floor":12.0},{"not_picked":["Sword Boomerang","Warcry"],"picked":"Shrug It Off","floor":14.0},{"not_picked":["Pummel+1","Clothesline"],"picked":"Headbutt+1","floor":18.0},{"not_picked":["Dark Embrace","Feel No Pain+1"],"picked":"Heavy Blade+1","floor":22.0},{"not_picked":["Twin Strike","Carnage+1"],"picked":"Pommel Strike+1","floor":23.0},{"not_picked":["Headbutt+1","Rupture+1"],"picked":"Reaper","floor":25.0},{"not_picked":["Shrug It Off+1","Thunderclap"],"picked":"Dual Wield","floor":30.0},{"not_picked":["Havoc","Iron Wave+1","Pommel Strike+1"],"picked":"Singing Bowl","floor":31},{"not_picked":["Corruption","Impervious"],"picked":"Double Tap","floor":33}],"player_experience":309281,"relics_obtained":[{"floor":6.0,"key":"Ornamental Fan"},{"floor":8.0,"key":"HornCleat"},{"floor":9.0,"key":"InkBottle"},{"floor":14.0,"key":"Mango"},{"floor":23.0,"key":"Matryoshka"},{"floor":25.0,"key":"Eternal Feather"},{"floor":26.0,"key":"Whetstone"},{"floor":26.0,"key":"Singing Bowl"}],"event_choices":[{"damage_healed":0.0,"max_hp_gain":0.0,"max_hp_loss":0.0,"gold_gain":0.0,"event_name":"Upgrade Shrine","player_choice":"Upgraded","floor":2.0,"gold_loss":0.0,"damage_taken":0.0,"cards_upgraded":["Perfected Strike"]},{"damage_healed":0.0,"max_hp_gain":5.0,"max_hp_loss":0.0,"gold_gain":0.0,"event_name":"Big Fish","player_choice":"Donut","floor":13.0,"gold_loss":0.0,"damage_taken":0.0},{"damage_healed":0.0,"max_hp_gain":0.0,"max_hp_loss":0.0,"gold_gain":0.0,"event_name":"Vampires","player_choice":"Ignored","floor":20.0,"gold_loss":0.0,"damage_taken":0.0}],"is_beta":false,"boss_relics":[{"not_picked":["Snecko Eye","Pandora\u0027s Box"],"picked":"SacredBark"},{"not_picked":["Astrolabe","Runic Dome"],"picked":"Black Blood"}],"items_purged_floors":[],"is_endless":false,"potions_floor_spawned":[4,8,11,18,30],"killed_by":"3 Darklings","ascension_level":8}}