{"host":"5wznv0010959mrmz","time":1610376237,"event":{"mods":["BaseMod","Highlight Path","Minty Spire (QoL Compilation)","Relic Stats"],"gold_per_floor":[110,260,260,275,0,0,31,31,112,126,153,153,182,193,193,193,193],"floor_reached":16,"playtime":407,"items_purged":[],"score":285,"play_id":"81ffc72e-5a7d-49f0-a3e3-5d3e2ff580a7","local_time":"20210111084357","is_ascension_mode":true,"campfire_choices":[{"data":"Dagger Spray","floor":6,"key":"SMITH"},{"data":"Tools of the Trade","floor":12,"key":"SMITH"},{"data":"Eviscerate","floor":15,"key":"SMITH"}],"circlet_count":0,"master_deck":["AscendersBane","Strike_G","Strike_G","Strike_G","Strike_G","Strike_G","Defend_G+1","Defend_G","Defend_G","Defend_G","Defend_G+1","Survivor","Neutralize","Dagger Spray+1","Tools of the Trade+1","Underhanded Strike","Eviscerate+1","Acrobatics","Prepared","Backflip"],"relics":["Ring of the Snake","NeowsBlessing","Spirit Poop","Ninja Scroll","War Paint","Bottled Tornado","Omamori","Pen Nib"],"acts_visited":["Exordium"],"potions_floor_usage":[11,11,14],"damage_taken":[{"damage":0,"enemies":"2 Louse","floor":1,"turns":1},{"damage":0,"enemies":"Jaw Worm","floor":4,"turns":1},{"damage":0,"enemies":"Gremlin Nob","floor":7,"turns":1},{"damage":0,"enemies":"Cultist","floor":10,"turns":2},{"damage":12,"enemies":"Lagavulin","floor":11,"turns":3},{"damage":27,"enemies":"3 Sentries","floor":13,"turns":6},{"damage":0,"enemies":"Exordium Thugs","floor":14,"turns":2},{"damage":30,"enemies":"Hexaghost","floor":16,"turns":7}],"seed_played":"974349743624182675","potions_obtained":[{"floor":7,"key":"SteroidPotion"},{"floor":10,"key":"SteroidPotion"},{"floor":13,"key":"CunningPotion"}],"is_trial":false,"path_per_floor":["M","?","?","M","$","R","E","?","T","M","E","R","E","M","R","B"],"character_chosen":"THE_SILENT","items_purchased":["Ninja Scroll"],"campfire_rested":0,"item_purchase_floors":[5],"current_hp_per_floor":[59,59,59,59,59,59,59,64,64,64,52,52,25,25,25,0,0],"gold":193,"neow_bonus":"THREE_ENEMY_KILL","is_daily":false,"chose_seed":false,"campfire_upgraded":3,"win_rate":0.0,"timestamp":1610376237,"path_taken":["M","?","?","?","?","R","E","?","T","M","E","R","E","M","R","BOSS"],"items_purchased_type":["Relic"],"build_version":"2020-12-22","purchased_purges":0,"victory":false,"max_hp_per_floor":[66,66,66,66,66,66,66,71,71,71,71,71,71,71,71,71,71],"relic_stats":{"counters":[8,23],"Pen Nib":[2],"War Paint":["Defend_G","Defend_G"],"obtain_stats":[{"NeowsBlessing":0,"Ninja Scroll":5,"Spirit Poop":3,"Pen Nib":13,"Omamori":11,"War Paint":7,"Bottled Tornado":9,"Ring of the Snake":0},{"NeowsBlessing":0,"Ninja Scroll":2,"Spirit Poop":1,"Pen Nib":6,"Omamori":5,"War Paint":3,"Bottled Tornado":3,"Ring of the Snake":0},{"NeowsBlessing":0,"Ninja Scroll":2,"Spirit Poop":1,"Pen Nib":14,"Omamori":8,"War Paint":3,"Bottled Tornado":3,"Ring of the Snake":0}],"Ring of the Snake":[16]},"card_choices":[{"not_picked":["Dodge and Roll","Acrobatics"],"picked":"Dagger Spray","floor":1},{"not_picked":["Slice","Acrobatics"],"picked":"Tools of the Trade","floor":4},{"not_picked":["Sucker Punch","Riddle With Holes"],"picked":"Underhanded Strike","floor":7},{"not_picked":["Masterful Stab","Poisoned Stab"],"picked":"Eviscerate","floor":10},{"not_picked":["Dagger Spray","Infinite Blades"],"picked":"Acrobatics","floor":11},{"not_picked":["Crippling Poison","Outmaneuver"],"picked":"Prepared","floor":13},{"not_picked":["Expertise","Setup"],"picked":"Backflip","floor":14}],"player_experience":439489,"relics_obtained":[{"floor":7,"key":"War Paint"},{"floor":9,"key":"Bottled Tornado"},{"floor":11,"key":"Omamori"},{"floor":13,"key":"Pen Nib"}],"event_choices":[{"damage_healed":0,"gold_gain":150,"player_choice":"AGREE","damage_taken":0,"max_hp_gain":0,"max_hp_loss":0,"event_name":"Liars Game","floor":2,"gold_loss":0,"cards_obtained":["Doubt"]},{"cards_removed":["Doubt"],"damage_healed":0,"gold_gain":0,"player_choice":"Offered Curse","damage_taken":0,"relics_obtained":["Spirit Poop"],"max_hp_gain":0,"max_hp_loss":0,"event_name":"Bonfire Elementals","floor":3,"gold_loss":0},{"damage_healed":0,"gold_gain":0,"player_choice":"Donut","damage_taken":0,"max_hp_gain":5,"max_hp_loss":0,"event_name":"Big Fish","floor":8,"gold_loss":0}],"is_beta":false,"boss_relics":[],"items_purged_floors":[],"is_endless":false,"potions_floor_spawned":[7,10,13],"killed_by":"Hexaghost","ascension_level":20}}