{"host":"llpusn9usp8rznkj","time":1610330806,"event":{"mods":["2.2 Compatiblity","Aspiration","BaseMod","Colored Map","Colored Powertips","Conspire","Hubris","Minty Spire (QoL Compilation)","Quick Restart","Rare Cards Sparkle","Replay The Spire","StSLib","The Cursed"],"gold_per_floor":[119,119,119,119,2,2,29,29,29,29,57,68,68,106,106,202,202,227,137,137,158,83,83,83,118,20,20,20],"floor_reached":27,"playtime":1023,"items_purged":[],"score":586,"play_id":"18e52f25-6330-4e88-b091-0d7bbad2ebec","local_time":"20210110210646","is_ascension_mode":true,"campfire_choices":[{"data":"Prepared","floor":6,"key":"SMITH"},{"data":"Neutralize","floor":10,"key":"SMITH"},{"data":"After Image","floor":15,"key":"SMITH"}],"circlet_count":0,"master_deck":["AscendersBane","Strike_G","Strike_G","Strike_G","Strike_G","Defend_G","Defend_G","Defend_G","Defend_G","Defend_G","Survivor","Neutralize+1","Noxious Fumes+1","Prepared+1","Tactician","Tactician","Backflip","After Image+1","Noxious Fumes","Backflip","Die Die Die","Toxin Wave+1","Escape Plan","A Thousand Cuts","Draining Mist+1","Dark Shackles"],"relics":["Ring of the Snake","NeowsBlessing","hubris:Towel","Pantograph","Replay:Wax Seal","Omamori","hubris:BottledRain","Golden Idol","aspiration:VileToxins","Replay:Bronze Core","hubris:MedicalManual","MealTicket"],"acts_visited":["Exordium","TheCity"],"potions_floor_usage":[14,18,21,25],"damage_taken":[{"damage":0,"enemies":"2 Louse","floor":1,"turns":1},{"damage":0,"enemies":"3 Sentries","floor":7,"turns":2},{"damage":0,"enemies":"Gremlin Nob","floor":11,"turns":1},{"damage":0,"enemies":"Jaw Worm","floor":12,"turns":5},{"damage":27,"enemies":"3 Sentries","floor":14,"turns":7},{"damage":27,"enemies":"Hexaghost","floor":16,"turns":11},{"damage":19,"enemies":"2 Thieves","floor":18,"turns":5},{"damage":0,"enemies":"3 Byrds","floor":21,"turns":4},{"damage":28,"enemies":"Gremlin Leader","floor":25,"turns":8},{"damage":20,"enemies":"3 Cultists","floor":27,"turns":3}],"seed_played":"-8493941457601152868","potions_obtained":[{"floor":1,"key":"SpeedPotion"},{"floor":12,"key":"FearPotion"},{"floor":18,"key":"AttackPotion"},{"floor":21,"key":"BlessingOfTheForge"}],"is_trial":false,"path_per_floor":["M","?","T","?","$","R","E","$","T","R","E","M","?","E","R","B",null,"M","$","?","M","?","PTL","PTL","E","$","M"],"character_chosen":"THE_SILENT","items_purchased":["Prepared","Tactician","Escape Plan","Dark Shackles"],"campfire_rested":0,"item_purchase_floors":[5,5,19,26],"current_hp_per_floor":[59,59,59,59,59,59,59,59,59,59,59,59,36,9,9,7,51,32,32,32,32,32,32,32,4,19,0,0],"gold":20,"neow_bonus":"THREE_ENEMY_KILL","is_daily":false,"chose_seed":false,"campfire_upgraded":3,"win_rate":0.0,"timestamp":1610330806,"path_taken":["M","?","?","?","?","R","E","$","T","R","E","?","?","E","R","BOSS","M","$","?","M","?","PTL","PTL","E","?","?"],"items_purchased_type":["Card","Card","Card","Card"],"build_version":"2020-12-22","purchased_purges":0,"victory":false,"max_hp_per_floor":[66,66,66,66,66,66,66,66,66,66,66,66,66,66,66,66,66,66,66,66,66,66,66,66,66,66,66,66],"card_choices":[{"not_picked":["ReplayTheSpireMod:Speed Training","Dodge and Roll"],"picked":"Noxious Fumes","floor":1},{"not_picked":["Expertise","Deflect"],"picked":"Backflip","floor":7},{"not_picked":["Deadly Poison","After Image","hubris:SlightOfHand"],"picked":"SKIP","floor":11},{"not_picked":["Deadly Poison","hubris:SlightOfHand"],"picked":"After Image","floor":11},{"not_picked":["Outmaneuver","PiercingWail"],"picked":"Noxious Fumes","floor":12},{"not_picked":["Leg Sweep","Setup"],"picked":"Backflip","floor":14},{"not_picked":["Bullet Time","Burst"],"picked":"Die Die Die","floor":16},{"not_picked":["Outmaneuver+1","Backflip"],"picked":"Toxin Wave+1","floor":18},{"not_picked":["Acrobatics","Dagger Throw+1"],"picked":"A Thousand Cuts","floor":21},{"not_picked":["Accuracy","conspire:DoublingDagger"],"picked":"Draining Mist+1","floor":25}],"player_experience":1133698,"relics_obtained":[{"floor":3,"key":"Pantograph"},{"floor":7,"key":"Replay:Wax Seal"},{"floor":9,"key":"Omamori"},{"floor":11,"key":"hubris:BottledRain"},{"floor":14,"key":"aspiration:VileToxins"},{"floor":25,"key":"MealTicket"}],"event_choices":[{"damage_healed":0,"gold_gain":0,"player_choice":"Take Damage","damage_taken":23,"relics_obtained":["Golden Idol"],"max_hp_gain":0,"max_hp_loss":0,"event_name":"Golden Idol","floor":13,"gold_loss":0},{"damage_healed":0,"gold_gain":0,"player_choice":"Opened","damage_taken":0,"relics_obtained":["hubris:MedicalManual"],"max_hp_gain":0,"max_hp_loss":0,"event_name":"The Mausoleum","floor":20,"gold_loss":0,"cards_obtained":["Writhe"]},{"cards_removed":["Strike_G"],"damage_healed":0,"gold_gain":0,"player_choice":"Gave Gold","damage_taken":0,"max_hp_gain":0,"max_hp_loss":0,"event_name":"Beggar","floor":22,"gold_loss":75}],"is_beta":false,"boss_relics":[{"not_picked":["conspire:SeveredTorchhead","Velvet Choker"],"picked":"Replay:Bronze Core"}],"items_purged_floors":[],"is_endless":false,"potions_floor_spawned":[1,12,18,21],"killed_by":"3 Cultists","ascension_level":20}}