{"host":"x205naxbihvu3p76","time":1610354999,"event":{"mods":["AchievementEnabler","BaseMod","Minty Spire (QoL Compilation)","StSLib","SuperFastMode"],"gold_per_floor":[215,225,225,243,263,276,44,44,70,70,89,89,103,103,103,201,201,224,139,39,39,58,84,84,84,84,29,40,72,89,14,14,85,85,95,95,111,111,126,158,176,176,246,246,246],"floor_reached":44,"playtime":1373,"items_purged":["Strike_B","Strike_B"],"score":990,"play_id":"7d115278-aa41-44b1-9a9e-16e4d3620a78","local_time":"20210111174959","is_ascension_mode":true,"campfire_choices":[{"floor":10.0,"key":"REST"},{"data":"Defragment","floor":12.0,"key":"SMITH"},{"data":"Hello World","floor":15.0,"key":"SMITH"},{"floor":25.0,"key":"REST"},{"floor":32.0,"key":"REST"}],"circlet_count":0,"master_deck":["AscendersBane","Defend_B","Zap","Dualcast","Genetic Algorithm","Go for the Eyes","Streamline","Glacier","Conserve Battery","Defragment+1","Barrage","Leap","Hello World+1","Turbo","Machine Learning","Electrodynamics","Ball Lightning+1","Capacitor","Hologram","Reboot","Heatsinks+1","Echo Form","Self Repair","Consume+1","Storm+1","Reboot+1","Parasite"],"relics":["Cracked Core","Orrery","Bloody Idol","Oddly Smooth Stone","Fusion Hammer","MealTicket","Boot","Shuriken","Art of War","Cursed Key","Vajra","Mercury Hourglass"],"acts_visited":["Exordium","TheCity","TheBeyond"],"potions_floor_usage":[44,44,44,44],"damage_taken":[{"damage":0.0,"enemies":"Small Slimes","floor":1.0,"turns":3.0},{"damage":2.0,"enemies":"Cultist","floor":2.0,"turns":4.0},{"damage":9.0,"enemies":"Jaw Worm","floor":4.0,"turns":3.0},{"damage":8.0,"enemies":"Blue Slaver","floor":5.0,"turns":3.0},{"damage":22.0,"enemies":"Exordium Thugs","floor":6.0,"turns":5.0},{"damage":15.0,"enemies":"Exordium Wildlife","floor":11.0,"turns":3.0},{"damage":0.0,"enemies":"2 Fungi Beasts","floor":13.0,"turns":4.0},{"damage":15.0,"enemies":"Slime Boss","floor":16.0,"turns":11.0},{"damage":18.0,"enemies":"2 Thieves","floor":18.0,"turns":3.0},{"damage":18.0,"enemies":"Shell Parasite","floor":22.0,"turns":5.0},{"damage":0.0,"enemies":"Book of Stabbing","floor":23.0,"turns":5.0},{"damage":18.0,"enemies":"Snake Plant","floor":28.0,"turns":5.0},{"damage":29.0,"enemies":"Slavers","floor":29.0,"turns":5.0},{"damage":0.0,"enemies":"Shelled Parasite and Fungi","floor":30.0,"turns":4.0},{"damage":13.0,"enemies":"Champ","floor":33.0,"turns":9.0},{"damage":3.0,"enemies":"3 Darklings","floor":35.0,"turns":5.0},{"damage":20.0,"enemies":"Orb Walker","floor":37.0,"turns":4.0},{"damage":6,"enemies":"Transient","floor":39,"turns":6},{"damage":29,"enemies":"Giant Head","floor":40,"turns":5},{"damage":32,"enemies":"Maw","floor":41,"turns":6},{"damage":38,"enemies":"Writhing Mass","floor":44,"turns":1}],"seed_played":"955421784655717480","potions_obtained":[{"floor":2.0,"key":"SkillPotion"},{"floor":4.0,"key":"Strength Potion"},{"floor":16.0,"key":"DistilledChaos"},{"floor":22.0,"key":"Fire Potion"},{"floor":23.0,"key":"SpeedPotion"},{"floor":30.0,"key":"SkillPotion"},{"floor":37.0,"key":"LiquidBronze"},{"floor":38.0,"key":"CultistPotion"},{"floor":38.0,"key":"EntropicBrew"}],"is_trial":false,"path_per_floor":["M","M","?","M","M","M","$","?","T","R","M","R","M","?","R","B",null,"M","?","$","?","M","E","?","R","T","$","M","E","M","?","R","B",null,"M","?","M","?","M","E","M","?","T","M"],"character_chosen":"DEFECT","items_purchased":["Orrery","FocusPotion"],"campfire_rested":3,"item_purchase_floors":[7,27],"current_hp_per_floor":[64,62,62,53,45,23,23,23,23,42,27,27,27,27,27,12,51,33,33,48,48,35,40,40,59,59,64,51,27,32,32,51,43,59,61,61,46,46,52,42,22,22,27,0,0],"gold":246,"neow_bonus":"HUNDRED_GOLD","is_daily":false,"chose_seed":false,"campfire_upgraded":2,"win_rate":0.0,"timestamp":1610354999,"path_taken":["M","M","?","M","?","M","$","?","T","R","M","R","M","?","R","BOSS","M","?","$","?","M","E","?","R","T","$","M","E","M","?","R","BOSS","M","?","M","?","M","E","?","?","T","M"],"items_purchased_type":["Relic","Potion"],"build_version":"2020-12-22","purchased_purges":2,"victory":false,"max_hp_per_floor":[71,71,71,71,71,71,71,64,64,64,64,64,64,64,64,64,64,64,64,64,64,64,64,64,64,64,64,64,64,64,64,64,64,64,64,61,61,61,61,61,61,61,61,61,61],"card_choices":[{"not_picked":["Leap","Barrage"],"picked":"Genetic Algorithm","floor":1.0},{"not_picked":["Heatsinks","Barrage"],"picked":"Go for the Eyes","floor":2.0},{"not_picked":["Reinforced Body","Hello World"],"picked":"Streamline","floor":4.0},{"not_picked":["Gash","Stack","Coolheaded"],"picked":"SKIP","floor":5.0},{"not_picked":["Steam","Turbo"],"picked":"Glacier","floor":6.0},{"not_picked":["Stack","Gash"],"picked":"Conserve Battery","floor":7.0},{"not_picked":["Rebound","Cold Snap"],"picked":"Defragment","floor":7.0},{"not_picked":["Sweeping Beam","Melter"],"picked":"Barrage","floor":7.0},{"not_picked":["Coolheaded","Stack"],"picked":"Leap","floor":7.0},{"not_picked":["Force Field","Stack"],"picked":"Hello World","floor":7.0},{"not_picked":["Buffer","Doom and Gloom"],"picked":"Turbo","floor":11.0},{"not_picked":["Heatsinks","Streamline","Reprogram"],"picked":"SKIP","floor":13.0},{"not_picked":["Multi-Cast","Hyperbeam"],"picked":"Electrodynamics","floor":16.0},{"not_picked":["Go for the Eyes","Beam Cell"],"picked":"Ball Lightning+1","floor":18.0},{"not_picked":["Darkness","Compile Driver","Steam Power"],"picked":"SKIP","floor":22.0},{"not_picked":["Stack","Defragment"],"picked":"Capacitor","floor":23.0},{"not_picked":["Double Energy","Sunder","Leap"],"picked":"SKIP","floor":28.0},{"not_picked":["Cold Snap+1","Conserve Battery"],"picked":"Heatsinks+1","floor":29.0},{"not_picked":["Compile Driver","Genetic Algorithm","Redo"],"picked":"SKIP","floor":30.0},{"not_picked":["Meteor Strike","Hyperbeam"],"picked":"Echo Form","floor":33.0},{"not_picked":["Gash","Rebound+1"],"picked":"Self Repair","floor":35.0},{"not_picked":["Force Field","Reinforced Body"],"picked":"Consume+1","floor":37.0},{"not_picked":["Beam Cell+1","Sweeping Beam+1"],"picked":"Storm+1","floor":39},{"not_picked":["Stack","Hello World"],"picked":"Reboot","floor":40},{"not_picked":["Compile Driver","Turbo","Gash"],"picked":"SKIP","floor":41}],"player_experience":967192,"relics_obtained":[{"floor":9.0,"key":"Oddly Smooth Stone"},{"floor":23.0,"key":"Boot"},{"floor":26.0,"key":"Shuriken"},{"floor":29.0,"key":"Art of War"},{"floor":40,"key":"Vajra"},{"floor":43,"key":"Mercury Hourglass"}],"event_choices":[{"cards_removed":["Defend_B"],"damage_healed":0.0,"max_hp_gain":0.0,"max_hp_loss":0.0,"gold_gain":0.0,"event_name":"Wheel of Change","player_choice":"Card Removal","floor":3.0,"gold_loss":0.0,"damage_taken":0.0},{"damage_healed":0.0,"max_hp_gain":0.0,"max_hp_loss":7.0,"gold_gain":0.0,"event_name":"Golden Idol","player_choice":"Lose Max HP","floor":8.0,"gold_loss":0.0,"damage_taken":0.0,"relics_obtained":["Golden Idol"]},{"damage_healed":0.0,"max_hp_gain":0.0,"max_hp_loss":0.0,"gold_gain":0.0,"cards_transformed":["Strike_B"],"event_name":"Transmorgrifier","player_choice":"Transformed","floor":14.0,"gold_loss":0.0,"damage_taken":0.0,"cards_obtained":["Machine Learning"]},{"damage_healed":0.0,"max_hp_gain":0.0,"max_hp_loss":0.0,"gold_gain":0.0,"event_name":"Addict","player_choice":"Obtained Relic","floor":19.0,"gold_loss":85.0,"damage_taken":0.0,"relics_obtained":["MealTicket"]},{"damage_healed":0.0,"max_hp_gain":0.0,"max_hp_loss":0.0,"gold_gain":0.0,"event_name":"Forgotten Altar","player_choice":"Gave Idol","floor":21.0,"relics_lost":["Golden Idol"],"gold_loss":0.0,"damage_taken":0.0,"relics_obtained":["Bloody Idol"]},{"damage_healed":0.0,"max_hp_gain":0.0,"max_hp_loss":0.0,"gold_gain":0.0,"cards_transformed":["Strike_B","Defend_B"],"event_name":"Drug Dealer","player_choice":"Became Test Subject","floor":24.0,"gold_loss":0.0,"damage_taken":0.0,"cards_obtained":["Hologram","Reboot"]},{"cards_removed":["Defend_B"],"damage_healed":0.0,"max_hp_gain":0.0,"max_hp_loss":0.0,"gold_gain":0.0,"event_name":"Beggar","player_choice":"Gave Gold","floor":31.0,"gold_loss":75.0,"damage_taken":0.0},{"damage_healed":0.0,"max_hp_gain":0.0,"max_hp_loss":3.0,"gold_gain":0.0,"event_name":"Winding Halls","player_choice":"Max HP","floor":36.0,"gold_loss":0.0,"damage_taken":0.0},{"damage_healed":0.0,"max_hp_gain":0.0,"max_hp_loss":0.0,"gold_gain":0.0,"event_name":"Lab","player_choice":"Got Potions","floor":38.0,"gold_loss":0.0,"damage_taken":0.0},{"damage_healed":0,"gold_gain":0,"player_choice":"Upgraded","damage_taken":0,"max_hp_gain":0,"max_hp_loss":0,"event_name":"Upgrade Shrine","floor":42,"gold_loss":0,"cards_upgraded":["Reboot"]}],"is_beta":false,"boss_relics":[{"not_picked":["Astrolabe","Snecko Eye"],"picked":"Fusion Hammer"},{"not_picked":["Pandora\u0027s Box","Tiny House"],"picked":"Cursed Key"}],"items_purged_floors":[7,20],"is_endless":false,"potions_floor_spawned":[2,4,16,22,23,30,37,40],"killed_by":"Writhing Mass","ascension_level":20}}