{"host":"rwomhe7k24zy6c7l","time":1610376282,"event":{"mods":["Act Like it!","BaseMod","Colored Powertips","Conspire","Gensokyo","Luminous","Minty Spire (QoL Compilation)","RumiaBox-露米娅的神秘盒子","StSLib","The Bug Knight","Waifu the Spire","WarShipGirlsR/战舰少女R mod"],"gold_per_floor":[116,81,181,198,213,213,213,249,326,326,339,358,12,28,28,28,28],"floor_reached":16,"playtime":755,"items_purged":[],"score":102,"play_id":"4724e452-64ec-437e-87fe-414bc08d05b8","local_time":"20210111224442","is_ascension_mode":false,"campfire_choices":[{"data":"rmod:luckystar","floor":6.0,"key":"SMITH"},{"floor":10.0,"key":"REST"},{"floor":15.0,"key":"REST"}],"circlet_count":0,"master_deck":["rmod:strick","rmod:strick","rmod:strick","rmod:strick","rmod:defend","rmod:defend","rmod:defend","rmod:defend","rmod:basicallowance","rmod:maingunfire","rmod:luckystar+1","rmod:victimresponsibility","rmod:aviationdawn","rmod:robin"],"relics":["rmod:firstchargereward","Incense Burner","Golden Idol","Strawberry","conspire:Dentures","CaptainsWheel"],"acts_visited":["Exordium"],"potions_floor_usage":[16],"damage_taken":[{"damage":11.0,"enemies":"Jaw Worm","floor":1.0,"turns":3.0},{"damage":0.0,"enemies":"Small Slimes","floor":4.0,"turns":3.0},{"damage":6.0,"enemies":"Cultist","floor":5.0,"turns":3.0},{"damage":30.0,"enemies":"3 Sentries","floor":8.0,"turns":7.0},{"damage":1.0,"enemies":"Blue Slaver","floor":11.0,"turns":3.0},{"damage":2.0,"enemies":"Exordium Wildlife","floor":12.0,"turns":4.0},{"damage":13.0,"enemies":"Gremlin Gang","floor":14.0,"turns":4.0},{"damage":51,"enemies":"Hexaghost","floor":16,"turns":10}],"seed_played":"2212644027026403526","potions_obtained":[{"floor":5.0,"key":"SkillPotion"},{"floor":8.0,"key":"LiquidMemories"}],"is_trial":false,"path_per_floor":["M","?","?","M","M","R","?","E","T","R","M","M","$","M","R","B"],"character_chosen":"PRAEFECT","items_purchased":["CaptainsWheel","rmod:aviationdawn"],"campfire_rested":2,"item_purchase_floors":[13,13],"current_hp_per_floor":[43,61,61,61,55,55,37,14,14,38,37,35,35,22,46,0,0],"gold":28,"neow_bonus":"ONE_RARE_RELIC","is_daily":false,"chose_seed":false,"campfire_upgraded":1,"win_rate":0.0,"timestamp":1610376282,"path_taken":["M","?","?","?","M","R","?","E","T","R","M","M","?","?","R","BOSS"],"items_purchased_type":["Relic","Card"],"build_version":"2020-12-22","purchased_purges":0,"victory":false,"max_hp_per_floor":[75,75,75,75,75,75,75,82,82,82,82,82,82,82,82,82,82],"card_choices":[{"not_picked":["rmod:firesupport","rmod:tearstotiara","rmod:steelsupply"],"picked":"SKIP","floor":1.0},{"not_picked":["rmod:circuitoustactics","rmod:fuelsupply"],"picked":"rmod:luckystar","floor":4.0},{"not_picked":["rmod:steelsupply","rmod:luckystar","rmod:gendarmerie"],"picked":"SKIP","floor":5.0},{"not_picked":["rmod:aluminumsupply","rmod:tearstotiara","rmod:ammunitionsupply"],"picked":"SKIP","floor":8.0},{"not_picked":["rmod:luckystar","rmod:steelsupply"],"picked":"rmod:victimresponsibility","floor":11.0},{"not_picked":["rmod:ammunitionsupply","rmod:firesupport","rmod:fuelsupply"],"picked":"SKIP","floor":12.0},{"not_picked":["rmod:maintain","rmod:intelligenceanalysis"],"picked":"rmod:robin","floor":14.0}],"player_experience":131751,"relics_obtained":[{"floor":8.0,"key":"Strawberry"},{"floor":9.0,"key":"conspire:Dentures"}],"event_choices":[{"damage_healed":18.0,"max_hp_gain":0.0,"max_hp_loss":0.0,"gold_gain":0.0,"event_name":"The Cleric","player_choice":"Healed","floor":2.0,"gold_loss":35.0,"damage_taken":0.0},{"damage_healed":0.0,"max_hp_gain":0.0,"max_hp_loss":0.0,"gold_gain":100.0,"event_name":"Golden Shrine","player_choice":"Pray","floor":3.0,"gold_loss":0.0,"damage_taken":0.0},{"damage_healed":0.0,"max_hp_gain":0.0,"max_hp_loss":0.0,"gold_gain":0.0,"event_name":"Golden Idol","player_choice":"Take Damage","floor":7.0,"gold_loss":0.0,"damage_taken":18.0,"relics_obtained":["Golden Idol"]}],"is_beta":false,"boss_relics":[],"items_purged_floors":[],"is_endless":false,"potions_floor_spawned":[5,8],"killed_by":"Hexaghost","ascension_level":0}}