{"host":"l84l8xigz5v5foa2","time":1610339791,"event":{"mods":["2.2 Compatiblity","AchievementEnabler","BaseMod","Better Note","Better Vampires","Card Filter","Colored Map","DeckTracker","Downfall","Gremlin Skip","Highlight Path","Keyboard Shortcuts","Minty Spire (QoL Compilation)","Permanent Neow","Quick Restart","Relic Filter","Relic Stats","StSLib","SuperFastMode","Transform Curses","Unknown Chances"],"gold_per_floor":[99,118,135,147,147,181,181,181,181,181,194,194,227,262,280,357,357,282,300,317,328,361,361,361,393,393,393,412,412,445,211,224,297,297,297,311,336,336,164,181,181,31,59,388,388,414,32,32,46,46,46,81,81,81,81],"floor_reached":56,"playtime":4215,"items_purged":["Guardian:Gem_Green","Guardian:GemFinder"],"score":3272,"play_id":"4f8bfe4f-dcac-4c24-9f1f-f74ab832ccbb","local_time":"20210111133631","daily_mods":["Draft","Flight","downfall:Jewelcrafting","DeadlyEvents","Elite Swarm"],"is_ascension_mode":true,"campfire_choices":[{"data":"Guardian:ExploitGems","floor":1.0,"key":"SMITH"},{"data":"Guardian:MultiBeam","floor":8.0,"key":"SMITH"},{"data":"Guardian:EvasiveProtocol","floor":9.0,"key":"SMITH"},{"data":"Guardian:ExploitGems","floor":12.0,"key":"SMITH"},{"data":"Guardian:StasisEngine","floor":18.0,"key":"SMITH"},{"data":"Guardian:Suspension","floor":26.0,"key":"SMITH"},{"data":"Guardian:BaubleBeam","floor":27.0,"key":"SMITH"},{"data":"Guardian:PolyBeam","floor":29.0,"key":"SMITH"},{"floor":35.0,"key":"RECALL"},{"data":"Guardian:VentSteam","floor":42.0,"key":"SMITH"},{"data":"Guardian:CompilePackage","floor":45.0,"key":"SMITH"},{"data":"Guardian:Reroute","floor":54.0,"key":"SMITH"}],"circlet_count":0,"master_deck":["AscendersBane","Guardian:ExploitGems+1","Guardian:ExploitGems+1","Guardian:Incinerate","Guardian:PrismaticBeam","Guardian:MultiBeam+1","Guardian:Reroute+1","Guardian:PiercingHide+1","Guardian:Recover+1","Guardian:EvasiveProtocol+1","Guardian:VentSteam+1","Guardian:PolyBeam+1","Guardian:StasisEngine+1","Guardian:Suspension+1","Guardian:BaubleBeam+1","Guardian:Gem_Blue","Guardian:CompilePackage+1"],"relics":["Guardian:ModeShifter","Guardian:PickAxe","Dream Catcher","Bottled Lightning","downfall:ShatteredFragment","Oddly Smooth Stone","Kunai","sneckomod:SneckoTalon","downfall:HeartBlessingGreen","Bronze Scales","Strawberry","Molten Egg 2","Shuriken","Guardian:PocketSentry","Sozu","Incense Burner","Chemical X","Bottled Flame","downfall:HeartBlessingRed","downfall:HeartBlessingBlue","Letter Opener","Old Coin","War Paint","Sundial","Guardian:StasisCodex"],"acts_visited":["Exordium","TheCity","TheBeyond","TheEnding"],"potions_floor_usage":[55],"damage_taken":[{"damage":1.0,"enemies":"Cultist","floor":2.0,"turns":4.0},{"damage":0.0,"enemies":"Jaw Worm","floor":3.0,"turns":4.0},{"damage":0.0,"enemies":"Small Slimes","floor":4.0,"turns":3.0},{"damage":18.0,"enemies":"3 Sentries","floor":6.0,"turns":7.0},{"damage":0.0,"enemies":"Gremlin Gang","floor":11.0,"turns":4.0},{"damage":0.0,"enemies":"Gremlin Nob","floor":13.0,"turns":2.0},{"damage":0.0,"enemies":"Lagavulin","floor":14.0,"turns":5.0},{"damage":0.0,"enemies":"Lots of Slimes","floor":15.0,"turns":1.0},{"damage":0.0,"enemies":"downfall:Silent","floor":16.0,"turns":4.0},{"damage":0.0,"enemies":"Chosen","floor":19.0,"turns":2.0},{"damage":0.0,"enemies":"3 Byrds","floor":20.0,"turns":2.0},{"damage":0.0,"enemies":"Shelled Parasite and Fungi","floor":21.0,"turns":2.0},{"damage":0.0,"enemies":"Gremlin Leader","floor":22.0,"turns":2.0},{"damage":0.0,"enemies":"Book of Stabbing","floor":25.0,"turns":3.0},{"damage":0.0,"enemies":"Cultist and Chosen","floor":28.0,"turns":3.0},{"damage":0.0,"enemies":"Gremlin Leader","floor":30.0,"turns":2.0},{"damage":0.0,"enemies":"downfall:FleeingMerchant","floor":31.0,"turns":3.0},{"damage":0.0,"enemies":"Snecko","floor":32.0,"turns":2.0},{"damage":0.0,"enemies":"downfall:Ironclad","floor":33.0,"turns":3.0},{"damage":0.0,"enemies":"3 Shapes","floor":36.0,"turns":1.0},{"damage":0.0,"enemies":"Mind Bloom Boss Battle","floor":37.0,"turns":3.0},{"damage":0.0,"enemies":"3 Darklings","floor":40.0,"turns":2.0},{"damage":0.0,"enemies":"Nemesis","floor":43.0,"turns":3.0},{"damage":0.0,"enemies":"Reptomancer","floor":44.0,"turns":2.0},{"damage":0.0,"enemies":"Giant Head","floor":46.0,"turns":2.0},{"damage":0.0,"enemies":"Maw","floor":49.0,"turns":2.0},{"damage":0.0,"enemies":"downfall:Defect","floor":50.0,"turns":2.0},{"damage":0.0,"enemies":"downfall:CharBossMerchant","floor":52.0,"turns":1.0},{"damage":0,"enemies":"downfall:NeowBoss","floor":55,"turns":7}],"seed_played":"-3486288010922611395","potions_obtained":[{"floor":11.0,"key":"SpeedPotion"},{"floor":13.0,"key":"CultistPotion"},{"floor":15.0,"key":"Fire Potion"},{"floor":20.0,"key":"BlessingOfTheForge"},{"floor":22.0,"key":"EssenceOfSteel"},{"floor":33.0,"key":"PowerPotion"}],"is_trial":true,"path_per_floor":["R","M","M","M","?","E","T","R","R","?","M","R","E","E","M","B",null,"R","M","M","M","E","?","T","E","R","R","M","R","E","$","M","B",null,"R","M","?","?","$","M","T","R","E","E","R","E","$","?","M","B",null,"E","$","R","B",null],"character_chosen":"GUARDIAN","items_purchased":["Shuriken","Guardian:PocketSentry","Chemical X","Sundial"],"campfire_rested":0,"item_purchase_floors":[31,31,39,47],"current_hp_per_floor":[65,64,64,64,64,46,46,46,46,22,22,22,22,22,22,22,60,60,60,60,60,60,60,60,67,67,67,67,67,67,67,67,67,76,76,76,76,76,76,76,76,86,86,86,86,86,86,86,86,86,88,88,88,88,88],"gold":81,"neow_bonus":"","is_daily":false,"chose_seed":false,"campfire_upgraded":11,"win_rate":0.0,"timestamp":1610339791,"path_taken":["R","M","M","?","?","E","T","R","R","?","?","R","?","E","M","BOSS","R","M","M","?","?","?","T","?","R","R","?","R","?","$","M","BOSS","R","M","?","?","$","?","T","R","E","?","R","E","$","?","M","BOSS","E","$","R","BOSS"],"items_purchased_type":["Relic","Relic","Relic","Relic"],"build_version":"2020-12-22","purchased_purges":2,"victory":true,"max_hp_per_floor":[72,72,72,72,72,72,72,72,72,72,72,72,72,72,72,72,72,72,72,72,72,72,72,72,79,79,79,79,79,79,79,79,79,79,79,79,79,79,79,79,79,89,89,89,89,89,89,89,89,89,89,89,89,89,89],"relic_stats":{"Sozu":2,"Dream Catcher":0,"counters":[29,83],"Shuriken":[43],"Sundial":[26],"Bronze Scales":[64],"Kunai":[68],"Chemical X":[7],"Letter Opener":[216],"War Paint":["Guardian:Recover","Guardian:PiercingHide"],"obtain_stats":[{"downfall:HeartBlessingGreen":18,"Guardian:StasisCodex":52,"Incense Burner":37,"Old Coin":44,"Guardian:PickAxe":0,"Sozu":34,"Dream Catcher":6,"downfall:HeartBlessingBlue":42,"Sundial":47,"Strawberry":25,"Kunai":14,"Chemical X":39,"downfall:ShatteredFragment":10,"downfall:HeartBlessingRed":42,"Guardian:ModeShifter":0,"Oddly Smooth Stone":13,"Guardian:PocketSentry":31,"Letter Opener":43,"War Paint":46,"sneckomod:SneckoTalon":17,"Bottled Flame":41,"Shuriken":31,"Bronze Scales":22,"Molten Egg 2":30,"Bottled Lightning":7},{"downfall:HeartBlessingGreen":9,"Guardian:StasisCodex":28,"Incense Burner":21,"Old Coin":24,"Guardian:PickAxe":0,"Sozu":19,"Dream Catcher":4,"downfall:HeartBlessingBlue":22,"Sundial":25,"Strawberry":14,"Kunai":7,"Chemical X":21,"downfall:ShatteredFragment":4,"downfall:HeartBlessingRed":22,"Guardian:ModeShifter":0,"Oddly Smooth Stone":6,"Guardian:PocketSentry":17,"Letter Opener":23,"War Paint":25,"sneckomod:SneckoTalon":9,"Bottled Flame":22,"Shuriken":17,"Bronze Scales":13,"Molten Egg 2":16,"Bottled Lightning":4},{"downfall:HeartBlessingGreen":34,"Guardian:StasisCodex":76,"Incense Burner":62,"Old Coin":69,"Guardian:PickAxe":0,"Sozu":58,"Dream Catcher":18,"downfall:HeartBlessingBlue":64,"Sundial":71,"Strawberry":45,"Kunai":29,"Chemical X":62,"downfall:ShatteredFragment":18,"downfall:HeartBlessingRed":64,"Guardian:ModeShifter":0,"Oddly Smooth Stone":24,"Guardian:PocketSentry":53,"Letter Opener":67,"War Paint":71,"sneckomod:SneckoTalon":34,"Bottled Flame":64,"Shuriken":53,"Bronze Scales":42,"Molten Egg 2":50,"Bottled Lightning":18}]},"card_choices":[{"not_picked":["Guardian:PrimingBeam","Guardian:Gem_Red"],"picked":"Guardian:Incinerate","floor":0.0},{"not_picked":["Guardian:Incinerate","Guardian:Gem_Green"],"picked":"Guardian:Gem_Cyan","floor":0.0},{"not_picked":["Guardian:Gem_Red","Guardian:VentSteam"],"picked":"Guardian:PrismaticBeam","floor":0.0},{"not_picked":["Guardian:VentSteam","Guardian:Gem_Red"],"picked":"Guardian:MultiBeam","floor":0.0},{"not_picked":["Guardian:RollAttack","Guardian:RefractedBeam"],"picked":"Guardian:Gem_White","floor":0.0},{"not_picked":["Guardian:Incinerate","Guardian:CrystalBeam"],"picked":"Guardian:Reroute","floor":0.0},{"not_picked":["Guardian:Gem_Green","Guardian:Reroute"],"picked":"Guardian:PiercingHide","floor":0.0},{"not_picked":["Guardian:ChargeCore","Guardian:PiercingHide"],"picked":"Guardian:Recover","floor":0.0},{"not_picked":["Guardian:PiercingHide","Guardian:ShieldSpikes"],"picked":"Guardian:ShieldCharger","floor":0.0},{"not_picked":["Guardian:WalkerClaw","Guardian:CrystalBeam"],"picked":"Guardian:PrimingBeam","floor":0.0},{"not_picked":["Guardian:Suspension","Guardian:ShieldCharger"],"picked":"Guardian:Gem_Fragmented","floor":0.0},{"not_picked":["Guardian:WalkerClaw","Guardian:CrystalBeam"],"picked":"Guardian:Recover","floor":0.0},{"not_picked":["Guardian:Planning","Guardian:DonusPower"],"picked":"Guardian:EvasiveProtocol","floor":0.0},{"not_picked":["Guardian:Gem_Green","Guardian:RollAttack"],"picked":"Guardian:VentSteam","floor":0.0},{"not_picked":["Guardian:Gem_Crimson","Guardian:PrimingBeam"],"picked":"Guardian:Gem_White","floor":0.0},{"not_picked":["Guardian:Gem_Red","Guardian:Gem_Green"],"picked":"Guardian:Gem_Cyan","floor":2.0},{"not_picked":["Guardian:Reroute","Guardian:Incinerate"],"picked":"Guardian:Gem_Cyan","floor":2.0},{"not_picked":["Guardian:DonusPower","Guardian:ChargeCore"],"picked":"Guardian:PolyBeam","floor":3.0},{"not_picked":["Guardian:RefractedBeam","Guardian:TemporalShield","Guardian:MultiBeam"],"picked":"SKIP","floor":4.0},{"not_picked":["Guardian:GemFinder","Guardian:StasisEngine"],"picked":"Guardian:Gem_Orange","floor":6.0},{"not_picked":["Guardian:Gem_Cyan","Guardian:Gem_Green"],"picked":"Guardian:Gem_Red","floor":6.0},{"not_picked":["Guardian:Gem_Green","Guardian:GuardianWhirl","Guardian:CrystalBeam"],"picked":"SKIP","floor":11.0},{"not_picked":["Guardian:TimeSifter","Guardian:Gem_Orange"],"picked":"Guardian:Gem_Synthetic","floor":13.0},{"not_picked":["Guardian:HyperBeam_Guardian","Guardian:FierceBash"],"picked":"Guardian:StasisEngine","floor":14.0},{"not_picked":["Guardian:Gem_Red","Guardian:Gem_Lightblue"],"picked":"Guardian:Gem_Green","floor":14.0},{"not_picked":["Guardian:RollAttack","Guardian:Reroute"],"picked":"Guardian:Gem_White","floor":15.0},{"not_picked":["Guardian:ConstructionForm","Guardian:StasisStrike"],"picked":"Guardian:Gem_Synthetic","floor":16.0},{"not_picked":["Guardian:Gem_Green","Guardian:Gem_Lightblue"],"picked":"Guardian:Gem_Cyan","floor":16.0},{"not_picked":["Guardian:Gem_Red","Guardian:Gem_Lightblue"],"picked":"Guardian:Gem_Cyan","floor":19.0},{"not_picked":["Guardian:PiercingHide","Guardian:Reroute","Guardian:BronzeArmor"],"picked":"SKIP","floor":19.0},{"not_picked":["Guardian:TemporalShield","Guardian:SpikerProtocol"],"picked":"Guardian:Suspension","floor":20.0},{"not_picked":["Guardian:PrimingBeam","Guardian:CrystalBeam","Guardian:PiercingHide"],"picked":"SKIP","floor":21.0},{"not_picked":["Guardian:ConstructionForm","Guardian:BaubleBeam","Guardian:RevengeProtocol"],"picked":"SKIP","floor":22.0},{"not_picked":["Guardian:Gem_Lightblue","Guardian:Gem_Green"],"picked":"Guardian:Gem_Red","floor":25.0},{"not_picked":["Guardian:BaubleBeam","Guardian:StasisField"],"picked":"Guardian:Gem_Orange","floor":25.0},{"not_picked":["Guardian:ShieldSpikes","Guardian:TemporalShield"],"picked":"Guardian:Gem_Purple","floor":28.0},{"not_picked":["Guardian:Gem_Cyan","Guardian:Gem_Green"],"picked":"Guardian:Gem_Red","floor":30.0},{"not_picked":["Guardian:TimeSifter","Guardian:FastForward","Guardian:ConstructionForm"],"picked":"SKIP","floor":30.0},{"not_picked":["Guardian:RefractedBeam+1","Guardian:Preprogram","Guardian:Suspension"],"picked":"SKIP","floor":31.0},{"not_picked":["Guardian:Reroute+1","Guardian:ShieldCharger","Guardian:GemFinder"],"picked":"SKIP","floor":32.0},{"not_picked":["Guardian:TemporalStrike+1","Guardian:Gem_Green","Guardian:RefractedBeam+1"],"picked":"SKIP","floor":36.0},{"not_picked":["Guardian:DonusPower","Guardian:Suspension"],"picked":"Guardian:Gem_Blue","floor":37.0},{"not_picked":["Guardian:Gem_Purple","Guardian:TemporalShield","Guardian:SpikerProtocol"],"picked":"SKIP","floor":40.0},{"not_picked":["Guardian:SphericShield","Guardian:Gem_Orange","Guardian:ConstructionForm"],"picked":"SKIP","floor":43.0},{"not_picked":["Guardian:FierceBash+1","Guardian:RevengeProtocol"],"picked":"Guardian:CompilePackage","floor":44.0},{"not_picked":["Guardian:HyperBeam_Guardian+1","Guardian:StasisStrike+1","Guardian:CompilePackage"],"picked":"SKIP","floor":46.0},{"not_picked":["Guardian:HyperBeam_Guardian+1","Guardian:StasisStrike+1","Guardian:CompilePackage"],"picked":"SKIP","floor":46.0},{"not_picked":["Guardian:Reroute+1","Guardian:Orbwalk","Guardian:CrystalBeam+1"],"picked":"SKIP","floor":49.0},{"not_picked":["Guardian:GemFinder","Guardian:FierceBash+1","Guardian:AncientConstruct"],"picked":"SKIP","floor":52.0}],"player_experience":3068077,"relics_obtained":[{"floor":6.0,"key":"Dream Catcher"},{"floor":7.0,"key":"Bottled Lightning"},{"floor":13.0,"key":"Oddly Smooth Stone"},{"floor":14.0,"key":"Kunai"},{"floor":22.0,"key":"Bronze Scales"},{"floor":25.0,"key":"Strawberry"},{"floor":30.0,"key":"Molten Egg 2"},{"floor":37.0,"key":"Incense Burner"},{"floor":41.0,"key":"Bottled Flame"},{"floor":43.0,"key":"Letter Opener"},{"floor":44.0,"key":"Old Coin"},{"floor":46.0,"key":"War Paint"},{"floor":52.0,"key":"Guardian:StasisCodex"}],"event_choices":[{"cards_removed":["Guardian:ShieldCharger"],"damage_healed":0.0,"max_hp_gain":0.0,"max_hp_loss":0.0,"gold_gain":0.0,"event_name":"The Cleric","player_choice":"Card Removal","floor":5.0,"gold_loss":0.0,"damage_taken":0.0},{"damage_healed":0.0,"max_hp_gain":0.0,"max_hp_loss":0.0,"gold_gain":0.0,"cards_transformed":["Guardian:Recover"],"event_name":"Transmorgrifier","player_choice":"Transformed","floor":23.0,"gold_loss":0.0,"damage_taken":0.0,"cards_obtained":["Guardian:BaubleBeam"]},{"cards_removed":["Guardian:PrimingBeam"],"damage_healed":0.0,"max_hp_gain":0.0,"max_hp_loss":0.0,"gold_gain":0.0,"event_name":"Falling","player_choice":"Removed Attack","floor":38.0,"gold_loss":0.0,"damage_taken":0.0}],"is_beta":false,"boss_relics":[{"not_picked":["Runic Pyramid","Astrolabe"],"picked":"sneckomod:SneckoTalon"},{"not_picked":["SacredBark","Guardian:ModeShifterPlus"],"picked":"Sozu"}],"items_purged_floors":[31,47],"is_endless":false,"potions_floor_spawned":[11,13,15,20,22,28,33,36,46,49],"ascension_level":20}}