{"host":"ika5blmljv34vrx1","time":1610375075,"event":{"mods":["AchievementEnabler","Act Like it!","Aspiration","BaseMod","CapriCore","Challenge The Spire","Conspire","Gensokyo","Gold Saver","Grow up Mod","KinomotoSakuraMod(ƒæ÷Æ±æ”£)","Koishi","Marisa£®ÏF”Í°°ƒß¿Ì…≥£©","Minty Spire (QoL Compilation)","Pale of the Ancients","Quick Restart","Reimu£®≤©¿ˆ¡È√Œ£©","Remilia£®¿Ÿ√◊¿Ú—«£©","Remove Card Discount Mod","Replay The Spire","StSLib","The Immortal","Yakumo Yukari mod"],"gold_per_floor":[113,113,113,146,159,159,5,39,62,97,31,31,102,102,102,177,177,188,188,188,202,15,41,375,625,650,750,760,760,792,46,46,123,123,143,152,152,161,33,33,31,31,31,61,61,7,32,65,65,265,265,285,297,357,139,139,167,167,7,7,7],"floor_reached":62,"playtime":2239,"items_purged":["NonDirectionalLaser","OneTimeOff","FairyDestructionRay","PropBag","Acceleration","Sickly","Sickly"],"score":3470,"play_id":"c925ed37-72a6-4f8b-b803-1f1f65ae6285","local_time":"20210111222435","daily_mods":["SealedDeck","Heirloom","Time Dilation","Flight"],"is_ascension_mode":true,"campfire_choices":[{"floor":6,"key":"RECALL"},{"data":"MilkyWay","floor":15,"key":"SMITH"},{"data":"EnergyRecoil","floor":29,"key":"SMITH"},{"data":"Singularity","floor":32,"key":"SMITH"},{"floor":40,"key":"REST"},{"floor":42,"key":"REST"},{"data":"CollectingQuirk","floor":49,"key":"SMITH"},{"data":"ReplayUltimateDefense","floor":56,"key":"SMITH"}],"circlet_count":0,"master_deck":["AscendersBane","PowerUp+1","MagicAbsorber+1","ShootTheMoon+1","StarBarrage+1","MeteoricShower+1","EnergyRecoil+1","MilkyWay+1","CurseOfTheBell","CollectingQuirk+1","ReplayUltimateDefense+1","ChargingUp+1"],"relics":["MiniHakkero","Ginger","Mango","Gensokyo:CelestialsFlawlessClothing","Letter Opener","HandDrill","Bag of Preparation","Shuriken","Calling Bell","ReplayTheSpireMod:Lightbulb","aspiration:FetidBarrel","CaptainsWheel","ReplayTheSpireMod:CursedCoin","Guide Book","Akabeko","CeramicFish","Replay:Mystery Machine","PureWhite:ReiMu","TungstenRod","Bird Faced Urn","Medical Kit","Replay:Arrowhead","RuthlessExorcism:ReiMu","aspiration:RitualDagger","ReplayTheSpireMod:Ring of Addiction","Potion Belt","SacredBark","ReplayTheSpireMod:Ring of Exchange","conspire:DecoderRing","Unceasing Top","paleoftheancients:Timepiece","paleoftheancients:KeyRelic","Oddly Smooth Stone","Coffee Dripper","Gremlin Horn","ScarletDevilRocket","paleoftheancients:SoulOfTheVixen","Happy Flower"],"acts_visited":["Exordium","Gensokyo:Gensokyo","Gensokyo:Gensokyoer","Gensokyo:Gensokyoest"],"potions_floor_usage":[10,24,33,44,44,47,50,50,57,57,61,61],"damage_taken":[{"damage":0.0,"enemies":"Gensokyo:2_Kodama","floor":1.0,"turns":2.0},{"damage":13.0,"enemies":"conspire:MimicChest","floor":4.0,"turns":3.0},{"damage":0,"enemies":"Gensokyo:Python","floor":5,"turns":2},{"damage":16,"enemies":"Gensokyo:Mamizou","floor":8,"turns":7},{"damage":0,"enemies":"Gensokyo:Cirno","floor":10,"turns":4},{"damage":3,"enemies":"Gensokyo:Kokoro","floor":16,"turns":4},{"damage":0,"enemies":"Gensokyo:CosmicMonolith","floor":18,"turns":2},{"damage":15,"enemies":"Gensokyo:AngelMirror","floor":21,"turns":2},{"damage":47,"enemies":"Gensokyo:Koishi","floor":23,"turns":5},{"damage":37,"enemies":"Gensokyo:Reisen","floor":24,"turns":6},{"damage":0,"enemies":"Gensokyo:Reisen","floor":27,"turns":2},{"damage":16,"enemies":"Gensokyo:Swordslinger","floor":28,"turns":2},{"damage":14,"enemies":"Gensokyo:Koishi","floor":30,"turns":3},{"damage":0,"enemies":"Gensokyo:Eiki","floor":33,"turns":3},{"damage":15,"enemies":"Gensokyo:3_Bats","floor":35,"turns":2},{"damage":13,"enemies":"Gensokyo:Doremy","floor":44,"turns":4},{"damage":4,"enemies":"Gensokyo:AncientGuardian","floor":47,"turns":2},{"damage":8,"enemies":"Gensokyo:Marisa","floor":48,"turns":4},{"damage":21,"enemies":"Gensokyo:Shinki","floor":50,"turns":7},{"damage":10,"enemies":"Gensokyo:Yuyuko","floor":51,"turns":3},{"damage":4,"enemies":"Gensokyo:Yuyuko","floor":52,"turns":2},{"damage":26,"enemies":"Gensokyo:Yuyuko","floor":53,"turns":3},{"damage":4,"enemies":"Gensokyo:Yuyuko","floor":57,"turns":2},{"damage":21,"enemies":"paleoftheancients:N","floor":61,"turns":9}],"seed_played":"2202321275521181622","potions_obtained":[{"floor":5,"key":"PowerPotion"},{"floor":8,"key":"PowerPotion"},{"floor":16,"key":"BlessingOfTheForge"},{"floor":18,"key":"Energy Potion"},{"floor":21,"key":"Flashbang"},{"floor":35,"key":"Reflective Coating"},{"floor":38,"key":"DistilledChaos"},{"floor":38,"key":"Doom Potion"},{"floor":38,"key":"Strength Potion"},{"floor":47,"key":"PowerPotion"},{"floor":54,"key":"LiquidMemories"},{"floor":54,"key":"Block Potion"},{"floor":57,"key":"Reflective Coating"}],"is_trial":true,"path_per_floor":["M","?","?","?","M","R","COS","E","T","E","$","?","T","$","R","B",null,"M","?","$","M","COS","E","E","?","T","?","M","R","E","$","R","B",null,"M","?","?","?","COS","R","$","R","T","E","?","$","M","E","R","B","B","M","M","?","$","R","M","R","$","?","B",null],"character_chosen":"MARISA","items_purchased":["MilkyWay","Medical Kit","Replay:Arrowhead","RuthlessExorcism:ReiMu","Swift Potion","Singularity","PowerPotion","ReplayUltimateDefense","Elixir","Happy Flower"],"campfire_rested":2,"item_purchase_floors":[11,31,31,31,31,31,46,55,55,59],"current_hp_per_floor":[83,79,55,64,74,84,94,88,98,108,118,128,138,148,158,165,242,252,276,286,281,291,254,227,237,247,257,251,261,257,267,277,289,400,397,407,328,338,348,494,504,512,522,521,505,515,521,523,533,526,586,603,606,413,423,433,550,560,570,580,637],"gold":7,"neow_bonus":"","is_daily":false,"chose_seed":false,"campfire_upgraded":5,"win_rate":0.0,"timestamp":1610375075,"path_taken":["M","?","?","?","?","R","COS","E","T","E","?","?","?","$","R","BOSS","M","?","?","?","COS","E","E","?","T","?","?","R","E","$","R","BOSS","M","?","?","?","COS","R","$","R","T","E","?","?","?","E","R","BOSS","BOSS","M","M","?","$","R","M","R","$","?","BOSS"],"items_purchased_type":["Card","Relic","Relic","Relic","Potion","Card","Potion","Card","Potion","Relic"],"build_version":"2020-12-22","purchased_purges":7,"victory":true,"max_hp_per_floor":[90,114,124,134,144,154,164,174,184,194,204,214,224,234,244,254,264,274,284,294,304,314,324,334,344,354,364,374,384,394,404,414,424,434,444,454,464,474,484,494,504,512,522,532,542,552,562,572,582,592,602,612,622,630,640,650,658,668,678,688,696],"card_choices":[{"not_picked":["OrrerysSun","ChargingUp"],"picked":"EnergyRecoil","floor":1.0},{"not_picked":["GrandCross","SporeBomb","StarlightTyphoon"],"picked":"SKIP","floor":5},{"not_picked":["SporeBomb","NonDirectionalLaser","DC"],"picked":"SKIP","floor":8},{"not_picked":["UnstableBomb","NonDirectionalLaser","SporeBomb"],"picked":"SKIP","floor":10},{"not_picked":["GravityBeat","StarBarrage","LuminesStrike"],"picked":"SKIP","floor":18},{"not_picked":["ShootingEcho","ManaConvection","PowerUp"],"picked":"SKIP","floor":21},{"not_picked":["MysteriousBeam+1","AbsoluteMagnitude","ShootingEcho"],"picked":"SKIP","floor":23},{"not_picked":["Robbery","MysteriousBeam","FairyDestructionRay"],"picked":"SKIP","floor":24},{"not_picked":["AlicesGift+1","6A","EnergyRecoil"],"picked":"SKIP","floor":28},{"not_picked":["GalacticHalo","GrandCross","SatelliteIllusion"],"picked":"SKIP","floor":30},{"not_picked":["WitchOfGreed","DeepEcoloBomb","Acceleration"],"picked":"SKIP","floor":35},{"not_picked":["SporeBomb","PowerUp","SatelliteIllusion"],"picked":"SKIP","floor":44},{"not_picked":["StarDustReverie","AbsoluteMagnitude"],"picked":"CollectingQuirk","floor":47},{"not_picked":["GalacticHalo+1","MagicAbsorber+1","UnstableBomb+1"],"picked":"SKIP","floor":47},{"not_picked":["GrandCross","AlicesGift+1","StarDustReverie"],"picked":"SKIP","floor":48},{"not_picked":["MilkyWay","DoubleSpark","OneTimeOff"],"picked":"SKIP","floor":52},{"not_picked":["Acceleration+1","PulseMagic","DC"],"picked":"SKIP","floor":53},{"not_picked":["GravityBeat","GalacticHalo"],"picked":"ChargingUp+1","floor":57}],"player_experience":2076439,"relics_obtained":[{"floor":4.0,"key":"Letter Opener"},{"floor":8,"key":"Whetstone"},{"floor":9,"key":"Bag of Preparation"},{"floor":10,"key":"Shuriken"},{"floor":17,"key":"ReplayTheSpireMod:Lightbulb"},{"floor":17,"key":"aspiration:FetidBarrel"},{"floor":17,"key":"CaptainsWheel"},{"floor":23,"key":"Akabeko"},{"floor":24,"key":"CeramicFish"},{"floor":26,"key":"Replay:Mystery Machine"},{"floor":27,"key":"PureWhite:ReiMu"},{"floor":27,"key":"TungstenRod"},{"floor":30,"key":"Bird Faced Urn"},{"floor":38,"key":"ReplayTheSpireMod:Ring of Addiction"},{"floor":38,"key":"Potion Belt"},{"floor":38,"key":"SacredBark"},{"floor":38,"key":"ReplayTheSpireMod:Ring of Exchange"},{"floor":48,"key":"conspire:DecoderRing"},{"floor":54,"key":"ScarletDevilRocket"},{"floor":57,"key":"paleoftheancients:SoulOfTheVixen"}],"event_choices":[{"damage_healed":0,"gold_gain":0,"player_choice":"Leave","damage_taken":0,"max_hp_gain":0,"max_hp_loss":0,"event_name":"conspire:Investor","floor":45,"gold_loss":0}],"is_beta":false,"boss_relics":[{"not_picked":["ExperimentalFamiliar","RampagingMagicTools"],"picked":"Calling Bell"},{"not_picked":["Fusion Hammer","aspiration:FutureDiary"],"picked":"aspiration:RitualDagger"}],"items_purged_floors":[11,11,11,11,11,31,41],"is_endless":false,"potions_floor_spawned":[5,8,16,18,21,35,47,57],"ascension_level":20}}