{"host":"3sxd4it2cvd2ryl6","time":1610370429,"event":{"mods":["AchievementEnabler","Aspiration","BaseMod","Colored Powertips","Halation","Minty Spire (QoL Compilation)","StSLib","Transform Curses"],"gold_per_floor":[109,89,109,34,44,44,44,79,79,79,79,79,93,93,93,196,246,263,39,39,39,51,51,51],"floor_reached":23,"playtime":946,"items_purged":[],"score":252,"play_id":"5c35b59a-dec8-4653-ab2d-86cd92f56bf6","local_time":"20210111140709","is_ascension_mode":true,"campfire_choices":[{"floor":6,"key":"REST"},{"floor":10,"key":"REST"},{"floor":15,"key":"REST"}],"circlet_count":0,"master_deck":["Strike_G+1","Strike_G+1","Strike_G+1","Strike_G+1","Strike_G+1","Defend_G+1","Defend_G+1","Defend_G+1","Defend_G+1","Defend_G+1","Survivor","Neutralize","Burst","Poisoned Stab","Dagger Spray","Noxious Fumes+1","Terror","Malaise+1","PiercingWail","A Thousand Cuts","Flying Knee","Slice","Caltrops","Deflect"],"relics":["Ring of the Snake","Whetstone","Nunchaku","aspiration:FetidBarrel","Tiny House","OrangePellets","MutagenicStrength"],"acts_visited":["Exordium","TheCity"],"potions_floor_usage":[13,16,16,16,22,22],"damage_taken":[{"damage":1,"enemies":"Jaw Worm","floor":1,"turns":7},{"damage":0,"enemies":"Cultist","floor":3,"turns":3},{"damage":5,"enemies":"Small Slimes","floor":5,"turns":3},{"damage":24,"enemies":"3 Sentries","floor":8,"turns":6},{"damage":7,"enemies":"Looter","floor":13,"turns":3},{"damage":19,"enemies":"Hexaghost","floor":16,"turns":7},{"damage":39,"enemies":"3 Byrds","floor":18,"turns":5},{"damage":18,"enemies":"Shell Parasite","floor":22,"turns":7},{"damage":28,"enemies":"Gremlin Leader","floor":23,"turns":2}],"seed_played":"-5798371282133713247","potions_obtained":[{"floor":1,"key":"FearPotion"},{"floor":2,"key":"LiquidBronze"},{"floor":5,"key":"GhostInAJar"},{"floor":8,"key":"Strength Potion"},{"floor":13,"key":"EssenceOfSteel"},{"floor":17,"key":"Regen Potion"},{"floor":18,"key":"AttackPotion"}],"is_trial":false,"path_per_floor":["M","?","M","$","M","R","$","E","T","R","?","?","M","?","R","B",null,"M","$","?","?","M","E"],"character_chosen":"THE_SILENT","items_purchased":["Noxious Fumes","Caltrops","OrangePellets"],"campfire_rested":3,"item_purchase_floors":[4,19,19],"current_hp_per_floor":[62,62,62,62,57,70,70,46,46,67,60,60,53,53,70,51,70,31,31,31,31,28,0,0],"gold":51,"neow_bonus":"ONE_RANDOM_RARE_CARD","is_daily":false,"chose_seed":false,"campfire_upgraded":0,"win_rate":0.0,"timestamp":1610370429,"path_taken":["M","?","M","$","?","R","$","E","T","R","?","?","M","?","R","BOSS","M","$","?","?","M","E"],"items_purchased_type":["Card","Card","Relic"],"build_version":"2020-12-22","purchased_purges":0,"victory":false,"max_hp_per_floor":[70,70,70,70,70,70,70,70,70,70,70,70,70,70,70,70,75,75,75,75,75,75,75,75],"card_choices":[{"not_picked":["Riddle With Holes","Underhanded Strike"],"picked":"Poisoned Stab","floor":1},{"not_picked":["Blade Dance","Slice"],"picked":"Dagger Spray","floor":3},{"not_picked":["Deflect","Flechettes"],"picked":"Terror","floor":5},{"not_picked":["Expertise","Distraction"],"picked":"Malaise","floor":8},{"not_picked":["Dagger Throw","Prepared"],"picked":"PiercingWail","floor":13},{"not_picked":["Unload","Venomology"],"picked":"A Thousand Cuts","floor":16},{"not_picked":["Backflip","Deflect"],"picked":"Flying Knee","floor":17},{"not_picked":["Setup+1","Prepared+1"],"picked":"Slice","floor":18},{"not_picked":["Blade Dance","Distraction"],"picked":"Deflect","floor":22}],"player_experience":514646,"relics_obtained":[{"floor":8,"key":"Whetstone"},{"floor":9,"key":"Nunchaku"}],"event_choices":[{"damage_healed":0,"gold_gain":0,"player_choice":"Bought 1 Potion","damage_taken":0,"max_hp_gain":0,"max_hp_loss":0,"event_name":"The Woman in Blue","floor":2,"gold_loss":0},{"damage_healed":0,"gold_gain":0,"player_choice":"Success","damage_taken":7,"relics_obtained":["aspiration:FetidBarrel"],"max_hp_gain":0,"max_hp_loss":0,"event_name":"Scrap Ooze","floor":11,"gold_loss":0},{"damage_healed":0,"gold_gain":0,"player_choice":"Grow","damage_taken":0,"max_hp_gain":0,"max_hp_loss":0,"event_name":"Living Wall","floor":12,"gold_loss":0,"cards_upgraded":["Noxious Fumes"]},{"damage_healed":0,"gold_gain":0,"player_choice":"Upgraded","damage_taken":0,"max_hp_gain":0,"max_hp_loss":0,"event_name":"Upgrade Shrine","floor":14,"gold_loss":0,"cards_upgraded":["Malaise"]},{"damage_healed":0,"gold_gain":0,"player_choice":"Simplicity","damage_taken":0,"max_hp_gain":0,"max_hp_loss":0,"event_name":"Back to Basics","floor":20,"gold_loss":0,"cards_upgraded":["Strike_G","Strike_G","Defend_G","Defend_G","Defend_G","Defend_G","Defend_G"]},{"damage_healed":0,"gold_gain":0,"player_choice":"Inject Mutagens","damage_taken":0,"relics_obtained":["MutagenicStrength"],"max_hp_gain":0,"max_hp_loss":0,"event_name":"Drug Dealer","floor":21,"gold_loss":0}],"is_beta":false,"boss_relics":[{"not_picked":["Runic Pyramid","Sozu"],"picked":"Tiny House"}],"items_purged_floors":[],"is_endless":false,"potions_floor_spawned":[1,5,8,13,18],"killed_by":"Gremlin Leader","ascension_level":7}}