{"host":"i1h39d0gfh5c6uxl","time":1610351531,"event":{"mods":["AchievementEnabler","BaseMod","Colored Map","Colored Powertips","Highlight Path","Minty Spire (QoL Compilation)"],"gold_per_floor":[115,115,22,35,45,76,76,76,76,87,97,112,137,154,154,255,255,275,293,203,213,213,213],"floor_reached":22,"playtime":738,"items_purged":[],"score":200,"play_id":"6339a5b8-5722-4fd3-847f-3fa40cfb0fb1","local_time":"20210111155211","is_ascension_mode":false,"campfire_choices":[{"data":"Bash","floor":8,"key":"SMITH"},{"data":"Armaments","floor":15,"key":"SMITH"}],"circlet_count":0,"master_deck":["Strike_R","Strike_R+1","Strike_R","Defend_R","Defend_R","Defend_R","Defend_R","Bash+1","Sword Boomerang","Sever Soul","True Grit","Perfected Strike","Cleave","Barricade","Armaments+1","Sentinel","Spot Weakness","Heavy Blade","Corruption","Clothesline"],"relics":["SacredBark"],"acts_visited":["Exordium","TheCity"],"potions_floor_usage":[6,11,13,14,16,19,21],"damage_taken":[{"damage":5,"enemies":"Small Slimes","floor":1,"turns":4},{"damage":0,"enemies":"Cultist","floor":4,"turns":3},{"damage":0,"enemies":"2 Louse","floor":5,"turns":3},{"damage":14,"enemies":"Gremlin Nob","floor":6,"turns":3},{"damage":5,"enemies":"Large Slime","floor":10,"turns":5},{"damage":6,"enemies":"2 Fungi Beasts","floor":11,"turns":2},{"damage":7,"enemies":"3 Louse","floor":12,"turns":4},{"damage":18,"enemies":"Lagavulin","floor":13,"turns":3},{"damage":3,"enemies":"Gremlin Gang","floor":14,"turns":4},{"damage":10,"enemies":"Slime Boss","floor":16,"turns":7},{"damage":26,"enemies":"3 Byrds","floor":18,"turns":6},{"damage":25,"enemies":"2 Thieves","floor":19,"turns":4},{"damage":20,"enemies":"Snake Plant","floor":21,"turns":4},{"damage":10,"enemies":"Chosen and Byrds","floor":22,"turns":1}],"seed_played":"-5910734664871536937","potions_obtained":[{"floor":4,"key":"Fire Potion"},{"floor":6,"key":"BloodPotion"},{"floor":7,"key":"Strength Potion"},{"floor":7,"key":"Block Potion"},{"floor":11,"key":"AttackPotion"},{"floor":16,"key":"FearPotion"},{"floor":19,"key":"GamblersBrew"}],"is_trial":false,"path_per_floor":["M","?","$","M","M","E","?","R","T","M","M","M","E","M","R","B",null,"M","M","?","M","M"],"character_chosen":"IRONCLAD","items_purchased":["Sever Soul","True Grit"],"campfire_rested":0,"item_purchase_floors":[3,3],"current_hp_per_floor":[75,75,75,75,75,61,61,61,61,56,80,73,55,52,52,42,80,54,29,29,9,0,0],"gold":213,"neow_bonus":"BOSS_RELIC","is_daily":false,"chose_seed":false,"campfire_upgraded":2,"win_rate":0.0,"timestamp":1610351531,"path_taken":["M","?","?","M","M","E","?","R","T","?","M","M","E","M","R","BOSS","M","M","?","M","M"],"items_purchased_type":["Card","Card"],"build_version":"2020-12-22","purchased_purges":0,"victory":false,"max_hp_per_floor":[80,80,80,80,80,80,80,80,80,80,80,80,80,80,80,80,80,80,80,80,80,80,80],"card_choices":[{"not_picked":["Infernal Blade","Heavy Blade"],"picked":"Sword Boomerang","floor":1},{"not_picked":["Sentinel","Shrug It Off"],"picked":"Perfected Strike","floor":4},{"not_picked":["Carnage","Sword Boomerang"],"picked":"Cleave","floor":5},{"not_picked":["Cleave","Spot Weakness"],"picked":"Barricade","floor":6},{"not_picked":["Flex","Sword Boomerang"],"picked":"Armaments","floor":10},{"not_picked":["True Grit","Carnage"],"picked":"Sentinel","floor":11},{"not_picked":["True Grit","Cleave"],"picked":"Spot Weakness","floor":12},{"not_picked":["Thunderclap","Headbutt","Havoc"],"picked":"SKIP","floor":13},{"not_picked":["Sword Boomerang","Burning Pact"],"picked":"Heavy Blade","floor":14},{"not_picked":["Bludgeon","Immolate"],"picked":"Corruption","floor":16},{"not_picked":["Bloodletting","Heavy Blade","Thunderclap"],"picked":"SKIP","floor":18},{"not_picked":["Sever Soul","Bloodletting","Rage"],"picked":"SKIP","floor":19},{"not_picked":["Cleave+1","Bloodletting"],"picked":"Clothesline","floor":21}],"player_experience":1344792,"relics_obtained":[],"event_choices":[{"cards_removed":["Strike_R"],"damage_healed":0,"gold_gain":0,"player_choice":"Purged","damage_taken":0,"max_hp_gain":0,"max_hp_loss":0,"event_name":"Purifier","floor":2,"gold_loss":0},{"damage_healed":0,"gold_gain":0,"player_choice":"Got Potions","damage_taken":0,"max_hp_gain":0,"max_hp_loss":0,"event_name":"Lab","floor":7,"gold_loss":0},{"cards_removed":["Strike_R"],"damage_healed":0,"gold_gain":0,"player_choice":"Upgrade and Remove","damage_taken":0,"max_hp_gain":0,"max_hp_loss":0,"event_name":"Designer","floor":20,"gold_loss":90,"cards_upgraded":["Strike_R"]}],"is_beta":false,"boss_relics":[{"not_picked":["Runic Pyramid","Philosopher\u0027s Stone","Busted Crown"]}],"items_purged_floors":[],"is_endless":false,"potions_floor_spawned":[4,6,11,12,16,19],"killed_by":"Chosen and Byrds","ascension_level":0}}