{"host":"t2li07c0j4v81685","time":1610378065,"event":{"mods":["BaseMod","Bestiary","Colored Map","Colored Powertips","Dark Map","DeckTracker","Downfall","Highlight Path","Hubris","Infinite Spire","Jorbs\u0027s Wanderer Trilogy","Minty Spire (QoL Compilation)","Permanent Neow","Relic Sorter","Relic Stats","Replay The Spire","StSLib","The Jungle"],"gold_per_floor":[99,119,130,130,130,146,146,146,146,146],"floor_reached":8,"playtime":516,"items_purged":[],"score":46,"play_id":"7d780016-d132-4d29-937b-986c2d84d7d6","local_time":"20210111161425","is_ascension_mode":false,"campfire_choices":[{"floor":1,"key":"DIG"}],"circlet_count":0,"master_deck":["Slimebound:Strike_Slimebound","Slimebound:Strike_Slimebound","Slimebound:Strike_Slimebound","Slimebound:Tackle","Slimebound:Defend_Slimebound","Slimebound:Defend_Slimebound","Slimebound:Defend_Slimebound","Slimebound:Split","Slimebound:CorrosiveSpit","Slimebound:FirmFortitude","Slimebound:ComboTackle","Slimebound:ViciousTackle","champ:RecklessLeap"],"relics":["Slimebound:AbsorbEndCombat","hubris:DisguiseKit","Letter Opener"],"acts_visited":["Exordium"],"potions_floor_usage":[],"damage_taken":[{"damage":9,"enemies":"Cultist","floor":2,"turns":3},{"damage":15,"enemies":"2 Louse","floor":3,"turns":2},{"damage":27,"enemies":"Small Slimes","floor":6,"turns":3}],"seed_played":"4577432689230184951","potions_obtained":[],"is_trial":false,"path_per_floor":["R_BF","M","M","?","?","M","T","E"],"character_chosen":"SLIMEBOUND","items_purchased":[],"campfire_rested":0,"item_purchase_floors":[],"current_hp_per_floor":[60,51,44,44,44,25,25,0,0,0],"gold":146,"neow_bonus":"THREE_CARDS","is_daily":false,"chose_seed":false,"campfire_upgraded":0,"win_rate":0.0,"timestamp":1610378065,"path_taken":["R_BF","M","M","?","?","?","T","E"],"items_purchased_type":[],"build_version":"2020-12-22","purchased_purges":0,"victory":false,"max_hp_per_floor":[60,60,60,60,60,60,60,60,60,60],"relic_stats":{"counters":[4,12],"Letter Opener":[0],"obtain_stats":[{"hubris:DisguiseKit":1,"Slimebound:AbsorbEndCombat":0,"Letter Opener":7},{"hubris:DisguiseKit":0,"Slimebound:AbsorbEndCombat":0,"Letter Opener":3},{"hubris:DisguiseKit":0,"Slimebound:AbsorbEndCombat":0,"Letter Opener":8}]},"card_choices":[{"not_picked":["Slimebound:ComboTackle","Slimebound:GoopSpray"],"picked":"Slimebound:FirmFortitude","floor":0},{"not_picked":["Slimebound:FinishingTackle","Slimebound:LeechEnergy","champ:FocusedBerserking"],"picked":"Slimebound:ComboTackle","floor":2},{"not_picked":["Slimebound:PressTheAttack","Slimebound:LeechingTouch","champ:PerfectedStrike"],"picked":"Slimebound:ViciousTackle","floor":3},{"not_picked":["Slimebound:SplitBruiser","Slimebound:AcidTongue","Slimebound:MassRepurpose"],"picked":"champ:RecklessLeap","floor":6}],"player_experience":10625,"relics_obtained":[{"floor":1,"key":"hubris:DisguiseKit"},{"floor":7,"key":"Letter Opener"}],"event_choices":[{"cards_removed":["Slimebound:Defend_Slimebound"],"damage_healed":0,"gold_gain":0,"player_choice":"Offered Basic","damage_taken":0,"max_hp_gain":0,"max_hp_loss":0,"event_name":"Bonfire Elementals","floor":5,"gold_loss":0}],"is_beta":false,"boss_relics":[],"items_purged_floors":[],"is_endless":false,"potions_floor_spawned":[3],"killed_by":"3 Sentries","ascension_level":0}}