{"host":"5apxsqgkueisybsc","time":1610323768,"event":{"mods":["A Magickal Journey","BaseMod","Better Third Choice","DeckTracker","Hermit","Hubris","Hunter ??","Mimic Mod","Minty Spire (QoL Compilation)","Random Character Button","Rare Cards Sparkle","Replay The Spire","SOS???????","Shade Mod","StSLib","The Blackbeard","The Bladedancer","The Bug Knight","The Clintock","The Cursed","The Disciple","The Druid","The Exalted","The Forsaken","The Judge","The Servant 0.9.4","The Valiant","The Witch"],"gold_per_floor":[136,211,211,266,285,371,371,191,191,191,225,185,166,131,201,237,237,254,286,186,129,129,129],"floor_reached":22,"playtime":1151,"items_purged":["Attack_a","Pandora"],"score":192,"play_id":"28a02f2a-714a-4d30-a776-3615f8dd47a2","local_time":"20210110190928","is_ascension_mode":false,"campfire_choices":[{"floor":7,"key":"REST"}],"circlet_count":0,"master_deck":["Attack_a","Attack_b","Shoot","Shoot","Provocation","Defend_Dante","Defend_Dante","Defend_Dante","Defend_Dante","Redorb+1","LucifercomboA","Holywater","LucifercomboB","Chargeshoot","GilgameshcomboA+1","Gilgamesh","Gunstinger","Swordcombo","CoyoteA","EbonyIvory+1","DT"],"relics":["SSS","Combocheck","Regal Pillow","Replay:Kaleidoscope","hubris:64BitClover","theForsaken:HumbleEgg","Bag of Marbles","hubris:ToyBattleship","hubris:Backtick","Ornamental Fan"],"acts_visited":["Exordium","TheCity"],"potions_floor_usage":[15,16],"damage_taken":[{"damage":6,"enemies":"2 Louse","floor":1,"turns":4},{"damage":21,"enemies":"3 Sentries","floor":6,"turns":6},{"damage":0,"enemies":"Small Slimes","floor":11,"turns":3},{"damage":23,"enemies":"Gremlin Nob","floor":12,"turns":3},{"damage":4,"enemies":"Jaw Worm","floor":13,"turns":3},{"damage":4,"enemies":"3 Sentries","floor":15,"turns":5},{"damage":41,"enemies":"The Guardian","floor":16,"turns":8},{"damage":3,"enemies":"Chosen","floor":18,"turns":4},{"damage":25,"enemies":"Shell Parasite","floor":19,"turns":5},{"damage":38,"enemies":"Chosen and Byrds","floor":21,"turns":5},{"damage":23,"enemies":"3 Cultists","floor":22,"turns":3}],"seed_played":"7768583265863658418","potions_obtained":[{"floor":12,"key":"Dexterity Potion"},{"floor":15,"key":"Cursed Concoction"}],"is_trial":false,"path_per_floor":["M","?","?","T","?","E","R","$","T","?","M","E","M","?","R","B",null,"M","M","$","M","M"],"character_chosen":"DANTE","items_purchased":["LucifercomboB","Chargeshoot"],"campfire_rested":1,"item_purchase_floors":[8,8],"current_hp_per_floor":[82,71,71,71,36,15,56,56,56,56,56,33,29,51,47,6,88,85,60,60,22,0,0],"gold":129,"neow_bonus":"TEN_PERCENT_HP_BONUS","is_daily":false,"chose_seed":false,"campfire_upgraded":0,"win_rate":0.0,"timestamp":1610323768,"path_taken":["M","?","?","?","?","E","R","?","T","?","M","E","?","?","R","BOSS","M","M","$","M","M"],"items_purchased_type":["Card","Card"],"build_version":"2020-12-22","purchased_purges":2,"victory":false,"max_hp_per_floor":[88,88,88,88,88,88,88,88,88,88,88,88,88,88,88,88,88,88,88,88,88,88,88],"card_choices":[{"not_picked":["Kick13","Swordmaster"],"picked":"LucifercomboA","floor":1},{"not_picked":["LucifercomboB","Royaldefend"],"picked":"Pandora","floor":5},{"not_picked":["Weaponupgrade","DT"],"picked":"Holywater","floor":6},{"not_picked":["Airhike+1","Pandora"],"picked":"GilgameshcomboA+1","floor":11},{"not_picked":["LucifercomboA+1","Splesh"],"picked":"Gilgamesh","floor":12},{"not_picked":["Stinger","Unrisingdragon","Millionkick+1"],"picked":"SKIP","floor":13},{"not_picked":["Airhike+1","Splesh"],"picked":"Gunstinger","floor":15},{"not_picked":["Goldorb","Darkslayer"],"picked":"Swordcombo","floor":16},{"not_picked":["Holywater","Stinger"],"picked":"CoyoteA","floor":18},{"not_picked":["Pandora+1","Ecstasy"],"picked":"EbonyIvory+1","floor":19},{"not_picked":["Chargeshoot2+1","LucifercomboB+1"],"picked":"DT","floor":21}],"player_experience":110579,"relics_obtained":[{"floor":4,"key":"Regal Pillow"},{"floor":5,"key":"Replay:Kaleidoscope"},{"floor":6,"key":"hubris:64BitClover"},{"floor":9,"key":"theForsaken:HumbleEgg"},{"floor":12,"key":"Bag of Marbles"},{"floor":15,"key":"hubris:ToyBattleship"}],"event_choices":[{"damage_healed":0,"gold_gain":75,"player_choice":"Gold","damage_taken":11,"max_hp_gain":0,"max_hp_loss":0,"event_name":"betterThird:BetterGoop","floor":2,"gold_loss":0},{"damage_healed":0,"gold_gain":0,"player_choice":"Ignored","damage_taken":0,"max_hp_gain":0,"max_hp_loss":0,"event_name":"WeMeetAgain","floor":10,"gold_loss":0},{"damage_healed":22,"gold_gain":0,"player_choice":"Healed","damage_taken":0,"max_hp_gain":0,"max_hp_loss":0,"event_name":"The Cleric","floor":14,"gold_loss":35},{"damage_healed":0,"gold_gain":30,"player_choice":"Searched \u00272\u0027 times","damage_taken":0,"max_hp_gain":0,"max_hp_loss":0,"event_name":"Dead Adventurer","floor":15,"gold_loss":0}],"is_beta":false,"boss_relics":[{"not_picked":["hubris:RunicObelisk","Replay:Drink Me"],"picked":"hubris:Backtick"}],"items_purged_floors":[8,20],"is_endless":false,"potions_floor_spawned":[12,15],"killed_by":"3 Cultists","ascension_level":0}}