{"host":"wbdly04l9mkn9nrc","time":1610371616,"event":{"mods":["AchievementEnabler","BaseMod","BetterRewards","Minty Spire (QoL Compilation)","Replay The Spire","StSLib","[IsaacMod]ÒÔÈö¼âËþ"],"gold_per_floor":[117,129,54,70,87,113,128,333,357,357,385,385,223,283,283,380,380,390,408,428,428,155,183,183,210,260,273,273,223,148,148,148,243,243,243,243,92,106,119,119,148,0,27,27,55,55,101,51,51,51],"floor_reached":51,"playtime":2756,"items_purged":["Strike_P","Defend_P","Voices","Clumsy"],"score":1911,"play_id":"fcc1e44a-2054-47eb-8a63-da186ebd228b","local_time":"20210111212656","is_ascension_mode":true,"campfire_choices":[{"data":"Eruption","floor":10.0,"key":"SMITH"},{"data":"LessonLearned","floor":12.0,"key":"SMITH"},{"floor":15.0,"key":"DIG"},{"data":"DevaForm","floor":24.0,"key":"SMITH"},{"data":"Apotheosis","floor":28.0,"key":"SMITH"},{"data":"ForeignInfluence","floor":32.0,"key":"SMITH"},{"data":"Tantrum","floor":40,"key":"SMITH"},{"data":"ClearTheMind","floor":46,"key":"SMITH"},{"data":"Crescendo","floor":49,"key":"SMITH"}],"circlet_count":0,"master_deck":["Strike_P","Strike_P","Defend_P","Defend_P","Defend_P","Eruption+1","Vigilance","ReplayTheSpireMod:IOU","CarveReality","Vengeance","CutThroughFate","Consecrate","Conclude","ReachHeaven+1","ClearTheMind+1","Judgement+1","Protect+1","LessonLearned+1","Apotheosis+1","InnerPeace","DevaForm+1","TalkToTheHand+1","FearNoEvil","Crescendo+1","ForeignInfluence+1","TalkToTheHand+1","FlurryOfBlows+1","Meditate","Tantrum+1","Scrawl","Evaluate+1","FlurryOfBlows+1"],"relics":["HolyWater","HushsDoor","YumHeart","FossilizedHelix","BookOfRevelations","ReplayTheSpireMod:CursedCoin","Bag of Marbles","BelialBook","Orichalcum","Akabeko","Blue Doll","DeathBook","Ring of Peace","ReplayTheSpireMod:Ring of Collecting","ReplayFunnel","Centennial Puzzle","Happy Flower","Ring of Greed","MealTicket","Smiling Mask","BookofShadows","Painkiller Herb","NineVolt","Simple Rune","Habit","Potion Belt","ReplayTheSpireMod:Ring of Challenge","War Paint","Torii"],"acts_visited":["Exordium","TheCity","TheBeyond"],"potions_floor_usage":[],"damage_taken":[{"damage":0.0,"enemies":"Small Slimes","floor":1.0,"turns":2.0},{"damage":0.0,"enemies":"Jaw Worm","floor":2.0,"turns":2.0},{"damage":0.0,"enemies":"2 Louse","floor":4.0,"turns":2.0},{"damage":0.0,"enemies":"Looter","floor":5.0,"turns":1.0},{"damage":0.0,"enemies":"3 Sentries","floor":6.0,"turns":2.0},{"damage":0.0,"enemies":"Blue Slaver","floor":7.0,"turns":1.0},{"damage":0.0,"enemies":"Gremlin Nob","floor":11.0,"turns":2.0},{"damage":0.0,"enemies":"Gremlin Nob","floor":14.0,"turns":2.0},{"damage":0.0,"enemies":"The Guardian","floor":16.0,"turns":5.0},{"damage":0.0,"enemies":"Shell Parasite","floor":18.0,"turns":1.0},{"damage":0.0,"enemies":"Spheric Guardian","floor":19.0,"turns":2.0},{"damage":0.0,"enemies":"Snecko","floor":20.0,"turns":2.0},{"damage":0.0,"enemies":"Slavers","floor":23.0,"turns":5.0},{"damage":0.0,"enemies":"Gremlin Leader","floor":25.0,"turns":4.0},{"damage":0.0,"enemies":"Cultist and Chosen","floor":27.0,"turns":4.0},{"damage":0.0,"enemies":"Champ","floor":33.0,"turns":7.0},{"damage":0.0,"enemies":"Orb Walker","floor":35.0,"turns":1.0},{"damage":0,"enemies":"3 Darklings","floor":38,"turns":2},{"damage":0,"enemies":"Maw","floor":39,"turns":6},{"damage":0,"enemies":"Giant Head","floor":41,"turns":6},{"damage":0,"enemies":"R_Hoarder","floor":45,"turns":4},{"damage":0,"enemies":"2 Orb Walkers","floor":47,"turns":3},{"damage":0,"enemies":"Donu and Deca","floor":50,"turns":5}],"seed_played":"6913775035469635922","potions_obtained":[{"floor":1.0,"key":"BottledMiracle"},{"floor":5.0,"key":"Dexterity Potion"},{"floor":7.0,"key":"Weak Potion"},{"floor":16.0,"key":"Adrenaline Potion"},{"floor":20.0,"key":"Block Potion"},{"floor":38,"key":"FearPotion"},{"floor":45,"key":"BottledMiracle"}],"is_trial":false,"path_per_floor":["M","M","$","M","M","E","M","?","T","R","E","R","$","?","R","B",null,"M","M","M","?","$","E","R","E","T","M","R","$","?","?","R","B",null,"?","?","T","?","?","T","E","T","T","T","E","T","?","T","T","B",null],"character_chosen":"WATCHER","items_purchased":["FossilizedHelix","BookOfRevelations","ReplayTheSpireMod:CursedCoin","Bag of Marbles","CarveReality","Vengeance","CutThroughFate","Dexterity Potion","Apotheosis","DeathBook","ForeignInfluence","TalkToTheHand+1","ReplayFunnel","NineVolt","Habit"],"campfire_rested":0,"item_purchase_floors":[0,0,0,0,0,0,0,0,13,17,22,22,22,37,42],"current_hp_per_floor":[59,59,59,59,59,72,72,72,72,72,72,72,72,72,72,72,62,62,62,62,62,62,62,62,62,62,62,62,62,62,51,51,51,59,59,59,59,59,59,59,59,59,59,59,59,59,59,59,59,59],"gold":51,"neow_bonus":"","is_daily":false,"chose_seed":false,"campfire_upgraded":8,"win_rate":0.0,"timestamp":1610371616,"path_taken":["M","M","$","M","M","E","M","?","T","R","E","R","$","?","R","BOSS","M","M","M","?","$","E","R","E","T","M","R","$","?","?","R","BOSS","?","?","T","?","?","T","E","T","T","T","E","T","?","?","T","BOSS"],"items_purchased_type":["Relic","Relic","Relic","Relic","Card","Card","Card","Potion","Card","Relic","Card","Card","Relic","Relic","Relic"],"build_version":"2020-12-22","purchased_purges":4,"victory":true,"max_hp_per_floor":[72,72,72,72,72,72,72,72,72,72,72,72,72,72,72,72,62,62,62,62,62,62,62,62,62,62,62,62,62,62,67,67,67,62,62,59,59,59,59,59,59,59,59,59,59,59,59,59,59,59],"card_choices":[{"not_picked":[],"picked":"Bomb","floor":0.0},{"not_picked":["Evaluate","FlyingSleeves","Replay:ManipulateFuture"],"picked":"SKIP","floor":1.0},{"not_picked":["EmptyFist","Worship"],"picked":"Conclude","floor":2.0},{"not_picked":["Omniscience","EmptyFist"],"picked":"ReachHeaven","floor":4.0},{"not_picked":["Pray","Crescendo"],"picked":"ClearTheMind","floor":5.0},{"not_picked":["FollowUp","Wireheading"],"picked":"Judgement","floor":6.0},{"not_picked":["FollowUp","FearNoEvil","Evaluate"],"picked":"SKIP","floor":7.0},{"not_picked":["SandsOfTime","ReachHeaven"],"picked":"Protect","floor":8.0},{"not_picked":["Prostrate","Evaluate"],"picked":"LessonLearned","floor":11.0},{"not_picked":["ThirdEye","SashWhip"],"picked":"InnerPeace","floor":14.0},{"not_picked":["LessonLearned","Replay:LoomingThreat"],"picked":"DevaForm","floor":16.0},{"not_picked":["EmptyBody","Replay:AtTheReady"],"picked":"TalkToTheHand+1","floor":18.0},{"not_picked":["Halt","CutThroughFate+1"],"picked":"FearNoEvil","floor":19.0},{"not_picked":["Conclude","EmptyBody"],"picked":"Crescendo","floor":20.0},{"not_picked":["FearNoEvil","EmptyFist"],"picked":"FlurryOfBlows+1","floor":23.0},{"not_picked":["SashWhip","Prostrate"],"picked":"Meditate","floor":25.0},{"not_picked":["DevaForm","Crescendo"],"picked":"Tantrum","floor":27.0},{"not_picked":["SpiritShield","Devotion"],"picked":"Scrawl","floor":33.0},{"not_picked":["JustLucky+1","CrushJoints+1","Weave"],"picked":"SKIP","floor":35.0},{"not_picked":["WreathOfFlame","Protect","ThirdEye"],"picked":"SKIP","floor":38},{"not_picked":["CrushJoints","Conclude"],"picked":"Evaluate+1","floor":39},{"not_picked":["BowlingBash","Worship+1","ClearTheMind"],"picked":"SKIP","floor":41},{"not_picked":["Conclude","Prostrate","EmptyBody"],"picked":"SKIP","floor":45},{"not_picked":["PathToVictory","EmptyBody"],"picked":"FlurryOfBlows+1","floor":47}],"player_experience":235632,"relics_obtained":[{"floor":6.0,"key":"BelialBook"},{"floor":9.0,"key":"Orichalcum"},{"floor":14.0,"key":"Akabeko"},{"floor":15.0,"key":"Blue Doll"},{"floor":21.0,"key":"Ring of Peace"},{"floor":21.0,"key":"ReplayTheSpireMod:Ring of Collecting"},{"floor":23.0,"key":"Centennial Puzzle"},{"floor":25.0,"key":"Happy Flower"},{"floor":26.0,"key":"Ring of Greed"},{"floor":26.0,"key":"MealTicket"},{"floor":26.0,"key":"Smiling Mask"},{"floor":26.0,"key":"BookofShadows"},{"floor":41,"key":"Simple Rune"},{"floor":43,"key":"Potion Belt"},{"floor":43,"key":"ReplayTheSpireMod:Ring of Challenge"},{"floor":45,"key":"War Paint"},{"floor":47,"key":"Torii"}],"event_choices":[{"damage_healed":0.0,"max_hp_gain":0.0,"max_hp_loss":0.0,"gold_gain":30.0,"event_name":"Dead Adventurer","player_choice":"Searched \u00273\u0027 times","floor":14.0,"gold_loss":0.0,"damage_taken":0.0},{"cards_removed":["Strike_P"],"damage_healed":0.0,"max_hp_gain":0.0,"max_hp_loss":0.0,"gold_gain":0.0,"event_name":"Beggar","player_choice":"Gave Gold","floor":30.0,"gold_loss":75.0,"damage_taken":0.0},{"damage_healed":0.0,"max_hp_gain":5.0,"max_hp_loss":0.0,"gold_gain":0.0,"event_name":"Forgotten Altar","player_choice":"Shed Blood","floor":31.0,"gold_loss":0.0,"damage_taken":16.0},{"damage_healed":0.0,"max_hp_gain":0.0,"max_hp_loss":3.0,"gold_gain":0.0,"event_name":"Winding Halls","player_choice":"Max HP","floor":36.0,"gold_loss":0.0,"damage_taken":0.0},{"damage_healed":0,"gold_gain":0,"player_choice":"Fight","damage_taken":0,"max_hp_gain":0,"max_hp_loss":0,"event_name":"Mysterious Sphere","floor":47,"gold_loss":0}],"is_beta":false,"boss_relics":[{"not_picked":["Philosopher\u0027s Stone","Runic Pyramid"],"picked":"HolyWater"},{"not_picked":[]},{"not_picked":["Replay:Drink Me","VioletLotus"],"picked":"Painkiller Herb"},{"not_picked":[]}],"items_purged_floors":[3,29,34,48],"is_endless":false,"potions_floor_spawned":[1,5,7,16,18,20,35,38,39,45],"ascension_level":9}}