{"host":"m1168lp3vv5pgdep","time":1610392403,"event":{"mods":["Act Like it!","Aspiration","BaseMod","Better Altar","Better Match","Better Sensory Stone","Better Skull","Better Third Choice","Block Reminder","CCEM","Curses Come First","Elementarium","Gensokyo","GungeonMod","Hallownest","Hermit","Hubris","Menagerie","Minty Spire (QoL Compilation)","Pale of the Ancients","Permanent Neow","Quick Restart","Small Relic Pack","Spicy Shops","StSLib","The Bug Knight","The Forsaken","The Marked","Wandering Minibosses","WarShipGirlsR/????R mod"],"gold_per_floor":[119,45,45,45,55,55,74,106,131,131,131,164,41,60,60,157,157,169,15,15,27,42,74,74,74,74,84,9,43,16,16,16],"floor_reached":31,"playtime":10697,"items_purged":["Strike_G","hubris:SlightOfHand"],"score":295,"play_id":"0d1dc071-3227-49fa-a65e-98a453058c70","local_time":"20210111191323","is_ascension_mode":true,"campfire_choices":[{"floor":6,"key":"RECALL"},{"floor":11,"key":"REST"},{"floor":15,"key":"REST"},{"floor":24,"key":"REST"}],"circlet_count":0,"master_deck":["Survivor","Neutralize","Choke","Crippling Poison","Accuracy","Blur","Infinite Blades","Deadly Poison","Distraction","Die Die Die","All Out Attack","Dodge and Roll","Blade Dance","Acrobatics","Blur","Backstab","Sucker Punch","Cloak And Dagger","Cloak And Dagger","Noxious Fumes+1","Blade Dance","Cloak And Dagger","Infinite Blades"],"relics":["Ring of the Snake","DemoMod:ChaffGrenade","CCEMRelics:GrindingGear","aspiration:HatOfInfinitePower","Pandora\u0027s Box","The Courier","hubris:DeckOfHolding","Toy Ornithopter"],"acts_visited":["Exordium","TheCity"],"potions_floor_usage":[16,16,21,23,27,29],"damage_taken":[{"damage":0,"enemies":"2 Louse","floor":1,"turns":3},{"damage":0,"enemies":"Cultist","floor":5,"turns":4},{"damage":0,"enemies":"Small Slimes","floor":7,"turns":4},{"damage":45,"enemies":"Gremlin Nob","floor":8,"turns":6},{"damage":25,"enemies":"Lagavulin","floor":12,"turns":6},{"damage":5,"enemies":"Blue Slaver","floor":14,"turns":3},{"damage":24,"enemies":"The Guardian","floor":16,"turns":10},{"damage":10,"enemies":"Shell Parasite","floor":18,"turns":3},{"damage":8,"enemies":"2 Thieves","floor":21,"turns":3},{"damage":13,"enemies":"3 Cultists","floor":22,"turns":5},{"damage":23,"enemies":"Book of Stabbing","floor":23,"turns":6},{"damage":9,"enemies":"Cultist and Chosen","floor":27,"turns":5},{"damage":29,"enemies":"Slavers","floor":29,"turns":5},{"damage":15,"enemies":"Shelled Parasite and Fungi","floor":31,"turns":4}],"seed_played":"-533264829041551667","potions_obtained":[{"floor":1,"key":"Ancient Potion"},{"floor":3,"key":"DuplicationPotion"},{"floor":3,"key":"FairyPotion"},{"floor":7,"key":"DemoMod:LeadSkinPotion"},{"floor":16,"key":"Explosive Potion"},{"floor":22,"key":"PowerPotion"},{"floor":23,"key":"Explosive Potion"},{"floor":27,"key":"CunningPotion"}],"is_trial":false,"path_per_floor":["M","$","?","$","M","R","M","E","T","?","R","E","$","M","R","B",null,"M","$","?","M","M","E","R","T","T","M","?","E","$","M"],"character_chosen":"THE_SILENT","items_purchased":["Accuracy","PowerPotion","Cloak And Dagger","Infinite Blades"],"campfire_rested":3,"item_purchase_floors":[2,13,19,30],"current_hp_per_floor":[70,70,70,70,70,70,70,25,25,25,46,21,21,16,37,13,70,60,60,60,52,39,16,37,37,37,28,28,21,21,6,6],"gold":16,"neow_bonus":"THREE_CARDS","is_daily":false,"chose_seed":false,"campfire_upgraded":0,"win_rate":0.0,"timestamp":1610392403,"path_taken":["M","$","?","?","M","R","M","E","T","?","R","E","$","M","R","BOSS","M","$","?","M","M","E","R","?","T","M","?","E","$","M"],"items_purchased_type":["Card","Potion","Card","Card"],"build_version":"2020-12-22","purchased_purges":2,"victory":false,"max_hp_per_floor":[70,70,70,70,70,70,70,70,70,70,70,70,70,70,70,70,70,70,70,70,70,70,70,70,70,70,70,70,70,70,70,70],"card_choices":[{"not_picked":["Quick Slash","Dagger Throw"],"picked":"Choke","floor":0},{"not_picked":["Quick Slash","Expertise"],"picked":"Crippling Poison","floor":1},{"not_picked":["hubris:SlightOfHand","Dodge and Roll"],"picked":"Blur","floor":5},{"not_picked":["Catalyst","Quick Slash"],"picked":"Infinite Blades","floor":7},{"not_picked":["Choke","Dodge and Roll"],"picked":"Deadly Poison","floor":8},{"not_picked":["Quick Slash","Calculated Gamble"],"picked":"Distraction","floor":12},{"not_picked":["Skewer","Bouncing Flask"],"picked":"Die Die Die","floor":14},{"not_picked":["Poisoned Stab","Bane"],"picked":"Cloak And Dagger","floor":18},{"not_picked":["Backflip+1","PiercingWail"],"picked":"Noxious Fumes+1","floor":21},{"not_picked":["Skewer","Phantasmal Killer","Dagger Spray"],"picked":"SKIP","floor":22},{"not_picked":["Calculated Gamble","Masterful Stab","Outmaneuver"],"picked":"SKIP","floor":23},{"not_picked":["Poisoned Stab","Dagger Throw"],"picked":"Blade Dance","floor":27},{"not_picked":["Slice","Riddle With Holes+1"],"picked":"Cloak And Dagger","floor":29}],"player_experience":171563,"relics_obtained":[{"floor":8,"key":"DemoMod:ChaffGrenade"},{"floor":9,"key":"CCEMRelics:GrindingGear"},{"floor":12,"key":"aspiration:HatOfInfinitePower"},{"floor":23,"key":"The Courier"},{"floor":26,"key":"hubris:DeckOfHolding"},{"floor":29,"key":"Toy Ornithopter"}],"event_choices":[{"damage_healed":0,"gold_gain":0,"player_choice":"Got Potions","damage_taken":0,"max_hp_gain":0,"max_hp_loss":0,"event_name":"Lab","floor":3,"gold_loss":0},{"damage_healed":0,"gold_gain":0,"player_choice":"Ignored","damage_taken":0,"max_hp_gain":0,"max_hp_loss":0,"event_name":"Ghosts","floor":20,"gold_loss":0},{"cards_removed":["Wraith Form v2"],"damage_healed":0,"gold_gain":0,"player_choice":"Gave Gold","damage_taken":0,"max_hp_gain":0,"max_hp_loss":0,"event_name":"Beggar","floor":28,"gold_loss":75}],"is_beta":false,"boss_relics":[{"not_picked":["hubris:RunicObelisk","Ectoplasm"],"picked":"Pandora\u0027s Box"}],"items_purged_floors":[13,19],"is_endless":false,"potions_floor_spawned":[1,7,16,22,23,27],"killed_by":"Shelled Parasite and Fungi","ascension_level":1}}