{"host":"8pjvbxl6xo882v42","time":1610323596,"event":{"mods":["AchievementEnabler","BaseMod","Minty Spire (QoL Compilation)","Replay The Spire","StSLib","The Cursed"],"gold_per_floor":[110,110,121,132,132,132,167,184,184,211,226,237,116,127,127,200,200,220,145,145,157,172,172,200,200,200,200,200,200,200,27,27,100,100,111,66,78,140,140,150,164,174,174,199,222,248,276,303,315,327],"floor_reached":51,"playtime":3669,"items_purged":["Strike_R","Delirium"],"score":1157,"play_id":"33334831-31e2-4689-b92d-ebb83be116b3","local_time":"20210111010636","is_ascension_mode":true,"campfire_choices":[{"data":"Pommel Strike","floor":6,"key":"SMITH"},{"floor":15,"key":"DIG"},{"data":"Feed","floor":23,"key":"SMITH"},{"data":"Shrug It Off","floor":25,"key":"SMITH"},{"data":"Pummel","floor":27,"key":"SMITH"},{"data":"Whirlwind","floor":30,"key":"SMITH"},{"data":"Flex","floor":32,"key":"SMITH"},{"data":"True Grit","floor":49,"key":"SMITH"},{"data":"Shockwave","floor":49,"key":"SMITH"}],"circlet_count":0,"master_deck":["AscendersBane","Bash","Uppercut+1","Pommel Strike+1","Pummel+1","Flex+1","Battle Trance","ReplayTheSpireMod:Stacked","Shrug It Off+1","Impervious","Feed+1","Shrug It Off","Whirlwind+1","Metallicize","ReplayTheSpireMod:Doomed","Decay","Shockwave+1","True Grit+1","Shrug It Off","Anger","Infernal Blade+1","Flame Barrier+1"],"relics":["Coffee Dripper","FaceOfCleric","Magic Flower","Gambling Chip","Gremlin Horn","Chameleon Ring","Busted Crown","Pondfish Scales","Darkstone Periapt","Ring of Panic","Kintsugi","ReplayTheSpireMod:TigerMarble","Pet Ghost","Replay:Arrowhead","MawBank"],"acts_visited":["Exordium","TheCity","TheBeyond"],"potions_floor_usage":[7,8,10,16,21,24,50,50],"damage_taken":[{"damage":0,"enemies":"2 Louse","floor":1,"turns":3},{"damage":0,"enemies":"Cultist","floor":3,"turns":3},{"damage":7,"enemies":"Jaw Worm","floor":4,"turns":2},{"damage":1,"enemies":"Replay:BlueRogue","floor":7,"turns":4},{"damage":6,"enemies":"Lots of Slimes","floor":8,"turns":5},{"damage":0,"enemies":"Gremlin Nob","floor":10,"turns":2},{"damage":14,"enemies":"3 Louse","floor":11,"turns":2},{"damage":0,"enemies":"Large Slime","floor":12,"turns":5},{"damage":0,"enemies":"Looter","floor":14,"turns":3},{"damage":5,"enemies":"The Guardian","floor":16,"turns":9},{"damage":6,"enemies":"Spheric Guardian","floor":18,"turns":4},{"damage":0,"enemies":"Chosen","floor":21,"turns":4},{"damage":4,"enemies":"Shelled Parasite and Fungi","floor":22,"turns":6},{"damage":7,"enemies":"Slavers","floor":24,"turns":8},{"damage":42,"enemies":"Collector","floor":33,"turns":9},{"damage":0,"enemies":"Orb Walker","floor":35,"turns":3},{"damage":0,"enemies":"3 Darklings","floor":37,"turns":2},{"damage":6,"enemies":"Sphere and 2 Shapes","floor":40,"turns":1},{"damage":0,"enemies":"Transient","floor":41,"turns":5},{"damage":13,"enemies":"4 Shapes","floor":42,"turns":3},{"damage":0,"enemies":"Mind Bloom Boss Battle","floor":44,"turns":2},{"damage":0,"enemies":"Jaw Worm Horde","floor":46,"turns":1},{"damage":7,"enemies":"Spire Growth","floor":47,"turns":2},{"damage":8,"enemies":"Writhing Mass","floor":48,"turns":7},{"damage":39,"enemies":"Awakened One","floor":50,"turns":25}],"seed_played":"7810046697594294723","potions_obtained":[{"floor":1,"key":"Fire Potion"},{"floor":4,"key":"EntropicBrew"},{"floor":11,"key":"SkillPotion"},{"floor":18,"key":"Adrenaline Potion"},{"floor":22,"key":"Languid Potion"},{"floor":33,"key":"Elixir"},{"floor":38,"key":"Regen Potion"}],"is_trial":false,"path_per_floor":["M","?","M","M","?","R","E","M","T","E","M","M","$","M","R","B",null,"M","?","?","M","M","R","E","R","T","R","?","?","R","$","R","B",null,"M","$","M","?","?","M","M","M","T","?","T","M","M","M","R","B",null],"character_chosen":"IRONCLAD","items_purchased":["Shrug It Off","Metallicize","True Grit"],"campfire_rested":0,"item_purchase_floors":[13,31,36],"current_hp_per_floor":[72,72,72,65,65,65,65,61,61,63,51,53,53,55,55,52,78,74,74,74,76,79,79,80,80,80,80,86,86,86,86,86,46,102,104,104,106,106,106,113,115,104,104,106,106,114,109,109,109,120],"gold":339,"neow_bonus":"BOSS_RELIC","is_daily":false,"chose_seed":false,"campfire_upgraded":8,"win_rate":0.0,"timestamp":1610323596,"path_taken":["M","?","M","?","?","R","E","M","T","E","M","?","?","M","R","BOSS","M","?","?","M","M","R","E","R","T","R","?","?","R","$","R","BOSS","M","$","M","?","?","M","?","M","T","?","?","?","M","M","R","BOSS"],"items_purchased_type":["Card","Card","Card"],"build_version":"2020-12-22","purchased_purges":2,"victory":true,"max_hp_per_floor":[80,80,80,80,80,80,81,82,82,83,84,85,85,86,86,87,87,88,88,88,89,93,93,98,98,98,98,104,104,104,104,104,105,117,118,118,119,119,119,127,128,129,129,130,130,131,132,137,137,142],"card_choices":[{"not_picked":["Inflame","Flame Barrier"],"picked":"Uppercut","floor":1},{"not_picked":["Iron Wave","Searing Blow"],"picked":"ReplayTheSpireMod:Strike From Hell","floor":3},{"not_picked":["Body Slam","Carnage"],"picked":"Pommel Strike","floor":4},{"not_picked":["Rupture","Spot Weakness","ReplayTheSpireMod:Strike From Hell"],"picked":"SKIP","floor":7},{"not_picked":["Flex","Feel No Pain"],"picked":"Pummel","floor":8},{"not_picked":["Twin Strike","Searing Blow"],"picked":"Flex","floor":10},{"not_picked":["Spot Weakness","Anger"],"picked":"Battle Trance","floor":11},{"not_picked":["Clash","Clothesline"],"picked":"ReplayTheSpireMod:Stacked","floor":12},{"not_picked":["Wild Strike","Twin Strike"],"picked":"Impervious","floor":14},{"not_picked":["Juggernaut","Demonic Infusion"],"picked":"Feed","floor":16},{"not_picked":["Body Slam"],"picked":"SKIP","floor":18},{"not_picked":["Thunderclap"],"picked":"SKIP","floor":21},{"not_picked":["Pommel Strike"],"picked":"SKIP","floor":22},{"not_picked":["Body Slam"],"picked":"SKIP","floor":24},{"not_picked":[],"picked":"Shockwave","floor":35},{"not_picked":["Uppercut"],"picked":"SKIP","floor":37},{"not_picked":[],"picked":"Shrug It Off","floor":38},{"not_picked":["Pommel Strike"],"picked":"SKIP","floor":40},{"not_picked":["Thunderclap"],"picked":"SKIP","floor":41},{"not_picked":[],"picked":"Infernal Blade+1","floor":42},{"not_picked":[],"picked":"Flame Barrier+1","floor":46},{"not_picked":["Body Slam"],"picked":"SKIP","floor":47},{"not_picked":["ReplayTheSpireMod:Limb From Limb+1"],"picked":"SKIP","floor":48}],"player_experience":300890,"relics_obtained":[{"floor":7,"key":"Magic Flower"},{"floor":9,"key":"Gambling Chip"},{"floor":10,"key":"Gremlin Horn"},{"floor":15,"key":"Chameleon Ring"},{"floor":24,"key":"Pondfish Scales"},{"floor":26,"key":"Darkstone Periapt"},{"floor":28,"key":"Ring of Panic"},{"floor":38,"key":"ReplayTheSpireMod:TigerMarble"},{"floor":43,"key":"Pet Ghost"},{"floor":44,"key":"Replay:Arrowhead"},{"floor":45,"key":"MawBank"}],"event_choices":[{"damage_healed":0,"gold_gain":0,"player_choice":"Upgraded","damage_taken":0,"max_hp_gain":0,"max_hp_loss":0,"event_name":"Upgrade Shrine","floor":2,"gold_loss":0,"cards_upgraded":["Uppercut"]},{"damage_healed":0,"gold_gain":0,"player_choice":"Trade","damage_taken":0,"relics_obtained":["FaceOfCleric"],"max_hp_gain":0,"max_hp_loss":0,"event_name":"FaceTrader","floor":5,"gold_loss":0},{"cards_removed":["Strike_R"],"damage_healed":0,"gold_gain":0,"player_choice":"Gave Gold","damage_taken":0,"max_hp_gain":0,"max_hp_loss":0,"event_name":"Beggar","floor":19,"gold_loss":75},{"damage_healed":0,"gold_gain":0,"cards_transformed":["Strike_R","Defend_R"],"player_choice":"Became Test Subject","damage_taken":0,"max_hp_gain":0,"max_hp_loss":0,"event_name":"Drug Dealer","floor":20,"gold_loss":0,"cards_obtained":["Shrug It Off","Wild Strike"]},{"damage_healed":0,"gold_gain":0,"cards_transformed":["Strike_R"],"player_choice":"Transformed","damage_taken":0,"max_hp_gain":0,"max_hp_loss":0,"event_name":"Transmorgrifier","floor":29,"gold_loss":0,"cards_obtained":["Whirlwind"]},{"damage_healed":0,"gold_gain":0,"cards_transformed":["ReplayTheSpireMod:Strike From Hell"],"player_choice":"Transformed","damage_taken":0,"max_hp_gain":0,"max_hp_loss":0,"event_name":"Transmorgrifier","floor":39,"gold_loss":0,"cards_obtained":["Anger"]},{"damage_healed":0,"gold_gain":0,"player_choice":"Fight","damage_taken":0,"max_hp_gain":0,"max_hp_loss":0,"event_name":"MindBloom","floor":44,"gold_loss":0}],"is_beta":false,"boss_relics":[{"not_picked":["Painkiller Herb","Runic Dome"],"picked":"Busted Crown"},{"not_picked":["Ooze Armor","Replay:Wanted Poster"],"picked":"Kintsugi"}],"items_purged_floors":[13,31],"is_endless":false,"potions_floor_spawned":[1,4,11,18,22,33,40,46,47],"ascension_level":13}}