{"host":"qgrlfjrqk9z96gfi","time":1610329946,"event":{"mods":["BaseMod","Block Reminder","Colored Map","DeckTracker","Minty Spire (QoL Compilation)"],"gold_per_floor":[417,382,399,418,51,51,81,81,81,81,81,81,158,176,176,176,176],"floor_reached":16,"playtime":371,"items_purged":["Strike_G"],"score":196,"play_id":"9cbf7302-9490-44fe-b12b-49620e47d5eb","local_time":"20210110155226","is_ascension_mode":true,"campfire_choices":[{"data":"Crippling Poison","floor":6,"key":"SMITH"},{"floor":8,"key":"REST"},{"data":"Poisoned Stab","floor":10,"key":"SMITH"},{"data":"Bane","floor":12,"key":"SMITH"},{"data":"Neutralize","floor":15,"key":"SMITH"}],"circlet_count":0,"master_deck":["AscendersBane","Strike_G","Strike_G","Strike_G","Strike_G","Defend_G","Defend_G","Defend_G","Defend_G","Defend_G","Survivor","Neutralize+1","CurseOfTheBell","Crippling Poison+1","Bane+1","Dagger Throw","Underhanded Strike","Poisoned Stab+1","Backflip"],"relics":["Calling Bell","Omamori","The Courier","Old Coin","Bag of Preparation","Sling","Question Card","Art of War","Blue Candle"],"acts_visited":["Exordium"],"potions_floor_usage":[7,16,16],"damage_taken":[{"damage":13,"enemies":"Jaw Worm","floor":1,"turns":6},{"damage":7,"enemies":"2 Louse","floor":3,"turns":4},{"damage":9,"enemies":"Small Slimes","floor":4,"turns":5},{"damage":18,"enemies":"Lagavulin","floor":7,"turns":6},{"damage":2,"enemies":"Looter","floor":14,"turns":2},{"damage":43,"enemies":"Hexaghost","floor":16,"turns":9}],"seed_played":"3978584179163020500","potions_obtained":[{"floor":3,"key":"Block Potion"},{"floor":7,"key":"Poison Potion"},{"floor":14,"key":"LiquidMemories"}],"is_trial":false,"path_per_floor":["M","?","M","M","$","R","E","R","T","R","?","R","?","M","R","B"],"character_chosen":"THE_SILENT","items_purchased":["Underhanded Strike","Bag of Preparation","Sling"],"campfire_rested":1,"item_purchase_floors":[5,5,5],"current_hp_per_floor":[46,62,55,46,46,46,28,47,47,47,42,42,42,40,40,0,0],"gold":176,"neow_bonus":"BOSS_RELIC","is_daily":false,"chose_seed":false,"campfire_upgraded":4,"win_rate":0.0,"timestamp":1610329946,"path_taken":["M","?","M","M","$","R","E","R","T","R","?","R","?","M","R","BOSS"],"items_purchased_type":["Card","Relic","Relic"],"build_version":"2020-12-22","purchased_purges":1,"victory":false,"max_hp_per_floor":[66,66,66,66,66,66,66,66,66,66,66,66,66,66,66,66,66],"card_choices":[{"not_picked":["Acrobatics","Well Laid Plans"],"picked":"Crippling Poison","floor":1},{"not_picked":["Dodge and Roll","Quick Slash"],"picked":"Bane","floor":3},{"not_picked":["Catalyst","Escape Plan"],"picked":"Dagger Throw","floor":4},{"not_picked":["A Thousand Cuts","Tactician"],"picked":"Poisoned Stab","floor":7},{"not_picked":["Catalyst","Slice","Finisher"],"picked":"Backflip","floor":14}],"player_experience":990387,"relics_obtained":[{"floor":0,"key":"Omamori"},{"floor":0,"key":"The Courier"},{"floor":0,"key":"Old Coin"},{"floor":7,"key":"Question Card"},{"floor":9,"key":"Art of War"}],"event_choices":[{"damage_healed":16,"gold_gain":0,"player_choice":"Healed","damage_taken":0,"max_hp_gain":0,"max_hp_loss":0,"event_name":"The Cleric","floor":2,"gold_loss":35},{"damage_healed":0,"gold_gain":0,"player_choice":"Success","damage_taken":5,"relics_obtained":["Blue Candle"],"max_hp_gain":0,"max_hp_loss":0,"event_name":"Scrap Ooze","floor":11,"gold_loss":0},{"damage_healed":0,"gold_gain":77,"player_choice":"Gained Gold","damage_taken":0,"max_hp_gain":0,"max_hp_loss":0,"event_name":"Golden Wing","floor":13,"gold_loss":0}],"is_beta":false,"boss_relics":[],"items_purged_floors":[5],"is_endless":false,"potions_floor_spawned":[3,7,14],"killed_by":"Hexaghost","ascension_level":20}}