{"host":"v54ek091sdz7ha6h","time":1610340688,"event":{"mods":["BaseMod","Better Vampires","Colored Map","Colored Powertips","Custom Start","DeckTracker","Friendly Minions","Highlight Path","KOR Keyword Fix","Minty Spire (QoL Compilation)","Rare Cards Sparkle","StSLib","SuperFastMode","everything is the same but u backflip on backflip","slay the spire mod where everything is the same but ironclad has a cowboy hat"],"gold_per_floor":[114,114,126,141,11,11,22,22,98,112,124,142,167,11,11,82,82,97,113,113,126,41,41,55,55,55,66,76,76,105,155,155,229,229,245,258,258,258,59,91,101,101,124,142,152,152,178,195,195,195,195,195],"floor_reached":51,"playtime":2420,"items_purged":["Defend_B","Strike_B"],"score":1541,"play_id":"10804574-71f7-436a-a6bb-0b985ef4f865","local_time":"20210111135128","is_ascension_mode":true,"campfire_choices":[{"data":"Chaos","floor":6.0,"key":"SMITH"},{"data":"Dualcast","floor":8.0,"key":"SMITH"},{"data":"Steam Power","floor":15.0,"key":"SMITH"},{"floor":23.0,"key":"REST"},{"floor":25.0,"key":"REST"},{"floor":29.0,"key":"REST"},{"data":"Creative AI","floor":32.0,"key":"SMITH"},{"floor":42.0,"key":"RECALL"},{"floor":46.0,"key":"REST"},{"data":"Heatsinks","floor":49.0,"key":"SMITH"}],"circlet_count":0,"master_deck":["AscendersBane","Strike_B","Strike_B","Strike_B","Defend_B","Defend_B","Defend_B","Zap","Dualcast+1","Chill","Chaos+1","Auto Shields","Coolheaded","Steam Power+1","Electrodynamics","Turbo","White Noise","Creative AI+1","CurseOfTheBell","Genetic Algorithm+1","Hologram+1","Tempest+1","Amplify+1","Coolheaded+1","Heatsinks+1","Steam+1","All For One","Blizzard+1","Leap+1","Bandage Up+1","Enlightenment+1","Dark Shackles+1","Creative AI+1","Coolheaded+1","Doubt","Compile Driver+1","Static Discharge+1"],"relics":["Cracked Core","Dead Branch","CultistMask","HornCleat","Oddly Smooth Stone","Calling Bell","Orichalcum","Toxic Egg 2","Ice Cream","Mummified Hand","Cables","TungstenRod","Cursed Key","Anchor","Art of War","Bird Faced Urn"],"acts_visited":["Exordium","TheCity","TheBeyond"],"potions_floor_usage":[51],"damage_taken":[{"damage":7.0,"enemies":"Jaw Worm","floor":1.0,"turns":3.0},{"damage":0.0,"enemies":"Cultist","floor":3.0,"turns":3.0},{"damage":0.0,"enemies":"2 Louse","floor":4.0,"turns":2.0},{"damage":13.0,"enemies":"Exordium Wildlife","floor":7.0,"turns":7.0},{"damage":0.0,"enemies":"2 Fungi Beasts","floor":10.0,"turns":3.0},{"damage":0.0,"enemies":"Exordium Thugs","floor":11.0,"turns":3.0},{"damage":0.0,"enemies":"Looter","floor":12.0,"turns":3.0},{"damage":4.0,"enemies":"Lagavulin","floor":13.0,"turns":4.0},{"damage":17.0,"enemies":"Hexaghost","floor":16.0,"turns":8.0},{"damage":9.0,"enemies":"Spheric Guardian","floor":18.0,"turns":6.0},{"damage":34.0,"enemies":"Chosen","floor":19.0,"turns":6.0},{"damage":0.0,"enemies":"3 Cultists","floor":21.0,"turns":2.0},{"damage":22.0,"enemies":"Snake Plant","floor":24.0,"turns":5.0},{"damage":4.0,"enemies":"Shelled Parasite and Fungi","floor":27.0,"turns":7.0},{"damage":6.0,"enemies":"Centurion and Healer","floor":28.0,"turns":6.0},{"damage":27.0,"enemies":"Gremlin Leader","floor":30.0,"turns":8.0},{"damage":18.0,"enemies":"Automaton","floor":33.0,"turns":9.0},{"damage":0.0,"enemies":"Orb Walker","floor":35.0,"turns":3.0},{"damage":0.0,"enemies":"3 Darklings","floor":36.0,"turns":5.0},{"damage":0.0,"enemies":"Reptomancer","floor":40.0,"turns":4.0},{"damage":0.0,"enemies":"Sphere and 2 Shapes","floor":41.0,"turns":3.0},{"damage":18.0,"enemies":"Jaw Worm Horde","floor":44.0,"turns":4.0},{"damage":0.0,"enemies":"Maw","floor":45.0,"turns":6.0},{"damage":0.0,"enemies":"Nemesis","floor":47.0,"turns":7.0},{"damage":15.0,"enemies":"3 Darklings","floor":48.0,"turns":3.0},{"damage":58.0,"enemies":"Donu and Deca","floor":50.0,"turns":11.0},{"damage":91,"enemies":"Awakened One","floor":51,"turns":5}],"seed_played":"8290381180549437618","potions_obtained":[{"floor":1.0,"key":"Energy Potion"},{"floor":3.0,"key":"FairyPotion"},{"floor":10.0,"key":"EntropicBrew"},{"floor":11.0,"key":"FocusPotion"},{"floor":16.0,"key":"FearPotion"},{"floor":19.0,"key":"DuplicationPotion"},{"floor":24.0,"key":"Swift Potion"},{"floor":28.0,"key":"Regen Potion"},{"floor":30.0,"key":"Block Potion"},{"floor":40.0,"key":"Strength Potion"},{"floor":44.0,"key":"FocusPotion"},{"floor":45.0,"key":"GamblersBrew"}],"is_trial":false,"path_per_floor":["M","?","M","M","$","R","M","R","T","M","M","M","E","$","R","B",null,"M","M","?","M","?","R","M","R","T","M","M","R","E","?","R","B",null,"M","M","?","?","$","E","M","R","T","M","M","R","E","M","R","B","B"],"character_chosen":"DEFECT","items_purchased":["Coolheaded","PowerPotion","Anchor","Coolheaded+1"],"campfire_rested":4,"item_purchase_floors":[5,14,39,39],"current_hp_per_floor":[57,57,57,57,57,57,44,44,44,44,44,44,40,40,40,23,54,45,11,11,11,11,30,8,27,27,23,17,36,24,24,24,6,50,50,50,41,41,41,47,53,53,53,35,41,60,64,57,57,59,0,0],"gold":195,"neow_bonus":"ONE_RARE_RELIC","is_daily":false,"chose_seed":false,"campfire_upgraded":5,"win_rate":0.0,"timestamp":1610340688,"path_taken":["M","?","M","M","$","R","M","R","T","M","M","M","E","?","R","BOSS","M","M","?","M","?","R","M","R","T","M","M","R","E","?","R","BOSS","M","M","?","?","$","E","?","R","T","M","M","R","E","M","R","BOSS","BOSS"],"items_purchased_type":["Card","Potion","Relic","Card"],"build_version":"2020-12-22","purchased_purges":2,"victory":false,"max_hp_per_floor":[64,64,64,64,64,64,64,64,64,64,64,64,64,64,64,64,64,64,64,64,64,64,64,64,64,64,64,64,64,64,64,64,64,64,64,64,64,64,64,64,64,64,64,64,64,64,64,64,64,64,64,64],"card_choices":[{"not_picked":["Streamline","Turbo"],"picked":"Chill","floor":1.0},{"not_picked":["Steam","Redo"],"picked":"Chaos","floor":3.0},{"not_picked":["Rip and Tear","Skim"],"picked":"Auto Shields","floor":4.0},{"not_picked":["Cold Snap","Sweeping Beam"],"picked":"Steam Power","floor":7.0},{"not_picked":["Barrage","Stack","Gash"],"picked":"SKIP","floor":10.0},{"not_picked":["Ball Lightning","Stack"],"picked":"Electrodynamics","floor":11.0},{"not_picked":["Stack","Redo"],"picked":"Turbo","floor":12.0},{"not_picked":["Reprogram","Consume"],"picked":"White Noise","floor":13.0},{"not_picked":["Hyperbeam","Amplify"],"picked":"Creative AI","floor":16.0},{"not_picked":["Consume+1","Conserve Battery+1"],"picked":"Genetic Algorithm+1","floor":18.0},{"not_picked":["Genetic Algorithm+1","Sweeping Beam"],"picked":"Hologram+1","floor":19.0},{"not_picked":["Loop","Rebound+1"],"picked":"Tempest+1","floor":21.0},{"not_picked":["FTL","Streamline"],"picked":"Amplify+1","floor":24.0},{"not_picked":["Beam Cell","Melter"],"picked":"Coolheaded+1","floor":27.0},{"not_picked":["Go for the Eyes+1","Cold Snap+1"],"picked":"Heatsinks","floor":28.0},{"not_picked":["Melter","Sweeping Beam"],"picked":"Steam+1","floor":30.0},{"not_picked":["Hyperbeam","Electrodynamics"],"picked":"All For One","floor":33.0},{"not_picked":["Compile Driver","Streamline+1"],"picked":"Blizzard+1","floor":35.0},{"not_picked":["Blizzard","Beam Cell"],"picked":"Leap+1","floor":36.0},{"not_picked":["Jack Of All Trades+1","Blind+1"],"picked":"Bandage Up+1","floor":37.0},{"not_picked":["Magnetism","The Bomb+1"],"picked":"Enlightenment+1","floor":37.0},{"not_picked":["Metamorphosis+1","Madness+1"],"picked":"Dark Shackles+1","floor":37.0},{"not_picked":["Rip and Tear","Hello World","Sunder+1"],"picked":"SKIP","floor":40.0},{"not_picked":["Beam Cell","Sweeping Beam","Go for the Eyes"],"picked":"SKIP","floor":41.0},{"not_picked":["Go for the Eyes","Hyperbeam"],"picked":"Compile Driver+1","floor":44.0},{"not_picked":["Gash+1","Go for the Eyes","Streamline"],"picked":"SKIP","floor":45.0},{"not_picked":["Gash+1","Go for the Eyes","Streamline"],"picked":"SKIP","floor":45.0},{"not_picked":["Steam+1","Sweeping Beam+1","Rebound"],"picked":"SKIP","floor":47.0},{"not_picked":["Hologram+1","Steam Power+1"],"picked":"Static Discharge+1","floor":48.0}],"player_experience":1415397,"relics_obtained":[{"floor":9.0,"key":"HornCleat"},{"floor":13.0,"key":"Oddly Smooth Stone"},{"floor":17.0,"key":"Orichalcum"},{"floor":17.0,"key":"Toxic Egg 2"},{"floor":17.0,"key":"Ice Cream"},{"floor":26.0,"key":"Cables"},{"floor":30.0,"key":"TungstenRod"},{"floor":40.0,"key":"Art of War"},{"floor":47.0,"key":"Bird Faced Urn"}],"event_choices":[{"damage_healed":0.0,"max_hp_gain":0.0,"max_hp_loss":0.0,"gold_gain":0.0,"event_name":"FaceTrader","player_choice":"Trade","floor":2.0,"gold_loss":0.0,"damage_taken":0.0,"relics_obtained":["CultistMask"]},{"damage_healed":0.0,"max_hp_gain":0.0,"max_hp_loss":0.0,"gold_gain":0.0,"event_name":"Cursed Tome","player_choice":"Ignored","floor":20.0,"gold_loss":0.0,"damage_taken":0.0},{"damage_healed":0.0,"max_hp_gain":0.0,"max_hp_loss":0.0,"gold_gain":0.0,"event_name":"Addict","player_choice":"Obtained Relic","floor":22.0,"gold_loss":85.0,"damage_taken":0.0,"relics_obtained":["Mummified Hand"]},{"damage_healed":0.0,"max_hp_gain":0.0,"max_hp_loss":0.0,"gold_gain":50.0,"event_name":"Nest","player_choice":"Stole From Cult","floor":31.0,"gold_loss":0.0,"damage_taken":0.0},{"damage_healed":0.0,"max_hp_gain":0.0,"max_hp_loss":0.0,"gold_gain":0.0,"event_name":"SensoryStone","player_choice":"Memory 3","floor":37.0,"gold_loss":0.0,"damage_taken":10.0},{"damage_healed":0.0,"max_hp_gain":0.0,"max_hp_loss":0.0,"gold_gain":0.0,"event_name":"Duplicator","player_choice":"Copied","floor":38.0,"gold_loss":0.0,"damage_taken":0.0,"cards_obtained":["Creative AI"]}],"is_beta":false,"boss_relics":[{"not_picked":["Runic Pyramid","Velvet Choker"],"picked":"Calling Bell"},{"not_picked":["Tiny House","Black Star"],"picked":"Cursed Key"}],"items_purged_floors":[5,14],"is_endless":false,"potions_floor_spawned":[1,3,10,11,16,19,24,28,30,40,44,45,47],"killed_by":"Awakened One","ascension_level":20}}