{"host":"vlqejv0notyktumz","time":1610392613,"event":{"mods":["AchievementEnabler","BaseMod","Googly Eyes","Minty Spire (QoL Compilation)"],"gold_per_floor":[110,210,223,233,249,280,108,121,121,132,132,148,148,39,39,140,140,158,158,158,158,257,257,272,272,320,69,80,80,80,80,80],"floor_reached":31,"playtime":852,"items_purged":["Strike_B"],"score":342,"play_id":"7e130026-1fb0-43f5-8a62-66992ca782b7","local_time":"20210111131653","is_ascension_mode":true,"campfire_choices":[{"floor":11,"key":"RECALL"},{"floor":15,"key":"REST"},{"data":"Sunder","floor":23,"key":"SMITH"},{"data":"Leap","floor":25,"key":"SMITH"},{"data":"Conserve Battery","floor":30,"key":"SMITH"}],"circlet_count":0,"master_deck":["Defend_B","Defend_B","Defend_B","Defend_B","Zap","Dualcast","Conserve Battery+1","Static Discharge","Sunder+1","Rebound","Defragment","Barrage","Capacitor","Gash","Streamline","FTL","Consume","Melter","Thunder Strike","Leap+1","Bite","Bite","Bite","Bite","Bite","Glacier","Stack"],"relics":["Cracked Core","NeowsBlessing","Boot","StrikeDummy","Inserter","Meat on the Bone","Ornamental Fan"],"acts_visited":["Exordium","TheCity"],"potions_floor_usage":[5,6,6,6,6,6,28],"damage_taken":[{"damage":0,"enemies":"Jaw Worm","floor":1,"turns":1},{"damage":0,"enemies":"Cultist","floor":3,"turns":1},{"damage":0,"enemies":"2 Louse","floor":4,"turns":1},{"damage":10,"enemies":"Exordium Thugs","floor":5,"turns":4},{"damage":16,"enemies":"Lagavulin","floor":6,"turns":5},{"damage":14,"enemies":"Blue Slaver","floor":8,"turns":4},{"damage":2,"enemies":"Exordium Wildlife","floor":10,"turns":3},{"damage":5,"enemies":"2 Fungi Beasts","floor":12,"turns":3},{"damage":30,"enemies":"The Guardian","floor":16,"turns":10},{"damage":32,"enemies":"2 Thieves","floor":18,"turns":4},{"damage":25,"enemies":"Chosen","floor":24,"turns":6},{"damage":34,"enemies":"Snake Plant","floor":28,"turns":5},{"damage":37,"enemies":"Chosen and Byrds","floor":31,"turns":6}],"seed_played":"-1821094146428986005","potions_obtained":[{"floor":1,"key":"EntropicBrew"},{"floor":3,"key":"Energy Potion"},{"floor":5,"key":"Regen Potion"},{"floor":8,"key":"GamblersBrew"},{"floor":10,"key":"FearPotion"},{"floor":28,"key":"CultistPotion"}],"is_trial":false,"path_per_floor":["M","?","M","M","M","E","$","M","T","M","R","M","?","$","R","B",null,"M","?","?","?","?","R","M","R","T","$","M","?","R","M"],"character_chosen":"DEFECT","items_purchased":["Barrage","Capacitor","Consume","Melter","Ornamental Fan"],"campfire_rested":1,"item_purchase_floors":[7,7,14,14,27],"current_hp_per_floor":[68,68,68,68,58,56,56,42,42,40,40,35,35,35,57,27,63,31,31,31,48,48,48,31,31,31,31,15,15,15,0,0],"gold":80,"neow_bonus":"THREE_ENEMY_KILL","is_daily":false,"chose_seed":false,"campfire_upgraded":3,"win_rate":0.0,"timestamp":1610392613,"path_taken":["M","?","M","M","M","E","$","?","T","M","R","M","?","?","R","BOSS","M","?","?","?","?","R","M","R","T","$","M","?","R","M"],"items_purchased_type":["Card","Card","Card","Card","Relic"],"build_version":"2020-12-22","purchased_purges":1,"victory":false,"max_hp_per_floor":[75,75,75,75,75,75,75,75,75,75,75,75,75,75,75,75,75,75,52,52,52,52,52,52,52,52,52,52,52,52,52,52],"card_choices":[{"not_picked":["Auto Shields","BootSequence"],"picked":"Conserve Battery","floor":1},{"not_picked":["Rebound","Skim"],"picked":"Static Discharge","floor":3},{"not_picked":["Genetic Algorithm","Coolheaded"],"picked":"Sunder","floor":4},{"not_picked":["Stack","Compile Driver"],"picked":"Rebound","floor":5},{"not_picked":["Beam Cell","Steam"],"picked":"Defragment","floor":6},{"not_picked":["Redo","Conserve Battery"],"picked":"Gash","floor":8},{"not_picked":["Turbo","Sweeping Beam"],"picked":"Streamline","floor":10},{"not_picked":["Go for the Eyes","Chaos"],"picked":"FTL","floor":12},{"not_picked":["Multi-Cast","Rainbow"],"picked":"Thunder Strike","floor":16},{"not_picked":["Fusion","Reinforced Body"],"picked":"Leap","floor":18},{"not_picked":["Conserve Battery","Barrage"],"picked":"Glacier","floor":24},{"not_picked":["Fission","Gash"],"picked":"Stack","floor":28}],"player_experience":326965,"relics_obtained":[{"floor":6,"key":"Boot"},{"floor":9,"key":"StrikeDummy"}],"event_choices":[{"damage_healed":0,"gold_gain":100,"player_choice":"Pray","damage_taken":0,"max_hp_gain":0,"max_hp_loss":0,"event_name":"Golden Shrine","floor":2,"gold_loss":0},{"damage_healed":0,"gold_gain":0,"player_choice":"Ignored","damage_taken":0,"max_hp_gain":0,"max_hp_loss":0,"event_name":"Liars Game","floor":13,"gold_loss":0},{"damage_healed":0,"gold_gain":0,"player_choice":"Became a vampire","damage_taken":0,"max_hp_gain":0,"max_hp_loss":23,"event_name":"Vampires","floor":19,"gold_loss":0,"cards_obtained":["Bite","Bite","Bite","Bite","Bite"]},{"damage_healed":0,"gold_gain":0,"player_choice":"Opened","damage_taken":0,"relics_obtained":["Meat on the Bone"],"max_hp_gain":0,"max_hp_loss":0,"event_name":"The Mausoleum","floor":20,"gold_loss":0},{"damage_healed":17,"gold_gain":0,"player_choice":"Heal","damage_taken":0,"max_hp_gain":0,"max_hp_loss":0,"event_name":"The Library","floor":21,"gold_loss":0},{"damage_healed":0,"gold_gain":99,"player_choice":"Stole From Cult","damage_taken":0,"max_hp_gain":0,"max_hp_loss":0,"event_name":"Nest","floor":22,"gold_loss":0},{"damage_healed":0,"gold_gain":0,"player_choice":"Ignored","damage_taken":0,"max_hp_gain":0,"max_hp_loss":0,"event_name":"Ghosts","floor":29,"gold_loss":0}],"is_beta":false,"boss_relics":[{"not_picked":["Philosopher\u0027s Stone","Pandora\u0027s Box"],"picked":"Inserter"}],"items_purged_floors":[7],"is_endless":false,"potions_floor_spawned":[1,3,5,8,10,28],"killed_by":"Chosen and Byrds","ascension_level":7}}