{"host":"uonldg9uriwfhjjx","time":1610376406,"event":{"mods":["AchievementEnabler","BaseMod","Minty Spire (QoL Compilation)","Relic Stats"],"gold_per_floor":[109,127,127,140,90,124,124,157,225,244,308,10,85,96,96,198,198,210,220,231,44,44,44,70,70,70,99,99,30,30,30],"floor_reached":30,"playtime":845,"items_purged":["Strike_P"],"score":440,"play_id":"0c0cac5e-3e72-44f9-a424-b887b1ba6754","local_time":"20210111094646","is_ascension_mode":true,"campfire_choices":[{"data":"FlurryOfBlows","floor":7,"key":"SMITH"},{"floor":15,"key":"REST"},{"data":"Eruption","floor":23,"key":"SMITH"},{"floor":25,"key":"REST"}],"circlet_count":0,"master_deck":["Strike_P","Defend_P","Defend_P","Eruption+1","Vigilance","FlurryOfBlows+1","EmptyFist+1","Crescendo","Consecrate","Evaluate","CarveReality+1","FlurryOfBlows","Vengeance","ClearTheMind","DeusExMachina","FollowUp","MentalFortress","MentalFortress","Perseverance","SandsOfTime","ClearTheMind","ClearTheMind","Crescendo"],"relics":["Empty Cage","Mango","Ancient Tea Set","Bottled Flame","Toy Ornithopter","Blood Vial","SacredBark","Whetstone","Orichalcum","Dead Branch"],"acts_visited":["TheCity"],"potions_floor_usage":[6,14,16,18,24,24],"damage_taken":[{"damage":7,"enemies":"Jaw Worm","floor":1,"turns":3},{"damage":2,"enemies":"Cultist","floor":2,"turns":3},{"damage":4,"enemies":"2 Louse","floor":4,"turns":2},{"damage":22,"enemies":"Lagavulin","floor":6,"turns":4},{"damage":25,"enemies":"3 Sentries","floor":8,"turns":6},{"damage":5,"enemies":"Blue Slaver","floor":10,"turns":3},{"damage":0,"enemies":"Gremlin Nob","floor":11,"turns":2},{"damage":2,"enemies":"Large Slime","floor":14,"turns":2},{"damage":0,"enemies":"Slime Boss","floor":16,"turns":4},{"damage":0,"enemies":"Shell Parasite","floor":18,"turns":1},{"damage":38,"enemies":"2 Thieves","floor":19,"turns":3},{"damage":6,"enemies":"Sentry and Sphere","floor":20,"turns":3},{"damage":41,"enemies":"Slavers","floor":24,"turns":5},{"damage":31,"enemies":"Book of Stabbing","floor":27,"turns":4},{"damage":9,"enemies":"Colosseum Slavers","floor":28,"turns":4},{"damage":6,"enemies":"Chosen and Byrds","floor":30,"turns":1}],"seed_played":"2317890104852508622","potions_obtained":[{"floor":4,"key":"PowerPotion"},{"floor":6,"key":"Swift Potion"},{"floor":11,"key":"Swift Potion"},{"floor":14,"key":"DuplicationPotion"},{"floor":19,"key":"SteroidPotion"},{"floor":20,"key":"CultistPotion"}],"is_trial":false,"path_per_floor":["M","M","?","M","?","E","R","E","T","M","?","$","?","M","R","B",null,"M","M","M","$","$","R","E","R","T","E","?","$","M"],"character_chosen":"WATCHER","items_purchased":["Vengeance","Blood Vial","MentalFortress","Perseverance","SandsOfTime","ClearTheMind","Crescendo"],"campfire_rested":2,"item_purchase_floors":[12,12,21,21,21,29,29],"current_hp_per_floor":[58,56,56,52,52,44,44,19,19,14,14,14,3,8,33,40,75,82,46,42,42,42,42,13,38,38,9,2,2,0,0],"gold":30,"neow_bonus":"BOSS_RELIC","is_daily":false,"chose_seed":false,"campfire_upgraded":2,"win_rate":0.0,"timestamp":1610376406,"path_taken":["M","M","?","?","?","E","R","E","T","M","?","?","?","?","R","BOSS","M","?","M","?","$","R","E","R","T","E","?","$","M"],"items_purchased_type":["Card","Relic","Card","Card","Card","Card","Card"],"build_version":"2020-12-22","purchased_purges":1,"victory":false,"max_hp_per_floor":[72,72,72,72,72,86,86,86,86,86,86,86,86,86,86,86,86,86,86,86,86,86,86,86,86,86,86,86,86,86,86],"relic_stats":{"Blood Vial":18,"counters":[16,50],"Dead Branch":[4],"Whetstone":["EmptyFist","CarveReality"],"Orichalcum":[6],"obtain_stats":[{"Blood Vial":12,"Bottled Flame":9,"SacredBark":17,"Dead Branch":27,"Mango":6,"Whetstone":24,"PureWater":0,"Orichalcum":26,"Empty Cage":0,"Ancient Tea Set":8,"Toy Ornithopter":11},{"Blood Vial":7,"Bottled Flame":5,"SacredBark":9,"Dead Branch":14,"Mango":4,"Whetstone":13,"PureWater":0,"Orichalcum":13,"Empty Cage":0,"Ancient Tea Set":5,"Toy Ornithopter":7},{"Blood Vial":23,"Bottled Flame":18,"SacredBark":29,"Dead Branch":45,"Mango":12,"Whetstone":41,"PureWater":0,"Orichalcum":41,"Empty Cage":0,"Ancient Tea Set":18,"Toy Ornithopter":23}],"Toy Ornithopter":25},"card_choices":[{"not_picked":["JustLucky","BowlingBash"],"picked":"FlurryOfBlows","floor":1},{"not_picked":["DeceiveReality","ReachHeaven"],"picked":"EmptyFist","floor":2},{"not_picked":["Consecrate","Vengeance"],"picked":"Crescendo","floor":4},{"not_picked":["Indignation","SashWhip"],"picked":"Consecrate","floor":6},{"not_picked":["JustLucky","Consecrate"],"picked":"Evaluate","floor":8},{"not_picked":["Judgement","Swivel"],"picked":"CarveReality","floor":10},{"not_picked":["FollowUp","Evaluate"],"picked":"FlurryOfBlows","floor":11},{"not_picked":["ReachHeaven","CrushJoints"],"picked":"ClearTheMind","floor":14},{"not_picked":["Alpha","ConjureBlade"],"picked":"DeusExMachina","floor":16},{"not_picked":["Prostrate","ThirdEye"],"picked":"FollowUp","floor":18},{"not_picked":["Evaluate","Fasting2","Consecrate"],"picked":"SKIP","floor":19},{"not_picked":["WindmillStrike","Conclude+1"],"picked":"MentalFortress","floor":20},{"not_picked":["JustLucky","Halt","SandsOfTime"],"picked":"SKIP","floor":24},{"not_picked":["Devotion","Worship"],"picked":"ClearTheMind","floor":27}],"player_experience":765953,"relics_obtained":[{"floor":6,"key":"Mango"},{"floor":8,"key":"Ancient Tea Set"},{"floor":9,"key":"Bottled Flame"},{"floor":11,"key":"Toy Ornithopter"},{"floor":24,"key":"Whetstone"},{"floor":26,"key":"Orichalcum"},{"floor":27,"key":"Dead Branch"}],"event_choices":[{"cards_removed":["Strike_P"],"damage_healed":0,"gold_gain":0,"player_choice":"Purged","damage_taken":0,"max_hp_gain":0,"max_hp_loss":0,"event_name":"Purifier","floor":3,"gold_loss":0},{"cards_removed":["Defend_P"],"damage_healed":0,"gold_gain":0,"player_choice":"Card Removal","damage_taken":0,"max_hp_gain":0,"max_hp_loss":0,"event_name":"The Cleric","floor":5,"gold_loss":50},{"damage_healed":0,"gold_gain":0,"player_choice":"Searched \u00272\u0027 times","damage_taken":0,"max_hp_gain":0,"max_hp_loss":0,"event_name":"Dead Adventurer","floor":11,"gold_loss":0},{"damage_healed":0,"gold_gain":75,"player_choice":"Gather Gold","damage_taken":11,"max_hp_gain":0,"max_hp_loss":0,"event_name":"World of Goop","floor":13,"gold_loss":0},{"damage_healed":0,"gold_gain":0,"player_choice":"Fight","damage_taken":0,"max_hp_gain":0,"max_hp_loss":0,"event_name":"Colosseum","floor":28,"gold_loss":0},{"damage_healed":0,"gold_gain":0,"player_choice":"Fled From Nobs","damage_taken":0,"max_hp_gain":0,"max_hp_loss":0,"event_name":"Colosseum","floor":28,"gold_loss":0}],"is_beta":false,"boss_relics":[{"not_picked":["Runic Dome","Coffee Dripper"],"picked":"SacredBark"}],"items_purged_floors":[12],"is_endless":false,"potions_floor_spawned":[4,6,11,14,19,20,28],"killed_by":"Chosen and Byrds","ascension_level":7}}