{"host":"3sxd4it2cvd2ryl6","time":1610372859,"event":{"mods":["AchievementEnabler","Aspiration","BaseMod","Colored Powertips","Halation","Minty Spire (QoL Compilation)","StSLib","Transform Curses"],"gold_per_floor":[113,113,113,136,156,156,171,182,231,261,261,106,281,310,310,420,420,433,96,96,137,11,11,11,29,29,29,29,29,62,82,82,188,188,205,205,205,226,253,253,292,292,315,315,336,353,387,404,404,414,414],"floor_reached":50,"playtime":1678,"items_purged":["Doubt"],"score":739,"play_id":"95bf14c8-b8d3-43b7-89bf-dfd88d696e5e","local_time":"20210111144739","is_ascension_mode":true,"campfire_choices":[{"data":"Spot Weakness","floor":6,"key":"SMITH"},{"floor":11,"key":"REST"},{"data":"Demon Form","floor":15,"key":"SMITH"},{"floor":23,"key":"REST"},{"floor":27,"key":"REST"},{"data":"Armaments","floor":29,"key":"SMITH"},{"floor":32,"key":"REST"},{"floor":40,"key":"REST"},{"floor":42,"key":"REST"},{"floor":44,"key":"REST"},{"floor":49,"key":"REST"}],"circlet_count":0,"master_deck":["Strike_R","Strike_R","Strike_R","Strike_R","Strike_R","Defend_R","Defend_R","Defend_R","Defend_R","Bash","Inflame+1","Spot Weakness+1","Thunderclap","Cleave","Armaments+1","Demon Form+1","Clothesline","Demon Form+1","Shrug It Off","Inflame+1","Armaments","Cleave","Shrug It Off+1","Perfected Strike+1","Bludgeon+1","Rupture+1","Purity","Body Slam+1","Shame","Rage+1","Normality","Armaments+1","Clothesline+1","Thunderclap+1","Power Through+1"],"relics":["Burning Blood","halation:IllGainedPizza","Lantern","White Beast Statue","Lee\u0027s Waffle","Frozen Egg 2","Busted Crown","Question Card","Red Mask","Darkstone Periapt","Molten Egg 2","Bronze Scales","Cursed Key","aspiration:Lifesprig","Ornamental Fan","Orichalcum","halation:BottledLove"],"acts_visited":["Exordium","TheCity","TheBeyond"],"potions_floor_usage":[10,14,14,16,16,21,25,31,31,31,33,35,38,41,45,46,47,50],"damage_taken":[{"damage":6,"enemies":"Cultist","floor":1,"turns":4},{"damage":13,"enemies":"2 Louse","floor":4,"turns":4},{"damage":2,"enemies":"Jaw Worm","floor":5,"turns":3},{"damage":25,"enemies":"Gremlin Gang","floor":7,"turns":3},{"damage":0,"enemies":"Large Slime","floor":8,"turns":4},{"damage":28,"enemies":"Gremlin Nob","floor":10,"turns":4},{"damage":12,"enemies":"Lagavulin","floor":14,"turns":7},{"damage":34,"enemies":"The Guardian","floor":16,"turns":8},{"damage":4,"enemies":"Chosen","floor":18,"turns":4},{"damage":40,"enemies":"Masked Bandits","floor":21,"turns":5},{"damage":34,"enemies":"2 Thieves","floor":25,"turns":4},{"damage":4,"enemies":"Gremlin Leader","floor":30,"turns":6},{"damage":23,"enemies":"Centurion and Healer","floor":31,"turns":3},{"damage":51,"enemies":"Collector","floor":33,"turns":8},{"damage":8,"enemies":"3 Shapes","floor":35,"turns":2},{"damage":39,"enemies":"3 Darklings","floor":38,"turns":5},{"damage":63,"enemies":"Nemesis","floor":41,"turns":7},{"damage":24,"enemies":"4 Shapes","floor":45,"turns":3},{"damage":26,"enemies":"Transient","floor":46,"turns":5},{"damage":43,"enemies":"Giant Head","floor":47,"turns":7},{"damage":1,"enemies":"Maw","floor":48,"turns":5},{"damage":74,"enemies":"Awakened One","floor":50,"turns":4}],"seed_played":"8009524277778814139","potions_obtained":[{"floor":1,"key":"Dexterity Potion"},{"floor":4,"key":"PowerPotion"},{"floor":8,"key":"ElixirPotion"},{"floor":10,"key":"Explosive Potion"},{"floor":14,"key":"HeartOfIron"},{"floor":16,"key":"SteroidPotion"},{"floor":18,"key":"Weak Potion"},{"floor":21,"key":"Block Potion"},{"floor":25,"key":"SteroidPotion"},{"floor":30,"key":"SteroidPotion"},{"floor":31,"key":"AttackPotion"},{"floor":33,"key":"BlessingOfTheForge"},{"floor":35,"key":"HeartOfIron"},{"floor":38,"key":"Regen Potion"},{"floor":41,"key":"Energy Potion"},{"floor":45,"key":"Regen Potion"},{"floor":46,"key":"Energy Potion"},{"floor":48,"key":"Fire Potion"}],"is_trial":false,"path_per_floor":["M","?","?","M","M","R","M","M","T","E","R","$","?","E","R","B",null,"M","$","?","?","$","R","$","M","T","R","?","R","E","M","R","B",null,"M","?","?","M","T","R","E","R","T","R","M","M","E","M","R","B"],"character_chosen":"IRONCLAD","items_purchased":["Lee\u0027s Waffle","Question Card","Inflame+1","Cleave"],"campfire_rested":8,"item_purchase_floors":[12,19,19,22],"current_hp_per_floor":[80,80,80,73,77,77,58,64,64,42,66,87,87,81,81,53,79,81,81,81,47,47,73,73,45,45,71,71,71,73,56,82,37,75,73,73,73,40,46,73,28,55,61,90,72,67,30,35,64,0,0],"gold":414,"neow_bonus":"RANDOM_COMMON_RELIC","is_daily":false,"chose_seed":false,"campfire_upgraded":3,"win_rate":0.0,"timestamp":1610372859,"path_taken":["M","?","?","?","?","R","M","M","T","E","R","$","?","E","R","BOSS","M","$","?","?","$","R","?","M","T","R","?","R","E","M","R","BOSS","M","?","?","M","?","R","E","R","T","R","M","M","E","M","R","BOSS"],"items_purchased_type":["Relic","Relic","Card","Card"],"build_version":"2020-12-22","purchased_purges":1,"victory":false,"max_hp_per_floor":[80,80,80,80,80,80,80,80,80,80,80,87,87,87,87,87,87,87,87,87,87,87,87,87,87,87,87,87,87,87,87,87,87,87,87,87,87,87,93,93,93,93,99,99,99,99,99,99,99,99,99],"card_choices":[{"not_picked":["Combust","Dropkick"],"picked":"Inflame","floor":1},{"not_picked":["Sword Boomerang","Twin Strike"],"picked":"Spot Weakness","floor":4},{"not_picked":["Sever Soul","Reckless Charge"],"picked":"Thunderclap","floor":5},{"not_picked":["Thunderclap","Headbutt"],"picked":"Cleave","floor":7},{"not_picked":["Wild Strike","Sentinel"],"picked":"Armaments","floor":8},{"not_picked":["Rupture","Iron Wave"],"picked":"Demon Form","floor":10},{"not_picked":["Searing Blow","Iron Wave"],"picked":"Clothesline","floor":14},{"not_picked":["Juggernaut+1","Fiend Fire"],"picked":"Demon Form+1","floor":16},{"not_picked":[],"picked":"Shrug It Off","floor":18},{"not_picked":["Sword Boomerang"],"picked":"Armaments","floor":21},{"not_picked":["Whirlwind"],"picked":"Shrug It Off+1","floor":25},{"not_picked":["Headbutt+1"],"picked":"Perfected Strike+1","floor":30},{"not_picked":["Dark Embrace+1"],"picked":"Fire Breathing+1","floor":31},{"not_picked":["Brutality+1"],"picked":"Bludgeon+1","floor":33},{"not_picked":["Sever Soul+1"],"picked":"Rupture+1","floor":35},{"not_picked":["Transmutation"],"picked":"Purity","floor":36},{"not_picked":["True Grit"],"picked":"Body Slam+1","floor":38},{"not_picked":["Rupture+1"],"picked":"Rage+1","floor":41},{"not_picked":["Ghostly Armor+1"],"picked":"Armaments+1","floor":45},{"not_picked":["Sword Boomerang+1"],"picked":"Clothesline+1","floor":46},{"not_picked":["Cleave+1"],"picked":"Thunderclap+1","floor":47},{"not_picked":["Sever Soul+1"],"picked":"Power Through+1","floor":48}],"player_experience":516320,"relics_obtained":[{"floor":9,"key":"Lantern"},{"floor":10,"key":"White Beast Statue"},{"floor":14,"key":"Frozen Egg 2"},{"floor":21,"key":"Red Mask"},{"floor":26,"key":"Darkstone Periapt"},{"floor":30,"key":"Bronze Scales"},{"floor":39,"key":"aspiration:Lifesprig"},{"floor":41,"key":"Ornamental Fan"},{"floor":43,"key":"Orichalcum"},{"floor":47,"key":"halation:BottledLove"}],"event_choices":[{"damage_healed":0,"gold_gain":0,"player_choice":"Grow","damage_taken":0,"max_hp_gain":0,"max_hp_loss":0,"event_name":"Living Wall","floor":2,"gold_loss":0,"cards_upgraded":["Inflame"]},{"damage_healed":0,"gold_gain":0,"player_choice":"Leave","damage_taken":0,"max_hp_gain":0,"max_hp_loss":0,"event_name":"The Cleric","floor":3,"gold_loss":0},{"damage_healed":0,"gold_gain":175,"player_choice":"AGREE","damage_taken":0,"max_hp_gain":0,"max_hp_loss":0,"event_name":"Liars Game","floor":13,"gold_loss":0,"cards_obtained":["Doubt"]},{"damage_healed":0,"gold_gain":0,"player_choice":"Ignored","damage_taken":0,"max_hp_gain":0,"max_hp_loss":0,"event_name":"Vampires","floor":20,"gold_loss":0},{"damage_healed":0,"gold_gain":0,"player_choice":"Fought Bandits","damage_taken":0,"max_hp_gain":0,"max_hp_loss":0,"event_name":"Masked Bandits","floor":21,"gold_loss":0},{"damage_healed":0,"gold_gain":0,"player_choice":"Opened","damage_taken":0,"relics_obtained":["Molten Egg 2"],"max_hp_gain":0,"max_hp_loss":0,"event_name":"The Mausoleum","floor":28,"gold_loss":0},{"damage_healed":0,"gold_gain":0,"player_choice":"Memory 1","damage_taken":0,"max_hp_gain":0,"max_hp_loss":0,"event_name":"SensoryStone","floor":36,"gold_loss":0},{"cards_removed":["Fire Breathing"],"damage_healed":0,"gold_gain":0,"player_choice":"Removed Power","damage_taken":0,"max_hp_gain":0,"max_hp_loss":0,"event_name":"Falling","floor":37,"gold_loss":0}],"is_beta":false,"boss_relics":[{"not_picked":["halation:MonkeysPaw","aspiration:SecretTechniqueScroll"],"picked":"Busted Crown"},{"not_picked":["Snecko Eye","Fusion Hammer"],"picked":"Cursed Key"}],"items_purged_floors":[22],"is_endless":false,"potions_floor_spawned":[1,4,8,10,14,16,18,21,25,30,31,33,35,38,41,45,46,47,48],"killed_by":"Awakened One","ascension_level":5}}