{"host":"6pgtslebjnyv5xmi","time":1610368972,"event":{"mods":["AchievementEnabler","BaseMod","Colored Map","Minty Spire (QoL Compilation)","Rare Cards Sparkle","StSLib","SuperFastMode","The Cursed","everything is the same but u backflip on backflip"],"gold_per_floor":[116,291,291,366,366,366,379,391,417,437,469,469,488,116,116,212,212,225,225,225,225,150,150,160,178,178,178,178,197,197,222,222,323,323,337,348,348,362,362,362,397,397,397,397,397,415,435,435,435,435],"floor_reached":51,"playtime":1719,"items_purged":["Strike_R"],"score":818,"play_id":"82c6dc6e-6b28-425c-873a-9ea2acd3723f","local_time":"20210111214252","is_ascension_mode":false,"campfire_choices":[{"data":"Heavy Blade","floor":6.0,"key":"SMITH"},{"data":"Demon Form","floor":15.0,"key":"SMITH"},{"data":"Double Tap","floor":23.0,"key":"SMITH"},{"data":"Offering","floor":27.0,"key":"SMITH"},{"data":"1","floor":32.0,"key":"LIFT"},{"data":"2","floor":40,"key":"LIFT"},{"floor":42,"key":"REST"},{"data":"3","floor":44,"key":"LIFT"},{"floor":49,"key":"REST"}],"circlet_count":0,"master_deck":["Strike_R+1","Strike_R+1","Defend_R+1","Defend_R+1","Defend_R+1","Defend_R+1","Bash","Offering+1","Heavy Blade+1","Flame Barrier+1","Sword Boomerang","Demon Form+1","Sword Boomerang","Double Tap+1","Sword Boomerang+1","Infernal Blade+1","Battle Trance+1","J.A.X.+1","Seeing Red+1","CurseOfTheBell","Shockwave","Sword Boomerang+1","Shrug It Off+1","Spot Weakness+1","Shrug It Off+1"],"relics":["Burning Blood","InkBottle","Anchor","Bronze Scales","Sundial","Sozu","Vajra","Nunchaku","Girya","Calling Bell","Oddly Smooth Stone","Kunai","TungstenRod","Happy Flower","War Paint"],"acts_visited":["Exordium","TheCity","TheBeyond"],"potions_floor_usage":[],"damage_taken":[{"damage":7.0,"enemies":"Cultist","floor":1.0,"turns":5.0},{"damage":12.0,"enemies":"Jaw Worm","floor":7.0,"turns":4.0},{"damage":0.0,"enemies":"Small Slimes","floor":8.0,"turns":3.0},{"damage":0.0,"enemies":"Looter","floor":10.0,"turns":4.0},{"damage":6.0,"enemies":"Gremlin Nob","floor":11.0,"turns":2.0},{"damage":0.0,"enemies":"Red Slaver","floor":13.0,"turns":4.0},{"damage":29.0,"enemies":"Slime Boss","floor":16.0,"turns":5.0},{"damage":6.0,"enemies":"Chosen","floor":18.0,"turns":4.0},{"damage":6.0,"enemies":"Shell Parasite","floor":24.0,"turns":2.0},{"damage":6.0,"enemies":"Snecko","floor":25.0,"turns":2.0},{"damage":6.0,"enemies":"Sentry and Sphere","floor":29.0,"turns":3.0},{"damage":9.0,"enemies":"Slavers","floor":31.0,"turns":4.0},{"damage":16.0,"enemies":"Automaton","floor":33.0,"turns":4.0},{"damage":2.0,"enemies":"Orb Walker","floor":35.0,"turns":2.0},{"damage":7.0,"enemies":"3 Darklings","floor":36.0,"turns":2.0},{"damage":12,"enemies":"Writhing Mass","floor":38,"turns":3},{"damage":42,"enemies":"Nemesis","floor":41,"turns":5},{"damage":6,"enemies":"4 Shapes","floor":46,"turns":2},{"damage":36,"enemies":"Transient","floor":47,"turns":5},{"damage":29,"enemies":"Time Eater","floor":50,"turns":6}],"seed_played":"-4710658268967916183","potions_obtained":[{"floor":7.0,"key":"SneckoOil"},{"floor":10.0,"key":"DistilledChaos"}],"is_trial":false,"path_per_floor":["M","?","?","?","T","R","M","M","T","M","E","?","M","$","R","B",null,"M","?","?","?","?","R","M","M","T","R","$","M","?","E","R","B",null,"M","M","$","M","$","R","E","R","T","R","?","M","M","?","R","B",null],"character_chosen":"IRONCLAD","items_purchased":["Sundial","Sword Boomerang"],"campfire_rested":2,"item_purchase_floors":[14,14],"current_hp_per_floor":[79,79,79,68,68,68,62,68,68,74,74,67,73,73,73,50,80,80,80,80,80,80,80,80,80,80,80,80,80,80,77,77,67,80,80,79,79,73,73,73,37,61,61,61,61,61,31,31,55,32],"gold":435,"neow_bonus":"ONE_RANDOM_RARE_CARD","is_daily":false,"chose_seed":false,"campfire_upgraded":4,"win_rate":0.0,"timestamp":1610368972,"path_taken":["M","?","?","?","?","R","M","M","T","?","E","?","M","?","R","BOSS","M","?","?","?","?","R","M","M","T","R","$","?","?","E","R","BOSS","M","M","$","M","$","R","E","R","T","R","?","M","?","?","R","BOSS"],"items_purchased_type":["Relic","Card"],"build_version":"2020-12-22","purchased_purges":1,"victory":true,"max_hp_per_floor":[80,80,80,80,80,80,80,80,80,80,80,80,80,80,80,80,80,80,80,80,80,80,80,80,80,80,80,80,80,80,80,80,80,80,80,80,80,80,80,80,80,80,80,80,80,80,80,80,80,80],"card_choices":[{"not_picked":["Iron Wave","Wild Strike"],"picked":"Heavy Blade","floor":1.0},{"not_picked":["Shrug It Off","Thunderclap","Cleave"],"picked":"SKIP","floor":7.0},{"not_picked":["Ghostly Armor","Entrench"],"picked":"Flame Barrier","floor":8.0},{"not_picked":["Body Slam","Intimidate"],"picked":"Sword Boomerang","floor":10.0},{"not_picked":["Iron Wave","Wild Strike","Warcry"],"picked":"SKIP","floor":11.0},{"not_picked":["Iron Wave","Havoc"],"picked":"Demon Form","floor":13.0},{"not_picked":["Juggernaut","Demon Form"],"picked":"Double Tap","floor":16.0},{"not_picked":["Anger","Clothesline+1"],"picked":"Sword Boomerang+1","floor":18.0},{"not_picked":["Armaments","Wild Strike"],"picked":"Infernal Blade+1","floor":24.0},{"not_picked":["Searing Blow+1","True Grit"],"picked":"Battle Trance+1","floor":25.0},{"not_picked":["Clash+1","Havoc+1","Clothesline"],"picked":"SKIP","floor":29.0},{"not_picked":["Pommel Strike","Body Slam"],"picked":"Seeing Red+1","floor":31.0},{"not_picked":["Sword Boomerang","Perfected Strike+1"],"picked":"Shockwave","floor":35.0},{"not_picked":["Iron Wave+1","Anger"],"picked":"Sword Boomerang+1","floor":36.0},{"not_picked":["Anger+1","Clothesline"],"picked":"Shrug It Off+1","floor":38},{"not_picked":["Anger+1","Dual Wield+1","Clothesline"],"picked":"SKIP","floor":41},{"not_picked":["Twin Strike","Shrug It Off"],"picked":"Spot Weakness+1","floor":46},{"not_picked":["Warcry+1","Armaments+1","Rupture+1"],"picked":"SKIP","floor":47}],"player_experience":936824,"relics_obtained":[{"floor":5.0,"key":"InkBottle"},{"floor":9.0,"key":"Anchor"},{"floor":11.0,"key":"Bronze Scales"},{"floor":26.0,"key":"Nunchaku"},{"floor":31.0,"key":"Girya"},{"floor":34.0,"key":"Oddly Smooth Stone"},{"floor":34.0,"key":"Kunai"},{"floor":34.0,"key":"TungstenRod"},{"floor":41,"key":"Happy Flower"},{"floor":43,"key":"War Paint"}],"event_choices":[{"damage_healed":0.0,"max_hp_gain":0.0,"max_hp_loss":0.0,"gold_gain":175.0,"event_name":"Liars Game","player_choice":"AGREE","floor":2.0,"gold_loss":0.0,"damage_taken":0.0,"cards_obtained":["Doubt"]},{"cards_removed":["Doubt"],"damage_healed":0.0,"max_hp_gain":0.0,"max_hp_loss":0.0,"gold_gain":0.0,"event_name":"Living Wall","player_choice":"Forget","floor":3.0,"gold_loss":0.0,"damage_taken":0.0},{"damage_healed":0.0,"max_hp_gain":0.0,"max_hp_loss":0.0,"gold_gain":75.0,"event_name":"World of Goop","player_choice":"Gather Gold","floor":4.0,"gold_loss":0.0,"damage_taken":11.0},{"cards_removed":["Strike_R"],"damage_healed":0.0,"max_hp_gain":0.0,"max_hp_loss":0.0,"gold_gain":0.0,"event_name":"Golden Wing","player_choice":"Card Removal","floor":12.0,"gold_loss":0.0,"damage_taken":7.0},{"damage_healed":0.0,"max_hp_gain":0.0,"max_hp_loss":0.0,"gold_gain":0.0,"event_name":"Back to Basics","player_choice":"Simplicity","floor":19.0,"gold_loss":0.0,"damage_taken":0.0,"cards_upgraded":["Strike_R","Strike_R","Strike_R","Defend_R","Defend_R","Defend_R","Defend_R"]},{"damage_healed":0.0,"max_hp_gain":0.0,"max_hp_loss":0.0,"gold_gain":0.0,"event_name":"The Mausoleum","player_choice":"Opened","floor":20.0,"gold_loss":0.0,"damage_taken":0.0,"relics_obtained":["Vajra"]},{"damage_healed":0.0,"max_hp_gain":0.0,"max_hp_loss":0.0,"gold_gain":0.0,"event_name":"Ghosts","player_choice":"Ignored","floor":21.0,"gold_loss":0.0,"damage_taken":0.0},{"cards_removed":["Strike_R"],"damage_healed":0.0,"max_hp_gain":0.0,"max_hp_loss":0.0,"gold_gain":0.0,"event_name":"Beggar","player_choice":"Gave Gold","floor":22.0,"gold_loss":75.0,"damage_taken":0.0},{"damage_healed":0.0,"max_hp_gain":0.0,"max_hp_loss":0.0,"gold_gain":0.0,"event_name":"Drug Dealer","player_choice":"Obtain J.A.X.","floor":30.0,"gold_loss":0.0,"damage_taken":0.0,"cards_obtained":["J.A.X."]},{"damage_healed":0,"gold_gain":0,"player_choice":"Ignored","damage_taken":0,"max_hp_gain":0,"max_hp_loss":0,"event_name":"NoteForYourself","floor":45,"gold_loss":0},{"damage_healed":0,"gold_gain":0,"player_choice":"Copied","damage_taken":0,"max_hp_gain":0,"max_hp_loss":0,"event_name":"Duplicator","floor":48,"gold_loss":0,"cards_obtained":["Shrug It Off"]}],"is_beta":false,"boss_relics":[{"not_picked":["Fusion Hammer","Ectoplasm"],"picked":"Sozu"},{"not_picked":["SlaversCollar","Cursed Key"],"picked":"Calling Bell"}],"items_purged_floors":[14],"is_endless":false,"potions_floor_spawned":[7,10,24,29,31,38,47],"ascension_level":0}}