{"host":"bhhjkloc4kd9nqc5","time":1610385511,"event":{"mods":["Act Like it!","BaseMod","Chen","Gensokyo","Infinite Spire","Koishi","Lobotomy","LobotomyExtend","Marisa????????","Minty Spire (QoL Compilation)","Onozuka Komachi Mod","Remilia??????","Replay The Spire","RumiaBox-????????","StSLib","The Administrix","The Cursed","Youmu??????","slay the spire mod where everything is the same but ironclad has a cowboy hat"],"gold_per_floor":[118,48,62,80,80,80,80],"floor_reached":6,"playtime":344,"items_purged":[],"score":46,"play_id":"ad317e2a-811f-406b-9bd2-3eb8a5ac5f29","local_time":"20210112021831","is_ascension_mode":false,"campfire_choices":[],"circlet_count":0,"master_deck":["Koishi:BasicStrike","Koishi:BasicStrike","Koishi:BasicStrike","Koishi:BasicStrike","Koishi:BasicDefend+1","Koishi:BasicDefend+1","Koishi:BasicDefend","Koishi:BasicDefend","Koishi:Provoke","Koishi:HauntingSlash","Koishi:HeartAttack","Koishi:PhantomBarrier","Koishi:UnconsciousUprising"],"relics":["Koishi:ImaginaryFriend","Omamori","LetterFromLob"],"acts_visited":["Gensokyo:Gensokyo"],"potions_floor_usage":[6,6],"damage_taken":[{"damage":7,"enemies":"Gensokyo:3_Fairies","floor":1,"turns":6},{"damage":11,"enemies":"Gensokyo:Gryphon","floor":3,"turns":3},{"damage":9,"enemies":"Gensokyo:2_Kodama","floor":4,"turns":4},{"damage":40,"enemies":"Gensokyo:Cirno","floor":6,"turns":9},{"damage":0,"enemies":"Gensokyo:Cirno","floor":6,"turns":1}],"seed_played":"-5898492981725376508","potions_obtained":[{"floor":1,"key":"Swift Potion"},{"floor":3,"key":"SmokeBomb"}],"is_trial":false,"path_per_floor":["M","?","M","M","T","E"],"character_chosen":"KOISHI","items_purchased":[],"campfire_rested":0,"item_purchase_floors":[],"current_hp_per_floor":[56,56,46,38,38,1,1],"gold":80,"neow_bonus":"RANDOM_COMMON_RELIC","is_daily":false,"chose_seed":false,"campfire_upgraded":0,"win_rate":0.0,"timestamp":1610385511,"path_taken":["M","?","M","M","?","E"],"items_purchased_type":[],"build_version":"2020-12-22","purchased_purges":0,"victory":false,"max_hp_per_floor":[60,60,60,60,60,60,60],"card_choices":[{"not_picked":["Koishi:DanmakuParanoia","Koishi:LastRemote"],"picked":"Koishi:HeartAttack","floor":1},{"not_picked":["Koishi:FourthEye","Koishi:SpiritedAway"],"picked":"Koishi:PhantomBarrier","floor":3},{"not_picked":["Koishi:EmbryosDream","Koishi:DreadfulBlow"],"picked":"Koishi:UnconsciousUprising","floor":4}],"player_experience":207903,"relics_obtained":[{"floor":1,"key":"LetterFromLob"}],"event_choices":[],"is_beta":false,"boss_relics":[],"items_purged_floors":[],"is_endless":false,"potions_floor_spawned":[1,3],"killed_by":"Gensokyo:Cirno","ascension_level":0}}