{"host":"bhhjkloc4kd9nqc5","time":1610371313,"event":{"mods":["Act Like it!","BaseMod","Chen","Gensokyo","Infinite Spire","Koishi","Lobotomy","LobotomyExtend","Marisa????????","Minty Spire (QoL Compilation)","Onozuka Komachi Mod","Remilia??????","Replay The Spire","RumiaBox-????????","StSLib","The Administrix","The Cursed","Youmu??????","slay the spire mod where everything is the same but ironclad has a cowboy hat"],"gold_per_floor":[115,125,138,138,156,156,156,77,77,77,94,122,163,183,183,310,310,310,310,310,310,357,382,382,427,453,453,128,144,172,172,172,272,272,307,337,95,195,210,244,290,290,370,370,385,385,413,449,449,457,457,457,457,211,248,322],"floor_reached":57,"playtime":5762,"items_purged":["FairyFestival"],"score":1491,"play_id":"48520b81-80b2-4cbc-8719-ce393c20e7c6","local_time":"20210111222153","is_ascension_mode":false,"campfire_choices":[{"floor":42,"key":"RECALL"}],"circlet_count":0,"master_deck":["SpecialBullet","SpecialBullet","SpecialBullet","SpecialBullet","SpecialBullet","SpecialBullet","SpecialBullet","SpecialBullet","SecurityCode","RecordCode","InformationCode","Soda","Freischutz","FeatherOfHonor","WristCuter","Horn","WallGazer","Heaven","Penitence","Penitence","Penitence+1","Pinks","GoldRush","Justitia","ShedSkin","FieryBird","OSAHOGD","Static Discharge","SashWhip+1","TrainingCode","Static Discharge+1","OldLady","Spore","Koishi:Possession","AdministrixMod:TouchOfCinnabar","Hidden Blade+1","infinitespire:DeathsTouch","ConjureBlade","Offering","GreenStem+1","Adoration+1","Noise+1","Penitence+1","Burning Pact+1","ControlCode","Chen:Instinct","Komachi:EtherealCut+1","MagicChant+1","TT2Protocol","Weave+1","AdministrixMod:GirlsDoItBetter","Horn+1","Koishi:PhantomBarrier+1","TheCursedMod:SurpriseAttack+1","Study","GravityBeat","Rudolta","MiserableFate+1","Heaven+1","SummonCall","Master of Strategy","Acrobatics","Eviscerate+1","DisciplinaryCode","Horn+1"],"relics":["CogitoBucket","RabbitCall","Gensokyo:CelestialsFlawlessClothing","LetterFromLob","Mango","ScarletDevilRocket","infinitespire:Midas Blood","BackwardClock","GodSword5","ChewingGum","PrismaticShard","Runic Dome","BehaviorAdjustment","Replay:Bottled Snecko","Baka2","GodSword6","Gremlin Food","White Beast Statue","Astrolabe","ChangeAnything","infinitespire:ShieldingShard","Potion Belt","RedMistMask","Replay:Bottled Eggs","Vajra","GodSword7","Replay:Ringing Soul"],"acts_visited":["Gensokyo:Gensokyo","TheCity","TheBeyond","TheEnding"],"potions_floor_usage":[8,8,8,56,56,56,56,56],"damage_taken":[{"damage":7,"enemies":"Gensokyo:Gryphon","floor":1,"turns":3},{"damage":12,"enemies":"Gensokyo:2_Kodama","floor":2,"turns":3},{"damage":17,"enemies":"Gensokyo:Python","floor":3,"turns":3},{"damage":36,"enemies":"Gensokyo:Gryphon_and_Rabbit","floor":5,"turns":7},{"damage":102,"enemies":"Gensokyo:Cirno","floor":8,"turns":10},{"damage":38,"enemies":"Gensokyo:3_Kodama","floor":11,"turns":3},{"damage":74,"enemies":"Gensokyo:VengefulSpirit","floor":12,"turns":8},{"damage":6,"enemies":"Gensokyo:Aya","floor":13,"turns":1},{"damage":9,"enemies":"Gensokyo:2_Rabbits","floor":14,"turns":2},{"damage":78,"enemies":"Gensokyo:Yukari","floor":16,"turns":11},{"damage":30,"enemies":"Spheric Guardian","floor":22,"turns":5},{"damage":0,"enemies":"Gremlin Leader","floor":23,"turns":2},{"damage":49,"enemies":"Slavers","floor":25,"turns":4},{"damage":7,"enemies":"3 Byrds","floor":29,"turns":5},{"damage":30,"enemies":"Snake Plant","floor":30,"turns":2},{"damage":19,"enemies":"Collector","floor":33,"turns":7},{"damage":41,"enemies":"3 Darklings","floor":35,"turns":15},{"damage":6,"enemies":"Orb Walker","floor":36,"turns":2},{"damage":46,"enemies":"4 Shapes","floor":38,"turns":5},{"damage":0,"enemies":"Jaw Worm Horde","floor":39,"turns":3},{"damage":0,"enemies":"Giant Head","floor":40,"turns":7},{"damage":34,"enemies":"Writhing Mass","floor":41,"turns":3},{"damage":30,"enemies":"Spire Growth","floor":45,"turns":5},{"damage":0,"enemies":"Transient","floor":46,"turns":5},{"damage":0,"enemies":"Nemesis","floor":47,"turns":1},{"damage":9,"enemies":"Sphere and 2 Shapes","floor":48,"turns":2},{"damage":48,"enemies":"Donu and Deca","floor":50,"turns":4},{"damage":2,"enemies":"Shield and Spear","floor":55,"turns":3},{"damage":109,"enemies":"The Heart","floor":56,"turns":7}],"seed_played":"836275239731295832","potions_obtained":[{"floor":1,"key":"Weak Potion"},{"floor":3,"key":"ColorlessPotion"},{"floor":5,"key":"ColorlessPotion"},{"floor":12,"key":"Explosive Potion"},{"floor":22,"key":"Ancient Potion"},{"floor":23,"key":"Fire Potion"},{"floor":25,"key":"SteroidPotion"},{"floor":29,"key":"Fire Potion"},{"floor":36,"key":"LiquidMemories"},{"floor":38,"key":"FairyPotion"},{"floor":40,"key":"Languid Potion"},{"floor":45,"key":"Adrenaline Potion"}],"is_trial":false,"path_per_floor":["M","M","M","T","M","R","?","E","T","R","M","M","E","M","R","B",null,"M","?","AVR","?","M","E","R","E","T","R","$","M","M","?","R","B",null,"M","M","$","M","M","E","M","R","T","?","M","M","E","M","R","B",null,null,"R","$","E","B",null],"character_chosen":"Angela","items_purchased":["White Beast Statue","infinitespire:ShieldingShard","GodSword7"],"campfire_rested":0,"item_purchase_floors":[28,37,54],"current_hp_per_floor":[54,54,45,45,30,30,23,39,39,39,15,54,64,74,74,51,87,87,87,87,87,84,87,87,65,65,65,65,87,75,75,75,87,87,87,87,87,71,87,87,71,71,71,71,68,87,87,87,87,60,60,87,87,87,94,20],"gold":322,"neow_bonus":"RANDOM_EVENT","is_daily":false,"chose_seed":false,"campfire_upgraded":0,"win_rate":0.0,"timestamp":1610371313,"path_taken":["M","M","?","?","M","R","?","E","T","R","M","?","E","M","R","BOSS","M","?","AVR","?","M","E","R","E","T","R","?","M","M","?","R","BOSS","M","M","$","M","M","E","M","R","T","?","M","?","E","?","R","BOSS","R","$","E","BOSS"],"items_purchased_type":["Relic","Relic","Relic"],"build_version":"2020-12-22","purchased_purges":1,"victory":true,"max_hp_per_floor":[70,70,70,70,70,70,84,87,87,87,87,87,87,87,87,87,87,87,87,87,87,87,87,87,87,87,87,87,87,87,87,87,87,87,87,87,87,87,87,87,87,87,87,87,87,87,87,87,87,87,87,87,87,87,99,99],"card_choices":[{"not_picked":["BeautyBeast","Murderer"],"picked":"FairyFestival","floor":1},{"not_picked":["Justitia"],"picked":"Soda","floor":1},{"not_picked":["SpiderBud","Bloodbath"],"picked":"Freischutz","floor":2},{"not_picked":["Harmony"],"picked":"FeatherOfHonor","floor":2},{"not_picked":["OldLady","SpiderBud"],"picked":"OSAHOGD","floor":3},{"not_picked":["CherryBlossom"],"picked":"WristCuter","floor":3},{"not_picked":["OldLady","FieryBird"],"picked":"Funeral","floor":5},{"not_picked":["ScreamingWedge"],"picked":"Horn","floor":5},{"not_picked":["PunishingBird","Scorched"],"picked":"WallGazer","floor":8},{"not_picked":["BearPaw"],"picked":"FeatherOfHonor","floor":8},{"not_picked":["MHz","BeautyBeast"],"picked":"Wellcheers","floor":11},{"not_picked":["CUTE"],"picked":"Heaven","floor":11},{"not_picked":["Scorched","VoidDream"],"picked":"SpiderBud","floor":12},{"not_picked":["Regret_ego"],"picked":"Penitence","floor":12},{"not_picked":["Diffraction"],"picked":"Penitence","floor":13},{"not_picked":["Reverberation"],"picked":"Penitence","floor":14},{"not_picked":["RedEyes"],"picked":"Pinks","floor":14},{"not_picked":["TheSmile"],"picked":"GoldRush","floor":16},{"not_picked":["Pinks"],"picked":"Justitia","floor":16},{"not_picked":["NakedNest","CrumblingArmor"],"picked":"FieryBird","floor":22},{"not_picked":["FiveSignsOfTheDyingDeva","Perfected Strike"],"picked":"SKIP","floor":22},{"not_picked":["ASingleThoughtAndInfiniteKalpas","AfternoonTea"],"picked":"SKIP","floor":22},{"not_picked":["Laetitia","DreamingCurrent"],"picked":"OSAHOGD","floor":23},{"not_picked":["Koishi:SubterraneanRose"],"picked":"Static Discharge","floor":23},{"not_picked":["AdministrixMod:PlateOfAntiquity"],"picked":"SashWhip+1","floor":23},{"not_picked":["Yin","Variant"],"picked":"OldLady","floor":25},{"not_picked":["TheCursedMod:Grudge","Go for the Eyes+1"],"picked":"SKIP","floor":25},{"not_picked":["Komachi:LifeSwap","AdministrixMod:Transcension"],"picked":"SKIP","floor":25},{"not_picked":["AdministrixMod:DiversionaryTactic"],"picked":"Koishi:Possession","floor":29},{"not_picked":["TransmigrationSlash"],"picked":"TheCursedMod:RavingStaff","floor":29},{"not_picked":["Uppercut+1"],"picked":"AdministrixMod:TouchOfCinnabar","floor":30},{"not_picked":["Christmas"],"picked":"Hidden Blade+1","floor":30},{"not_picked":["ReplayTheSpireMod:Chaos Vortex","infinitespire:SevenWalls"],"picked":"infinitespire:DeathsTouch","floor":31},{"not_picked":["Multi-Cast"],"picked":"ConjureBlade","floor":33},{"not_picked":["Establishment"],"picked":"Offering","floor":33},{"not_picked":["SlashClearingTheSixSenses+1"],"picked":"Penitence+1","floor":35},{"not_picked":["Redo+1"],"picked":"Burning Pact+1","floor":35},{"not_picked":["TwoHundredYojanaInOneSlash+1"],"picked":"Chen:Instinct","floor":36},{"not_picked":["ReplayTheSpireMod:Repulse","Compile Driver"],"picked":"SKIP","floor":36},{"not_picked":["IllusionStar+1"],"picked":"Komachi:EtherealCut+1","floor":38},{"not_picked":["ReplayTheSpireMod:LeadingStrike"],"picked":"MagicChant+1","floor":38},{"not_picked":["Chen:Tear"],"picked":"Weave+1","floor":39},{"not_picked":["Occultation+1"],"picked":"AdministrixMod:GirlsDoItBetter","floor":39},{"not_picked":["Chen:Tear"],"picked":"Horn+1","floor":40},{"not_picked":["Logging+1"],"picked":"Koishi:PhantomBarrier+1","floor":40},{"not_picked":["Carnage+1"],"picked":"TheCursedMod:SurpriseAttack+1","floor":41},{"not_picked":["Chen:Flicker+1","SpiritCuttingSword+1"],"picked":"SKIP","floor":41},{"not_picked":["Calculated Gamble+1"],"picked":"Study","floor":45},{"not_picked":["CherryBlossomFlashing+1"],"picked":"GravityBeat","floor":45},{"not_picked":["DespairKnight","LittleHelper"],"picked":"Rudolta","floor":46},{"not_picked":["Komachi:EtherealCut"],"picked":"MiserableFate+1","floor":46},{"not_picked":["Komachi:EtherealCut"],"picked":"Heaven+1","floor":46},{"not_picked":["HeartBreak"],"picked":"Master of Strategy","floor":47},{"not_picked":["Komachi:WideSwing+1"],"picked":"Acrobatics","floor":47},{"not_picked":["AfternoonTea+1"],"picked":"Eviscerate+1","floor":48},{"not_picked":["Sucker Punch+1","Prepared"],"picked":"SKIP","floor":48},{"not_picked":["Koishi:TremblingHands+1"],"picked":"Horn+1","floor":55},{"not_picked":["HeavenlyHaloSlash","Komachi:FullSwing"],"picked":"SKIP","floor":55}],"player_experience":188556,"relics_obtained":[{"floor":1,"key":"Baka"},{"floor":1,"key":"LetterFromLob"},{"floor":8,"key":"ScarletDevilRocket"},{"floor":9,"key":"infinitespire:Midas Blood"},{"floor":13,"key":"GodSword5"},{"floor":23,"key":"Replay:Bottled Snecko"},{"floor":25,"key":"Baka2"},{"floor":25,"key":"GodSword6"},{"floor":26,"key":"Gremlin Food"},{"floor":40,"key":"Potion Belt"},{"floor":40,"key":"RedMistMask"},{"floor":43,"key":"Replay:Bottled Eggs"},{"floor":47,"key":"Vajra"},{"floor":55,"key":"Replay:Ringing Soul"}],"event_choices":[{"damage_healed":0,"gold_gain":0,"cards_transformed":["Funeral"],"player_choice":"Transformed","damage_taken":0,"max_hp_gain":0,"max_hp_loss":0,"event_name":"Transmorgrifier","floor":21,"gold_loss":0,"cards_obtained":["ShedSkin"]},{"cards_removed":["SpiderBud"],"damage_healed":0,"gold_gain":0,"player_choice":"Purged","damage_taken":0,"max_hp_gain":0,"max_hp_loss":0,"event_name":"Purifier","floor":44,"gold_loss":0}],"is_beta":false,"boss_relics":[{"not_picked":["AddBug","ReplayTheSpireMod:SealedPack"],"picked":"ChewingGum"},{"not_picked":["Philosopher\u0027s Stone","Tiny House"],"picked":"Astrolabe"}],"items_purged_floors":[28],"is_endless":false,"potions_floor_spawned":[1,3,5,12,22,23,25,29,30,33,35,36,38,39,40,41,45,46,47,48,55],"ascension_level":0}}