{"host":"cnq91ghfhf6lz0gv","time":1610344920,"event":{"mods":["BaseMod","Clockwork Mod","Colored Map","Colored Powertips","Conspire","Downfall","Googly Eyes","Highlight Path","Minty Spire (QoL Compilation)","Replay The Spire","StSLib","SuperFastMode","The Edgeheg","The IronCluck","The Poker Player","The Showman","slay the spire mod where everything is the same but ironclad has a cowboy hat"],"gold_per_floor":[99,118,136,286,286,299,299,310,325,340,340,371,471,56,74,173,173,98,118,3,15,15,0,26,39,57,57,267,277,202,202,215,311,311,311,329,329,189,201,215,215,215,234,284,318,243,129,160,175,175,175,204,5,5,5],"floor_reached":56,"playtime":6594,"items_purged":["Slimebound:Icky","champ:ShieldSlam","champ:MurderStrike","Parasite"],"score":1236,"play_id":"7446fb88-b56a-4e3e-83da-f5cdc2421269","local_time":"20210111010200","is_ascension_mode":false,"campfire_choices":[{"floor":1,"key":"DIG"},{"floor":11,"key":"RECALL"},{"data":"champ:IronFortress","floor":18,"key":"SMITH"},{"data":"champ:IronFortress","floor":27,"key":"SMITH"},{"data":"champ:StrikeOfGenius","floor":30,"key":"SMITH"},{"data":"champ:StrikeOfGenius","floor":35,"key":"SMITH"},{"data":"champ:Backstep","floor":42,"key":"SMITH"},{"data":"champ:ArenaPreparation","floor":46,"key":"SMITH"},{"data":"champ:PerfectForm","floor":54,"key":"SMITH"}],"circlet_count":0,"master_deck":["champ:Taunt+1","champ:DefensiveShout","champ:ArenaPreparation+1","champ:FlashCut","champ:FlashCut","champ:IronFortress+1","champ:ShieldWall","champ:FocusedBerserking+1","champ:Shatter","champ:FanOfKnives","champ:BringItOn+1","champ:GladiatorStyle","champ:IronFortress+1","champ:GladiatorsShout","champ:StrikeOfGenius+1","champ:Backstep+1","champ:DefensiveStyle","champ:CheapShot","champ:StrikeOfGenius+1","champ:RecklessLeap+1","champ:Balance+1","champ:RapidStrikes+1","champ:ArenaPreparation+1","champ:StanceDance+1","champ:Backstep+1","champ:PerfectForm+1","champ:IronFortress","champ:ArenaPreparation+1","champ:ArenaPreparation+1"],"relics":["champ:ChampionCrown","Replay:Bottled Eggs","Bird Faced Urn","CloakClasp","ClockworkSouvenir","Pandora\u0027s Box","downfall:HeartBlessingRed","downfall:RedIOU","downfall:HeartBlessingBlue","Runic Dome","Regal Pillow","Pondfish Scales","Toxic Egg 2","downfall:HeartBlessingGreen","Iron Hammer","Question Card","Strawberry","War Paint"],"acts_visited":["Exordium","TheCity","TheBeyond","TheEnding"],"potions_floor_usage":[13,16,16,16,33,44,55,55],"damage_taken":[{"damage":0,"enemies":"2 Louse","floor":2,"turns":3},{"damage":0,"enemies":"Small Slimes","floor":3,"turns":5},{"damage":14,"enemies":"Cultist","floor":6,"turns":3},{"damage":17,"enemies":"2 Fungi Beasts","floor":8,"turns":3},{"damage":35,"enemies":"Exordium Wildlife","floor":9,"turns":3},{"damage":5,"enemies":"Blue Slaver","floor":10,"turns":4},{"damage":37,"enemies":"Lagavulin","floor":12,"turns":6},{"damage":35,"enemies":"Lagavulin","floor":13,"turns":19},{"damage":15,"enemies":"downfall:FleeingMerchant","floor":14,"turns":4},{"damage":5,"enemies":"3 Louse","floor":15,"turns":4},{"damage":17,"enemies":"downfall:Ironclad","floor":16,"turns":9},{"damage":51,"enemies":"Shell Parasite","floor":19,"turns":3},{"damage":33,"enemies":"downfall:FleeingMerchant","floor":20,"turns":4},{"damage":10,"enemies":"Shelled Parasite and Fungi","floor":21,"turns":5},{"damage":10,"enemies":"downfall:FleeingMerchant","floor":23,"turns":4},{"damage":18,"enemies":"Centurion and Healer","floor":25,"turns":6},{"damage":8,"enemies":"Cultist and Chosen","floor":26,"turns":5},{"damage":14,"enemies":"Snecko","floor":29,"turns":4},{"damage":29,"enemies":"Shelled Parasite and Fungi","floor":32,"turns":6},{"damage":42,"enemies":"downfall:Watcher","floor":33,"turns":10},{"damage":30,"enemies":"Orb Walker","floor":36,"turns":5},{"damage":44,"enemies":"downfall:FleeingMerchant","floor":38,"turns":5},{"damage":45,"enemies":"3 Darklings","floor":39,"turns":5},{"damage":40,"enemies":"Transient","floor":40,"turns":5},{"damage":24,"enemies":"Writhing Mass","floor":43,"turns":5},{"damage":67,"enemies":"Mind Bloom Boss Battle","floor":44,"turns":7},{"damage":78,"enemies":"Nemesis","floor":45,"turns":7},{"damage":43,"enemies":"downfall:FleeingMerchant","floor":47,"turns":3},{"damage":35,"enemies":"Giant Head","floor":48,"turns":7},{"damage":59,"enemies":"Jaw Worm Horde","floor":49,"turns":3},{"damage":64,"enemies":"downfall:Defect","floor":50,"turns":5},{"damage":98,"enemies":"downfall:CharBossMerchant","floor":52,"turns":7},{"damage":170,"enemies":"downfall:NeowBoss","floor":55,"turns":24}],"seed_played":"8891897854784650919","potions_obtained":[{"floor":6,"key":"EssenceOfSteel"},{"floor":9,"key":"Milkshake"},{"floor":10,"key":"FearPotion"},{"floor":13,"key":"Strength Potion"},{"floor":16,"key":"SmokeBomb"},{"floor":21,"key":"Fire Potion"},{"floor":26,"key":"LifebloodPotion"},{"floor":29,"key":"champ:OpenerPotion"},{"floor":32,"key":"Weak Potion"},{"floor":36,"key":"Swift Potion"},{"floor":45,"key":"LiquidBronze"}],"is_trial":false,"path_per_floor":["R_BF","M","M","?","?","M","T","M","M","M","R","E","?","$","M","B",null,"R","M","$","M","?","$","T","M","M","R","?","M","R","?","M","B",null,"R_BF","M","?","$","M","M","T","R","M","?","E","R","$","E","M","B",null,"E","$","R","B",null],"character_chosen":"THE_CHAMP","items_purchased":["champ:IronFortress","ClockworkSouvenir","Slimebound:ThreeZeroPotion","Iron Hammer","champ:IronFortress","War Paint","AttackPotion"],"campfire_rested":0,"item_purchase_floors":[14,14,14,47,47,53,53],"current_hp_per_floor":[90,90,90,90,90,81,81,75,70,70,70,53,23,23,25,22,90,90,73,72,73,73,81,81,90,90,90,68,76,86,86,93,82,100,100,85,85,93,91,79,79,79,83,86,70,70,59,85,96,86,97,86,86,86,104],"gold":5,"neow_bonus":"REMOVE_CARD","is_daily":false,"chose_seed":false,"campfire_upgraded":7,"win_rate":0.0,"timestamp":1610344920,"path_taken":["R_BF","M","M","?","?","M","T","?","M","M","R","E","?","$","M","BOSS","R","M","$","M","?","$","T","M","M","R","?","M","R","?","M","BOSS","R_BF","M","?","$","M","M","T","R","M","?","E","R","$","E","M","BOSS","E","$","R","BOSS"],"items_purchased_type":["Card","Relic","Potion","Relic","Card","Relic","Potion"],"build_version":"2020-12-22","purchased_purges":4,"victory":true,"max_hp_per_floor":[90,90,90,90,90,90,90,90,90,90,90,90,90,90,90,90,90,90,90,90,90,90,90,90,90,90,90,90,90,100,100,100,100,100,100,100,100,100,100,100,100,100,100,100,100,100,97,97,97,97,97,104,104,104,104],"card_choices":[{"not_picked":["champ:PerfectedStrike","champ:Circumvent"],"picked":"champ:DefensiveShout","floor":2},{"not_picked":["champ:BringItOn","champ:HeartStrike"],"picked":"champ:ArenaPreparation","floor":3},{"not_picked":["champ:GladiatorsShout","champ:Haymaker"],"picked":"champ:FlashCut","floor":6},{"not_picked":["champ:DefensiveShout","champ:BringItOn","champ:Haymaker"],"picked":"SKIP","floor":8},{"not_picked":["champ:Haymaker","champ:GutPunch"],"picked":"champ:FlashCut","floor":9},{"not_picked":["champ:FanOfKnives","champ:HeavySlash","champ:Haymaker"],"picked":"SKIP","floor":10},{"not_picked":["champ:HeartStrike","champ:Haymaker","champ:BladeFlurry"],"picked":"SKIP","floor":12},{"not_picked":["champ:FanOfKnives","champ:HeartStrike"],"picked":"champ:ShieldSlam","floor":14},{"not_picked":["champ:Haymaker","champ:HeartStrike"],"picked":"champ:ShieldWall","floor":15},{"not_picked":["champ:CrownThrow","champ:LastStand"],"picked":"champ:MurderStrike","floor":16},{"not_picked":["champ:Shatter","champ:AdrenalArmor","champ:BladeFlurry"],"picked":"SKIP","floor":19},{"not_picked":["champ:CrookedStrike","champ:ViciousMockery+1"],"picked":"champ:Backstep","floor":20},{"not_picked":["champ:AdrenalArmor","champ:BringItOn+1"],"picked":"champ:DefensiveStyle","floor":21},{"not_picked":["champ:Haymaker","champ:CrookedStrike+1","champ:RapidStrikes"],"picked":"SKIP","floor":23},{"not_picked":["champ:FightOn","champ:StanceDance","champ:BladeFlurry+1"],"picked":"SKIP","floor":25},{"not_picked":["champ:GutPunch","champ:PerfectedStrike","champ:FlashCut"],"picked":"SKIP","floor":26},{"not_picked":["champ:Balance","champ:FlashCut+1"],"picked":"champ:CheapShot","floor":29},{"not_picked":["champ:HeartStrike","champ:AdrenalArmor+1","champ:DefensiveStyle"],"picked":"SKIP","floor":32},{"not_picked":["champ:IgnorePain","champ:HeavySlash"],"picked":"champ:StrikeOfGenius","floor":33},{"not_picked":["champ:Shatter+1","champ:Backstep"],"picked":"champ:RecklessLeap+1","floor":36},{"not_picked":["champ:CalledShot+1","champ:SwordThrow"],"picked":"champ:Balance+1","floor":38},{"not_picked":["champ:DefensiveStyle","champ:BerserkerStyle"],"picked":"champ:RapidStrikes+1","floor":39},{"not_picked":["champ:EnragedBash+1","champ:ShieldWall+1","champ:DefensiveShout+1"],"picked":"SKIP","floor":40},{"not_picked":["champ:BladeFlurry","champ:FanOfKnives+1"],"picked":"champ:ArenaPreparation+1","floor":43},{"not_picked":["champ:FaceSlap+1","champ:TornadoPunch"],"picked":"champ:StanceDance+1","floor":44},{"not_picked":["champ:EnragedBash","champ:TornadoPunch+1"],"picked":"champ:Backstep+1","floor":45},{"not_picked":["champ:Encircle","champ:PerfectedStrike"],"picked":"champ:PerfectForm","floor":47},{"not_picked":["champ:StanceDance+1","champ:PreciseThrust+1"],"picked":"champ:ArenaPreparation+1","floor":48},{"not_picked":["champ:BladeFlurry+1","champ:Circumvent+1","champ:Duel","champ:CalledShot+1"],"picked":"SKIP","floor":49},{"not_picked":["champ:PerfectedStrike+1","champ:BerserkersShout+1","champ:Control+1"],"picked":"champ:ArenaPreparation+1","floor":52}],"player_experience":196402,"relics_obtained":[{"floor":1,"key":"Replay:Bottled Eggs"},{"floor":7,"key":"Letter Opener"},{"floor":12,"key":"Bird Faced Urn"},{"floor":13,"key":"CloakClasp"},{"floor":41,"key":"Regal Pillow"},{"floor":44,"key":"Pondfish Scales"},{"floor":45,"key":"Toxic Egg 2"},{"floor":48,"key":"Question Card"},{"floor":52,"key":"Strawberry"}],"event_choices":[{"damage_healed":0,"gold_gain":0,"player_choice":"Upgraded","damage_taken":0,"max_hp_gain":0,"max_hp_loss":0,"event_name":"Upgrade Shrine","floor":5,"gold_loss":0,"cards_upgraded":["champ:Taunt"]},{"damage_healed":0,"gold_gain":0,"player_choice":"Leave","damage_taken":0,"max_hp_gain":0,"max_hp_loss":0,"event_name":"conspire:Investor","floor":37,"gold_loss":0}],"is_beta":false,"boss_relics":[{"not_picked":["ReplayTheSpireMod:DimensionalGlitch","Busted Crown"],"picked":"Pandora\u0027s Box"},{"not_picked":["Black Star","Velvet Choker"],"picked":"Runic Dome"}],"items_purged_floors":[14,20,38,47],"is_endless":false,"potions_floor_spawned":[6,9,10,13,16,21,26,29,32,36,43,45,49],"ascension_level":0}}