{"host":"ss2ocoam53r2lno0","time":1610364851,"event":{"mods":["Act Like it!","BaseMod","ChefMod","Clockwork Mod","Colored Powertips","Curses Come First","Dark Map","Displayed Cursed Tome","Downfall","Evolution","Googly Eyes","Hallownest","Highlight Path","Minty Spire (QoL Compilation)","Poor People Problems","Rare Cards Sparkle","Robot Space Explorer","Shade Mod","Shop Mod","Spicy Shops","StSLib","The Marked"],"gold_per_floor":[110,127,127,147,164,134,163,13,37,37,37,71,83,127,139,252,264,292,290,227,256,12,12,45,45,45,80,93,122,135,154,154,253,253,266,266,176,195,1,34,47,73,124,139,139,172,188,23,23,23],"floor_reached":51,"playtime":4063,"items_purged":["Clockwork:Shield","Clockwork:Tinker","Clockwork:SmithsMallet+1"],"score":1165,"play_id":"e58ddf5e-7e26-4c04-aae1-9a658a5a25e2","local_time":"20210111123411","is_ascension_mode":false,"campfire_choices":[{"data":"Clockwork:CraftMomentumEngine","floor":10.0,"key":"SMITH"},{"floor":13.0,"key":"REST"},{"floor":15.0,"key":"REST"},{"data":"Clockwork:LogisticRegression","floor":23.0,"key":"SMITH"},{"data":"Clockwork:Pluck","floor":25.0,"key":"SMITH"},{"floor":32,"key":"REST"},{"data":"Clockwork:ElasticNanites","floor":45,"key":"SMITH"},{"data":"Clockwork:AssemblyLine","floor":49,"key":"SMITH"}],"circlet_count":0,"master_deck":["Clockwork:SnapKeep","Clockwork:Shield+1","Clockwork:WarmUp+1","Clockwork:Pluck+1","Clockwork:CogToss+1","Clockwork:CogShield+1","Clockwork:KaliMa","Clockwork:SystemHardening+1","Clockwork:ChargingShield+1","Clockwork:RampUp+1","CurseOfTheBell","Clockwork:Downsize+1","Clockwork:StasisBreak+1","Clockwork:LogisticRegression","Clockwork:ElasticNanites+1","Clockwork:LogisticRegression","Clockwork:LogisticRegression","Clockwork:EnthusiasticStrike","Clockwork:AssemblyLine+1","Clockwork:ElasticNanites","Clockwork:LiteraryArmor","Clockwork:AssemblyLine+1","Clockwork:LogisticRegression"],"relics":["Clockwork:MomentumEngine","EVO:Axolotl","Clockwork:SomewhatSmoothStone","Whetstone","Membership Card","Pen Nib","Toxic Egg 2","MawBank","Anchor","Sozu","Clockwork:Varja","PreservedInsect","Tiny Chest","Mummified Hand","Boot","Clockwork:BeatingHeart","Oddly Smooth Stone","Torii","Calling Bell","Regal Pillow","The Courier","Prayer Wheel","Guardian:PocketSentry","Toy Ornithopter","Omamori","Clockwork:CopperScales","Bottled Lightning"],"acts_visited":["Exordium","TheCity","TheBeyond"],"potions_floor_usage":[33],"damage_taken":[{"damage":12.0,"enemies":"Small Slimes","floor":1.0,"turns":8.0},{"damage":0.0,"enemies":"Cultist","floor":2.0,"turns":6.0},{"damage":0.0,"enemies":"Jaw Worm","floor":4.0,"turns":4.0},{"damage":12.0,"enemies":"Lots of Slimes","floor":5.0,"turns":5.0},{"damage":0.0,"enemies":"Looter","floor":6.0,"turns":4.0},{"damage":12.0,"enemies":"Lagavulin","floor":7.0,"turns":9.0},{"damage":3.0,"enemies":"3 Sentries","floor":12.0,"turns":10.0},{"damage":28.0,"enemies":"Gremlin Nob","floor":14.0,"turns":4.0},{"damage":21.0,"enemies":"Hexaghost","floor":16.0,"turns":6.0},{"damage":0.0,"enemies":"3 Byrds","floor":18.0,"turns":4.0},{"damage":0.0,"enemies":"2 Thieves","floor":19.0,"turns":4.0},{"damage":6.0,"enemies":"Snake Plant","floor":21.0,"turns":5.0},{"damage":0.0,"enemies":"Book of Stabbing","floor":24.0,"turns":4.0},{"damage":27,"enemies":"Slavers","floor":27,"turns":4},{"damage":0,"enemies":"Snecko","floor":28,"turns":3},{"damage":19,"enemies":"Book of Stabbing","floor":29,"turns":4},{"damage":1,"enemies":"Centurion and Healer","floor":30,"turns":2},{"damage":0,"enemies":"Shelled Parasite and Fungi","floor":31,"turns":3},{"damage":10,"enemies":"Collector","floor":33,"turns":5},{"damage":0,"enemies":"3 Shapes","floor":35,"turns":4},{"damage":10,"enemies":"3 Darklings","floor":38,"turns":3},{"damage":0,"enemies":"Giant Head","floor":40,"turns":6},{"damage":16,"enemies":"Sphere and 2 Shapes","floor":41,"turns":4},{"damage":0,"enemies":"Reptomancer","floor":42,"turns":5},{"damage":0,"enemies":"Jaw Worm Horde","floor":44,"turns":2},{"damage":0,"enemies":"Giant Head","floor":46,"turns":5},{"damage":8,"enemies":"4 Shapes","floor":47,"turns":3},{"damage":18,"enemies":"Donu and Deca","floor":50,"turns":7}],"seed_played":"5206736752733549729","potions_obtained":[{"floor":2.0,"key":"FearPotion"},{"floor":4.0,"key":"SpeedPotion"},{"floor":5.0,"key":"DuplicationPotion"},{"floor":12.0,"key":"Energy Potion"},{"floor":14.0,"key":"ColorlessPotion"},{"floor":16.0,"key":"SpeedPotion"}],"is_trial":false,"path_per_floor":["M","M","?","M","M","M","E","$","T","R","T","E","R","E","R","B",null,"M","M","?","M","$","R","E","R","T","E","M","E","M","M","R","B",null,"M","?","?","M","$","E","M","E","T","M","R","E","M","$","R","B",null],"character_chosen":"CLOCKWORK","items_purchased":["Membership Card","Clockwork:CraftVarja+1","Clockwork:LogisticRegression","PreservedInsect","Tiny Chest","Clockwork:CraftCopperScales+1","Clockwork:LogisticRegression","Clockwork:ElasticNanites","Clockwork:LogisticRegression","Clockwork:LogisticRegression","Clockwork:ElasticNanites","Clockwork:LiteraryArmor","Clockwork:AssemblyLine","Clockwork:LogisticRegression"],"campfire_rested":3,"item_purchase_floors":[8,22,22,22,22,39,39,39,39,39,48,48,48,48],"current_hp_per_floor":[49,49,49,49,37,37,25,25,25,25,25,22,47,19,44,23,85,85,85,85,79,79,79,79,79,79,52,52,33,32,32,57,47,85,85,85,85,75,75,75,59,59,59,59,59,59,51,51,51,33],"gold":23,"neow_bonus":"REMOVE_TWO","is_daily":false,"chose_seed":false,"campfire_upgraded":5,"win_rate":0.0,"timestamp":1610364851,"path_taken":["M","M","?","?","M","M","E","?","T","R","?","E","R","E","R","BOSS","M","?","?","M","$","R","E","R","T","E","M","E","M","M","R","BOSS","M","?","?","?","$","E","M","E","T","M","R","E","M","$","R","BOSS"],"items_purchased_type":["Relic","Card","Card","Relic","Relic","Card","Card","Card","Card","Card","Card","Card","Card","Card"],"build_version":"2020-12-22","purchased_purges":3,"victory":true,"max_hp_per_floor":[85,85,85,85,85,85,85,85,85,85,85,85,85,85,85,85,85,85,85,85,85,85,85,85,85,85,85,85,85,85,85,85,85,85,85,85,85,85,85,85,85,85,85,85,85,85,85,85,85,85],"card_choices":[{"not_picked":["Clockwork:LogisticRegression","Clockwork:SearingStrike"],"picked":"Clockwork:Pluck","floor":1.0},{"not_picked":["Clockwork:Pluck","Clockwork:LiteraryArmor"],"picked":"Clockwork:CogToss","floor":2.0},{"not_picked":["Clockwork:SearchingStrike","Clockwork:ReserveSystems","Clockwork:SearingStrike"],"picked":"SKIP","floor":4.0},{"not_picked":["Clockwork:SystemHardening","Clockwork:QuantumStrike"],"picked":"Clockwork:CraftSomewhatSmoothStone","floor":5.0},{"not_picked":["Clockwork:Friction","Clockwork:Roundhouse"],"picked":"Clockwork:CraftSomewhatSmoothStone","floor":6.0},{"not_picked":["Clockwork:MechanicalMass","Clockwork:OccamsRazor"],"picked":"Clockwork:CraftMomentumEngine","floor":7.0},{"not_picked":["Clockwork:RitualDaggerMk0","Clockwork:PerfectedShield+1","Clockwork:ReserveSystems+1"],"picked":"SKIP","floor":12.0},{"not_picked":["Clockwork:RitualDaggerMk0","Clockwork:SystemHardening+1"],"picked":"Clockwork:CogShield+1","floor":14.0},{"not_picked":["Clockwork:ZeroPointEnergy","Clockwork:Halt+1"],"picked":"Clockwork:KaliMa","floor":16.0},{"not_picked":["Clockwork:CogShield+1","Clockwork:Redundancy"],"picked":"Clockwork:CraftVarja+1","floor":18.0},{"not_picked":["Clockwork:CogBarrier+1","Clockwork:SystemScan+1"],"picked":"Clockwork:SystemHardening+1","floor":19.0},{"not_picked":["Clockwork:SystemScan+1","Clockwork:CogBarrier+1","Clockwork:Selectivity+1"],"picked":"SKIP","floor":21.0},{"not_picked":["Clockwork:WindupStrike","Clockwork:Enhance+1"],"picked":"Clockwork:SmithsMallet+1","floor":24.0},{"not_picked":["Clockwork:SnapKeep","Clockwork:SystemHardening+1","Clockwork:Enhance+1"],"picked":"SKIP","floor":27},{"not_picked":["Clockwork:AdaptiveCannon+1","Clockwork:Roundhouse"],"picked":"Clockwork:ChargingShield+1","floor":28},{"not_picked":["Clockwork:Minimalism+1","Clockwork:ReserveSystems+1"],"picked":"Clockwork:RampUp+1","floor":29},{"not_picked":["Clockwork:Friction","Clockwork:Minimalism+1","Clockwork:RitualDaggerMk0"],"picked":"SKIP","floor":30},{"not_picked":["Clockwork:HoardingStrike","Clockwork:SystemHardening+1","Clockwork:ReserveSystems+1"],"picked":"SKIP","floor":31},{"not_picked":["Clockwork:SiegeStrike","Clockwork:PerfectForm"],"picked":"Clockwork:KaliMa","floor":33},{"not_picked":["Clockwork:Minimalism+1","Clockwork:ReserveSystems+1"],"picked":"Clockwork:Downsize+1","floor":35},{"not_picked":["Clockwork:SpringShield+1","Clockwork:ChargingBlade","Clockwork:SmithsMallet+1"],"picked":"SKIP","floor":35},{"not_picked":["Clockwork:ReserveSystems+1","Clockwork:SearchingStrike"],"picked":"Clockwork:StasisBreak+1","floor":38},{"not_picked":["Clockwork:ChargingShield+1","Clockwork:Clone+1"],"picked":"Clockwork:CraftMomentumEngine+1","floor":38},{"not_picked":["Clockwork:AdaptiveShield+1","Clockwork:TimeOut+1","Clockwork:CogBarrier+1"],"picked":"SKIP","floor":40},{"not_picked":["Clockwork:Roundhouse+1","Clockwork:Efficiency","Clockwork:Redundancy"],"picked":"SKIP","floor":41},{"not_picked":["Clockwork:Roundhouse+1","Clockwork:Friction","Clockwork:SpringShield+1"],"picked":"SKIP","floor":41},{"not_picked":["Clockwork:FalseStart+1","Clockwork:Improve+1","Clockwork:CogShield+1"],"picked":"SKIP","floor":42},{"not_picked":["Clockwork:SmithsMallet","Clockwork:Enhance+1"],"picked":"Clockwork:EnthusiasticStrike","floor":44},{"not_picked":["Clockwork:AdaptiveShield+1","Clockwork:Improve+1","Clockwork:Clone+1"],"picked":"SKIP","floor":44},{"not_picked":["Clockwork:Inspiration+1","Clockwork:SearingStrike"],"picked":"Clockwork:AssemblyLine+1","floor":46},{"not_picked":["Clockwork:ForgeStrike","Clockwork:AdaptiveCannon+1","Clockwork:SystemScan+1"],"picked":"SKIP","floor":47},{"not_picked":["Clockwork:ChargingShield+1","Clockwork:Friction+1","Clockwork:Enhance+1"],"picked":"SKIP","floor":47}],"player_experience":653792,"relics_obtained":[{"floor":7.0,"key":"Whetstone"},{"floor":9.0,"key":"Pen Nib"},{"floor":11.0,"key":"Toxic Egg 2"},{"floor":12.0,"key":"MawBank"},{"floor":14.0,"key":"Anchor"},{"floor":24.0,"key":"Mummified Hand"},{"floor":26.0,"key":"Boot"},{"floor":27,"key":"Oddly Smooth Stone"},{"floor":29,"key":"Torii"},{"floor":34,"key":"Regal Pillow"},{"floor":34,"key":"The Courier"},{"floor":34,"key":"Prayer Wheel"},{"floor":40,"key":"Guardian:PocketSentry"},{"floor":42,"key":"Toy Ornithopter"},{"floor":43,"key":"Omamori"},{"floor":46,"key":"Bottled Lightning"}],"event_choices":[{"cards_removed":["Clockwork:Strike"],"damage_healed":0.0,"max_hp_gain":0.0,"max_hp_loss":0.0,"gold_gain":0.0,"event_name":"Bonfire Elementals","player_choice":"Offered Basic","floor":3.0,"gold_loss":0.0,"damage_taken":0.0},{"cards_removed":["Clockwork:Shield"],"damage_healed":0.0,"max_hp_gain":0.0,"max_hp_loss":0.0,"gold_gain":0.0,"event_name":"Beggar","player_choice":"Gave Gold","floor":20.0,"gold_loss":75.0,"damage_taken":0.0},{"damage_healed":0,"gold_gain":0,"player_choice":"Memory 1","damage_taken":0,"max_hp_gain":0,"max_hp_loss":0,"event_name":"SensoryStone","floor":36,"gold_loss":0},{"cards_removed":["Clockwork:Strike"],"damage_healed":0,"gold_gain":0,"player_choice":"Upgrade and Remove","damage_taken":0,"max_hp_gain":0,"max_hp_loss":0,"event_name":"Designer","floor":37,"gold_loss":90,"cards_upgraded":["Clockwork:Shield"]}],"is_beta":false,"boss_relics":[{"not_picked":["Pandora\u0027s Box","Fusion Hammer"],"picked":"Sozu"},{"not_picked":["sneckomod:SneckoTalon","Cursed Key"],"picked":"Calling Bell"}],"items_purged_floors":[22,39,48],"is_endless":false,"potions_floor_spawned":[2,4,5,12,14,16,19,21,28,29,30,35,42,44,46,47],"ascension_level":0}}