{"host":"wha9hktbkslqvblg","time":1610370926,"event":{"mods":["BaseMod","Colored Map","Minty Spire (QoL Compilation)","Relic Stats","SuperFastMode","everything is the same but u backflip on backflip"],"gold_per_floor":[113,163,183,233,251,251,286,286,286,316,46,75,87,98,98,174,174,189,189,89,104,154,184,17,30,76,120,146,175,187,233,245,334,346,372,394,1414,1446,1471,1483,1523,1535,1601,785,816,335,352,364,364,364,364,364,364,40,68,68],"floor_reached":57,"playtime":1768,"items_purged":["Strike_P","Indignation+1","Normality","LessonLearned+1","Defend_P+1"],"score":3384,"play_id":"af43bfb5-a053-4e87-bab7-fd1b5b91abdd","local_time":"20210111221526","is_ascension_mode":true,"campfire_choices":[{"data":"Eruption","floor":6.0,"key":"SMITH"},{"data":"WheelKick","floor":8.0,"key":"SMITH"},{"data":"MentalFortress","floor":15.0,"key":"SMITH"},{"floor":30.0,"key":"REST"},{"floor":32.0,"key":"RECALL"},{"floor":40.0,"key":"REST"},{"floor":42.0,"key":"REST"},{"floor":49.0,"key":"REST"},{"data":"TalkToTheHand","floor":53.0,"key":"SMITH"}],"circlet_count":0,"master_deck":["AscendersBane","Strike_P+1","Eruption+1","Vigilance+1","MentalFortress+1","WheelKick+1","Tantrum+1","Scrawl+1","FearNoEvil+1","Perseverance+1","TalkToTheHand+1","Adaptation"],"relics":["PureWater","Bag of Preparation","Anchor","Vajra","ClockworkSouvenir","Omamori","Astrolabe","CloakClasp","OrangePellets","MawBank","Juzu Bracelet","CeramicFish","Busted Crown","Happy Flower","Bag of Marbles","Gremlin Horn","Ornamental Fan","Toy Ornithopter","Bottled Lightning","Strawberry"],"acts_visited":["Exordium","TheCity","TheBeyond","TheEnding"],"potions_floor_usage":[56],"damage_taken":[{"damage":0.0,"enemies":"Cultist","floor":1.0,"turns":2.0},{"damage":7.0,"enemies":"Small Slimes","floor":3.0,"turns":3.0},{"damage":1.0,"enemies":"2 Louse","floor":5.0,"turns":3.0},{"damage":2.0,"enemies":"Gremlin Nob","floor":7.0,"turns":3.0},{"damage":8.0,"enemies":"Lagavulin","floor":10.0,"turns":5.0},{"damage":10.0,"enemies":"3 Sentries","floor":12.0,"turns":3.0},{"damage":0.0,"enemies":"Blue Slaver","floor":13.0,"turns":1.0},{"damage":0.0,"enemies":"Lots of Slimes","floor":14.0,"turns":2.0},{"damage":18.0,"enemies":"Hexaghost","floor":16.0,"turns":5.0},{"damage":0.0,"enemies":"2 Thieves","floor":18.0,"turns":2.0},{"damage":0.0,"enemies":"Spheric Guardian","floor":21.0,"turns":2.0},{"damage":0.0,"enemies":"Slavers","floor":23.0,"turns":2.0},{"damage":0.0,"enemies":"Snecko","floor":25.0,"turns":2.0},{"damage":0.0,"enemies":"Book of Stabbing","floor":27.0,"turns":3.0},{"damage":0.0,"enemies":"Shelled Parasite and Fungi","floor":28.0,"turns":3.0},{"damage":5.0,"enemies":"Snake Plant","floor":29.0,"turns":3.0},{"damage":0.0,"enemies":"Slavers","floor":31.0,"turns":3.0},{"damage":0.0,"enemies":"Automaton","floor":33.0,"turns":6.0},{"damage":0.0,"enemies":"Orb Walker","floor":35.0,"turns":1.0},{"damage":0.0,"enemies":"3 Darklings","floor":36.0,"turns":2.0},{"damage":0.0,"enemies":"Spire Growth","floor":38.0,"turns":3.0},{"damage":8.0,"enemies":"Transient","floor":39.0,"turns":6.0},{"damage":42.0,"enemies":"Nemesis","floor":41.0,"turns":5.0},{"damage":0.0,"enemies":"Giant Head","floor":45.0,"turns":5.0},{"damage":0.0,"enemies":"Sphere and 2 Shapes","floor":47.0,"turns":1.0},{"damage":0.0,"enemies":"3 Darklings","floor":48.0,"turns":1.0},{"damage":39.0,"enemies":"Time Eater","floor":50.0,"turns":7.0},{"damage":0.0,"enemies":"Awakened One","floor":51.0,"turns":8.0},{"damage":0.0,"enemies":"Shield and Spear","floor":55.0,"turns":1.0},{"damage":37,"enemies":"The Heart","floor":56,"turns":8}],"seed_played":"6601615807826420937","potions_obtained":[{"floor":1.0,"key":"StancePotion"},{"floor":3.0,"key":"SkillPotion"},{"floor":7.0,"key":"FearPotion"},{"floor":13.0,"key":"DuplicationPotion"},{"floor":21.0,"key":"FearPotion"},{"floor":28.0,"key":"AttackPotion"},{"floor":29.0,"key":"CultistPotion"},{"floor":31.0,"key":"DistilledChaos"},{"floor":38.0,"key":"AttackPotion"},{"floor":39.0,"key":"BottledMiracle"}],"is_trial":false,"path_per_floor":["M","T","M","?","M","R","E","R","T","E","$","E","M","M","R","B",null,"M","?","$","M","?","E","$","M","T","E","M","M","R","E","R","B",null,"M","M","?","M","M","R","E","R","T","$","E","$","M","M","R","B","B",null,"R","$","E","B",null],"character_chosen":"WATCHER","items_purchased":["Tantrum","ClockworkSouvenir","OrangePellets","Gremlin Horn","Ornamental Fan","Swift Potion","DistilledChaos","Bottled Lightning","TalkToTheHand","Adaptation","Regen Potion"],"campfire_rested":4,"item_purchase_floors":[11,11,24,44,44,44,44,46,46,54,54],"current_hp_per_floor":[61,61,54,54,53,53,51,51,51,43,43,33,33,33,33,15,50,50,50,50,50,44,44,44,44,44,44,44,39,57,57,57,57,61,61,61,61,61,53,62,20,38,38,38,38,38,38,38,56,22,27,53,53,53,60,38],"gold":68,"neow_bonus":"REMOVE_TWO","is_daily":false,"chose_seed":false,"campfire_upgraded":4,"win_rate":0.0,"timestamp":1610370926,"path_taken":["M","?","M","?","M","R","E","R","T","E","$","E","M","?","R","BOSS","M","?","$","M","?","E","$","?","T","E","M","M","R","E","R","BOSS","M","M","?","M","M","R","E","R","T","$","E","$","M","M","R","BOSS","BOSS","R","$","E","BOSS"],"items_purchased_type":["Card","Relic","Relic","Relic","Relic","Potion","Potion","Relic","Card","Card","Potion"],"build_version":"2020-12-22","purchased_purges":5,"victory":true,"max_hp_per_floor":[62,62,62,62,62,62,62,62,62,62,62,62,62,62,62,62,62,62,62,62,62,62,62,62,62,62,62,62,62,62,62,62,62,62,62,62,62,62,62,62,62,62,62,62,62,62,62,62,62,62,62,62,62,62,69,69],"relic_stats":{"Happy Flower":[10],"Gremlin Horn":[8,8],"counters":[30,101],"Astrolabe":["Indignation","FearNoEvil","Perseverance"],"CeramicFish":27,"Bag of Preparation":[58],"CloakClasp":[213],"Juzu Bracelet":1,"MawBank":216,"OrangePellets":[0],"Busted Crown":18,"Ornamental Fan":[164],"obtain_stats":[{"Happy Flower":41,"Gremlin Horn":44,"Astrolabe":17,"CeramicFish":31,"Vajra":10,"Bag of Preparation":2,"Omamori":12,"CloakClasp":23,"Juzu Bracelet":27,"MawBank":26,"ClockworkSouvenir":11,"OrangePellets":24,"Anchor":7,"Busted Crown":34,"Ornamental Fan":44,"Strawberry":55,"Bag of Marbles":43,"Bottled Lightning":46,"PureWater":0,"Toy Ornithopter":45},{"Happy Flower":23,"Gremlin Horn":23,"Astrolabe":9,"CeramicFish":17,"Vajra":5,"Bag of Preparation":1,"Omamori":6,"CloakClasp":12,"Juzu Bracelet":14,"MawBank":13,"ClockworkSouvenir":5,"OrangePellets":12,"Anchor":4,"Busted Crown":18,"Ornamental Fan":23,"Strawberry":29,"Bag of Marbles":23,"Bottled Lightning":24,"PureWater":0,"Toy Ornithopter":24},{"Happy Flower":70,"Gremlin Horn":70,"Astrolabe":27,"CeramicFish":47,"Vajra":16,"Bag of Preparation":2,"Omamori":19,"CloakClasp":33,"Juzu Bracelet":38,"MawBank":35,"ClockworkSouvenir":16,"OrangePellets":33,"Anchor":11,"Busted Crown":53,"Ornamental Fan":70,"Strawberry":93,"Bag of Marbles":70,"Bottled Lightning":75,"PureWater":0,"Toy Ornithopter":75}],"Toy Ornithopter":15},"card_choices":[{"not_picked":["WaveOfTheHand","CarveReality"],"picked":"MentalFortress","floor":1.0},{"not_picked":["Meditate","Sanctity","Perseverance"],"picked":"SKIP","floor":3.0},{"not_picked":["SignatureMove","Prostrate"],"picked":"WheelKick","floor":5.0},{"not_picked":["Worship","SashWhip","Protect"],"picked":"SKIP","floor":7.0},{"not_picked":["Consecrate","Meditate","PathToVictory"],"picked":"SKIP","floor":10.0},{"not_picked":["MentalFortress","PathToVictory","ReachHeaven"],"picked":"SKIP","floor":12.0},{"not_picked":["Wallop","EmptyBody"],"picked":"Scrawl","floor":13.0},{"not_picked":["ClearTheMind","FollowUp","FlyingSleeves"],"picked":"SKIP","floor":14.0},{"not_picked":["Blasphemy","MasterReality"],"picked":"LessonLearned","floor":16.0},{"not_picked":["WaveOfTheHand","JustLucky+1","WindmillStrike+1"],"picked":"SKIP","floor":18.0},{"not_picked":["Weave+1","Conclude","Protect"],"picked":"SKIP","floor":21.0},{"not_picked":["EmptyBody","Weave","CutThroughFate"],"picked":"SKIP","floor":23.0},{"not_picked":["FlyingSleeves","Vengeance","JustLucky"],"picked":"SKIP","floor":25.0},{"not_picked":["Prostrate","Evaluate","EmptyMind"],"picked":"SKIP","floor":27.0},{"not_picked":["Protect+1","CrushJoints","BowlingBash+1"],"picked":"SKIP","floor":28.0},{"not_picked":["PathToVictory","FlyingSleeves","Wallop"],"picked":"SKIP","floor":29.0},{"not_picked":["Vengeance","Ragnarok","Protect"],"picked":"SKIP","floor":31.0},{"not_picked":["LikeWater+1"],"picked":"SKIP","floor":35.0},{"not_picked":["CutThroughFate"],"picked":"SKIP","floor":36.0},{"not_picked":["FearNoEvil"],"picked":"SKIP","floor":38.0},{"not_picked":["Sanctity"],"picked":"SKIP","floor":39.0},{"not_picked":["Pray"],"picked":"SKIP","floor":41.0},{"not_picked":["CutThroughFate+1"],"picked":"SKIP","floor":45.0},{"not_picked":["EmptyFist+1"],"picked":"SKIP","floor":47.0},{"not_picked":["EmptyFist+1"],"picked":"SKIP","floor":47.0},{"not_picked":["EmptyFist+1"],"picked":"SKIP","floor":47.0},{"not_picked":["PathToVictory"],"picked":"SKIP","floor":48.0},{"not_picked":["Tantrum"],"picked":"SKIP","floor":55.0}],"player_experience":954279,"relics_obtained":[{"floor":2.0,"key":"Bag of Preparation"},{"floor":7.0,"key":"Anchor"},{"floor":10.0,"key":"Vajra"},{"floor":12.0,"key":"Omamori"},{"floor":23.0,"key":"CloakClasp"},{"floor":26.0,"key":"MawBank"},{"floor":27.0,"key":"Juzu Bracelet"},{"floor":31.0,"key":"CeramicFish"},{"floor":41.0,"key":"Happy Flower"},{"floor":43.0,"key":"Bag of Marbles"},{"floor":45.0,"key":"Toy Ornithopter"},{"floor":55.0,"key":"Strawberry"}],"event_choices":[{"damage_healed":0.0,"max_hp_gain":0.0,"max_hp_loss":0.0,"gold_gain":50.0,"event_name":"Golden Shrine","player_choice":"Pray","floor":4.0,"gold_loss":0.0,"damage_taken":0.0},{"damage_healed":0.0,"max_hp_gain":0.0,"max_hp_loss":0.0,"gold_gain":0.0,"event_name":"Forgotten Altar","player_choice":"Smashed Altar","floor":19.0,"gold_loss":0.0,"damage_taken":0.0,"cards_obtained":["Decay"]},{"damage_healed":0.0,"max_hp_gain":0.0,"max_hp_loss":0.0,"gold_gain":50.0,"event_name":"FaceTrader","player_choice":"Touch","floor":22.0,"gold_loss":0.0,"damage_taken":6.0},{"damage_healed":0.0,"max_hp_gain":0.0,"max_hp_loss":0.0,"gold_gain":999.0,"event_name":"MindBloom","player_choice":"Gold","floor":37.0,"gold_loss":0.0,"damage_taken":0.0,"cards_obtained":["Normality","Normality"]}],"is_beta":false,"boss_relics":[{"not_picked":["Empty Cage","Fusion Hammer"],"picked":"Astrolabe"},{"not_picked":["Black Star","Runic Dome"],"picked":"Busted Crown"}],"items_purged_floors":[11,20,44,46,54],"is_endless":false,"potions_floor_spawned":[1,3,7,10,13,21,28,29,31,38,39,48],"ascension_level":20}}