{"host":"6749gst1gzuv21qf","time":1610333148,"event":{"mods":["Aspiration","BaseMod","Better Altar","Better Match","Better Note","Better Sensory Stone","Better Skull","Better Third Choice","BetterRewards","Colored Map","Colored Powertips","Downfall","Highlight Path","Minty Spire (QoL Compilation)","Permanent Neow","Replay The Spire","Shop Mod","Spicy Shops","StSLib","The Cursed"],"gold_per_floor":[99,110,163,178,188,198,198,198,223,223,52,72,90,90,102,102,102],"floor_reached":16,"playtime":1247,"items_purged":[],"score":94,"play_id":"27d4d601-80cd-4b84-9495-52550bd80c99","local_time":"20210110214548","is_ascension_mode":false,"campfire_choices":[{"floor":1,"key":"DIG"},{"floor":10,"key":"RECALL"}],"circlet_count":0,"master_deck":["sneckomod:Strike","sneckomod:Strike","sneckomod:Strike","sneckomod:Defend","sneckomod:Defend+1","sneckomod:Defend","sneckomod:TailWhip","sneckomod:SnekBite","sneckomod:Unknown","sneckomod:Unknown","sneckomod:UnknownRareSkill","sneckomod:Unknown2Cost","sneckomod:IronFang","sneckomod:UnknownClassTHE_CHAMP_GRAY","sneckomod:UnknownUncommonSkill","sneckomod:UnknownUncommonAttack","sneckomod:UnknownRareAttack","sneckomod:MasterEye","sneckomod:SnakeSap","sneckomod:CheapStock","expansioncontent:LastStand","sneckomod:IronFang"],"relics":["sneckomod:SneckoSoul","Bronze Scales","Boot"],"acts_visited":["Exordium"],"potions_floor_usage":[16,16],"damage_taken":[{"damage":1,"enemies":"Jaw Worm","floor":2,"turns":4},{"damage":5,"enemies":"2 Louse","floor":4,"turns":2},{"damage":6,"enemies":"Cultist","floor":5,"turns":4},{"damage":5,"enemies":"Exordium Wildlife","floor":6,"turns":4},{"damage":10,"enemies":"downfall:FleeingMerchant","floor":11,"turns":4},{"damage":0,"enemies":"3 Louse","floor":12,"turns":1},{"damage":4,"enemies":"Blue Slaver","floor":13,"turns":2},{"damage":18,"enemies":"Exordium Thugs","floor":15,"turns":4},{"damage":36,"enemies":"Lagavulin","floor":16,"turns":6}],"seed_played":"7343635716188379121","potions_obtained":[{"floor":3,"key":"SmokeBomb"},{"floor":3,"key":"LifebloodPotion"},{"floor":5,"key":"Block Potion"},{"floor":6,"key":"Strength Potion"},{"floor":12,"key":"Block Potion"}],"is_trial":false,"path_per_floor":["R_BF","M","?","M","M","M","PTL","PTL","T","R","$","M","M","?","M","E"],"character_chosen":"THE_SNECKO","items_purchased":["sneckomod:MasterEye"],"campfire_rested":0,"item_purchase_floors":[11],"current_hp_per_floor":[91,91,68,64,59,55,55,55,55,55,46,46,42,42,24,0,0],"gold":102,"neow_bonus":"ONE_RANDOM_RARE_CARD","is_daily":false,"chose_seed":false,"campfire_upgraded":0,"win_rate":0.0,"timestamp":1610333148,"path_taken":["R_BF","M","?","M","M","M","PTL","PTL","T","R","$","?","M","?","M","E"],"items_purchased_type":["Card"],"build_version":"2020-12-22","purchased_purges":0,"victory":false,"max_hp_per_floor":[91,92,92,93,94,95,95,95,95,95,96,96,96,96,96,96,96],"card_choices":[{"not_picked":["sneckomod:UnknownCommonSkill","sneckomod:UnknownWeak"],"picked":"sneckomod:Unknown2Cost","floor":2},{"not_picked":["sneckomod:UnknownWeak","sneckomod:SoulDraw"],"picked":"sneckomod:IronFang","floor":3},{"not_picked":["sneckomod:IronFang","sneckomod:RainOfDice"],"picked":"sneckomod:UnknownClassTHE_CHAMP_GRAY","floor":4},{"not_picked":["sneckomod:UnknownClassTHE_CURSED_PURPLE","sneckomod:RainOfDice"],"picked":"sneckomod:UnknownUncommonSkill","floor":5},{"not_picked":["sneckomod:SoulRoll","sneckomod:SnekBeam"],"picked":"sneckomod:UnknownUncommonAttack","floor":6},{"not_picked":["sneckomod:MasterEye","sneckomod:ImprovisedGuard"],"picked":"sneckomod:UnknownRareAttack","floor":11},{"not_picked":["sneckomod:Nope","sneckomod:UnknownCommonSkill"],"picked":"sneckomod:SnakeSap","floor":12},{"not_picked":["sneckomod:SerpentIdol","sneckomod:UnknownCommonAttack"],"picked":"sneckomod:CheapStock","floor":13},{"not_picked":["Replay:Sssssssssshield","Replay:SS_hec_1"],"picked":"expansioncontent:LastStand","floor":14},{"not_picked":["sneckomod:UnknownWeak","sneckomod:CheapStock"],"picked":"sneckomod:IronFang","floor":15}],"player_experience":658693,"relics_obtained":[{"floor":1,"key":"Bronze Scales"},{"floor":3,"key":"Boot"}],"event_choices":[{"damage_healed":0,"gold_gain":1,"player_choice":"1","damage_taken":0,"max_hp_gain":0,"max_hp_loss":0,"event_name":"betterStone:BetterStone","floor":14,"gold_loss":0}],"is_beta":false,"boss_relics":[],"items_purged_floors":[],"is_endless":false,"potions_floor_spawned":[5,6,12,15],"killed_by":"Lagavulin","ascension_level":0}}