{"host":"zex3ujd3lwod1gma","time":1610400286,"event":{"mods":["BaseMod","Better Vampires","Better-Laid Plans","Custom Start","Minty Spire (QoL Compilation)","MostiFishMod","Quick Restart","Relic Stats","StSLib","[地精首领爬塔]The Maniac","篝火指南"],"gold_per_floor":[119,44,44,44,64,96,116,191,191,191,202,234,234,248,248,248,248],"floor_reached":16,"playtime":534,"items_purged":["Defend_R"],"score":270,"play_id":"4b4c6b3d-1480-4541-af1b-23de8eca2d23","local_time":"20210112052446","is_ascension_mode":true,"campfire_choices":[{"data":"MostiFishMod:RacingGame","floor":10,"key":"SMITH"},{"data":"Burning Pact","floor":15,"key":"SMITH"}],"circlet_count":0,"master_deck":["AscendersBane","Strike_R","Strike_R","Strike_R","Strike_R","Defend_R","Defend_R","Defend_R","Bash","Burning Pact+1","MostiFishMod:RacingGame+1","Barricade","Feel No Pain"],"relics":["Burning Blood","DaveBox","NeowsBlessing","HereWithMe","SynthV:TestCard","Bottled Lightning","InkBottle","MealTicket"],"acts_visited":["Exordium"],"potions_floor_usage":[],"damage_taken":[{"damage":0.0,"enemies":"Jaw Worm","floor":1.0,"turns":1.0},{"damage":0.0,"enemies":"2 Louse","floor":5.0,"turns":1.0},{"damage":0.0,"enemies":"Gremlin Nob","floor":6.0,"turns":1.0},{"damage":0,"enemies":"Cultist","floor":7,"turns":2},{"damage":8,"enemies":"Blue Slaver","floor":11,"turns":2},{"damage":17,"enemies":"3 Sentries","floor":12,"turns":6},{"damage":17,"enemies":"3 Louse","floor":14,"turns":3},{"damage":40,"enemies":"Hexaghost","floor":16,"turns":4}],"seed_played":"-5177023098916102748","potions_obtained":[{"floor":7,"key":"Weak Potion"}],"is_trial":false,"path_per_floor":["M","$","?","?","M","E","M","?","T","R","M","E","?","M","R","B"],"character_chosen":"IRONCLAD","items_purchased":[],"campfire_rested":0,"item_purchase_floors":[],"current_hp_per_floor":[74,74,74,74,75,75,75,64,64,64,62,51,56,45,45,5,5],"gold":248,"neow_bonus":"THREE_ENEMY_KILL","is_daily":false,"chose_seed":false,"campfire_upgraded":2,"win_rate":0.0,"timestamp":1610400286,"path_taken":["M","$","?","?","M","E","M","?","T","R","M","E","?","M","R","BOSS"],"items_purchased_type":[],"build_version":"2020-12-22","purchased_purges":1,"victory":false,"max_hp_per_floor":[75,75,75,75,75,75,75,75,75,75,75,75,80,80,80,80,80],"relic_stats":{"counters":[8,20],"MealTicket":0,"obtain_stats":[{"SynthV:TestCard":1,"DaveBox":0,"NeowsBlessing":0,"HereWithMe":0,"MealTicket":12,"Bottled Lightning":6,"Burning Blood":0,"InkBottle":9},{"SynthV:TestCard":1,"DaveBox":0,"NeowsBlessing":0,"HereWithMe":0,"MealTicket":6,"Bottled Lightning":3,"Burning Blood":0,"InkBottle":4},{"SynthV:TestCard":1,"DaveBox":0,"NeowsBlessing":0,"HereWithMe":0,"MealTicket":13,"Bottled Lightning":3,"Burning Blood":0,"InkBottle":5}],"Burning Blood":25,"InkBottle":[4]},"card_choices":[{"not_picked":["True Grit","Twin Strike","Headbutt"],"picked":"SKIP","floor":1.0},{"not_picked":["Pommel Strike","Cleave","Clothesline","Body Slam"],"picked":"Burning Pact","floor":5.0},{"not_picked":["Headbutt","Perfected Strike","Rage","Hemokinesis"],"picked":"MostiFishMod:RacingGame","floor":6},{"not_picked":["Disarm","Body Slam","Twin Strike","Iron Wave"],"picked":"Barricade","floor":7},{"not_picked":["Inflame","Evolve","Heavy Blade","Infernal Blade"],"picked":"Feel No Pain","floor":11},{"not_picked":["Anger","Hemokinesis","Dropkick","Battle Trance","Juggernaut"],"picked":"SKIP","floor":12},{"not_picked":["Sentinel","Combust","Hemokinesis","Rupture","Body Slam"],"picked":"SKIP","floor":14}],"player_experience":1252095,"relics_obtained":[{"floor":1.0,"key":"SynthV:TestCard"},{"floor":6,"key":"Bottled Lightning"},{"floor":9,"key":"InkBottle"},{"floor":12,"key":"MealTicket"}],"event_choices":[{"cards_removed":["Strike_R"],"damage_healed":0.0,"max_hp_gain":0.0,"max_hp_loss":0.0,"gold_gain":0.0,"event_name":"Living Wall","player_choice":"Forget","floor":3.0,"gold_loss":0.0,"damage_taken":0.0},{"damage_healed":0.0,"max_hp_gain":0.0,"max_hp_loss":0.0,"gold_gain":0.0,"event_name":"The Cleric","player_choice":"Leave","floor":4.0,"gold_loss":0.0,"damage_taken":0.0},{"damage_healed":0,"gold_gain":75,"player_choice":"Gather Gold","damage_taken":11,"max_hp_gain":0,"max_hp_loss":0,"event_name":"World of Goop","floor":8,"gold_loss":0},{"damage_healed":0,"gold_gain":0,"player_choice":"Donut","damage_taken":0,"max_hp_gain":5,"max_hp_loss":0,"event_name":"Big Fish","floor":13,"gold_loss":0}],"is_beta":false,"boss_relics":[],"items_purged_floors":[2],"is_endless":false,"potions_floor_spawned":[7],"killed_by":"Hexaghost","ascension_level":20}}