{"host":"wx4fbt0i1pdm7dsn","time":1610376839,"event":{"mods":["Act Like it!","BaseMod","Downfall","Gensokyo","Koishi","Marisa£®ÏF”Í°°ƒß¿Ì…≥£©","Minty Spire (QoL Compilation)","Pale of the Ancients","Reimu£®≤©¿ˆ¡È√Œ£©","Remilia£®¿Ÿ√◊¿Ú—«£©","Shop Mod","StSLib","The Servant 0.9.4","Yakumo Yukari mod","Youmu£®ªÍ∆«—˝√Œ£©","Yuyuko"],"gold_per_floor":[13,13,24,41,13,41,8,8,54,80,80,80,100,21,21,221,221],"floor_reached":16,"playtime":1192,"items_purged":[],"score":139,"play_id":"cd12fb70-4497-49be-bffb-2f6d8c6a2002","local_time":"20210111225359","is_ascension_mode":true,"campfire_choices":[{"data":"Barrier","floor":12,"key":"SMITH"},{"data":"DualDimension","floor":15,"key":"SMITH"}],"circlet_count":0,"master_deck":["Strike_S","Strike_S","Defend_S","Defend_S","Defend_S","KidneyShot","Exchange","Barrier+1","ShatteredReality","FanOfKnives","FastForward","Starlight","MoonPhase","DualDimension+1"],"relics":["Uniform","Blood Vial","Broom","Pen Nib","Gensokyo:OccultBall"],"acts_visited":["Exordium"],"potions_floor_usage":[6,16,16],"damage_taken":[{"damage":0,"enemies":"Gensokyo:Python","floor":1,"turns":4},{"damage":0,"enemies":"Gensokyo:3_Fairies","floor":3,"turns":5},{"damage":8,"enemies":"Gensokyo:Gryphon","floor":4,"turns":4},{"damage":9,"enemies":"Gensokyo:Mamizou","floor":6,"turns":11},{"damage":16,"enemies":"Gensokyo:Aya","floor":10,"turns":7},{"damage":4,"enemies":"Gensokyo:Kitsune","floor":13,"turns":3},{"damage":16,"enemies":"Gensokyo:Reimu","floor":16,"turns":12}],"seed_played":"-8225599082099901648","potions_obtained":[{"floor":1,"key":"hexamod:EctoCoolerPotion"},{"floor":3,"key":"Block Potion"},{"floor":10,"key":"AttackPotion"}],"is_trial":false,"path_per_floor":["M","?","M","M","?","E","COS","$","T","E","?","R","M","$","R","B"],"character_chosen":"THE_SERVANT","items_purchased":["DualDimension"],"campfire_rested":0,"item_purchase_floors":[14],"current_hp_per_floor":[59,59,59,51,65,56,56,56,56,42,42,42,40,40,40,26,26],"gold":221,"neow_bonus":"TRANSFORM_TWO_CARDS","is_daily":false,"chose_seed":false,"campfire_upgraded":2,"win_rate":0.0,"timestamp":1610376839,"path_taken":["M","?","M","?","?","E","COS","?","T","E","?","R","M","$","R","BOSS"],"items_purchased_type":["Card"],"build_version":"2020-12-22","purchased_purges":0,"victory":false,"max_hp_per_floor":[65,65,65,65,65,65,65,65,65,65,65,65,65,65,65,65,65],"card_choices":[{"not_picked":["Moonlight","BestPractice"],"picked":"ShatteredReality","floor":1},{"not_picked":["Unruled","Desolation"],"picked":"FanOfKnives","floor":3},{"not_picked":["Ricochet","Spin"],"picked":"FastForward","floor":4},{"not_picked":["ShiftingGears","RealityMarble"],"picked":"Starlight","floor":6},{"not_picked":["FanOfKnives","TimeTheft","MoonPhase"],"picked":"SKIP","floor":10},{"not_picked":["TimeTheft","Desolation"],"picked":"MoonPhase","floor":13}],"player_experience":422890,"relics_obtained":[{"floor":6,"key":"Blood Vial"},{"floor":9,"key":"Broom"},{"floor":10,"key":"Pen Nib"},{"floor":13,"key":"Gensokyo:OccultBall"}],"event_choices":[],"is_beta":false,"boss_relics":[],"items_purged_floors":[],"is_endless":false,"potions_floor_spawned":[1,3,10],"killed_by":"Gensokyo:Reimu","ascension_level":7}}