{"host":"fnk117zi8wf5078t","time":1610349053,"event":{"mods":["AchievementEnabler","BaseMod","Colored Map","Minty Spire (QoL Compilation)","Rare Cards Sparkle","SuperFastMode","everything is the same but u backflip on backflip"],"gold_per_floor":[114,133,150,164,176,176,190,190,190,24,24,54,64,74,74,147,147,167,92,92,119,19,19,19,19],"floor_reached":24,"playtime":707,"items_purged":["Strike_R","Strike_R"],"score":367,"play_id":"798b0cfb-8fcc-4466-9792-79886a7ac429","local_time":"20210111161053","is_ascension_mode":true,"campfire_choices":[{"floor":6,"key":"REST"},{"floor":8,"key":"REST"},{"floor":11,"key":"REST"},{"data":"Body Slam","floor":15,"key":"SMITH"},{"data":"Entrench","floor":23,"key":"SMITH"}],"circlet_count":0,"master_deck":["AscendersBane","Strike_R","Strike_R","Strike_R","Defend_R","Defend_R","Defend_R","Defend_R","Bash","Entrench+1","Body Slam+1","Entrench","Ghostly Armor","Carnage","Hemokinesis","Exhume","Power Through","Body Slam","Shrug It Off","Reaper"],"relics":["Burning Blood","Red Skull","Orrery","Runic Cube","Orichalcum"],"acts_visited":["Exordium","TheCity"],"potions_floor_usage":[4,16],"damage_taken":[{"damage":6,"enemies":"Cultist","floor":1,"turns":3},{"damage":14,"enemies":"Jaw Worm","floor":2,"turns":3},{"damage":26,"enemies":"Small Slimes","floor":3,"turns":6},{"damage":29,"enemies":"Exordium Thugs","floor":4,"turns":5},{"damage":9,"enemies":"Blue Slaver","floor":5,"turns":6},{"damage":32,"enemies":"2 Fungi Beasts","floor":7,"turns":4},{"damage":2,"enemies":"Large Slime","floor":13,"turns":3},{"damage":5,"enemies":"Blue Slaver","floor":14,"turns":3},{"damage":58,"enemies":"Slime Boss","floor":16,"turns":10},{"damage":30,"enemies":"Chosen","floor":18,"turns":7},{"damage":135,"enemies":"Gremlin Leader","floor":24,"turns":7}],"seed_played":"2004641077592601739","potions_obtained":[{"floor":1,"key":"GamblersBrew"},{"floor":3,"key":"FearPotion"},{"floor":5,"key":"Ancient Potion"},{"floor":14,"key":"EssenceOfSteel"},{"floor":18,"key":"FairyPotion"}],"is_trial":false,"path_per_floor":["M","M","M","M","M","R","M","R","T","$","R","?","M","M","R","B",null,"M","$","?","T","$","R","E"],"character_chosen":"IRONCLAD","items_purchased":["Orrery"],"campfire_rested":3,"item_purchase_floors":[10],"current_hp_per_floor":[75,67,47,24,21,45,19,43,43,43,67,67,71,72,72,20,67,43,43,43,43,43,43,0,0],"gold":19,"neow_bonus":"TEN_PERCENT_HP_BONUS","is_daily":false,"chose_seed":false,"campfire_upgraded":2,"win_rate":0.0,"timestamp":1610349053,"path_taken":["M","M","M","M","M","R","?","R","T","$","R","?","M","M","R","BOSS","M","$","?","?","?","R","E"],"items_purchased_type":["Relic"],"build_version":"2020-12-22","purchased_purges":2,"victory":false,"max_hp_per_floor":[82,82,82,82,82,82,82,82,82,82,82,82,82,82,82,82,82,82,82,82,82,82,82,82,82],"card_choices":[{"not_picked":["Cleave","Twin Strike"],"picked":"Entrench","floor":1},{"not_picked":["Bloodletting","Evolve"],"picked":"Body Slam","floor":2},{"not_picked":["Shockwave","Warcry"],"picked":"Entrench","floor":3},{"not_picked":["Whirlwind","Rampage"],"picked":"Ghostly Armor","floor":4},{"not_picked":["Rupture","Twin Strike"],"picked":"Carnage","floor":5},{"not_picked":["Dark Embrace","True Grit"],"picked":"Hemokinesis","floor":7},{"not_picked":["Perfected Strike","Warcry"],"picked":"Exhume","floor":10},{"not_picked":["Iron Wave","Feel No Pain"],"picked":"Power Through","floor":10},{"not_picked":["Armaments","Disarm"],"picked":"Body Slam","floor":10},{"not_picked":["Armaments","Intimidate"],"picked":"Shrug It Off","floor":10},{"not_picked":["Havoc","Whirlwind","Warcry"],"picked":"SKIP","floor":13},{"not_picked":["Clothesline","Flex","Warcry"],"picked":"SKIP","floor":14},{"not_picked":["Demon Form","Immolate"],"picked":"Reaper","floor":16},{"not_picked":["Cleave","Wild Strike","Sever Soul"],"picked":"SKIP","floor":18}],"player_experience":368152,"relics_obtained":[{"floor":9,"key":"Red Skull"},{"floor":21,"key":"Orichalcum"}],"event_choices":[{"damage_healed":0,"gold_gain":30,"player_choice":"Searched \u00271\u0027 times","damage_taken":0,"max_hp_gain":0,"max_hp_loss":0,"event_name":"Dead Adventurer","floor":12,"gold_loss":0},{"damage_healed":0,"gold_gain":0,"player_choice":"Ignored","damage_taken":0,"max_hp_gain":0,"max_hp_loss":0,"event_name":"Vampires","floor":20,"gold_loss":0}],"is_beta":false,"boss_relics":[{"not_picked":["Tiny House","Mark of Pain"],"picked":"Runic Cube"}],"items_purged_floors":[19,22],"is_endless":false,"potions_floor_spawned":[1,3,5,14,18],"killed_by":"Gremlin Leader","ascension_level":19}}