{"host":"1tkoe3l8wf0xx8if","time":1610377144,"event":{"mods":["AchievementEnabler","BaseMod","Colored Map","Minty Spire (QoL Compilation)","Quick Restart","StSLib","SuperFastMode"],"gold_per_floor":[112,187,362,362,382,407,407,436,463,475,475],"floor_reached":10,"playtime":259,"items_purged":[],"score":100,"play_id":"25ac0f6b-2b16-48b2-9642-e99a20b943ba","local_time":"20210111235904","is_ascension_mode":true,"campfire_choices":[{"data":"Dualcast","floor":7,"key":"SMITH"}],"circlet_count":0,"master_deck":["Strike_B","Strike_B","Strike_B","Defend_B","Defend_B","Defend_B","Defend_B","Zap","Dualcast+1","Static Discharge","Doubt","Cold Snap","Biased Cognition"],"relics":["Cracked Core","Nunchaku","Juzu Bracelet","WingedGreaves","MawBank"],"acts_visited":["Exordium"],"potions_floor_usage":[6,6],"damage_taken":[{"damage":2,"enemies":"Jaw Worm","floor":1,"turns":3},{"damage":3,"enemies":"2 Louse","floor":5,"turns":3},{"damage":20,"enemies":"Lagavulin","floor":6,"turns":8},{"damage":23,"enemies":"3 Sentries","floor":8,"turns":8},{"damage":8,"enemies":"Gremlin Nob","floor":10,"turns":3}],"seed_played":"-4823672675047211987","potions_obtained":[{"floor":1,"key":"Dexterity Potion"},{"floor":5,"key":"Strength Potion"}],"is_trial":false,"path_per_floor":["M","?","?","?","M","E","R","E","T","E"],"character_chosen":"DEFECT","items_purchased":[],"campfire_rested":0,"item_purchase_floors":[],"current_hp_per_floor":[66,55,55,52,49,29,29,6,6,0,0],"gold":475,"neow_bonus":"REMOVE_CARD","is_daily":false,"chose_seed":false,"campfire_upgraded":1,"win_rate":0.0,"timestamp":1610377144,"path_taken":["M","?","?","?","?","E","R","E","T","E"],"items_purchased_type":[],"build_version":"2020-12-22","purchased_purges":0,"victory":false,"max_hp_per_floor":[75,75,75,75,75,75,75,75,75,75,75],"card_choices":[{"not_picked":["Consume","Turbo"],"picked":"Static Discharge","floor":1},{"not_picked":["Barrage","Rebound"],"picked":"Cold Snap","floor":5},{"not_picked":["Hyperbeam","Cold Snap","Steam"],"picked":"SKIP","floor":6},{"not_picked":["Turbo","Tempest"],"picked":"Biased Cognition","floor":8}],"player_experience":333153,"relics_obtained":[{"floor":6,"key":"Juzu Bracelet"},{"floor":8,"key":"WingedGreaves"},{"floor":9,"key":"MawBank"}],"event_choices":[{"damage_healed":0,"gold_gain":75,"player_choice":"Gather Gold","damage_taken":11,"max_hp_gain":0,"max_hp_loss":0,"event_name":"World of Goop","floor":2,"gold_loss":0},{"damage_healed":0,"gold_gain":175,"player_choice":"AGREE","damage_taken":0,"max_hp_gain":0,"max_hp_loss":0,"event_name":"Liars Game","floor":3,"gold_loss":0,"cards_obtained":["Doubt"]},{"damage_healed":0,"gold_gain":0,"player_choice":"Success","damage_taken":3,"relics_obtained":["Nunchaku"],"max_hp_gain":0,"max_hp_loss":0,"event_name":"Scrap Ooze","floor":4,"gold_loss":0}],"is_beta":false,"boss_relics":[],"items_purged_floors":[],"is_endless":false,"potions_floor_spawned":[1,5],"killed_by":"Gremlin Nob","ascension_level":7}}