{"host":"cjhtzh7tp54jdfyv","time":1610343517,"event":{"mods":["AchievementEnabler","BaseMod","Colored Map","Colored Powertips","Curses Come First","DeckTracker","Filter the Spire","Minty Spire (QoL Compilation)","RNG Fix","Relic Sorter","Relic Stats","StSLib","UnlockEverythingMod","ojb\u0027s Better Paths Mod","ojb\u0027s Info Mod"],"gold_per_floor":[109,6,6,22,35,54,89,102,128,128,162,179,198,225,225,301,301,321,321,338,43,54,81,81,112,124,136,161,199,231,118,118,196,196,208,58,108,119,133,160,172,200,200,225,242,259,285,27,27,27,27,27,27,3,34,34],"floor_reached":57,"playtime":5714,"items_purged":["Defend_P","Defend_P","Defend_P+1","Strike_P","Defend_P+1"],"score":3327,"play_id":"88c4d069-8249-464d-bbec-31e3e0f50b63","local_time":"20210111003837","is_ascension_mode":true,"campfire_choices":[{"data":"Eruption","floor":15.0,"key":"SMITH"},{"data":"Vengeance","floor":24.0,"key":"SMITH"},{"data":"JustLucky","floor":27,"key":"SMITH"},{"data":"CutThroughFate","floor":32,"key":"SMITH"},{"floor":49,"key":"RECALL"},{"data":"TalkToTheHand","floor":53,"key":"SMITH"}],"circlet_count":0,"master_deck":["AscendersBane","Strike_P","Strike_P","Strike_P","Eruption+1","Vigilance+1","CurseOfTheBell","JustLucky+1","FlyingSleeves","FlurryOfBlows","Consecrate","FlurryOfBlows","Weave","Omniscience+1","CutThroughFate+1","Vengeance+1","EmptyMind+1","CutThroughFate","Weave","MentalFortress+1","Tantrum","TalkToTheHand+1","FearNoEvil","Scrawl","WaveOfTheHand","JustLucky","EmptyMind"],"relics":["Calling Bell","Anchor","Ornamental Fan","Torii","Shuriken","Akabeko","War Paint","Singing Bowl","Coffee Dripper","Medical Kit","GoldenEye","MawBank","Frozen Egg 2","Runic Pyramid","PreservedInsect","Bottled Flame","Damaru","Turnip","Ancient Tea Set","Boot"],"acts_visited":["Exordium","TheCity","TheBeyond","TheEnding"],"potions_floor_usage":[25,42,51,56],"damage_taken":[{"damage":1.0,"enemies":"Cultist","floor":1.0,"turns":3.0},{"damage":1.0,"enemies":"Small Slimes","floor":4.0,"turns":4.0},{"damage":1.0,"enemies":"Jaw Worm","floor":5.0,"turns":3.0},{"damage":0.0,"enemies":"Large Slime","floor":6.0,"turns":3.0},{"damage":0.0,"enemies":"Lagavulin","floor":7.0,"turns":4.0},{"damage":0.0,"enemies":"2 Fungi Beasts","floor":8.0,"turns":2.0},{"damage":11.0,"enemies":"3 Sentries","floor":11.0,"turns":4.0},{"damage":16.0,"enemies":"Gremlin Gang","floor":12.0,"turns":5.0},{"damage":0.0,"enemies":"Lots of Slimes","floor":13.0,"turns":1.0},{"damage":0.0,"enemies":"Lagavulin","floor":14.0,"turns":2.0},{"damage":4.0,"enemies":"Hexaghost","floor":16.0,"turns":5.0},{"damage":18.0,"enemies":"2 Thieves","floor":18.0,"turns":3.0},{"damage":0.0,"enemies":"Chosen","floor":20.0,"turns":3.0},{"damage":0.0,"enemies":"Centurion and Healer","floor":22.0,"turns":2.0},{"damage":1.0,"enemies":"Book of Stabbing","floor":23.0,"turns":3.0},{"damage":0,"enemies":"Gremlin Leader","floor":25,"turns":3},{"damage":0,"enemies":"Snecko","floor":28,"turns":3},{"damage":0,"enemies":"Book of Stabbing","floor":29,"turns":2},{"damage":0,"enemies":"3 Cultists","floor":30,"turns":3},{"damage":1,"enemies":"Champ","floor":33,"turns":5},{"damage":0,"enemies":"Orb Walker","floor":35,"turns":2},{"damage":0,"enemies":"3 Darklings","floor":38,"turns":2},{"damage":0,"enemies":"Transient","floor":39,"turns":6},{"damage":0,"enemies":"Reptomancer","floor":40,"turns":3},{"damage":0,"enemies":"Maw","floor":41,"turns":4},{"damage":1,"enemies":"Nemesis","floor":42,"turns":3},{"damage":0,"enemies":"Mind Bloom Boss Battle","floor":44,"turns":3},{"damage":1,"enemies":"Sphere and 2 Shapes","floor":45,"turns":3},{"damage":0,"enemies":"Spire Growth","floor":46,"turns":2},{"damage":0,"enemies":"Giant Head","floor":47,"turns":3},{"damage":0,"enemies":"Donu and Deca","floor":50,"turns":4},{"damage":7,"enemies":"Time Eater","floor":51,"turns":6},{"damage":0,"enemies":"Shield and Spear","floor":55,"turns":2},{"damage":0,"enemies":"The Heart","floor":56,"turns":7}],"seed_played":"-216213895581801400","potions_obtained":[{"floor":1.0,"key":"Weak Potion"},{"floor":4.0,"key":"AttackPotion"},{"floor":8.0,"key":"PowerPotion"},{"floor":12.0,"key":"EssenceOfSteel"},{"floor":14.0,"key":"BlessingOfTheForge"},{"floor":20.0,"key":"Fruit Juice"},{"floor":25,"key":"Strength Potion"},{"floor":41,"key":"LiquidMemories"},{"floor":44,"key":"ColorlessPotion"}],"is_trial":false,"path_per_floor":["M","$","T","M","M","M","E","M","T","?","E","M","M","E","R","B",null,"M","?","M","$","M","E","R","E","T","R","M","E","M","$","R","B",null,"M","$","?","M","M","E","M","E","T","?","M","M","E","$","R","B","B",null,"R","$","E","B",null],"character_chosen":"WATCHER","items_purchased":["JustLucky","CutThroughFate","Medical Kit","WaveOfTheHand","JustLucky"],"campfire_rested":0,"item_purchase_floors":[2,21,21,48,54],"current_hp_per_floor":[60,60,60,59,58,58,58,58,58,38,27,11,11,13,13,11,57,39,39,39,39,41,40,40,47,47,47,49,49,51,51,51,52,78,78,78,78,78,78,78,80,81,81,83,84,86,88,88,88,88,81,95,95,95,95,95],"gold":34,"neow_bonus":"BOSS_RELIC","is_daily":false,"chose_seed":false,"campfire_upgraded":5,"win_rate":0.0,"timestamp":1610343517,"path_taken":["M","$","?","M","M","M","E","M","T","?","E","M","M","E","R","BOSS","M","?","?","$","?","E","R","E","T","R","M","E","M","$","R","BOSS","M","$","?","M","?","E","M","E","T","?","M","M","E","?","R","BOSS","BOSS","R","$","E","BOSS"],"items_purchased_type":["Card","Card","Relic","Card","Card"],"build_version":"2020-12-22","purchased_purges":5,"victory":true,"max_hp_per_floor":[68,68,68,68,68,68,68,68,68,68,68,68,68,70,70,72,72,72,72,72,72,74,74,74,81,81,81,83,83,85,85,85,87,87,87,87,87,87,87,87,89,91,91,93,95,97,99,99,99,99,99,99,99,99,99,99],"relic_stats":{"Torii":36,"Singing Bowl":26,"counters":[34,113],"PreservedInsect":257,"War Paint":["Omniscience","Vigilance"],"Medical Kit":[7],"GoldenEye":[114],"MawBank":72,"Boot":[6],"Ornamental Fan":[648],"Shuriken":[162],"Turnip":[8],"obtain_stats":[{"Torii":0,"Singing Bowl":14,"Damaru":43,"PreservedInsect":40,"War Paint":11,"Frozen Egg 2":26,"Medical Kit":21,"GoldenEye":23,"MawBank":25,"Ancient Tea Set":47,"Boot":55,"Akabeko":7,"Calling Bell":0,"Anchor":0,"Bottled Flame":42,"Ornamental Fan":0,"Shuriken":3,"Turnip":44,"Coffee Dripper":17,"PureWater":0,"Runic Pyramid":34},{"Torii":0,"Singing Bowl":10,"Damaru":26,"PreservedInsect":24,"War Paint":7,"Frozen Egg 2":16,"Medical Kit":13,"GoldenEye":15,"MawBank":16,"Ancient Tea Set":30,"Boot":33,"Akabeko":5,"Calling Bell":0,"Anchor":0,"Bottled Flame":26,"Ornamental Fan":0,"Shuriken":1,"Turnip":27,"Coffee Dripper":11,"PureWater":0,"Runic Pyramid":20},{"Torii":0,"Singing Bowl":31,"Damaru":83,"PreservedInsect":76,"War Paint":23,"Frozen Egg 2":50,"Medical Kit":42,"GoldenEye":47,"MawBank":50,"Ancient Tea Set":94,"Boot":106,"Akabeko":17,"Calling Bell":0,"Anchor":0,"Bottled Flame":83,"Ornamental Fan":0,"Shuriken":3,"Turnip":86,"Coffee Dripper":36,"PureWater":0,"Runic Pyramid":63}]},"card_choices":[{"not_picked":["PathToVictory","Halt","Collect"],"picked":"SKIP","floor":1.0},{"not_picked":["LikeWater","Consecrate"],"picked":"FlyingSleeves","floor":4.0},{"not_picked":["Halt","Worship"],"picked":"FlurryOfBlows","floor":5.0},{"not_picked":["BowlingBash","LikeWater"],"picked":"Consecrate","floor":6.0},{"not_picked":["EmptyFist","Swivel"],"picked":"FlurryOfBlows","floor":7.0},{"not_picked":["CrushJoints","FlyingSleeves"],"picked":"Weave","floor":8.0},{"not_picked":["Weave","FlyingSleeves"],"picked":"Omniscience","floor":11.0},{"not_picked":["SashWhip","Perseverance"],"picked":"CutThroughFate","floor":12.0},{"not_picked":["Pray","FollowUp","Evaluate"],"picked":"SKIP","floor":13.0},{"not_picked":["ForeignInfluence","ReachHeaven","Halt"],"picked":"Singing Bowl","floor":14.0},{"not_picked":["DevaForm","Wish","Alpha"],"picked":"Singing Bowl","floor":16.0},{"not_picked":["BattleHymn+1","Protect+1"],"picked":"Vengeance","floor":18.0},{"not_picked":["Wallop+1","Collect"],"picked":"EmptyMind+1","floor":20.0},{"not_picked":["FollowUp","BowlingBash","Crescendo"],"picked":"Singing Bowl","floor":22.0},{"not_picked":["Vengeance","DeceiveReality"],"picked":"Weave","floor":23.0},{"not_picked":["Vengeance+1","MentalFortress","Establishment"],"picked":"Singing Bowl","floor":25},{"not_picked":["FollowUp","ClearTheMind","BowlingBash"],"picked":"Singing Bowl","floor":28},{"not_picked":["CarveReality","CrushJoints"],"picked":"MentalFortress+1","floor":29},{"not_picked":["BowlingBash","Collect","CrushJoints"],"picked":"Singing Bowl","floor":30},{"not_picked":["DevaForm+1","DeusExMachina","Brilliance"],"picked":"Singing Bowl","floor":33},{"not_picked":["Consecrate","ClearTheMind"],"picked":"Tantrum","floor":35},{"not_picked":["Consecrate","CutThroughFate"],"picked":"TalkToTheHand","floor":38},{"not_picked":["JustLucky","FollowUp"],"picked":"FearNoEvil","floor":39},{"not_picked":["EmptyFist","SignatureMove"],"picked":"Scrawl","floor":40},{"not_picked":["CarveReality","EmptyFist","EmptyMind"],"picked":"Singing Bowl","floor":41},{"not_picked":["DeceiveReality","Evaluate","Wish"],"picked":"Singing Bowl","floor":42},{"not_picked":["ClearTheMind","FlyingSleeves","Protect"],"picked":"Singing Bowl","floor":44},{"not_picked":["ForeignInfluence","Halt+1","Perseverance"],"picked":"Singing Bowl","floor":45},{"not_picked":["Worship","Consecrate","ForeignInfluence"],"picked":"Singing Bowl","floor":46},{"not_picked":["Crescendo","EmptyBody","Halt+1"],"picked":"Singing Bowl","floor":47},{"not_picked":["BattleHymn+1","Crescendo+1"],"picked":"EmptyMind","floor":55}],"player_experience":4432068,"relics_obtained":[{"floor":0.0,"key":"Anchor"},{"floor":0.0,"key":"Ornamental Fan"},{"floor":0.0,"key":"Torii"},{"floor":3.0,"key":"Shuriken"},{"floor":7.0,"key":"Akabeko"},{"floor":11.0,"key":"War Paint"},{"floor":14.0,"key":"Singing Bowl"},{"floor":23.0,"key":"GoldenEye"},{"floor":25,"key":"MawBank"},{"floor":26,"key":"Frozen Egg 2"},{"floor":40,"key":"PreservedInsect"},{"floor":42,"key":"Bottled Flame"},{"floor":43,"key":"Damaru"},{"floor":44,"key":"Turnip"},{"floor":47,"key":"Ancient Tea Set"},{"floor":55,"key":"Boot"}],"event_choices":[{"damage_healed":0.0,"max_hp_gain":0.0,"max_hp_loss":0.0,"gold_gain":0.0,"event_name":"Shining Light","player_choice":"Entered Light","floor":10.0,"gold_loss":0.0,"damage_taken":20.0,"cards_upgraded":["Defend_P","Defend_P"]},{"damage_healed":0.0,"max_hp_gain":0.0,"max_hp_loss":0.0,"gold_gain":0.0,"event_name":"The Mausoleum","player_choice":"Ignored","floor":19.0,"gold_loss":0.0,"damage_taken":0.0},{"damage_healed":0,"gold_gain":50,"player_choice":"Pray","damage_taken":0,"max_hp_gain":0,"max_hp_loss":0,"event_name":"Golden Shrine","floor":37,"gold_loss":0},{"damage_healed":0,"gold_gain":0,"player_choice":"Fight","damage_taken":0,"max_hp_gain":0,"max_hp_loss":0,"event_name":"MindBloom","floor":44,"gold_loss":0}],"is_beta":false,"boss_relics":[{"not_picked":["Sozu","Astrolabe"],"picked":"Coffee Dripper"},{"not_picked":["Fusion Hammer","SacredBark"],"picked":"Runic Pyramid"}],"items_purged_floors":[2,21,31,36,48],"is_endless":false,"potions_floor_spawned":[1,4,8,12,14,16,20,25,29,38,39,40,41,44],"ascension_level":20}}