{"host":"m1168lp3vv5pgdep","time":1610380428,"event":{"mods":["Act Like it!","Aspiration","BaseMod","Better Altar","Better Match","Better Sensory Stone","Better Skull","Better Third Choice","Block Reminder","CCEM","Curses Come First","Elementarium","Gensokyo","GungeonMod","Hallownest","Hermit","Hubris","Menagerie","Minty Spire (QoL Compilation)","Pale of the Ancients","Permanent Neow","Quick Restart","Small Relic Pack","Spicy Shops","StSLib","The Bug Knight","The Forsaken","The Marked","Wandering Minibosses","WarShipGirlsR/????R mod"],"gold_per_floor":[118,131,147,147,159,159,159,159],"floor_reached":7,"playtime":840,"items_purged":[],"score":45,"play_id":"5fa63fa8-37b3-463f-b651-e531416b1db7","local_time":"20210111155348","is_ascension_mode":true,"campfire_choices":[{"floor":6,"key":"RECALL"}],"circlet_count":0,"master_deck":["Strike_G","Strike_G","Strike_G","Strike_G","Defend_G","Defend_G","Defend_G","Defend_G","Defend_G","Survivor","Neutralize","Blade Dance","Acrobatics","Cloak And Dagger","Footwork"],"relics":["Ring of the Snake"],"acts_visited":["Exordium"],"potions_floor_usage":[1],"damage_taken":[{"damage":4,"enemies":"Cultist","floor":1,"turns":5},{"damage":1,"enemies":"Jaw Worm","floor":2,"turns":3},{"damage":0,"enemies":"Small Slimes","floor":3,"turns":4},{"damage":5,"enemies":"Looter","floor":5,"turns":4},{"damage":53,"enemies":"Lagavulin","floor":7,"turns":15}],"seed_played":"-5387620688472661473","potions_obtained":[{"floor":1,"key":"Fruit Juice"}],"is_trial":false,"path_per_floor":["M","M","M","?","M","R","E"],"character_chosen":"THE_SILENT","items_purchased":[],"campfire_rested":0,"item_purchase_floors":[],"current_hp_per_floor":[71,70,70,70,65,65,12,12],"gold":159,"neow_bonus":"THREE_CARDS","is_daily":false,"chose_seed":false,"campfire_upgraded":0,"win_rate":0.0,"timestamp":1610380428,"path_taken":["M","M","M","?","M","R","E"],"items_purchased_type":[],"build_version":"2020-12-22","purchased_purges":0,"victory":false,"max_hp_per_floor":[75,75,75,75,75,75,75,75],"card_choices":[{"not_picked":["Dagger Throw","Dodge and Roll"],"picked":"Blade Dance","floor":0},{"not_picked":["Dodge and Roll","Well Laid Plans"],"picked":"Acrobatics","floor":1},{"not_picked":["Flying Knee","hubris:SlightOfHand","hubris:Counter"],"picked":"SKIP","floor":2},{"not_picked":["Bullet Time","Crippling Poison"],"picked":"Cloak And Dagger","floor":3},{"not_picked":["Bane","hubris:SlightOfHand"],"picked":"Footwork","floor":5}],"player_experience":171563,"relics_obtained":[],"event_choices":[{"cards_removed":["Strike_G"],"damage_healed":0,"gold_gain":0,"player_choice":"Purged","damage_taken":0,"max_hp_gain":0,"max_hp_loss":0,"event_name":"Purifier","floor":4,"gold_loss":0}],"is_beta":false,"boss_relics":[],"items_purged_floors":[],"is_endless":false,"potions_floor_spawned":[1],"killed_by":"Lagavulin","ascension_level":1}}