{"host":"y36bp6mnm73x3iob","time":1610402066,"event":{"mods":["2.2 Compatiblity","Aspiration","BaseMod","Downfall","GifTheSpireLib","Hermit","Hubris","Marisa????????","Minty Spire (QoL Compilation)","Replay The Spire","Retaliation","StSLib","Stuff the Spire","The Cursed","The Disciple","The Servant 0.9.4"],"gold_per_floor":[115,128,128,128,2,30,30,59,83,98,98,98,98,98,98,194,194,208,208,208,283,39,39,52,85,85,104,119,134,134,134,151,165,165,260,260,260,260],"floor_reached":37,"playtime":1457,"items_purged":["Pain"],"score":487,"play_id":"2b5430e8-855b-477d-ab7c-79578691532d","local_time":"20210111235426","is_ascension_mode":true,"campfire_choices":[{"data":"Eruption","floor":7,"key":"SMITH"},{"floor":13,"key":"REST"},{"floor":15,"key":"DIG"}],"circlet_count":0,"master_deck":["Strike_P+1","Strike_P+1","Strike_P+1","Strike_P+1","Defend_P+1","Defend_P+1","Defend_P+1","Defend_P+1","Eruption+1","Vigilance+1","BowlingBash","Prostrate","MentalFortress+1","ClearTheMind","ConjureBlade+1","Replay:AtTheReady","ConjureBlade","Replay:ManipulateFuture","Ghostly","Ghostly","Ghostly","Ghostly","Ghostly","Looming Evil","Indignation","FollowUp","Halt+1","Sanctity+1","CutThroughFate","TalkToTheHand","Halt+1","Wish"],"relics":["HolyWater","NeowsBlessing","Gremlin Food","WarpedTongs","hubris:MysteriousPyramids","hubris:SlimyHat","Blood Vial","Chemical X","hubris:EvacipatedBox","Regal Pillow","Potion Belt","Ring of Fangs","ReplayTheSpireMod:Ring of Addiction","White Beast Statue","SacredBark","Pear","Chameleon Ring","Calipers","Ancient Tea Set","Ring of Chaos"],"acts_visited":["Exordium","TheCity","TheBeyond"],"potions_floor_usage":[16,24,28,28,32,33,35,35,35,35],"damage_taken":[{"damage":0,"enemies":"2 Louse","floor":1,"turns":1},{"damage":0,"enemies":"Jaw Worm","floor":2,"turns":1},{"damage":0,"enemies":"Lagavulin","floor":6,"turns":2},{"damage":2,"enemies":"3 Sentries","floor":8,"turns":8},{"damage":2,"enemies":"Cultist","floor":10,"turns":3},{"damage":10,"enemies":"Hexaghost","floor":16,"turns":5},{"damage":21,"enemies":"Shell Parasite","floor":18,"turns":3},{"damage":0,"enemies":"Chosen","floor":24,"turns":8},{"damage":1,"enemies":"Replay:Snechameleon","floor":25,"turns":8},{"damage":3,"enemies":"Snake Plant","floor":27,"turns":3},{"damage":0,"enemies":"Sentry and Sphere","floor":28,"turns":4},{"damage":1,"enemies":"3 Cultists","floor":29,"turns":7},{"damage":0,"enemies":"Snake Plant","floor":32,"turns":5},{"damage":10,"enemies":"Shelled Parasite and Fungi","floor":33,"turns":5},{"damage":14,"enemies":"Champ","floor":35,"turns":3}],"seed_played":"2212293225492739049","potions_obtained":[{"floor":1,"key":"DDmod:CleansePotion"},{"floor":8,"key":"Energy Potion"},{"floor":20,"key":"ColorlessPotion"},{"floor":20,"key":"DistilledChaos"},{"floor":20,"key":"sneckomod:MuddlingPotion"},{"floor":23,"key":"CultistPotion"},{"floor":23,"key":"Milkshake"},{"floor":24,"key":"Explosive Potion"},{"floor":25,"key":"SkillPotion"},{"floor":27,"key":"Regen Potion"},{"floor":28,"key":"Dexterity Potion"},{"floor":29,"key":"ColorlessPotion"},{"floor":32,"key":"BlessingOfTheForge"},{"floor":33,"key":"Strength Potion"},{"floor":35,"key":"GamblersBrew"}],"is_trial":false,"path_per_floor":["M","M","?","?","$","E","R","E","T","M","$","?","R","T","R","B",null,"M","?","?","T","$","R","M","E","T","M","M","M","PTL","PTL","M","M","R","B",null,"M"],"character_chosen":"WATCHER","items_purchased":["MentalFortress+1","Chemical X","hubris:EvacipatedBox","Chameleon Ring"],"campfire_rested":1,"item_purchase_floors":[5,11,11,22],"current_hp_per_floor":[72,72,65,65,65,65,65,63,63,63,34,34,55,55,55,47,72,51,36,36,46,46,46,44,43,43,41,42,41,41,41,40,30,30,26,40,0,0],"gold":260,"neow_bonus":"THREE_ENEMY_KILL","is_daily":false,"chose_seed":false,"campfire_upgraded":1,"win_rate":0.0,"timestamp":1610402066,"path_taken":["M","M","?","?","$","E","R","E","T","?","?","?","R","?","R","BOSS","M","?","?","?","$","R","M","E","T","?","?","M","PTL","PTL","M","M","R","BOSS","M"],"items_purchased_type":["Card","Relic","Relic","Relic"],"build_version":"2020-12-22","purchased_purges":1,"victory":false,"max_hp_per_floor":[72,72,72,72,72,72,72,72,72,72,72,72,72,72,72,72,72,72,36,36,46,46,46,44,44,44,44,42,42,42,42,40,40,40,40,40,40,40],"card_choices":[{"not_picked":["TalkToTheHand","ClearTheMind"],"picked":"BowlingBash","floor":1},{"not_picked":["Replay:ManipulateFuture","CutThroughFate"],"picked":"Prostrate","floor":2},{"not_picked":["Evaluate","WindmillStrike"],"picked":"ClearTheMind","floor":6},{"not_picked":["Consecrate","FlurryOfBlows"],"picked":"ConjureBlade","floor":8},{"not_picked":["Consecrate","ClearTheMind"],"picked":"Replay:AtTheReady","floor":10},{"not_picked":["DeusExMachina","Establishment"],"picked":"ConjureBlade","floor":16},{"not_picked":["Worship","JustLucky+1"],"picked":"Replay:ManipulateFuture","floor":18},{"not_picked":["Consecrate","EmptyFist+1"],"picked":"Indignation","floor":24},{"not_picked":["EmptyFist","Protect"],"picked":"FollowUp","floor":25},{"not_picked":["Conclude","Evaluate"],"picked":"Halt+1","floor":27},{"not_picked":["Pray","Replay:AtTheReady+1"],"picked":"Sanctity+1","floor":28},{"not_picked":["ThirdEye+1","ClearTheMind"],"picked":"CutThroughFate","floor":29},{"not_picked":["CrushJoints","Adaptation"],"picked":"TalkToTheHand","floor":32},{"not_picked":["FlyingSleeves+1","Replay:AtTheReady"],"picked":"Halt+1","floor":33},{"not_picked":["MasterReality","Scrawl"],"picked":"Wish","floor":35}],"player_experience":469197,"relics_obtained":[{"floor":6,"key":"hubris:MysteriousPyramids"},{"floor":8,"key":"hubris:SlimyHat"},{"floor":9,"key":"Blood Vial"},{"floor":14,"key":"Regal Pillow"},{"floor":15,"key":"Potion Belt"},{"floor":20,"key":"Ring of Fangs"},{"floor":20,"key":"ReplayTheSpireMod:Ring of Addiction"},{"floor":20,"key":"White Beast Statue"},{"floor":20,"key":"SacredBark"},{"floor":21,"key":"Pear"},{"floor":25,"key":"Calipers"},{"floor":26,"key":"Ancient Tea Set"}],"event_choices":[{"damage_healed":0,"gold_gain":0,"player_choice":"Success","damage_taken":7,"relics_obtained":["Gremlin Food"],"max_hp_gain":0,"max_hp_loss":0,"event_name":"Scrap Ooze","floor":3,"gold_loss":0},{"damage_healed":0,"gold_gain":0,"player_choice":"Rummage","damage_taken":0,"relics_obtained":["WarpedTongs"],"max_hp_gain":0,"max_hp_loss":0,"event_name":"Accursed Blacksmith","floor":4,"gold_loss":0,"cards_obtained":["Pain"]},{"damage_healed":0,"gold_gain":0,"player_choice":"Became a Ghost","damage_taken":0,"max_hp_gain":0,"max_hp_loss":36,"event_name":"Ghosts","floor":19,"gold_loss":0,"cards_obtained":["Ghostly","Ghostly","Ghostly","Ghostly","Ghostly"]},{"damage_healed":0,"gold_gain":0,"player_choice":"Simplicity","damage_taken":0,"max_hp_gain":0,"max_hp_loss":0,"event_name":"Back to Basics","floor":34,"gold_loss":0,"cards_upgraded":["Strike_P","Strike_P","Strike_P","Strike_P","Defend_P","Defend_P","Defend_P","Defend_P"]}],"is_beta":false,"boss_relics":[{"not_picked":["Abe\u0027s Treasure","Runic Pyramid","aspiration:SilentSkillbook"],"picked":"HolyWater"},{"not_picked":["Velvet Choker","Philosopher\u0027s Stone","hubris:CrackedHourglass"],"picked":"Ring of Chaos"}],"items_purged_floors":[5],"is_endless":false,"potions_floor_spawned":[1,8,24,25,27,28,29,32,33,35],"killed_by":"3 Shapes","ascension_level":2}}