{"host":"kig4ty9d1aubg29s","time":1610367182,"event":{"mods":["BaseMod","Minty Spire (QoL Compilation)","READ ME - Guardian Mod","READ ME - Snecko Mod","StSLib","The Cursed","The Gatherer","The Hierophant","The Runesmith"],"gold_per_floor":[109,121,121,131,146,146,163,189,189,223,240,240,254,219,219,294,294,307,307,338,361,375,375,402,602,602,618,618,645,34,60,60,60,60],"floor_reached":33,"playtime":934,"items_purged":[],"score":680,"play_id":"83636dbe-5874-4c1d-8fb1-b3f3cee0e64c","local_time":"20210111211302","is_ascension_mode":true,"campfire_choices":[{"data":"Static Discharge","floor":6,"key":"SMITH"},{"floor":12,"key":"REST"},{"data":"Zap","floor":15,"key":"SMITH"},{"floor":23,"key":"REST"},{"floor":28,"key":"REST"},{"floor":32,"key":"REST"}],"circlet_count":0,"master_deck":["AscendersBane","Strike_B","Strike_B","Strike_B","Strike_B","Defend_B","Defend_B","Defend_B","Defend_B","Zap+1","Dualcast","FTL","FTL","Static Discharge+1","Melter","Melter","Melter","Rip and Tear+1","Ball Lightning+1","Ball Lightning+1","Machine Learning","Sweeping Beam+1","Sweeping Beam+1","Doom and Gloom+1","Stack","Thunder Strike+1","Sunder+1","Go for the Eyes+1","FTL+1","Conserve Battery","Sweeping Beam+1","All For One+1","Ball Lightning+1"],"relics":["Cracked Core","NeowsBlessing","Tiny Chest","Molten Egg 2","Lizard Tail","SacredBark","Nilry\u0027s Codex","Red Mask","Runesmith:AutoHammer","Ornamental Fan","Meat on the Bone","Toy Ornithopter","Frozen Egg 2","MealTicket","Orrery","Boot"],"acts_visited":["Exordium","TheCity"],"potions_floor_usage":[8,8,24,27,29,31,33,33],"damage_taken":[{"damage":0,"enemies":"Cultist","floor":1,"turns":1},{"damage":0,"enemies":"2 Louse","floor":2,"turns":1},{"damage":0,"enemies":"Jaw Worm","floor":4,"turns":1},{"damage":2,"enemies":"Looter","floor":5,"turns":3},{"damage":1,"enemies":"2 Fungi Beasts","floor":7,"turns":2},{"damage":11,"enemies":"Gremlin Nob","floor":8,"turns":3},{"damage":35,"enemies":"Lagavulin","floor":10,"turns":5},{"damage":13,"enemies":"3 Louse","floor":11,"turns":2},{"damage":0,"enemies":"Large Slime","floor":13,"turns":3},{"damage":35,"enemies":"Hexaghost","floor":16,"turns":6},{"damage":0,"enemies":"Spheric Guardian","floor":18,"turns":1},{"damage":22,"enemies":"Masked Bandits","floor":20,"turns":3},{"damage":10,"enemies":"Shell Parasite","floor":22,"turns":2},{"damage":29,"enemies":"Slavers","floor":24,"turns":5},{"damage":18,"enemies":"Snake Plant","floor":27,"turns":2},{"damage":0,"enemies":"Gremlin Leader","floor":29,"turns":4},{"damage":36,"enemies":"Book of Stabbing","floor":31,"turns":4},{"damage":79,"enemies":"Automaton","floor":33,"turns":6}],"seed_played":"-7747078047865686867","potions_obtained":[{"floor":2,"key":"Dexterity Potion"},{"floor":3,"key":"PowerPotion"},{"floor":3,"key":"BlessingOfTheForge"},{"floor":7,"key":"DuplicationPotion"},{"floor":11,"key":"SneckoOil"},{"floor":22,"key":"Weak Potion"},{"floor":24,"key":"Strength Potion"},{"floor":27,"key":"EssenceOfDarkness"},{"floor":29,"key":"PotionOfCapacity"},{"floor":31,"key":"Weak Potion"}],"is_trial":false,"path_per_floor":["M","M","?","M","M","R","M","E","T","E","M","R","M","?","R","B",null,"M","?","?","T","M","R","E","?","T","M","R","E","$","E","R","B"],"character_chosen":"DEFECT","items_purchased":["Frozen Egg 2","MealTicket","Orrery"],"campfire_rested":4,"item_purchase_floors":[30,30,30],"current_hp_per_floor":[64,64,64,64,62,62,61,50,50,15,2,23,23,40,40,5,55,55,34,12,12,2,23,30,30,30,24,45,45,45,26,47,0,0],"gold":60,"neow_bonus":"THREE_ENEMY_KILL","is_daily":false,"chose_seed":false,"campfire_upgraded":2,"win_rate":0.0,"timestamp":1610367182,"path_taken":["M","?","?","?","M","R","M","E","T","E","M","R","M","?","R","BOSS","M","?","?","?","M","R","E","?","T","?","R","E","$","E","R","BOSS"],"items_purchased_type":["Relic","Relic","Relic"],"build_version":"2020-12-22","purchased_purges":0,"victory":false,"max_hp_per_floor":[71,71,71,71,71,71,71,71,71,71,71,71,71,71,71,71,71,71,71,71,71,71,71,71,71,71,71,71,71,71,71,71,71,71],"card_choices":[{"not_picked":["Stack","Lockon"],"picked":"FTL","floor":1},{"not_picked":["Glacier","Cold Snap"],"picked":"FTL","floor":2},{"not_picked":["Leap","Cold Snap"],"picked":"Static Discharge","floor":4},{"not_picked":["Conserve Battery","Hologram"],"picked":"Melter","floor":5},{"not_picked":["Lockon","Redo"],"picked":"Melter","floor":7},{"not_picked":["Rebound","Hologram"],"picked":"Melter","floor":8},{"not_picked":["Coolheaded","Darkness"],"picked":"Rip and Tear+1","floor":10},{"not_picked":["FTL+1","Go for the Eyes+1"],"picked":"Ball Lightning+1","floor":11},{"not_picked":["Conserve Battery","Steam"],"picked":"Ball Lightning+1","floor":13},{"not_picked":["Biased Cognition","Fission"],"picked":"Machine Learning","floor":16},{"not_picked":["Conserve Battery","BootSequence"],"picked":"Sweeping Beam+1","floor":18},{"not_picked":["Capacitor","Streamline+1"],"picked":"Sweeping Beam+1","floor":20},{"not_picked":["Turbo","Stack+1"],"picked":"Doom and Gloom+1","floor":22},{"not_picked":["Redo","Leap"],"picked":"Stack","floor":24},{"not_picked":["Coolheaded","Steam"],"picked":"Thunder Strike+1","floor":27},{"not_picked":["Stack","Rebound+1"],"picked":"Sunder+1","floor":29},{"not_picked":["Skim","Stack+1"],"picked":"Go for the Eyes+1","floor":30},{"not_picked":["Leap","Barrage+1"],"picked":"FTL+1","floor":30},{"not_picked":["Undo","Turbo"],"picked":"Conserve Battery","floor":30},{"not_picked":["Steam","Consume"],"picked":"Sweeping Beam+1","floor":30},{"not_picked":["Compile Driver+1","Glacier+1"],"picked":"All For One+1","floor":30},{"not_picked":["Coolheaded","Compile Driver+1"],"picked":"Ball Lightning+1","floor":31}],"player_experience":1934566,"relics_obtained":[{"floor":8,"key":"Tiny Chest"},{"floor":9,"key":"Molten Egg 2"},{"floor":10,"key":"Lizard Tail"},{"floor":19,"key":"Nilry\u0027s Codex"},{"floor":20,"key":"Red Mask"},{"floor":21,"key":"Runesmith:AutoHammer"},{"floor":24,"key":"Ornamental Fan"},{"floor":26,"key":"Meat on the Bone"},{"floor":29,"key":"Toy Ornithopter"},{"floor":31,"key":"Boot"}],"event_choices":[{"damage_healed":0,"gold_gain":0,"player_choice":"Got Potions","damage_taken":0,"max_hp_gain":0,"max_hp_loss":0,"event_name":"Lab","floor":3,"gold_loss":0},{"damage_healed":17,"gold_gain":0,"player_choice":"Healed","damage_taken":0,"max_hp_gain":0,"max_hp_loss":0,"event_name":"The Cleric","floor":14,"gold_loss":35},{"damage_healed":0,"gold_gain":0,"player_choice":"Obtained Book","damage_taken":21,"max_hp_gain":0,"max_hp_loss":0,"event_name":"Cursed Tome","floor":19,"gold_loss":0},{"damage_healed":0,"gold_gain":0,"player_choice":"Fought Bandits","damage_taken":0,"max_hp_gain":0,"max_hp_loss":0,"event_name":"Masked Bandits","floor":20,"gold_loss":0},{"damage_healed":0,"gold_gain":250,"player_choice":"Bet on Owner","damage_taken":0,"max_hp_gain":0,"max_hp_loss":0,"event_name":"The Joust","floor":25,"gold_loss":50}],"is_beta":false,"boss_relics":[{"not_picked":["Snecko Eye","Runic Pyramid"],"picked":"SacredBark"}],"items_purged_floors":[],"is_endless":false,"potions_floor_spawned":[2,4,7,11,22,24,27,29,31],"killed_by":"Automaton","ascension_level":20}}