{"host":"nptej036rrbiurf5","time":1610344849,"event":{"mods":["BaseMod","Colored Map","Colored Powertips","DeckTracker","Minty Spire (QoL Compilation)","StSLib","SuperFastMode"],"gold_per_floor":[116,116,116,12,27,71,71,96,96,96,171,186,186,204,204,204,204],"floor_reached":16,"playtime":413,"items_purged":["Strike_G"],"score":200,"play_id":"c68d1281-5ced-4a84-8717-4a31d6a928ab","local_time":"20210111150049","is_ascension_mode":true,"campfire_choices":[{"floor":7.0,"key":"REST"},{"floor":13,"key":"REST"},{"data":"Grand Finale","floor":15,"key":"SMITH"}],"circlet_count":0,"master_deck":["AscendersBane","Strike_G+1","Strike_G","Strike_G","Strike_G","Defend_G","Defend_G+1","Defend_G","Defend_G","Defend_G","Survivor","Neutralize","Grand Finale+1","Acrobatics","Acrobatics","Acrobatics","Prepared","Calculated Gamble","Backflip"],"relics":["Ring of the Snake","Golden Idol","The Courier","Prayer Wheel"],"acts_visited":["Exordium"],"potions_floor_usage":[12,16],"damage_taken":[{"damage":4.0,"enemies":"Small Slimes","floor":1.0,"turns":4.0},{"damage":0.0,"enemies":"Jaw Worm","floor":5.0,"turns":6.0},{"damage":24.0,"enemies":"Lagavulin","floor":6.0,"turns":9.0},{"damage":0.0,"enemies":"2 Louse","floor":8.0,"turns":3.0},{"damage":12,"enemies":"2 Fungi Beasts","floor":12,"turns":3},{"damage":0,"enemies":"Looter","floor":14,"turns":3},{"damage":13,"enemies":"Hexaghost","floor":16,"turns":9}],"seed_played":"-6248212793269169981","potions_obtained":[{"floor":5.0,"key":"SneckoOil"},{"floor":8.0,"key":"BlessingOfTheForge"},{"floor":12,"key":"Strength Potion"}],"is_trial":false,"path_per_floor":["M","?","?","$","M","E","R","M","T","?","?","M","R","M","R","B"],"character_chosen":"THE_SILENT","items_purchased":["Acrobatics"],"campfire_rested":2,"item_purchase_floors":[4],"current_hp_per_floor":[55,54,38,38,38,14,30,30,30,30,19,7,23,23,23,10,10],"gold":204,"neow_bonus":"THREE_RARE_CARDS","is_daily":false,"chose_seed":false,"campfire_upgraded":1,"win_rate":0.0,"timestamp":1610344849,"path_taken":["M","?","?","$","M","E","R","M","T","?","?","M","R","M","R","BOSS"],"items_purchased_type":["Card"],"build_version":"2020-12-22","purchased_purges":1,"victory":false,"max_hp_per_floor":[60,54,54,54,54,54,54,54,54,54,54,54,54,54,54,54,54],"card_choices":[{"not_picked":["Doppelganger","Envenom"],"picked":"Grand Finale","floor":0.0},{"not_picked":["Quick Slash","Blade Dance","Slice"],"picked":"SKIP","floor":1.0},{"not_picked":["Flechettes","Poisoned Stab","Catalyst"],"picked":"SKIP","floor":5.0},{"not_picked":["Skewer","Caltrops"],"picked":"Acrobatics","floor":6.0},{"not_picked":["Predator","Cloak And Dagger","Slice"],"picked":"SKIP","floor":8.0},{"not_picked":["Dodge and Roll","Backstab"],"picked":"Acrobatics","floor":12},{"not_picked":["Cloak And Dagger","Masterful Stab"],"picked":"Prepared","floor":12},{"not_picked":["Prepared","Outmaneuver"],"picked":"Calculated Gamble","floor":14},{"not_picked":["Predator","Caltrops"],"picked":"Backflip","floor":14}],"player_experience":890174,"relics_obtained":[{"floor":6.0,"key":"The Courier"},{"floor":9.0,"key":"Prayer Wheel"}],"event_choices":[{"damage_healed":0.0,"max_hp_gain":0.0,"max_hp_loss":6.0,"gold_gain":0.0,"event_name":"Golden Idol","player_choice":"Lose Max HP","floor":2.0,"gold_loss":0.0,"damage_taken":0.0,"relics_obtained":["Golden Idol"]},{"damage_healed":0.0,"max_hp_gain":0.0,"max_hp_loss":0.0,"gold_gain":0.0,"event_name":"Shining Light","player_choice":"Entered Light","floor":3.0,"gold_loss":0.0,"damage_taken":16.0,"cards_upgraded":["Defend_G","Strike_G"]},{"damage_healed":0.0,"max_hp_gain":0.0,"max_hp_loss":0.0,"gold_gain":0.0,"event_name":"Scrap Ooze","player_choice":"Fled","floor":10.0,"gold_loss":0.0,"damage_taken":0.0},{"damage_healed":0.0,"max_hp_gain":0.0,"max_hp_loss":0.0,"gold_gain":75.0,"event_name":"World of Goop","player_choice":"Gather Gold","floor":11.0,"gold_loss":0.0,"damage_taken":11.0}],"is_beta":false,"boss_relics":[],"items_purged_floors":[4],"is_endless":false,"potions_floor_spawned":[5,8,12],"killed_by":"Hexaghost","ascension_level":20}}