{"host":"x6tlfgqpy55vgxdn","time":1610377314,"event":{"mods":["AchievementEnabler","BaseMod","DeckTracker","Minty Spire (QoL Compilation)","Permanent Neow","Quick Restart","StSLib","SuperFastMode"],"gold_per_floor":[116,127,127,127,127,160,180,211,281,281,68,82,82,95,95,190,190,209,223,33,33,48,48,66,104,104,118,118,118,158,178,178,274,274,299,170,170,170,188,221,221,254,281,315,346,206,244,262,262,262,262,262,262,5,45,45],"floor_reached":57,"playtime":2508,"items_purged":["Defend_B","Strike_B","Strike_B","Defend_B","Defend_B","Defend_B"],"score":3307,"play_id":"0483224c-eaa6-4ac7-a0d7-de4c7032169f","local_time":"20210112000154","is_ascension_mode":true,"campfire_choices":[{"data":"Consume","floor":10.0,"key":"SMITH"},{"data":"Dualcast","floor":13.0,"key":"SMITH"},{"data":"Electrodynamics","floor":15.0,"key":"SMITH"},{"data":"Thunder Strike","floor":23.0,"key":"SMITH"},{"floor":29.0,"key":"RECALL"},{"data":"Cold Snap","floor":32.0,"key":"SMITH"},{"floor":41.0,"key":"REST"},{"floor":49.0,"key":"REST"},{"floor":53,"key":"REST"}],"circlet_count":0,"master_deck":["AscendersBane","Zap+1","Dualcast+1","Consume+1","FTL+1","Chill+1","Electrodynamics+1","Cold Snap+1","Core Surge","Enlightenment+1","Conserve Battery+1","Coolheaded+1","Double Energy+1","Thunder Strike+1","Tempest+1","Turbo+1","Reboot+1","Reboot+1","Coolheaded+1","Glacier+1","Hologram+1","Meteor Strike","Biased Cognition","Finesse+1","Loop"],"relics":["Cracked Core","Happy Flower","Golden Idol","Art of War","Toxic Egg 2","Eternal Feather","Runic Pyramid","Torii","Gambling Chip","Kunai","Fusion Hammer","Ice Cream","Orichalcum","The Courier","Regal Pillow","Singing Bowl","Unceasing Top","Letter Opener","Membership Card","Bag of Preparation","Calipers","Sundial","War Paint","Centennial Puzzle","Gremlin Horn","Ornamental Fan","Cables","InkBottle","Anchor"],"acts_visited":["Exordium","TheCity","TheBeyond","TheEnding"],"potions_floor_usage":[56,56,56],"damage_taken":[{"damage":12.0,"enemies":"Jaw Worm","floor":1.0,"turns":3.0},{"damage":2.0,"enemies":"Small Slimes","floor":2.0,"turns":2.0},{"damage":32.0,"enemies":"Gremlin Nob","floor":6.0,"turns":4.0},{"damage":0.0,"enemies":"Cultist","floor":7.0,"turns":3.0},{"damage":13.0,"enemies":"3 Sentries","floor":8.0,"turns":6.0},{"damage":2.0,"enemies":"Looter","floor":12.0,"turns":2.0},{"damage":6.0,"enemies":"Exordium Thugs","floor":14.0,"turns":5.0},{"damage":4.0,"enemies":"Slime Boss","floor":16.0,"turns":9.0},{"damage":16.0,"enemies":"Shell Parasite","floor":18.0,"turns":2.0},{"damage":6.0,"enemies":"Spheric Guardian","floor":19.0,"turns":3.0},{"damage":1.0,"enemies":"Cultist and Chosen","floor":24.0,"turns":5.0},{"damage":6.0,"enemies":"Gremlin Leader","floor":25.0,"turns":3.0},{"damage":9.0,"enemies":"Snake Plant","floor":27.0,"turns":2.0},{"damage":1.0,"enemies":"Slavers","floor":30.0,"turns":3.0},{"damage":0.0,"enemies":"Chosen and Byrds","floor":31.0,"turns":2.0},{"damage":0.0,"enemies":"Automaton","floor":33.0,"turns":4.0},{"damage":1.0,"enemies":"Orb Walker","floor":35.0,"turns":2.0},{"damage":1.0,"enemies":"3 Shapes","floor":39.0,"turns":2.0},{"damage":0.0,"enemies":"Nemesis","floor":40.0,"turns":4.0},{"damage":0.0,"enemies":"Giant Head","floor":42.0,"turns":4.0},{"damage":0.0,"enemies":"Nemesis","floor":44.0,"turns":3.0},{"damage":0.0,"enemies":"Mind Bloom Boss Battle","floor":45.0,"turns":3.0},{"damage":0.0,"enemies":"Reptomancer","floor":47.0,"turns":3.0},{"damage":0.0,"enemies":"3 Darklings","floor":48.0,"turns":1.0},{"damage":0.0,"enemies":"Time Eater","floor":50.0,"turns":3.0},{"damage":1,"enemies":"Donu and Deca","floor":51,"turns":3},{"damage":7,"enemies":"Shield and Spear","floor":55,"turns":2},{"damage":32,"enemies":"The Heart","floor":56,"turns":6}],"seed_played":"1450103808791708789","potions_obtained":[{"floor":1.0,"key":"Explosive Potion"},{"floor":2.0,"key":"EssenceOfSteel"},{"floor":12.0,"key":"EssenceOfDarkness"},{"floor":14.0,"key":"CultistPotion"},{"floor":27.0,"key":"Weak Potion"},{"floor":31.0,"key":"EssenceOfSteel"},{"floor":39.0,"key":"SteroidPotion"}],"is_trial":false,"path_per_floor":["M","M","?","?","?","E","M","E","T","R","$","M","R","M","R","B",null,"M","M","$","?","$","R","M","E","T","M","?","R","E","M","R","B",null,"M","$","?","?","M","E","R","E","T","E","?","$","E","M","R","B","B",null,"R","$","E","B",null],"character_chosen":"DEFECT","items_purchased":["Core Surge","Enlightenment+1","Conserve Battery+1","Eternal Feather","Ancient Potion","Reboot+1","Coolheaded+1","Torii","Ice Cream","Biased Cognition","Membership Card","Bag of Preparation","Calipers","Sundial","War Paint","Centennial Puzzle","Gremlin Horn","Ornamental Fan","Cables","InkBottle","EntropicBrew","PowerPotion","Loop"],"campfire_rested":3,"item_purchase_floors":[11,11,11,11,11,20,22,22,36,36,54,54,54,54,54,54,54,54,54,54,54,54,54],"current_hp_per_floor":[52,50,50,50,50,18,18,5,5,5,5,3,12,6,15,11,51,35,29,29,29,29,41,40,34,34,25,25,37,36,36,51,51,61,60,60,60,50,49,49,64,64,64,66,68,68,70,72,72,72,71,72,72,72,67,35],"gold":45,"neow_bonus":"RANDOM_COMMON_RELIC","is_daily":false,"chose_seed":false,"campfire_upgraded":5,"win_rate":0.0,"timestamp":1610377314,"path_taken":["M","M","?","?","?","E","M","E","T","R","?","M","R","M","R","BOSS","M","?","$","?","?","R","?","E","T","M","?","R","E","M","R","BOSS","M","?","?","?","M","E","R","E","T","E","?","$","E","M","R","BOSS","BOSS","R","$","E","BOSS"],"items_purchased_type":["Card","Card","Card","Relic","Potion","Card","Card","Relic","Relic","Card","Relic","Relic","Relic","Relic","Relic","Relic","Relic","Relic","Relic","Relic","Potion","Potion","Card"],"build_version":"2020-12-22","purchased_purges":6,"victory":true,"max_hp_per_floor":[71,71,71,71,64,64,64,64,64,64,64,64,64,64,64,64,64,64,64,64,64,64,64,64,64,64,64,64,64,64,64,64,64,64,64,64,64,64,64,64,64,64,64,66,68,68,70,72,72,72,72,72,72,72,74,74],"card_choices":[{"not_picked":["BootSequence","Leap"],"picked":"Consume","floor":1.0},{"not_picked":["Compile Driver","Sweeping Beam"],"picked":"FTL","floor":2.0},{"not_picked":["Turbo","Aggregate"],"picked":"Electrodynamics","floor":6.0},{"not_picked":["Beam Cell","Doom and Gloom"],"picked":"Cold Snap","floor":7.0},{"not_picked":["Turbo","Rebound","Gash"],"picked":"SKIP","floor":8.0},{"not_picked":["Streamline","Auto Shields+1"],"picked":"Coolheaded+1","floor":12.0},{"not_picked":["Streamline","Sweeping Beam"],"picked":"Double Energy+1","floor":14.0},{"not_picked":["Electrodynamics","Amplify+1"],"picked":"Thunder Strike","floor":16.0},{"not_picked":["Cold Snap","Self Repair"],"picked":"Tempest+1","floor":18.0},{"not_picked":["White Noise+1","Beam Cell"],"picked":"Turbo+1","floor":19.0},{"not_picked":["Conserve Battery+1","Rebound"],"picked":"Glacier+1","floor":24.0},{"not_picked":["Sweeping Beam","Lockon","Ball Lightning+1"],"picked":"SKIP","floor":25.0},{"not_picked":["Conserve Battery+1","Coolheaded+1","Barrage"],"picked":"SKIP","floor":27.0},{"not_picked":["Cold Snap","Multi-Cast+1"],"picked":"Hologram+1","floor":30.0},{"not_picked":["Auto Shields+1","Barrage","Ball Lightning"],"picked":"SKIP","floor":31.0},{"not_picked":["Auto Shields+1","Barrage","Ball Lightning"],"picked":"SKIP","floor":31.0},{"not_picked":["Fission+1","Buffer"],"picked":"Meteor Strike","floor":33.0},{"not_picked":["Cold Snap","Consume+1","Fusion+1"],"picked":"SKIP","floor":35.0},{"not_picked":["Discovery+1","Flash of Steel"],"picked":"Finesse+1","floor":38.0},{"not_picked":["Sweeping Beam+1","Conserve Battery+1","Beam Cell"],"picked":"SKIP","floor":39.0},{"not_picked":["Compile Driver","Rebound","Turbo+1"],"picked":"SKIP","floor":40.0},{"not_picked":["Beam Cell","Conserve Battery+1","FTL+1"],"picked":"SKIP","floor":42.0},{"not_picked":["Steam+1","Cold Snap","Aggregate+1"],"picked":"Singing Bowl","floor":44.0},{"not_picked":["Blizzard","Scrape","Glacier+1"],"picked":"Singing Bowl","floor":45.0},{"not_picked":["Multi-Cast+1","Cold Snap","Defragment"],"picked":"Singing Bowl","floor":47.0},{"not_picked":["Chill+1","Coolheaded+1","Glacier+1"],"picked":"Singing Bowl","floor":48.0},{"not_picked":["Ball Lightning+1","Chaos+1","Skim+1"],"picked":"Singing Bowl","floor":55}],"player_experience":250675,"relics_obtained":[{"floor":8.0,"key":"Art of War"},{"floor":9.0,"key":"Toxic Egg 2"},{"floor":25.0,"key":"Gambling Chip"},{"floor":30.0,"key":"Kunai"},{"floor":40.0,"key":"Orichalcum"},{"floor":42.0,"key":"The Courier"},{"floor":43.0,"key":"Regal Pillow"},{"floor":44.0,"key":"Singing Bowl"},{"floor":45.0,"key":"Unceasing Top"},{"floor":47.0,"key":"Letter Opener"},{"floor":55,"key":"Anchor"}],"event_choices":[{"damage_healed":0.0,"max_hp_gain":0.0,"max_hp_loss":0.0,"gold_gain":0.0,"event_name":"Liars Game","player_choice":"Ignored","floor":3.0,"gold_loss":0.0,"damage_taken":0.0},{"damage_healed":0.0,"max_hp_gain":0.0,"max_hp_loss":0.0,"gold_gain":0.0,"cards_transformed":["Strike_B"],"event_name":"Living Wall","player_choice":"Change","floor":4.0,"gold_loss":0.0,"damage_taken":0.0,"cards_obtained":["Chill"]},{"damage_healed":0.0,"max_hp_gain":0.0,"max_hp_loss":7.0,"gold_gain":0.0,"event_name":"Golden Idol","player_choice":"Lose Max HP","floor":5.0,"gold_loss":0.0,"damage_taken":0.0,"relics_obtained":["Golden Idol"]},{"damage_healed":0.0,"max_hp_gain":0.0,"max_hp_loss":0.0,"gold_gain":0.0,"event_name":"Duplicator","player_choice":"Copied","floor":21.0,"gold_loss":0.0,"damage_taken":0.0,"cards_obtained":["Reboot"]},{"damage_healed":0.0,"max_hp_gain":0.0,"max_hp_loss":0.0,"gold_gain":0.0,"event_name":"Accursed Blacksmith","player_choice":"Forge","floor":28.0,"gold_loss":0.0,"damage_taken":0.0,"cards_upgraded":["FTL"]},{"cards_removed":["Strike_B"],"damage_healed":0.0,"max_hp_gain":0.0,"max_hp_loss":0.0,"gold_gain":0.0,"event_name":"Falling","player_choice":"Removed Attack","floor":37.0,"gold_loss":0.0,"damage_taken":0.0},{"damage_healed":0.0,"max_hp_gain":0.0,"max_hp_loss":0.0,"gold_gain":0.0,"event_name":"SensoryStone","player_choice":"Memory 3","floor":38.0,"gold_loss":0.0,"damage_taken":10.0},{"damage_healed":0.0,"max_hp_gain":0.0,"max_hp_loss":0.0,"gold_gain":0.0,"event_name":"MindBloom","player_choice":"Fight","floor":45.0,"gold_loss":0.0,"damage_taken":0.0}],"is_beta":false,"boss_relics":[{"not_picked":["FrozenCore","Astrolabe"],"picked":"Runic Pyramid"},{"not_picked":["Sozu","Empty Cage"],"picked":"Fusion Hammer"}],"items_purged_floors":[11,20,22,36,46,54],"is_endless":false,"potions_floor_spawned":[1,2,12,14,27,31,39,40,45,55],"ascension_level":20}}