{"host":"1z4hbl9vfqrhg136","time":1610404627,"event":{"mods":["BaseMod","Minty Spire (QoL Compilation)"],"gold_per_floor":[110,188,263,263,280,312,312,328,355,367,392,425,425,459,459,536,536,574,256,270,109,127,127,161,161,161,193,193,210,229,258,258,333,333,351,365,410,481,451,451,451,451],"floor_reached":41,"playtime":2782,"items_purged":["Strike_R"],"score":1084,"play_id":"a37de85a-7e89-4d8f-8dde-ea1804e80858","local_time":"20210111223707","is_ascension_mode":true,"campfire_choices":[{"data":"Flame Barrier","floor":7.0,"key":"SMITH"},{"floor":13.0,"key":"REST"},{"data":"Evolve","floor":15.0,"key":"SMITH"},{"data":"Thunderclap","floor":23.0,"key":"SMITH"},{"data":"Power Through","floor":25.0,"key":"SMITH"},{"data":"True Grit","floor":32.0,"key":"SMITH"},{"floor":40,"key":"REST"}],"circlet_count":0,"master_deck":["AscendersBane","Strike_R","Strike_R","Strike_R","Strike_R","Defend_R","Defend_R","Defend_R","Defend_R","Bash+1","Flame Barrier+1","Evolve+1","Pommel Strike","Thunderclap+1","Dropkick","Headbutt","Reckless Charge","Feed","Spot Weakness","Carnage","Cleave","Intimidate","Power Through+1","Feel No Pain+1","Feel No Pain","Offering","True Grit+1","Corruption","Sentinel","Iron Wave","Battle Trance"],"relics":["Burning Blood","Happy Flower","Lantern","MealTicket","Vajra","FossilizedHelix","Velvet Choker","Anchor","PreservedInsect","Tiny Chest","Bottled Tornado","Omamori","Ancient Tea Set","Black Star","Torii"],"acts_visited":["Exordium","TheCity","TheBeyond"],"potions_floor_usage":[41,41],"damage_taken":[{"damage":9.0,"enemies":"Jaw Worm","floor":1.0,"turns":5.0},{"damage":0.0,"enemies":"2 Louse","floor":5.0,"turns":3.0},{"damage":31.0,"enemies":"Gremlin Nob","floor":6.0,"turns":5.0},{"damage":1.0,"enemies":"Cultist","floor":8.0,"turns":3.0},{"damage":2.0,"enemies":"Gremlin Gang","floor":10.0,"turns":5.0},{"damage":35.0,"enemies":"Lagavulin","floor":12.0,"turns":9.0},{"damage":8.0,"enemies":"Gremlin Nob","floor":14.0,"turns":3.0},{"damage":0.0,"enemies":"Slime Boss","floor":16.0,"turns":6.0},{"damage":0.0,"enemies":"Spheric Guardian","floor":18.0,"turns":3.0},{"damage":0.0,"enemies":"Shell Parasite","floor":20.0,"turns":2.0},{"damage":0.0,"enemies":"Chosen and Byrds","floor":22.0,"turns":3.0},{"damage":0.0,"enemies":"Book of Stabbing","floor":24.0,"turns":3.0},{"damage":22.0,"enemies":"Gremlin Leader","floor":27.0,"turns":6.0},{"damage":15.0,"enemies":"Sentry and Sphere","floor":29.0,"turns":7.0},{"damage":0.0,"enemies":"Cultist and Chosen","floor":30.0,"turns":5.0},{"damage":26.0,"enemies":"Slavers","floor":31.0,"turns":4.0},{"damage":24.0,"enemies":"Champ","floor":33.0,"turns":11.0},{"damage":0,"enemies":"Orb Walker","floor":35,"turns":3},{"damage":53,"enemies":"3 Shapes","floor":36,"turns":12},{"damage":18,"enemies":"2 Orb Walkers","floor":37,"turns":5},{"damage":65,"enemies":"Giant Head","floor":41,"turns":6}],"seed_played":"8359065265197013791","potions_obtained":[{"floor":5.0,"key":"Ancient Potion"},{"floor":6.0,"key":"Fire Potion"},{"floor":12.0,"key":"Dexterity Potion"},{"floor":16.0,"key":"ColorlessPotion"},{"floor":18.0,"key":"LiquidMemories"},{"floor":39,"key":"DistilledChaos"},{"floor":39,"key":"FearPotion"}],"is_trial":false,"path_per_floor":["M","?","?","?","M","E","R","M","T","M","T","E","R","E","R","B",null,"M","$","M","$","M","R","E","R","T","E","?","M","M","E","R","B",null,"M","M","?","T","?","R","E"],"character_chosen":"IRONCLAD","items_purchased":["Anchor","Carnage","PreservedInsect"],"campfire_rested":2,"item_purchase_floors":[19,19,21],"current_hp_per_floor":[65,65,54,54,60,35,35,40,40,44,44,15,37,35,35,41,67,73,75,78,78,78,78,78,78,78,62,62,56,65,48,48,30,73,79,35,23,23,23,50,0,0],"gold":451,"neow_bonus":"UPGRADE_CARD","is_daily":false,"chose_seed":false,"campfire_upgraded":5,"win_rate":0.0,"timestamp":1610404627,"path_taken":["M","?","?","?","M","E","R","M","T","M","?","E","R","E","R","BOSS","M","$","M","$","M","R","E","R","T","E","?","M","?","E","R","BOSS","M","M","?","?","?","R","E"],"items_purchased_type":["Relic","Card","Relic"],"build_version":"2020-12-22","purchased_purges":1,"victory":false,"max_hp_per_floor":[75,75,75,75,75,75,75,75,75,75,75,75,75,75,75,75,75,75,75,78,78,78,78,78,78,78,78,78,81,84,87,87,87,87,87,90,90,90,90,90,90,90],"card_choices":[{"not_picked":["Clash","Twin Strike"],"picked":"Flame Barrier","floor":1.0},{"not_picked":["Twin Strike","Shockwave"],"picked":"Evolve","floor":5.0},{"not_picked":["Flex","Brutality"],"picked":"Pommel Strike","floor":6.0},{"not_picked":["Sword Boomerang","Dropkick"],"picked":"Thunderclap","floor":8.0},{"not_picked":["Thunderclap","Clash"],"picked":"Dropkick","floor":10.0},{"not_picked":["Brutality","Armaments"],"picked":"Headbutt","floor":12.0},{"not_picked":["Double Tap","Dual Wield"],"picked":"Reckless Charge","floor":14.0},{"not_picked":["Bludgeon","Impervious"],"picked":"Feed","floor":16.0},{"not_picked":["Sentinel","Entrench"],"picked":"Spot Weakness","floor":18.0},{"not_picked":["Carnage","Clash"],"picked":"Cleave","floor":20.0},{"not_picked":["Dual Wield","Wild Strike"],"picked":"Intimidate","floor":22.0},{"not_picked":["Burning Pact","Pommel Strike"],"picked":"Power Through","floor":24.0},{"not_picked":["Seeing Red","Rampage"],"picked":"Feel No Pain+1","floor":27.0},{"not_picked":["Anger","Clothesline"],"picked":"Feel No Pain","floor":29.0},{"not_picked":["Heavy Blade","Warcry"],"picked":"Offering","floor":30.0},{"not_picked":["Reckless Charge","Blood for Blood"],"picked":"True Grit","floor":31.0},{"not_picked":["Exhume","Offering"],"picked":"Corruption","floor":33.0},{"not_picked":["Hemokinesis","Sever Soul+1"],"picked":"Sentinel","floor":35},{"not_picked":["Combust","Clash"],"picked":"Iron Wave","floor":36},{"not_picked":["Carnage","Inflame+1"],"picked":"Battle Trance","floor":37}],"player_experience":1878939,"relics_obtained":[{"floor":6.0,"key":"Happy Flower"},{"floor":9.0,"key":"Lantern"},{"floor":11.0,"key":"MealTicket"},{"floor":12.0,"key":"Vajra"},{"floor":14.0,"key":"FossilizedHelix"},{"floor":24.0,"key":"Tiny Chest"},{"floor":26.0,"key":"Bottled Tornado"},{"floor":27.0,"key":"Omamori"},{"floor":31.0,"key":"Ancient Tea Set"},{"floor":37,"key":"Torii"}],"event_choices":[{"damage_healed":0.0,"max_hp_gain":0.0,"max_hp_loss":0.0,"gold_gain":78.0,"event_name":"Golden Wing","player_choice":"Gained Gold","floor":2.0,"gold_loss":0.0,"damage_taken":0.0},{"damage_healed":0.0,"max_hp_gain":0.0,"max_hp_loss":0.0,"gold_gain":75.0,"event_name":"World of Goop","player_choice":"Gather Gold","floor":3.0,"gold_loss":0.0,"damage_taken":11.0},{"damage_healed":0.0,"max_hp_gain":0.0,"max_hp_loss":0.0,"gold_gain":0.0,"event_name":"Liars Game","player_choice":"Ignored","floor":4.0,"gold_loss":0.0,"damage_taken":0.0},{"damage_healed":0.0,"max_hp_gain":0.0,"max_hp_loss":0.0,"gold_gain":0.0,"event_name":"N\u0027loth","player_choice":"Ignored","floor":28.0,"gold_loss":0.0,"damage_taken":0.0},{"damage_healed":0,"gold_gain":0,"player_choice":"Fight","damage_taken":0,"max_hp_gain":0,"max_hp_loss":0,"event_name":"Mysterious Sphere","floor":37,"gold_loss":0},{"damage_healed":0,"gold_gain":0,"player_choice":"Bought 2 Potions","damage_taken":0,"max_hp_gain":0,"max_hp_loss":0,"event_name":"The Woman in Blue","floor":39,"gold_loss":0}],"is_beta":false,"boss_relics":[{"not_picked":["Empty Cage","Busted Crown"],"picked":"Velvet Choker"},{"not_picked":["Coffee Dripper","Cursed Key"],"picked":"Black Star"}],"items_purged_floors":[19],"is_endless":false,"potions_floor_spawned":[5,6,12,16,18,22,27,29,31],"killed_by":"Giant Head","ascension_level":20}}