{"host":"j0vzbnzm6n2ctevn","time":1610357787,"event":{"mods":["AchievementEnabler","BaseMod","Better Note","Dota2Spire","Minty Spire (QoL Compilation)","Quick Restart","Shop Mod","Spicy Shops","StSLib"],"gold_per_floor":[116,291,305,580,596,596,596,35,85,102,102,2,2,17,17,113,113,130,143,18,18,18],"floor_reached":21,"playtime":558,"items_purged":["Regret","Strike_B","Strike_B"],"score":186,"play_id":"32e316d0-4823-4c43-9a4a-bbfba16e7d48","local_time":"20210111173627","is_ascension_mode":true,"campfire_choices":[{"data":"Double Energy","floor":6,"key":"SMITH"},{"data":"Streamline","floor":13,"key":"SMITH"},{"data":"Zap","floor":15,"key":"SMITH"}],"circlet_count":0,"master_deck":["Strike_B+1","Strike_B+1","Defend_B","Defend_B","Defend_B","Defend_B","Zap+1","Dualcast","Double Energy+1","Doubt","Hello World","Consume","Recycle+1","Streamline+1","Deep Breath+1","Hologram+1","Leap+1","Meteor Strike","Cold Snap","Blizzard"],"relics":["Cracked Core","NeowsBlessing","Toxic Egg 2","Snecko Eye"],"acts_visited":["Exordium","TheCity"],"potions_floor_usage":[16,16],"damage_taken":[{"damage":0,"enemies":"Cultist","floor":1,"turns":1},{"damage":0,"enemies":"Jaw Worm","floor":3,"turns":1},{"damage":0,"enemies":"Small Slimes","floor":5,"turns":1},{"damage":9,"enemies":"Blue Slaver","floor":10,"turns":4},{"damage":7,"enemies":"Exordium Wildlife","floor":14,"turns":2},{"damage":1,"enemies":"Slime Boss","floor":16,"turns":5},{"damage":14,"enemies":"3 Byrds","floor":18,"turns":4},{"damage":44,"enemies":"2 Thieves","floor":19,"turns":4},{"damage":18,"enemies":"Snake Plant","floor":21,"turns":2}],"seed_played":"7153949784705693863","potions_obtained":[{"floor":3,"key":"Energy Potion"},{"floor":5,"key":"FearPotion"},{"floor":16,"key":"Ancient Potion"},{"floor":18,"key":"Explosive Potion"}],"is_trial":false,"path_per_floor":["M","?","M","?","M","R","?","$","T","M","?","$","R","M","R","B",null,"M","M","$","M"],"character_chosen":"DEFECT","items_purchased":["Toxic Egg 2","Recycle+1","Streamline","Deep Breath+1","Fire Potion"],"campfire_rested":0,"item_purchase_floors":[8,8,8,8,8],"current_hp_per_floor":[75,75,75,75,75,75,60,60,60,51,75,75,75,68,68,67,75,61,17,17,0,0],"gold":18,"neow_bonus":"THREE_ENEMY_KILL","is_daily":false,"chose_seed":false,"campfire_upgraded":3,"win_rate":0.0,"timestamp":1610357787,"path_taken":["M","?","M","?","?","R","?","$","T","M","?","?","R","M","R","BOSS","M","M","$","M"],"items_purchased_type":["Relic","Card","Card","Card","Potion"],"build_version":"2020-12-22","purchased_purges":3,"victory":false,"max_hp_per_floor":[75,75,75,75,75,75,75,75,75,75,75,75,75,75,75,75,75,75,75,75,75,75],"card_choices":[{"not_picked":["Beam Cell","Glacier"],"picked":"Double Energy","floor":1},{"not_picked":["Rebound","Sweeping Beam"],"picked":"Hello World","floor":3},{"not_picked":["Coolheaded","Fusion"],"picked":"Consume","floor":5},{"not_picked":["Coolheaded+1","Echo Form"],"picked":"Hologram+1","floor":10},{"not_picked":["Sweeping Beam","Streamline"],"picked":"Leap+1","floor":14},{"not_picked":["Amplify+1","Reboot+1"],"picked":"Meteor Strike","floor":16},{"not_picked":["Stack+1","Redo+1"],"picked":"Cold Snap","floor":18},{"not_picked":["Multi-Cast+1","Turbo+1"],"picked":"Blizzard","floor":19}],"player_experience":149487,"relics_obtained":[],"event_choices":[{"damage_healed":0,"gold_gain":175,"player_choice":"AGREE","damage_taken":0,"max_hp_gain":0,"max_hp_loss":0,"event_name":"Liars Game","floor":2,"gold_loss":0,"cards_obtained":["Doubt"]},{"damage_healed":0,"gold_gain":275,"player_choice":"Desecrate","damage_taken":0,"max_hp_gain":0,"max_hp_loss":0,"event_name":"Golden Shrine","floor":4,"gold_loss":0,"cards_obtained":["Regret"]},{"damage_healed":0,"gold_gain":0,"player_choice":"Entered Light","damage_taken":15,"max_hp_gain":0,"max_hp_loss":0,"event_name":"Shining Light","floor":7,"gold_loss":0,"cards_upgraded":["Strike_B","Strike_B"]},{"damage_healed":25,"gold_gain":0,"player_choice":"Banana","damage_taken":0,"max_hp_gain":0,"max_hp_loss":0,"event_name":"Big Fish","floor":11,"gold_loss":0}],"is_beta":false,"boss_relics":[{"not_picked":["Sozu","SacredBark"],"picked":"Snecko Eye"}],"items_purged_floors":[8,12,20],"is_endless":false,"potions_floor_spawned":[3,5,16,18,19],"killed_by":"Snake Plant","ascension_level":2}}