{"host":"a3oe3gstxz77c7qu","time":1610394919,"event":{"mods":["2.2 Compatiblity","Act Like it!","Astrologer","BaseMod","Bestiary","Better Altar","Better Match","Better Note","Better Skull","Better Third Choice","Block Reminder","Curses Come First","Custom Start","Dark Map","Downfall","Friendly Minions","GifTheSpireLib","Hermit","Jorbs\u0027s Wanderer Trilogy","Lobotomy","LobotomyExtend","Marisa????????","Minty Spire (QoL Compilation)","Permanent Neow","Quick Restart","Relic Stats","Replay The Spire","StSLib","The Bug Knight","The Cursed","The Disciple","Uncapped","Unknown Chances","Wandering Minibosses"],"gold_per_floor":[111,81,100,100,123,150,150,150,150],"floor_reached":8,"playtime":330,"items_purged":[],"score":62,"play_id":"4e83e445-99ab-42a7-bda4-d7e1b3a3de0c","local_time":"20210111195519","is_ascension_mode":true,"campfire_choices":[{"floor":7,"key":"REST"}],"circlet_count":0,"master_deck":["TheCursedMod:Strike_TheCursed","TheCursedMod:Strike_TheCursed","TheCursedMod:Strike_TheCursed","TheCursedMod:Strike_TheCursed","TheCursedMod:Defend_TheCursed","TheCursedMod:Defend_TheCursed","TheCursedMod:Defend_TheCursed","TheCursedMod:Defend_TheCursed","TheCursedMod:CursedWand+1","TheCursedMod:CleanUpWorkshop","TheCursedMod:Dregs","TheCursedMod:CircleOfWindfury","TheCursedMod:EmpowerCircles+1"],"relics":["TheCursedMod:BlackMagic101","Lantern","LetterFromLob","Moonlight_r","InspiredRelic","Blood Vial","Replay:Rubber Ducky"],"acts_visited":["Exordium"],"potions_floor_usage":[6,8],"damage_taken":[{"damage":1.0,"enemies":"Cultist","floor":1.0,"turns":3.0},{"damage":0.0,"enemies":"Small Slimes","floor":3.0,"turns":3.0},{"damage":25,"enemies":"Lagavulin","floor":6,"turns":7},{"damage":31,"enemies":"Gremlin Nob","floor":8,"turns":4}],"seed_played":"7558344695430918234","potions_obtained":[{"floor":1.0,"key":"Languid Potion"},{"floor":2.0,"key":"GamblersBrew"},{"floor":2.0,"key":"CultistPotion"}],"is_trial":false,"path_per_floor":["M","?","M","?","T","E","R","E"],"character_chosen":"THE_CURSED","items_purchased":[],"campfire_rested":1,"item_purchase_floors":[],"current_hp_per_floor":[74,74,74,30,30,7,29,0,0],"gold":150,"neow_bonus":"RANDOM_COMMON_RELIC","is_daily":false,"chose_seed":false,"campfire_upgraded":0,"win_rate":0.0,"timestamp":1610394919,"path_taken":["M","?","?","?","?","E","R","E"],"items_purchased_type":[],"build_version":"2020-12-22","purchased_purges":0,"victory":false,"max_hp_per_floor":[75,75,75,75,75,75,75,75,75],"relic_stats":{"Blood Vial":4,"counters":[4,17],"obtain_stats":[{"Blood Vial":5,"TheCursedMod:BlackMagic101":0,"Moonlight_r":4,"Lantern":0,"LetterFromLob":1,"InspiredRelic":4,"Replay:Rubber Ducky":6},{"Blood Vial":2,"TheCursedMod:BlackMagic101":0,"Moonlight_r":2,"Lantern":0,"LetterFromLob":1,"InspiredRelic":2,"Replay:Rubber Ducky":3},{"Blood Vial":6,"TheCursedMod:BlackMagic101":0,"Moonlight_r":6,"Lantern":0,"LetterFromLob":3,"InspiredRelic":6,"Replay:Rubber Ducky":13}]},"card_choices":[{"not_picked":["TheCursedMod:SpitefulPray","TheCursedMod:SpitefulPlan"],"picked":"TheCursedMod:CircleOfWindfury","floor":1.0},{"not_picked":["TheCursedMod:SaltUponWound","TheCursedMod:LuckyCharm"],"picked":"TheCursedMod:EmpowerCircles","floor":3.0},{"not_picked":["TheCursedMod:WearCloak","TheCursedMod:SoulCrush","TheCursedMod:Torture"],"picked":"SKIP","floor":6}],"player_experience":980905,"relics_obtained":[{"floor":1.0,"key":"LetterFromLob"},{"floor":5,"key":"Blood Vial"},{"floor":6,"key":"Replay:Rubber Ducky"}],"event_choices":[{"damage_healed":0.0,"max_hp_gain":0.0,"max_hp_loss":0.0,"gold_gain":0.0,"event_name":"The Woman in Blue","player_choice":"Bought 2 Potions","floor":2.0,"gold_loss":0.0,"damage_taken":0.0}],"is_beta":false,"boss_relics":[],"items_purged_floors":[],"is_endless":false,"potions_floor_spawned":[1,3],"killed_by":"Gremlin Nob","ascension_level":3}}