{"host":"Timothy","time":1610386478,"event":{"mods":["AchievementEnabler","BaseMod","Bestiary","Highlight Path","Minty Spire (QoL Compilation)","Quick Restart","Slay-I"],"gold_per_floor":[111,125,125,137,137,168,181,25,25,39,39,39,39,58,58,177,177,202,222,222,263,112,112,112,131,131,155,155,254,254,254,254,254,254],"floor_reached":33,"playtime":1071,"items_purged":["Strike_R","Strike_R+1"],"score":270,"play_id":"4e72f5b8-7712-4705-9ddf-1094ff88d01c","local_time":"20210111093438","is_ascension_mode":false,"campfire_choices":[{"floor":12,"key":"REST"},{"floor":15,"key":"REST"},{"data":"Ghostly","floor":24,"key":"SMITH"},{"data":"Inflame","floor":30,"key":"SMITH"},{"data":"Heavy Blade","floor":32,"key":"SMITH"}],"circlet_count":0,"master_deck":["Strike_R+1","Strike_R+1","Strike_R+1","Defend_R+1","Defend_R+1","Defend_R+1","Bash","Feel No Pain","Zap","Rampage","Inflame+1","Heavy Blade+1","Reaper","Anger","Fire Breathing","Heavy Blade","Ghostly","Ghostly","Ghostly","Ghostly","Ghostly+1"],"relics":["Busted Crown","Bronze Scales","Blood Vial","Golden Idol","Runic Cube","Red Mask","MealTicket","Matryoshka"],"acts_visited":["Exordium","TheCity"],"potions_floor_usage":[16,16,16,21,25],"damage_taken":[{"damage":1.0,"enemies":"Cultist","floor":1.0,"turns":3.0},{"damage":6.0,"enemies":"2 Louse","floor":2.0,"turns":3.0},{"damage":10.0,"enemies":"Small Slimes","floor":4.0,"turns":3.0},{"damage":19,"enemies":"3 Sentries","floor":6,"turns":9},{"damage":4,"enemies":"3 Louse","floor":7,"turns":3},{"damage":10,"enemies":"Looter","floor":10,"turns":2},{"damage":26,"enemies":"Large Slime","floor":14,"turns":4},{"damage":18,"enemies":"The Guardian","floor":16,"turns":11},{"damage":30,"enemies":"2 Thieves","floor":18,"turns":3},{"damage":20,"enemies":"3 Byrds","floor":19,"turns":4},{"damage":22,"enemies":"Masked Bandits","floor":21,"turns":3},{"damage":0,"enemies":"3 Cultists","floor":25,"turns":5},{"damage":16,"enemies":"Cultist and Chosen","floor":27,"turns":5},{"damage":53,"enemies":"Champ","floor":33,"turns":10}],"seed_played":"-8138542820159000491","potions_obtained":[{"floor":1.0,"key":"SkillPotion"},{"floor":4.0,"key":"Explosive Potion"},{"floor":7,"key":"DistilledChaos"},{"floor":19,"key":"Swift Potion"},{"floor":21,"key":"Fruit Juice"},{"floor":25,"key":"ElixirPotion"}],"is_trial":false,"path_per_floor":["M","M","?","M","$","E","M","$","T","M","$","R","?","M","R","B",null,"M","M","?","?","$","?","R","M","T","M","?","?","R","?","R","B"],"character_chosen":"IRONCLAD","items_purchased":["Inflame","Heavy Blade"],"campfire_rested":2,"item_purchase_floors":[8,22],"current_hp_per_floor":[79,73,73,63,63,44,40,40,40,32,32,56,56,32,54,38,74,53,41,41,44,44,39,39,39,39,29,29,29,29,29,29,0,0],"gold":254,"neow_bonus":"BOSS_RELIC","is_daily":false,"chose_seed":false,"campfire_upgraded":3,"win_rate":0.0,"timestamp":1610386478,"path_taken":["M","M","?","M","?","E","M","$","T","M","$","R","?","M","R","BOSS","M","M","?","?","$","?","R","M","T","M","?","?","R","?","R","BOSS"],"items_purchased_type":["Card","Card"],"build_version":"2020-12-18","purchased_purges":2,"victory":false,"max_hp_per_floor":[80,80,80,80,80,80,80,80,80,80,80,80,74,74,74,74,74,74,74,74,79,79,39,39,39,39,39,39,39,39,39,39,39,39],"card_choices":[{"not_picked":[],"picked":"Feel No Pain","floor":1.0},{"not_picked":["Havoc"],"picked":"SKIP","floor":2.0},{"not_picked":["Headbutt"],"picked":"SKIP","floor":4.0},{"not_picked":[],"picked":"Rampage","floor":6},{"not_picked":["Wild Strike"],"picked":"SKIP","floor":7},{"not_picked":["Perfected Strike"],"picked":"SKIP","floor":10},{"not_picked":[],"picked":"Heavy Blade","floor":14},{"not_picked":[],"picked":"Reaper","floor":16},{"not_picked":[],"picked":"Anger","floor":18},{"not_picked":["Infernal Blade"],"picked":"SKIP","floor":19},{"not_picked":[],"picked":"Fire Breathing","floor":21},{"not_picked":["Twin Strike"],"picked":"SKIP","floor":25},{"not_picked":["True Grit"],"picked":"SKIP","floor":27}],"player_experience":807927,"relics_obtained":[{"floor":6,"key":"Bronze Scales"},{"floor":9,"key":"Blood Vial"},{"floor":21,"key":"Red Mask"},{"floor":26,"key":"MealTicket"}],"event_choices":[{"cards_removed":["Defend_R"],"damage_healed":0.0,"max_hp_gain":0.0,"max_hp_loss":0.0,"gold_gain":0.0,"event_name":"NoteForYourself","player_choice":"Took Card","floor":3.0,"gold_loss":0.0,"damage_taken":0.0,"cards_obtained":["Zap"]},{"damage_healed":0,"gold_gain":0,"player_choice":"Lose Max HP","damage_taken":0,"relics_obtained":["Golden Idol"],"max_hp_gain":0,"max_hp_loss":6,"event_name":"Golden Idol","floor":13,"gold_loss":0},{"damage_healed":0,"gold_gain":0,"player_choice":"Simplicity","damage_taken":0,"max_hp_gain":0,"max_hp_loss":0,"event_name":"Back to Basics","floor":20,"gold_loss":0,"cards_upgraded":["Strike_R","Strike_R","Strike_R","Strike_R","Defend_R","Defend_R","Defend_R"]},{"damage_healed":0,"gold_gain":0,"player_choice":"Fought Bandits","damage_taken":0,"max_hp_gain":0,"max_hp_loss":0,"event_name":"Masked Bandits","floor":21,"gold_loss":0},{"damage_healed":0,"gold_gain":0,"player_choice":"Became a Ghost","damage_taken":0,"max_hp_gain":0,"max_hp_loss":40,"event_name":"Ghosts","floor":23,"gold_loss":0,"cards_obtained":["Ghostly","Ghostly","Ghostly","Ghostly","Ghostly"]},{"damage_healed":0,"gold_gain":0,"player_choice":"Opened","damage_taken":0,"relics_obtained":["Matryoshka"],"max_hp_gain":0,"max_hp_loss":0,"event_name":"The Mausoleum","floor":28,"gold_loss":0},{"damage_healed":0,"gold_gain":99,"player_choice":"Stole From Cult","damage_taken":0,"max_hp_gain":0,"max_hp_loss":0,"event_name":"Nest","floor":29,"gold_loss":0},{"damage_healed":0,"gold_gain":0,"player_choice":"Ignored","damage_taken":0,"max_hp_gain":0,"max_hp_loss":0,"event_name":"Vampires","floor":31,"gold_loss":0}],"is_beta":true,"boss_relics":[{"not_picked":["Tiny House","Runic Dome"],"picked":"Runic Cube"}],"items_purged_floors":[8,22],"is_endless":false,"potions_floor_spawned":[1,4,7,19,21,25],"killed_by":"Champ","ascension_level":0}}