{"host":"8lgo2trwv2o0qyml","time":1610389019,"event":{"mods":["BaseMod","Colored Map","Colored Powertips","DeckTracker","Highlight Path","Hubris","Infinite Spire","Minty Spire (QoL Compilation)","Quick Restart","Random Character Button","Relic Sorter","Replay The Spire","StSLib","SuperFastMode","Synergy Search"],"gold_per_floor":[113,113,124,140,156,190,190,207,207,235,250,269,269,296,296,296,296],"floor_reached":16,"playtime":884,"items_purged":[],"score":124,"play_id":"4b69ec11-95b2-4b90-8e63-eac32261fe5c","local_time":"20210111131659","is_ascension_mode":false,"campfire_choices":[{"data":"Zap","floor":7,"key":"SMITH"},{"data":"Barrage","floor":13,"key":"SMITH"},{"floor":15,"key":"REST"}],"circlet_count":0,"master_deck":["Strike_B","Strike_B","Strike_B","Strike_B","Defend_B","Defend_B","Defend_B+1","Defend_B","Zap+1","Barrage+1","Go for the Eyes","Ball Lightning","Go for the Eyes","Beam Cell","ReplayTheSpireMod:Repulse+1","Skim","Beam Cell","FIFO Queue"],"relics":["Cracked Core","Lantern","White Beast Statue","HornCleat","Pear","War Paint"],"acts_visited":["Exordium"],"potions_floor_usage":[14,16,16,16],"damage_taken":[{"damage":1,"enemies":"2 Louse","floor":1,"turns":4},{"damage":0,"enemies":"Cultist","floor":3,"turns":3},{"damage":0,"enemies":"Small Slimes","floor":4,"turns":3},{"damage":6,"enemies":"Exordium Wildlife","floor":5,"turns":4},{"damage":8,"enemies":"Replay:BlueRogue","floor":6,"turns":6},{"damage":2,"enemies":"Blue Slaver","floor":8,"turns":2},{"damage":8,"enemies":"Lagavulin","floor":10,"turns":5},{"damage":9,"enemies":"Exordium Thugs","floor":11,"turns":3},{"damage":8,"enemies":"3 Louse","floor":12,"turns":3},{"damage":23,"enemies":"3 Sentries","floor":14,"turns":6},{"damage":67,"enemies":"Fading Forest","floor":16,"turns":7}],"seed_played":"5428336617450387367","potions_obtained":[{"floor":3,"key":"FearPotion"},{"floor":4,"key":"Weak Potion"},{"floor":5,"key":"Block Potion"},{"floor":10,"key":"DistilledChaos"},{"floor":14,"key":"Swift Potion"}],"is_trial":false,"path_per_floor":["M","?","M","M","M","E","R","M","T","E","M","M","R","E","R","B"],"character_chosen":"DEFECT","items_purchased":[],"campfire_rested":1,"item_purchase_floors":[],"current_hp_per_floor":[74,74,74,74,68,60,60,58,58,60,51,43,43,20,45,0,0],"gold":296,"neow_bonus":"RANDOM_EVENT","is_daily":false,"chose_seed":false,"campfire_upgraded":2,"win_rate":0.0,"timestamp":1610389019,"path_taken":["M","?","M","M","M","E","R","M","T","E","M","?","R","E","R","BOSS"],"items_purchased_type":[],"build_version":"2020-12-22","purchased_purges":0,"victory":false,"max_hp_per_floor":[75,75,75,75,75,75,75,75,75,85,85,85,85,85,85,85,85],"card_choices":[{"not_picked":["Cold Snap","Conserve Battery"],"picked":"Capacitor","floor":1},{"not_picked":["Hologram","Double Energy"],"picked":"Go for the Eyes","floor":3},{"not_picked":["Compile Driver","Aggregate"],"picked":"Ball Lightning","floor":4},{"not_picked":["Tempest","Cold Snap"],"picked":"Go for the Eyes","floor":5},{"not_picked":["Turbo","Coolheaded"],"picked":"Beam Cell","floor":6},{"not_picked":["Beam Cell","Heatsinks"],"picked":"ReplayTheSpireMod:Repulse","floor":8},{"not_picked":["Rebound","Coolheaded","Static Discharge"],"picked":"SKIP","floor":10},{"not_picked":["Turbo","Conserve Battery"],"picked":"Skim","floor":11},{"not_picked":["ReplaySolidLightProjector","Double Energy"],"picked":"Beam Cell","floor":12},{"not_picked":["Seek","Go for the Eyes"],"picked":"FIFO Queue","floor":14}],"player_experience":57723,"relics_obtained":[{"floor":6,"key":"White Beast Statue"},{"floor":9,"key":"HornCleat"},{"floor":10,"key":"Pear"},{"floor":14,"key":"War Paint"}],"event_choices":[{"damage_healed":0,"gold_gain":0,"cards_transformed":["Dualcast"],"player_choice":"Change","damage_taken":0,"max_hp_gain":0,"max_hp_loss":0,"event_name":"Living Wall","floor":0,"gold_loss":0,"cards_obtained":["Barrage"]},{"cards_removed":["Capacitor"],"damage_healed":0,"gold_gain":0,"player_choice":"Gave Card","damage_taken":0,"relics_obtained":["Lantern"],"max_hp_gain":0,"max_hp_loss":0,"event_name":"WeMeetAgain","floor":2,"gold_loss":0}],"is_beta":false,"boss_relics":[],"items_purged_floors":[],"is_endless":false,"potions_floor_spawned":[3,4,5,8,10,11,12,14],"killed_by":"Fading Forest","ascension_level":0}}