{"host":"Rich","time":1610402809,"event":{"mods":["AchievementEnabler","BaseMod","Highlight Path","Minty Spire (QoL Compilation)","Relic Stats"],"gold_per_floor":[114,129,129,30,46,79,79,114,114,130,142,176,188,5,5,84,84,96,114,57,57,57,57,82,82,107,107,107],"floor_reached":27,"playtime":716,"items_purged":["Strike_B","Defend_B"],"score":627,"play_id":"191b59c4-8b8f-4e36-8939-74160c8f85cd","local_time":"20210111170649","is_ascension_mode":true,"campfire_choices":[{"data":"Electrodynamics","floor":7,"key":"SMITH"},{"floor":15,"key":"REST"},{"data":"Tempest","floor":23,"key":"SMITH"}],"circlet_count":0,"master_deck":["AscendersBane","Defend_B","Defend_B","Zap","Dualcast","Glacier","Ball Lightning","Cold Snap","Coolheaded","Electrodynamics+1","Go for the Eyes","Conserve Battery","Consume","Turbo","Cold Snap","Tempest+1","Echo Form","Sweeping Beam","Double Energy","Bite","Bite","Bite","Bite","Bite","Loop"],"relics":["Cracked Core","NeowsBlessing","Dream Catcher","Cables","Bronze Scales","Nunchaku","Coffee Dripper","Sundial","Pantograph"],"acts_visited":["Exordium","TheCity"],"potions_floor_usage":[8,12,18,27],"damage_taken":[{"damage":0,"enemies":"Jaw Worm","floor":1,"turns":1},{"damage":0,"enemies":"Cultist","floor":2,"turns":1},{"damage":0,"enemies":"Small Slimes","floor":5,"turns":1},{"damage":17,"enemies":"Lagavulin","floor":6,"turns":8},{"damage":4,"enemies":"3 Sentries","floor":8,"turns":3},{"damage":0,"enemies":"2 Fungi Beasts","floor":10,"turns":2},{"damage":8,"enemies":"Blue Slaver","floor":11,"turns":2},{"damage":1,"enemies":"Lagavulin","floor":12,"turns":5},{"damage":8,"enemies":"Exordium Wildlife","floor":13,"turns":3},{"damage":0,"enemies":"Slime Boss","floor":16,"turns":4},{"damage":13,"enemies":"Chosen","floor":18,"turns":4},{"damage":4,"enemies":"2 Thieves","floor":19,"turns":3},{"damage":32,"enemies":"Slavers","floor":24,"turns":3},{"damage":32,"enemies":"Book of Stabbing","floor":27,"turns":3}],"seed_played":"-829087271233127959","potions_obtained":[{"floor":1,"key":"Explosive Potion"},{"floor":2,"key":"Dexterity Potion"},{"floor":6,"key":"Ancient Potion"},{"floor":10,"key":"Block Potion"},{"floor":24,"key":"FocusPotion"}],"is_trial":false,"path_per_floor":["M","M","?","$","M","E","R","E","T","M","M","E","M","$","R","B",null,"M","M","$","?","?","R","E","T","T","E"],"character_chosen":"DEFECT","items_purchased":["Cold Snap","Tempest","FocusPotion"],"campfire_rested":1,"item_purchase_floors":[4,14,20],"current_hp_per_floor":[64,64,64,64,64,47,47,43,43,43,35,34,26,26,47,47,65,52,48,48,48,48,48,21,21,21,0,0],"gold":107,"neow_bonus":"THREE_ENEMY_KILL","is_daily":false,"chose_seed":false,"campfire_upgraded":2,"win_rate":0.0,"timestamp":1610402809,"path_taken":["M","M","?","$","?","E","R","E","T","M","M","E","M","$","R","BOSS","M","M","$","?","?","R","E","?","T","E"],"items_purchased_type":["Card","Card","Potion"],"build_version":"2020-12-18","purchased_purges":2,"victory":false,"max_hp_per_floor":[71,71,71,71,71,71,71,71,71,71,71,71,71,71,71,71,71,71,71,71,49,49,49,49,49,49,49,49],"relic_stats":{"Dream Catcher":1,"Nunchaku":[3],"counters":[14,43],"Sundial":[0],"Bronze Scales":[68],"Pantograph":0,"obtain_stats":[{"Dream Catcher":6,"Nunchaku":12,"NeowsBlessing":0,"Sundial":24,"Bronze Scales":9,"Pantograph":25,"Coffee Dripper":17,"Cracked Core":0,"Cables":8},{"Dream Catcher":4,"Nunchaku":8,"NeowsBlessing":0,"Sundial":13,"Bronze Scales":5,"Pantograph":13,"Coffee Dripper":10,"Cracked Core":0,"Cables":5},{"Dream Catcher":11,"Nunchaku":23,"NeowsBlessing":0,"Sundial":40,"Bronze Scales":14,"Pantograph":40,"Coffee Dripper":30,"Cracked Core":0,"Cables":14}],"Cables":[24,19,5,0,0]},"card_choices":[{"not_picked":["Chaos","Cold Snap"],"picked":"Glacier","floor":1},{"not_picked":["BootSequence","Go for the Eyes"],"picked":"Ball Lightning","floor":2},{"not_picked":["Go for the Eyes","Stack"],"picked":"Coolheaded","floor":5},{"not_picked":["Beam Cell","Barrage"],"picked":"Electrodynamics","floor":6},{"not_picked":["Leap","Redo"],"picked":"Go for the Eyes","floor":8},{"not_picked":["Sweeping Beam","Go for the Eyes"],"picked":"Conserve Battery","floor":10},{"not_picked":["Static Discharge","Conserve Battery"],"picked":"Consume","floor":11},{"not_picked":["Streamline","Go for the Eyes"],"picked":"Turbo","floor":12},{"not_picked":["Reboot","Barrage"],"picked":"Cold Snap","floor":13},{"not_picked":["Creative AI","Thunder Strike"],"picked":"Echo Form","floor":16},{"not_picked":["Conserve Battery","Force Field"],"picked":"Sweeping Beam","floor":18},{"not_picked":["Turbo","Rebound"],"picked":"Double Energy","floor":19},{"not_picked":["Gash","Double Energy+1"],"picked":"Loop","floor":24}],"player_experience":1982815,"relics_obtained":[{"floor":6,"key":"Dream Catcher"},{"floor":8,"key":"Cables"},{"floor":9,"key":"Bronze Scales"},{"floor":12,"key":"Nunchaku"},{"floor":24,"key":"Sundial"},{"floor":25,"key":"Pantograph"}],"event_choices":[{"cards_removed":["Defend_B"],"damage_healed":0,"gold_gain":0,"player_choice":"Purged","damage_taken":0,"max_hp_gain":0,"max_hp_loss":0,"event_name":"Purifier","floor":3,"gold_loss":0},{"damage_healed":0,"gold_gain":0,"player_choice":"Became a vampire","damage_taken":0,"max_hp_gain":0,"max_hp_loss":22,"event_name":"Vampires","floor":21,"gold_loss":0,"cards_obtained":["Bite","Bite","Bite","Bite","Bite"]},{"damage_healed":0,"gold_gain":0,"player_choice":"Ignored","damage_taken":0,"max_hp_gain":0,"max_hp_loss":0,"event_name":"The Mausoleum","floor":22,"gold_loss":0}],"is_beta":true,"boss_relics":[{"not_picked":["Ectoplasm","Cursed Key"],"picked":"Coffee Dripper"}],"items_purged_floors":[4,14],"is_endless":false,"potions_floor_spawned":[1,2,6,10,24],"killed_by":"Book of Stabbing","ascension_level":20}}