{"host":"zk71suw73lg2r165","time":1610334164,"event":{"mods":["BaseMod","Colored Map","Minty Spire (QoL Compilation)","Permanent Neow","Relic Stats","StSLib"],"gold_per_floor":[115,115,7,21,39,39,73,91,137,156,177,177,55,83,83,159,159,172,172,10,10,23,58,58,89,89,139,168,168,195,195,195],"floor_reached":31,"playtime":1670,"items_purged":[],"score":598,"play_id":"7c29f463-5bb1-4e6b-ada4-61b650a1949d","local_time":"20210110220244","is_ascension_mode":true,"campfire_choices":[{"data":"Cloak And Dagger","floor":6.0,"key":"SMITH"},{"floor":12,"key":"REST"},{"floor":15,"key":"REST"},{"floor":24,"key":"REST"},{"data":"Envenom","floor":29,"key":"SMITH"}],"circlet_count":0,"master_deck":["AscendersBane","Defend_G","Defend_G","Defend_G","Defend_G","Defend_G","Survivor","Neutralize","Infinite Blades","Footwork","Dagger Spray","Blade Dance","Cloak And Dagger+1","Corpse Explosion","Backflip","Deadly Poison","Accuracy","Noxious Fumes","Storm of Steel","Bullet Time+1","Quick Slash+1","Venomology+1","Bane","Deflect","A Thousand Cuts","Footwork","Envenom+1","Glass Knife","Tactician","Concentrate"],"relics":["Ring of the Snake","Ginger","White Beast Statue","Matryoshka","The Courier","Anchor","Odd Mushroom","Mercury Hourglass","Membership Card","Nloth\u0027s Gift","Bronze Scales","Pear","Juzu Bracelet","Meat on the Bone","Red Mask","Bottled Flame"],"acts_visited":["TheCity"],"potions_floor_usage":[7,7,10,11,14,16,18,22,23,23,23,23,25,25,28,28,30,30,31],"damage_taken":[{"damage":3.0,"enemies":"Cultist","floor":1.0,"turns":5.0},{"damage":0.0,"enemies":"Jaw Worm","floor":4.0,"turns":7.0},{"damage":2.0,"enemies":"2 Louse","floor":5.0,"turns":3.0},{"damage":29,"enemies":"Gremlin Nob","floor":7,"turns":4},{"damage":0,"enemies":"Looter","floor":8,"turns":4},{"damage":0,"enemies":"Gremlin Gang","floor":10,"turns":2},{"damage":2,"enemies":"The Mushroom Lair","floor":11,"turns":2},{"damage":19,"enemies":"Lagavulin","floor":14,"turns":5},{"damage":15,"enemies":"Hexaghost","floor":16,"turns":8},{"damage":0,"enemies":"3 Byrds","floor":18,"turns":2},{"damage":19,"enemies":"Shell Parasite","floor":22,"turns":5},{"damage":25,"enemies":"Book of Stabbing","floor":23,"turns":6},{"damage":18,"enemies":"Slavers","floor":25,"turns":5},{"damage":0,"enemies":"Masked Bandits","floor":28,"turns":3},{"damage":28,"enemies":"Book of Stabbing","floor":30,"turns":5},{"damage":22,"enemies":"Centurion and Healer","floor":31,"turns":4}],"seed_played":"384297726258131615","potions_obtained":[{"floor":1.0,"key":"ColorlessPotion"},{"floor":4.0,"key":"Swift Potion"},{"floor":5.0,"key":"EssenceOfSteel"},{"floor":7,"key":"ColorlessPotion"},{"floor":8,"key":"CunningPotion"},{"floor":10,"key":"PowerPotion"},{"floor":11,"key":"Block Potion"},{"floor":14,"key":"Explosive Potion"},{"floor":16,"key":"CunningPotion"},{"floor":18,"key":"SneckoOil"},{"floor":22,"key":"EntropicBrew"},{"floor":23,"key":"PowerPotion"},{"floor":25,"key":"GhostInAJar"},{"floor":28,"key":"PowerPotion"},{"floor":30,"key":"Fruit Juice"}],"is_trial":false,"path_per_floor":["M","T","$","M","M","R","E","M","T","M","?","R","$","E","R","B",null,"M","?","$","?","M","E","R","E","T","?","?","R","E","M"],"character_chosen":"THE_SILENT","items_purchased":["Footwork","Dagger Spray","Accuracy","Noxious Fumes","Membership Card","Footwork"],"campfire_rested":3,"item_purchase_floors":[3,3,13,13,20,20],"current_hp_per_floor":[41,41,41,41,39,39,10,10,10,10,8,27,27,8,27,12,53,53,53,53,53,34,9,28,20,20,20,32,32,16,0,0],"gold":195,"neow_bonus":"ONE_RARE_RELIC","is_daily":false,"chose_seed":false,"campfire_upgraded":2,"win_rate":0.0,"timestamp":1610334164,"path_taken":["M","?","?","M","M","R","E","M","T","M","?","R","$","E","R","BOSS","M","?","$","?","M","E","R","E","T","?","?","R","E","M"],"items_purchased_type":["Card","Card","Card","Card","Relic","Card"],"build_version":"2020-12-22","purchased_purges":0,"victory":false,"max_hp_per_floor":[66,66,66,66,66,66,66,66,66,66,66,66,66,66,66,66,66,66,66,66,66,66,66,66,76,76,76,76,76,76,81,81],"relic_stats":{"counters":[16,70],"Bronze Scales":[84],"Nloth\u0027s Gift":3,"Juzu Bracelet":1,"Ginger":[7],"obtain_stats":[{"Pear":25,"Astrolabe":17,"The Courier":9,"Juzu Bracelet":26,"Ginger":0,"Odd Mushroom":11,"White Beast Statue":2,"Mercury Hourglass":14,"Anchor":9,"Bottled Flame":30,"Matryoshka":7,"Bronze Scales":23,"Nloth\u0027s Gift":21,"Red Mask":28,"Membership Card":20,"Ring of the Snake":0,"Meat on the Bone":26},{"Pear":13,"Astrolabe":9,"The Courier":5,"Juzu Bracelet":13,"Ginger":0,"Odd Mushroom":7,"White Beast Statue":1,"Mercury Hourglass":8,"Anchor":5,"Bottled Flame":15,"Matryoshka":4,"Bronze Scales":12,"Nloth\u0027s Gift":10,"Red Mask":14,"Membership Card":10,"Ring of the Snake":0,"Meat on the Bone":13},{"Pear":58,"Astrolabe":40,"The Courier":23,"Juzu Bracelet":58,"Ginger":0,"Odd Mushroom":27,"White Beast Statue":5,"Mercury Hourglass":32,"Anchor":23,"Bottled Flame":66,"Matryoshka":19,"Bronze Scales":53,"Nloth\u0027s Gift":42,"Red Mask":61,"Membership Card":42,"Ring of the Snake":0,"Meat on the Bone":58}],"Ring of the Snake":[32],"Mercury Hourglass":[145],"Meat on the Bone":24},"card_choices":[{"not_picked":["Prepared","Flying Knee"],"picked":"Infinite Blades","floor":1.0},{"not_picked":["Well Laid Plans","PiercingWail"],"picked":"Blade Dance","floor":4.0},{"not_picked":["Endless Agony","Deflect"],"picked":"Cloak And Dagger","floor":5.0},{"not_picked":["Slice","Eviscerate"],"picked":"Corpse Explosion","floor":7},{"not_picked":["Tactician","PiercingWail"],"picked":"Backflip","floor":8},{"not_picked":["Tactician","Underhanded Strike","Outmaneuver"],"picked":"SKIP","floor":10},{"not_picked":["Backstab","Sucker Punch"],"picked":"Deadly Poison","floor":11},{"not_picked":["Dagger Throw","Endless Agony","Infinite Blades"],"picked":"SKIP","floor":14},{"not_picked":["Night Terror","Envenom"],"picked":"Storm of Steel","floor":16},{"not_picked":["Sucker Punch","Deadly Poison"],"picked":"Bane","floor":18},{"not_picked":["Bane","Underhanded Strike+1","Dagger Spray"],"picked":"SKIP","floor":22},{"not_picked":["Corpse Explosion","Escape Plan"],"picked":"Envenom","floor":23},{"not_picked":["Malaise","Endless Agony"],"picked":"Glass Knife","floor":25},{"not_picked":["Slice+1","All Out Attack+1"],"picked":"Tactician","floor":28},{"not_picked":["Skewer+1","Dagger Spray"],"picked":"Concentrate","floor":30}],"player_experience":1335565,"relics_obtained":[{"floor":2.0,"key":"White Beast Statue"},{"floor":7,"key":"Matryoshka"},{"floor":9,"key":"The Courier"},{"floor":9,"key":"Anchor"},{"floor":11,"key":"Odd Mushroom"},{"floor":14,"key":"Mercury Hourglass"},{"floor":23,"key":"Bronze Scales"},{"floor":25,"key":"Pear"},{"floor":26,"key":"Juzu Bracelet"},{"floor":26,"key":"Meat on the Bone"},{"floor":28,"key":"Red Mask"},{"floor":30,"key":"Bottled Flame"}],"event_choices":[{"damage_healed":0,"gold_gain":0,"player_choice":"Fought Mushrooms","damage_taken":0,"max_hp_gain":0,"max_hp_loss":0,"event_name":"Mushrooms","floor":11,"gold_loss":0},{"damage_healed":0,"gold_gain":0,"cards_transformed":["Strike_G","Strike_G"],"player_choice":"Became Test Subject","damage_taken":0,"max_hp_gain":0,"max_hp_loss":0,"event_name":"Drug Dealer","floor":19,"gold_loss":0,"cards_obtained":["Deflect","A Thousand Cuts"]},{"damage_healed":0,"gold_gain":0,"player_choice":"Traded Relic","damage_taken":0,"relics_obtained":["Nloth\u0027s Gift"],"max_hp_gain":0,"max_hp_loss":0,"event_name":"N\u0027loth","floor":21,"relics_lost":["Astrolabe"],"gold_loss":0},{"damage_healed":0,"gold_gain":50,"player_choice":"Stole From Cult","damage_taken":0,"max_hp_gain":0,"max_hp_loss":0,"event_name":"Nest","floor":27,"gold_loss":0},{"damage_healed":0,"gold_gain":0,"player_choice":"Fought Bandits","damage_taken":0,"max_hp_gain":0,"max_hp_loss":0,"event_name":"Masked Bandits","floor":28,"gold_loss":0}],"is_beta":false,"boss_relics":[{"not_picked":["Tiny House","Runic Dome"],"picked":"Astrolabe"}],"items_purged_floors":[],"is_endless":false,"potions_floor_spawned":[1,4,5,7,8,10,11,14,16,18,22,23,25,28,30],"killed_by":"Centurion and Healer","ascension_level":20}}