{"host":"y3h3n3f7seyagppx","time":1610399929,"event":{"mods":["AlwaysNeverKeys","BaseMod","Better Vampires","Colored Powertips","DeckTracker","Emptier Cage","Minty Spire (QoL Compilation)","Permanent Neow","Quick Restart","Rare Cards Sparkle","Relic Sorter","Relic Stats","StSLib","Transform Curses"],"gold_per_floor":[115,134,134,148,165,192,204,230,281,309,326,353,353,112,112,184,184,194,206,224,238,254,254,289,16,40,74,91,102,130,140,140,218,218,232,243,243,37,53,78,78,110,158,158,171,171,198,229,241,253,265,277,289,19,52,52],"floor_reached":57,"playtime":15223,"items_purged":["Force Field","Dualcast"],"score":3376,"play_id":"a682a068-8acc-4b1e-8146-765b94729100","local_time":"20210111161849","is_ascension_mode":true,"campfire_choices":[{"data":"Biased Cognition","floor":13,"key":"SMITH"},{"data":"Zap","floor":15,"key":"SMITH"},{"data":"Recycle","floor":23,"key":"SMITH"},{"data":"Fission","floor":32,"key":"SMITH"},{"data":"Skim","floor":41,"key":"SMITH"},{"data":"Capacitor","floor":44,"key":"SMITH"},{"data":"Seek","floor":49,"key":"SMITH"},{"data":"Glacier","floor":53,"key":"SMITH"}],"circlet_count":0,"master_deck":["AscendersBane","Zap+1","FTL+1","Sunder+1","Recycle+1","Core Surge+1","Self Repair","Rainbow+1","Conserve Battery+1","Coolheaded","Biased Cognition+1","Go for the Eyes+1","All For One","Electrodynamics","CurseOfTheBell","Skim+1","Conserve Battery+1","Glacier+1","Fission+1","Undo+1","Capacitor+1","Seek+1","Coolheaded+1","Capacitor+1","Coolheaded+1","Double Energy+1","Thunder Strike","Compile Driver+1","Blizzard","Capacitor","Beam Cell+1"],"relics":["Pandora\u0027s Box","Happy Flower","Peace Pipe","Lantern","Eternal Feather","Whetstone","Pen Nib","Calling Bell","War Paint","Ornamental Fan","StoneCalendar","Akabeko","OrangePellets","Bag of Preparation","Nunchaku","Centennial Puzzle","Runic Pyramid","Medical Kit","Toy Ornithopter","InkBottle","Boot","MawBank","Strawberry","Blood Vial"],"acts_visited":["Exordium","TheCity","TheBeyond","TheEnding"],"potions_floor_usage":[8,56],"damage_taken":[{"damage":0,"enemies":"Small Slimes","floor":1,"turns":3},{"damage":0,"enemies":"Cultist","floor":2,"turns":3},{"damage":3,"enemies":"Jaw Worm","floor":4,"turns":3},{"damage":6,"enemies":"2 Fungi Beasts","floor":5,"turns":4},{"damage":7,"enemies":"Lagavulin","floor":6,"turns":5},{"damage":10,"enemies":"Red Slaver","floor":7,"turns":4},{"damage":8,"enemies":"Gremlin Nob","floor":8,"turns":3},{"damage":8,"enemies":"Lagavulin","floor":10,"turns":5},{"damage":4,"enemies":"Blue Slaver","floor":11,"turns":4},{"damage":10,"enemies":"3 Sentries","floor":12,"turns":6},{"damage":11,"enemies":"Slime Boss","floor":16,"turns":5},{"damage":11,"enemies":"2 Thieves","floor":18,"turns":3},{"damage":4,"enemies":"Chosen","floor":19,"turns":4},{"damage":0,"enemies":"3 Cultists","floor":20,"turns":2},{"damage":0,"enemies":"Centurion and Healer","floor":21,"turns":3},{"damage":0,"enemies":"Snake Plant","floor":22,"turns":4},{"damage":31,"enemies":"Slavers","floor":24,"turns":4},{"damage":0,"enemies":"Gremlin Leader","floor":27,"turns":5},{"damage":0,"enemies":"Chosen and Byrds","floor":28,"turns":5},{"damage":0,"enemies":"Centurion and Healer","floor":29,"turns":4},{"damage":0,"enemies":"Book of Stabbing","floor":30,"turns":4},{"damage":0,"enemies":"3 Cultists","floor":31,"turns":3},{"damage":27,"enemies":"Collector","floor":33,"turns":8},{"damage":0,"enemies":"3 Darklings","floor":35,"turns":4},{"damage":0,"enemies":"3 Shapes","floor":36,"turns":6},{"damage":0,"enemies":"Maw","floor":39,"turns":6},{"damage":0,"enemies":"Nemesis","floor":40,"turns":7},{"damage":0,"enemies":"Giant Head","floor":42,"turns":7},{"damage":0,"enemies":"Writhing Mass","floor":45,"turns":6},{"damage":0,"enemies":"Reptomancer","floor":47,"turns":3},{"damage":0,"enemies":"3 Darklings","floor":48,"turns":2},{"damage":0,"enemies":"Time Eater","floor":50,"turns":13},{"damage":0,"enemies":"Awakened One","floor":51,"turns":28},{"damage":0,"enemies":"Shield and Spear","floor":55,"turns":3},{"damage":34,"enemies":"The Heart","floor":56,"turns":9}],"seed_played":"-6808131696628115316","potions_obtained":[{"floor":1,"key":"Dexterity Potion"},{"floor":5,"key":"FairyPotion"},{"floor":7,"key":"FearPotion"},{"floor":11,"key":"FearPotion"},{"floor":20,"key":"DuplicationPotion"}],"is_trial":false,"path_per_floor":["M","M","?","M","M","E","M","E","T","E","M","E","R","$","R","B",null,"M","M","M","M","M","R","E","$","T","E","M","M","E","M","R","B",null,"M","M","?","$","M","E","R","E","T","R","M","?","E","M","R","B","B",null,"R","$","E","B",null],"character_chosen":"DEFECT","items_purchased":["Pen Nib","OrangePellets","Medical Kit","Capacitor","Blizzard","Capacitor","Strawberry"],"campfire_rested":0,"item_purchase_floors":[14,25,38,38,54,54,54],"current_hp_per_floor":[71,71,71,71,71,71,68,67,67,66,69,66,71,71,71,67,70,59,62,62,69,71,71,47,47,47,54,61,68,68,71,71,51,66,71,71,71,71,71,71,71,71,71,71,71,71,71,71,71,71,71,71,71,78,78,55],"gold":52,"neow_bonus":"BOSS_RELIC","is_daily":false,"chose_seed":false,"campfire_upgraded":8,"win_rate":0.0,"timestamp":1610399929,"path_taken":["M","M","?","M","M","E","M","E","T","E","M","E","R","$","R","BOSS","M","?","M","M","M","R","E","$","T","E","M","M","E","M","R","BOSS","M","M","?","$","M","E","R","E","T","R","M","?","E","M","R","BOSS","BOSS","R","$","E","BOSS"],"items_purchased_type":["Relic","Relic","Relic","Card","Card","Card","Relic"],"build_version":"2020-12-22","purchased_purges":2,"victory":true,"max_hp_per_floor":[71,71,71,71,71,71,71,71,71,71,71,71,71,71,71,71,71,71,71,71,71,71,71,71,71,71,71,71,71,71,71,71,71,71,71,71,71,71,71,71,71,71,71,71,71,71,71,71,71,71,71,71,71,78,78,78],"relic_stats":{"Happy Flower":[56],"counters":[35,188],"Eternal Feather":5,"StoneCalendar":[276],"Pen Nib":[25],"Bag of Preparation":[36],"Whetstone":["FTL","Core Surge"],"War Paint":["Conserve Battery","Rainbow"],"Medical Kit":[14],"Boot":[36],"MawBank":84,"Peace Pipe":0,"Blood Vial":0,"OrangePellets":[16],"Nunchaku":[22],"Centennial Puzzle":[6],"Ornamental Fan":[204],"Pandora\u0027s Box":["FTL","Sunder","Recycle","Core Surge","Force Field","Self Repair","Rainbow","Conserve Battery"],"obtain_stats":[{"Lantern":9,"StoneCalendar":17,"Bag of Preparation":26,"Whetstone":12,"Boot":43,"Blood Vial":55,"Nunchaku":27,"Centennial Puzzle":30,"Strawberry":54,"Cracked Core":0,"InkBottle":42,"Runic Pyramid":34,"Happy Flower":6,"Eternal Feather":10,"Pen Nib":14,"War Paint":17,"Medical Kit":38,"MawBank":47,"Akabeko":24,"Peace Pipe":8,"Calling Bell":17,"OrangePellets":25,"Ornamental Fan":17,"Pandora\u0027s Box":0,"Toy Ornithopter":40},{"Lantern":7,"StoneCalendar":11,"Bag of Preparation":17,"Whetstone":10,"Boot":28,"Blood Vial":34,"Nunchaku":18,"Centennial Puzzle":21,"Strawberry":33,"Cracked Core":0,"InkBottle":28,"Runic Pyramid":23,"Happy Flower":5,"Eternal Feather":8,"Pen Nib":10,"War Paint":11,"Medical Kit":25,"MawBank":30,"Akabeko":17,"Peace Pipe":7,"Calling Bell":11,"OrangePellets":17,"Ornamental Fan":11,"Pandora\u0027s Box":0,"Toy Ornithopter":27},{"Lantern":25,"StoneCalendar":45,"Bag of Preparation":65,"Whetstone":40,"Boot":124,"Blood Vial":179,"Nunchaku":70,"Centennial Puzzle":83,"Strawberry":176,"Cracked Core":0,"InkBottle":124,"Runic Pyramid":94,"Happy Flower":18,"Eternal Feather":30,"Pen Nib":40,"War Paint":45,"Medical Kit":104,"MawBank":133,"Akabeko":65,"Peace Pipe":25,"Calling Bell":45,"OrangePellets":65,"Ornamental Fan":45,"Pandora\u0027s Box":0,"Toy Ornithopter":117}],"Toy Ornithopter":4,"InkBottle":[31]},"card_choices":[{"not_picked":["Storm","Turbo"],"picked":"Coolheaded","floor":1},{"not_picked":["Tempest","Skim","Turbo"],"picked":"SKIP","floor":2},{"not_picked":["Hologram","Streamline"],"picked":"Biased Cognition","floor":4},{"not_picked":["Tempest","Coolheaded"],"picked":"Go for the Eyes","floor":5},{"not_picked":["Barrage","Reprogram"],"picked":"All For One","floor":6},{"not_picked":["Barrage","Auto Shields","Compile Driver"],"picked":"SKIP","floor":7},{"not_picked":["Barrage","Auto Shields","Compile Driver"],"picked":"SKIP","floor":7},{"not_picked":["Barrage","Auto Shields","Compile Driver"],"picked":"SKIP","floor":7},{"not_picked":["Ball Lightning","Recycle","Barrage"],"picked":"SKIP","floor":8},{"not_picked":["Ball Lightning","Recycle","Barrage"],"picked":"SKIP","floor":8},{"not_picked":["Gash","Doom and Gloom","Storm"],"picked":"SKIP","floor":10},{"not_picked":["Static Discharge","Cold Snap","Conserve Battery"],"picked":"SKIP","floor":11},{"not_picked":["Rebound","Conserve Battery","Go for the Eyes"],"picked":"SKIP","floor":12},{"not_picked":["Buffer","Amplify"],"picked":"Electrodynamics","floor":16},{"not_picked":["Meteor Strike","Reprogram","FTL"],"picked":"SKIP","floor":18},{"not_picked":["FTL","Ball Lightning"],"picked":"Skim","floor":19},{"not_picked":["Redo","Cold Snap"],"picked":"Conserve Battery+1","floor":20},{"not_picked":["Steam","Darkness+1"],"picked":"Glacier","floor":21},{"not_picked":["Static Discharge","Hello World","Turbo"],"picked":"SKIP","floor":22},{"not_picked":["Tempest","Conserve Battery","Hello World"],"picked":"SKIP","floor":24},{"not_picked":["Reprogram","Steam"],"picked":"Fission","floor":27},{"not_picked":["Steam Power","Storm"],"picked":"Loop","floor":28},{"not_picked":["Beam Cell","Cold Snap","Redo"],"picked":"SKIP","floor":29},{"not_picked":["Self Repair","Ball Lightning"],"picked":"Undo+1","floor":30},{"not_picked":["Redo","Force Field"],"picked":"Capacitor+1","floor":31},{"not_picked":["Multi-Cast","All For One"],"picked":"Seek","floor":33},{"not_picked":["Blizzard","Stack+1"],"picked":"Coolheaded+1","floor":35},{"not_picked":["Sunder","Ball Lightning+1","Leap"],"picked":"SKIP","floor":36},{"not_picked":["Steam","Sweeping Beam"],"picked":"Coolheaded+1","floor":39},{"not_picked":["Storm","Genetic Algorithm+1","Go for the Eyes"],"picked":"SKIP","floor":40},{"not_picked":["Steam","Electrodynamics","Go for the Eyes"],"picked":"SKIP","floor":42},{"not_picked":["Recycle","Cold Snap"],"picked":"Double Energy+1","floor":45},{"not_picked":["Rebound","Steam+1"],"picked":"Thunder Strike","floor":47},{"not_picked":["Streamline","Lockon+1"],"picked":"Compile Driver+1","floor":48},{"not_picked":["Cold Snap","Thunder Strike"],"picked":"Beam Cell+1","floor":55}],"player_experience":20709173,"relics_obtained":[{"floor":6,"key":"Happy Flower"},{"floor":8,"key":"Peace Pipe"},{"floor":9,"key":"Lantern"},{"floor":10,"key":"Eternal Feather"},{"floor":12,"key":"Whetstone"},{"floor":17,"key":"War Paint"},{"floor":17,"key":"Ornamental Fan"},{"floor":17,"key":"StoneCalendar"},{"floor":24,"key":"Akabeko"},{"floor":26,"key":"Bag of Preparation"},{"floor":27,"key":"Nunchaku"},{"floor":30,"key":"Centennial Puzzle"},{"floor":40,"key":"Toy Ornithopter"},{"floor":42,"key":"InkBottle"},{"floor":43,"key":"Boot"},{"floor":47,"key":"MawBank"},{"floor":55,"key":"Blood Vial"}],"event_choices":[{"damage_healed":0,"gold_gain":0,"player_choice":"Upgraded","damage_taken":0,"max_hp_gain":0,"max_hp_loss":0,"event_name":"Upgrade Shrine","floor":3,"gold_loss":0,"cards_upgraded":["Sunder"]},{"cards_removed":["Loop"],"damage_healed":0,"gold_gain":0,"player_choice":"Removed Power","damage_taken":0,"max_hp_gain":0,"max_hp_loss":0,"event_name":"Falling","floor":37,"gold_loss":0},{"damage_healed":0,"gold_gain":0,"player_choice":"Forge","damage_taken":0,"max_hp_gain":0,"max_hp_loss":0,"event_name":"Accursed Blacksmith","floor":46,"gold_loss":0,"cards_upgraded":["Go for the Eyes"]}],"is_beta":false,"boss_relics":[{"not_picked":["Snecko Eye","Velvet Choker"],"picked":"Calling Bell"},{"not_picked":["Black Star","Busted Crown"],"picked":"Runic Pyramid"}],"items_purged_floors":[14,25],"is_endless":false,"potions_floor_spawned":[1,5,6,7,11,20,22,28,30,42,48,55],"ascension_level":20}}