{"host":"i9h64q9gphvrup4n","time":1610399766,"event":{"mods":["2.2 Compatiblity","AchievementEnabler","Aspiration","Astrologer","Bard","BaseMod","Beaked The Cultist","BetterRewards","Colored Powertips","Conspire","Downfall","Gremlin Mod","Hermit","Hubris","Infinite Spire","Jorbs\u0027s Wanderer Trilogy","Minty Spire (QoL Compilation)","Replay The Spire","Shop Mod","StSLib","SuperFastMode","The Blackbeard","The Bladedancer","The Bug Knight","The Construct","The Cursed","The Disciple","The Hierophant","The Jungle","The Necromancer","The Runesmith","The Wild Card","slay the spire mod where everything is the same but ironclad has a cowboy hat","vexMod"],"gold_per_floor":[115,128,128,141,157,191,205,205,228,253,210,26,58,58,58,58,58],"floor_reached":16,"playtime":620,"items_purged":[],"score":198,"play_id":"47f014f3-7bab-4475-91b9-d5383bff1b71","local_time":"20210111151606","is_ascension_mode":true,"campfire_choices":[{"floor":8,"key":"REST"},{"floor":15,"key":"REST"}],"circlet_count":0,"master_deck":["AscendersBane","Strike_W","Strike_W","Strike_W","Strike_W","Defend_W","Defend_W","Defend_W","Negative_Energy_Arrows","Bone_Wall","Pandemic","Bone_Armor","Finger_Of_Death","Bone_Armor","Hellfire","Bones_to_Steel","Skeleton_Dragon","Finger_Of_Death","Summon_Lich","Hellfire","Pandemic"],"relics":["Vampire_Amulet","Mango","vexMod:HeadHunter","Lantern","PreservedInsect","infinitespire:PuzzleCube"],"acts_visited":["Exordium"],"potions_floor_usage":[6,13,13],"damage_taken":[{"damage":10,"enemies":"Jaw Worm","floor":1,"turns":5},{"damage":9,"enemies":"Cultist","floor":2,"turns":5},{"damage":7,"enemies":"Small Slimes","floor":4,"turns":4},{"damage":8,"enemies":"Blue Slaver","floor":5,"turns":6},{"damage":38,"enemies":"3 Sentries","floor":6,"turns":13},{"damage":0,"enemies":"Gremlin Gang","floor":7,"turns":5},{"damage":15,"enemies":"Gremlin Nob","floor":10,"turns":4},{"damage":21,"enemies":"Lagavulin","floor":13,"turns":5},{"damage":47,"enemies":"Fading Forest","floor":16,"turns":7}],"seed_played":"-3576303919967241392","potions_obtained":[{"floor":1,"key":"Energy Potion"},{"floor":4,"key":"SteroidPotion"},{"floor":10,"key":"FearPotion"}],"is_trial":false,"path_per_floor":["M","M","?","M","M","E","M","R","T","E","?","$","E","?","R","B"],"character_chosen":"NECROMANCER","items_purchased":["PreservedInsect","Summon_Lich"],"campfire_rested":2,"item_purchase_floors":[12,12],"current_hp_per_floor":[56,49,49,46,40,8,16,42,42,29,29,29,10,2,28,0,0],"gold":58,"neow_bonus":"ONE_RARE_RELIC","is_daily":false,"chose_seed":false,"campfire_upgraded":0,"win_rate":0.0,"timestamp":1610399766,"path_taken":["M","M","?","M","M","E","?","R","T","E","?","$","E","?","R","BOSS"],"items_purchased_type":["Relic","Card"],"build_version":"2020-12-22","purchased_purges":0,"victory":false,"max_hp_per_floor":[89,89,89,89,89,89,89,89,89,89,89,89,89,89,89,89,89],"card_choices":[{"not_picked":["Spectral_Armor","Shackles_Of_Pain"],"picked":"Pandemic","floor":1},{"not_picked":["Negative_Energy_Mist","Shackles_Of_Pain"],"picked":"Bone_Armor","floor":2},{"not_picked":["Siphon_Strength","Spectral_Armor"],"picked":"Finger_Of_Death","floor":4},{"not_picked":["Blood_Whip","Death_Coil"],"picked":"Bone_Armor","floor":5},{"not_picked":["Negative_Energy_Shield","Bone_Armor"],"picked":"Hellfire","floor":6},{"not_picked":["Blood_Curse","Toxic_Smoke_Screen"],"picked":"Bones_to_Steel","floor":7},{"not_picked":["Summon_Death_Knight","Blood_Wake"],"picked":"Skeleton_Dragon","floor":10},{"not_picked":["Blood_Curse","Flesh_Made_Foul"],"picked":"Finger_Of_Death","floor":10},{"not_picked":["Detonate_Bones","Cloudkill"],"picked":"Hellfire","floor":13},{"not_picked":["Negative_Energy_Sphere","Slay_Living"],"picked":"Pandemic","floor":13}],"player_experience":717449,"relics_obtained":[{"floor":6,"key":"vexMod:HeadHunter"},{"floor":10,"key":"Lantern"},{"floor":13,"key":"infinitespire:PuzzleCube"}],"event_choices":[{"cards_removed":["Defend_W"],"damage_healed":0,"gold_gain":0,"player_choice":"Purged","damage_taken":0,"max_hp_gain":0,"max_hp_loss":0,"event_name":"Purifier","floor":3,"gold_loss":0},{"damage_healed":0,"gold_gain":0,"player_choice":"Left Gold","damage_taken":0,"max_hp_gain":0,"max_hp_loss":0,"event_name":"World of Goop","floor":11,"gold_loss":43},{"damage_healed":0,"gold_gain":0,"player_choice":"Damaged","damage_taken":8,"max_hp_gain":0,"max_hp_loss":0,"event_name":"Wheel of Change","floor":14,"gold_loss":0}],"is_beta":false,"boss_relics":[],"items_purged_floors":[],"is_endless":false,"potions_floor_spawned":[1,4,10],"killed_by":"Fading Forest","ascension_level":13}}