{"host":"pno9h1fupbyz205f","time":1610403604,"event":{"mods":["Aspiration","BaseMod","Better Altar","Better Match","Better Note","Better Sensory Stone","Better Skull","Better Third Choice","Colored Map","Colored Powertips","Hubris","Infinite Spire","Jedi Mod","Mad Scientist","Marisa????????","Minty Spire (QoL Compilation)","Permanent Neow","Potionbrewer","Replay The Spire","Shop Mod","Spicy Shops","StSLib","Td1madao Mod","The Blackbeard","The Gatherer","The Hierophant","The Poker Player","The Runesmith","The Servant 0.9.4","thorton","vexMod"],"gold_per_floor":[24,24,38,38,53,53,65,83,83,114,127,127,142,169,169,267,267,286,286,296,308,308,308],"floor_reached":22,"playtime":888,"items_purged":["Dualcast"],"score":198,"play_id":"445d8fa0-1444-42d5-aa1f-cd7e00d84a58","local_time":"20210111142004","daily_mods":["Heirloom"],"is_ascension_mode":false,"campfire_choices":[{"data":"Defend_B","floor":6,"key":"PURGE"}],"circlet_count":0,"master_deck":["Strike_B","Strike_B","Strike_B","Strike_B+1","Defend_B","Defend_B","Defend_B","Zap","Gash+1","Beam Cell","Loop","BasicCrystalCard","Iron Wave","Hologram","Scrape","Seeing Red+1","Machine Learning","Self Repair","Conserve Battery+1"],"relics":["replay:Trail_Library","Replay:Multitool","Iron Core","infinitespire:PuzzleCube","jedi:paperfaux","aspiration:Stellarator","Nloth\u0027s Gift"],"acts_visited":["Exordium","TheCity"],"potions_floor_usage":[10,10,18],"damage_taken":[{"damage":1,"enemies":"Cultist","floor":3,"turns":4},{"damage":2,"enemies":"Small Slimes","floor":5,"turns":4},{"damage":8,"enemies":"2 Louse","floor":7,"turns":2},{"damage":7,"enemies":"Blue Slaver","floor":8,"turns":2},{"damage":21,"enemies":"Lagavulin","floor":10,"turns":4},{"damage":10,"enemies":"Looter","floor":11,"turns":2},{"damage":0,"enemies":"Exordium Thugs","floor":13,"turns":3},{"damage":18,"enemies":"3 Sentries","floor":14,"turns":6},{"damage":36,"enemies":"Fading Forest","floor":16,"turns":11},{"damage":20,"enemies":"2 Thieves","floor":18,"turns":4},{"damage":11,"enemies":"Chosen","floor":20,"turns":5},{"damage":24,"enemies":"Shelled Parasite and Fungi","floor":21,"turns":4},{"damage":34,"enemies":"Snake Plant","floor":22,"turns":3}],"seed_played":"1644833114296066787","potions_obtained":[{"floor":5,"key":"potionbrewer:NoxiousPotion"},{"floor":8,"key":"FearPotion"},{"floor":11,"key":"potionbrewer:NoxiousPotion"},{"floor":13,"key":"jedi:holywater"},{"floor":20,"key":"CultistPotion"}],"is_trial":true,"path_per_floor":["$","?","M","?","M","R","M","M","T","E","M","R","M","E","R","B",null,"M","?","M","M","M"],"character_chosen":"DEFECT","items_purchased":[],"campfire_rested":0,"item_purchase_floors":[],"current_hp_per_floor":[75,75,74,74,72,72,64,57,57,36,26,48,48,30,52,32,75,55,55,51,34,0,0],"gold":308,"neow_bonus":"","is_daily":false,"chose_seed":false,"campfire_upgraded":0,"win_rate":0.0,"timestamp":1610403604,"path_taken":["?","?","M","?","M","R","M","M","T","E","?","R","M","E","R","BOSS","M","?","M","M","?"],"items_purchased_type":[],"build_version":"2020-12-22","purchased_purges":1,"victory":false,"max_hp_per_floor":[75,75,75,75,75,75,75,75,75,75,75,75,75,75,75,75,75,75,75,75,75,75,75],"card_choices":[{"not_picked":["Cold Snap","jedi:spotbugs","Redo"],"picked":"SKIP","floor":3},{"not_picked":["White Noise","Genetic Algorithm"],"picked":"Gash","floor":5},{"not_picked":["Heavy Blade","Ball Lightning"],"picked":"Beam Cell","floor":7},{"not_picked":["Headbutt","Reinforced Body"],"picked":"Loop","floor":8},{"not_picked":["Coolheaded","jedi:readyaimfire"],"picked":"BasicCrystalCard","floor":10},{"not_picked":["Cold Snap","ReplaySort"],"picked":"Iron Wave","floor":11},{"not_picked":["Cold Snap","ReplayTheSpireMod:GoodbyeWorld"],"picked":"Scrape","floor":13},{"not_picked":["Skim","Flex"],"picked":"Seeing Red","floor":14},{"not_picked":["Rainbow","Biased Cognition"],"picked":"Machine Learning","floor":16},{"not_picked":["Redo","Compile Driver"],"picked":"Self Repair","floor":18},{"not_picked":["Streamline","Coolheaded","Auto Shields+1"],"picked":"SKIP","floor":20},{"not_picked":["Cold Snap","Leap+1"],"picked":"Conserve Battery+1","floor":21}],"player_experience":159332,"relics_obtained":[{"floor":9,"key":"infinitespire:PuzzleCube"},{"floor":10,"key":"jedi:paperfaux"},{"floor":14,"key":"Dream Catcher"}],"event_choices":[{"damage_healed":0,"gold_gain":0,"player_choice":"Traded Relic","damage_taken":0,"relics_obtained":["Nloth\u0027s Gift"],"max_hp_gain":0,"max_hp_loss":0,"event_name":"N\u0027loth","floor":19,"relics_lost":["Dream Catcher"],"gold_loss":0}],"is_beta":false,"boss_relics":[{"not_picked":["thethorton:BottledFunds","Painkiller Herb"],"picked":"aspiration:Stellarator"}],"items_purged_floors":[1],"is_endless":false,"potions_floor_spawned":[5,8,11,13,20],"killed_by":"Snake Plant","ascension_level":0}}