{"host":"ci7cmvrwpmzqnw7e","time":1610346270,"event":{"mods":["BaseMod","BetterRewards","Colored Map","Downfall","GungeonMod","Highlight Path","Hubris","Infinite Spire","Minty Spire (QoL Compilation)","Random Character Button","Rare Cards Sparkle","Replay The Spire","Shop Mod","StSLib","The Disciple","The Forsaken","The Necromancer"],"gold_per_floor":[114,114,130,130,91,119,119,119,142,157,157,175,194,194,194,292,292,307,307,307,307],"floor_reached":20,"playtime":748,"items_purged":[],"score":172,"play_id":"8ef5b940-31dc-455e-8b17-20aeca041cc3","local_time":"20210110232430","is_ascension_mode":false,"campfire_choices":[{"data":"Strike_G","floor":7,"key":"SMITH"},{"floor":15,"key":"REST"}],"circlet_count":0,"master_deck":["Strike_G","Strike_G","Strike_G+1","Strike_G+1","Defend_G","Defend_G","Defend_G+1","Defend_G","Survivor","Neutralize","Fluid Movement","Catalyst","Dagger Throw+1","Quick Slash","Noxious Fumes","Replay:Poison Smokescreen","infinitespire:Neurotoxin"],"relics":["Ring of the Snake","Simple Rune","hubris:CrystalStatue","Oddly Smooth Stone","Juzu Bracelet","Philosopher\u0027s Stone"],"acts_visited":["Exordium","TheCity"],"potions_floor_usage":[6,16],"damage_taken":[{"damage":0,"enemies":"Jaw Worm","floor":1,"turns":5},{"damage":2,"enemies":"Cultist","floor":3,"turns":5},{"damage":26,"enemies":"3 Sentries","floor":6,"turns":12},{"damage":0,"enemies":"Small Slimes","floor":10,"turns":2},{"damage":0,"enemies":"Exordium Wildlife","floor":12,"turns":3},{"damage":3,"enemies":"Lots of Slimes","floor":13,"turns":3},{"damage":18,"enemies":"Hexaghost","floor":16,"turns":9},{"damage":8,"enemies":"Shell Parasite","floor":18,"turns":5},{"damage":51,"enemies":"3 Byrds","floor":20,"turns":3}],"seed_played":"-2865912099758168584","potions_obtained":[{"floor":3,"key":"Adrenaline Potion"},{"floor":12,"key":"SpeedPotion"},{"floor":13,"key":"sneckomod:MuddlingPotion"},{"floor":18,"key":"SpeedPotion"}],"is_trial":false,"path_per_floor":["M","?","M","?","$","E","R","T","T","M","?","M","M","$","R","B",null,"M","?","M"],"character_chosen":"THE_SILENT","items_purchased":["Dagger Throw+1"],"campfire_rested":1,"item_purchase_floors":[5],"current_hp_per_floor":[70,70,68,61,61,35,35,35,35,35,35,35,32,32,53,35,70,62,49,0,0],"gold":307,"neow_bonus":"THREE_CARDS","is_daily":false,"chose_seed":false,"campfire_upgraded":1,"win_rate":0.0,"timestamp":1610346270,"path_taken":["M","?","?","?","$","E","R","?","T","?","?","M","M","?","R","BOSS","M","?","M"],"items_purchased_type":["Card"],"build_version":"2020-12-22","purchased_purges":0,"victory":false,"max_hp_per_floor":[70,70,70,70,70,70,70,70,70,70,70,70,70,70,70,70,70,70,75,75,75],"card_choices":[{"not_picked":["Deflect","Dodge and Roll","PiercingWail"],"picked":"SKIP","floor":1},{"not_picked":["Blur","Sucker Punch"],"picked":"Catalyst","floor":3},{"not_picked":["Atom Bomb","Deflect"],"picked":"Quick Slash","floor":6},{"not_picked":["Outmaneuver","Backflip"],"picked":"Noxious Fumes","floor":10},{"not_picked":["ReplayTheSpireMod:Shiv Toss","Tools of the Trade","Deflect"],"picked":"SKIP","floor":12},{"not_picked":["Crippling Poison","ReplayTheSpireMod:Shiv Toss"],"picked":"Replay:Poison Smokescreen","floor":13},{"not_picked":["Wraith Form v2","Doppelganger"],"picked":"infinitespire:Neurotoxin","floor":16},{"not_picked":["Dodge and Roll","Tactician+1","Leg Sweep"],"picked":"SKIP","floor":18}],"player_experience":50748,"relics_obtained":[{"floor":6,"key":"Simple Rune"},{"floor":8,"key":"hubris:CrystalStatue"},{"floor":9,"key":"Oddly Smooth Stone"},{"floor":11,"key":"Juzu Bracelet"}],"event_choices":[{"damage_healed":0,"gold_gain":0,"cards_transformed":["Strike_G"],"player_choice":"Transformed","damage_taken":0,"max_hp_gain":0,"max_hp_loss":0,"event_name":"Transmorgrifier","floor":2,"gold_loss":0,"cards_obtained":["Fluid Movement"]},{"cards_removed":["Defend_G"],"damage_healed":0,"gold_gain":0,"player_choice":"Card Removal","damage_taken":7,"max_hp_gain":0,"max_hp_loss":0,"event_name":"Golden Wing","floor":4,"gold_loss":0},{"damage_healed":0,"gold_gain":0,"player_choice":"Relic","damage_taken":0,"max_hp_gain":0,"max_hp_loss":0,"event_name":"Wheel of Change","floor":11,"gold_loss":0},{"damage_healed":0,"gold_gain":0,"player_choice":"Shed Blood","damage_taken":18,"max_hp_gain":5,"max_hp_loss":0,"event_name":"Forgotten Altar","floor":19,"gold_loss":0}],"is_beta":false,"boss_relics":[{"not_picked":["Tiny House","Replay:Wanted Poster"],"picked":"Philosopher\u0027s Stone"}],"items_purged_floors":[],"is_endless":false,"potions_floor_spawned":[3,12,13,18],"killed_by":"3 Byrds","ascension_level":0}}