{"host":"cjhtzh7tp54jdfyv","time":1610326912,"event":{"mods":["AchievementEnabler","BaseMod","Colored Map","Colored Powertips","Curses Come First","DeckTracker","Filter the Spire","Minty Spire (QoL Compilation)","RNG Fix","Relic Sorter","Relic Stats","StSLib","UnlockEverythingMod","ojb\u0027s Better Paths Mod","ojb\u0027s Info Mod"],"gold_per_floor":[118,131,131,146,146,177,177,177,177],"floor_reached":8,"playtime":501,"items_purged":[],"score":112,"play_id":"d59e7108-7e81-4dd0-b2fa-eaf3d46b2e74","local_time":"20210110200152","is_ascension_mode":true,"campfire_choices":[{"data":"Eruption","floor":7.0,"key":"SMITH"}],"circlet_count":0,"master_deck":["AscendersBane","Strike_P","Strike_P","Strike_P","Strike_P","Defend_P","Defend_P","Defend_P","Eruption+1","Vigilance","EmptyMind","FlyingSleeves","InnerPeace","Vengeance"],"relics":["Sozu","Incense Burner"],"acts_visited":["Exordium"],"potions_floor_usage":[],"damage_taken":[{"damage":3.0,"enemies":"Small Slimes","floor":1.0,"turns":3.0},{"damage":0.0,"enemies":"2 Louse","floor":2.0,"turns":2.0},{"damage":8.0,"enemies":"Jaw Worm","floor":4.0,"turns":6.0},{"damage":37.0,"enemies":"Lagavulin","floor":6.0,"turns":6.0},{"damage":92,"enemies":"Gremlin Nob","floor":8,"turns":3}],"seed_played":"280873274030012608","potions_obtained":[],"is_trial":false,"path_per_floor":["M","M","?","M","?","E","R","E"],"character_chosen":"WATCHER","items_purchased":[],"campfire_rested":0,"item_purchase_floors":[],"current_hp_per_floor":[58,58,58,50,50,13,13,0,0],"gold":177,"neow_bonus":"BOSS_RELIC","is_daily":false,"chose_seed":false,"campfire_upgraded":1,"win_rate":0.0,"timestamp":1610326912,"path_taken":["M","M","?","M","?","E","R","E"],"items_purchased_type":[],"build_version":"2020-12-22","purchased_purges":0,"victory":false,"max_hp_per_floor":[68,68,68,68,68,68,68,68,68],"relic_stats":{"Sozu":3,"counters":[5,20],"obtain_stats":[{"Sozu":0,"Incense Burner":6,"PureWater":0},{"Sozu":0,"Incense Burner":4,"PureWater":0},{"Sozu":0,"Incense Burner":17,"PureWater":0}]},"card_choices":[{"not_picked":["Indignation","Protect"],"picked":"EmptyMind","floor":1.0},{"not_picked":["SashWhip","Crescendo"],"picked":"FlyingSleeves","floor":2.0},{"not_picked":["JustLucky","FlurryOfBlows"],"picked":"InnerPeace","floor":4.0},{"not_picked":["CarveReality","Study"],"picked":"Vengeance","floor":6.0}],"player_experience":4421481,"relics_obtained":[{"floor":6.0,"key":"Incense Burner"}],"event_choices":[{"damage_healed":0.0,"max_hp_gain":0.0,"max_hp_loss":0.0,"gold_gain":0.0,"event_name":"Lab","player_choice":"Got Potions","floor":3.0,"gold_loss":0.0,"damage_taken":0.0},{"cards_removed":["Defend_P"],"damage_healed":0.0,"max_hp_gain":0.0,"max_hp_loss":0.0,"gold_gain":0.0,"event_name":"Purifier","player_choice":"Purged","floor":5.0,"gold_loss":0.0,"damage_taken":0.0}],"is_beta":false,"boss_relics":[],"items_purged_floors":[],"is_endless":false,"potions_floor_spawned":[2],"killed_by":"Gremlin Nob","ascension_level":20}}