{"host":"l2dnabsh5e0fsksb","time":1610366514,"event":{"mods":["2.2 Compatiblity","BaseMod","Downfall","Minty Spire (QoL Compilation)","Quick Restart","StSLib"],"gold_per_floor":[99,99,99,15,15,43,93,113,144,69,87,87,87,120,137,235,235,235,250,270,270,284,284,284,20,50,35,35,49,149,177,187,282,282,207,221,221,149,165,165,165,165,184,109,134,150,150,150,164,164,164,197,7,7,7],"floor_reached":56,"playtime":2625,"items_purged":[],"score":1560,"play_id":"04225d7e-b9b6-4536-8c7b-7ae3a3876428","local_time":"20210111223154","is_ascension_mode":true,"campfire_choices":[{"floor":1.0,"key":"RECALL"},{"floor":10.0,"key":"REST"},{"data":"champ:EnchantShield","floor":13.0,"key":"SMITH"},{"data":"champ:Devastate","floor":18.0,"key":"SMITH"},{"floor":23.0,"key":"REST"},{"data":"champ:Improvising","floor":35.0,"key":"SMITH"},{"floor":40.0,"key":"REST"},{"data":"champ:IronFortress","floor":44.0,"key":"SMITH"},{"floor":47.0,"key":"REST"},{"floor":54.0,"key":"REST"}],"circlet_count":0,"master_deck":["champ:Strike+1","champ:Strike","champ:Strike","champ:Strike","champ:Defend","champ:Defend+1","champ:Defend","champ:Execute","champ:Taunt","champ:BringItOn","champ:FanOfKnives","champ:IronFortress+1","champ:FlashCut","champ:PreciseThrust+1","champ:FlashCut","champ:Backstep","champ:EnchantShield+1","champ:CrookedStrike","champ:Devastate+1","champ:SwordSigil","champ:Backstep+1","champ:FalseCounter","champ:PerfectedStrike+1","champ:BerserkerStyle+1","champ:Improvising+1","champ:BringItOn+1","champ:IronFortress+1","champ:Devastate+1","champ:RageSigil+1","champ:PerfectedStrike+1","champ:DeathBlow+1","champ:DefensiveStyle"],"relics":["champ:ChampionCrown","downfall:HeartsMalice","Akabeko","Regal Pillow","downfall:HeartBlessingRed","champ:GladiatorsBookOfMartialProwess","Pear","Busted Crown","downfall:RedIOU","War Paint","StrikeDummy","Bottled Lightning","Question Card","SlaversCollar","downfall:HeartBlessingGreen","ClockworkSouvenir","downfall:HeartBlessingBlue","Anchor","White Beast Statue","Bag of Marbles","champ:FightingForDummies"],"acts_visited":["Exordium","TheCity","TheBeyond","TheEnding"],"potions_floor_usage":[55,55,55,55,55],"damage_taken":[{"damage":0.0,"enemies":"2 Louse","floor":3.0,"turns":1.0},{"damage":0.0,"enemies":"downfall:FleeingMerchant","floor":4.0,"turns":1.0},{"damage":0.0,"enemies":"Cultist","floor":5.0,"turns":1.0},{"damage":45.0,"enemies":"Lagavulin","floor":6.0,"turns":8.0},{"damage":5.0,"enemies":"Small Slimes","floor":8.0,"turns":2.0},{"damage":9.0,"enemies":"3 Sentries","floor":9.0,"turns":6.0},{"damage":0.0,"enemies":"Blue Slaver","floor":11.0,"turns":3.0},{"damage":5.0,"enemies":"Gremlin Nob","floor":14.0,"turns":3.0},{"damage":0.0,"enemies":"Exordium Thugs","floor":15.0,"turns":3.0},{"damage":18.0,"enemies":"downfall:Watcher","floor":16.0,"turns":11.0},{"damage":0.0,"enemies":"Spheric Guardian","floor":19.0,"turns":3.0},{"damage":31.0,"enemies":"Centurion and Healer","floor":20.0,"turns":4.0},{"damage":27.0,"enemies":"Cultist and Chosen","floor":22.0,"turns":6.0},{"damage":5.0,"enemies":"downfall:FleeingMerchant","floor":25.0,"turns":4.0},{"damage":20.0,"enemies":"Book of Stabbing","floor":26.0,"turns":4.0},{"damage":5.0,"enemies":"downfall:FleeingMerchant","floor":27.0,"turns":4.0},{"damage":24.0,"enemies":"Snake Plant","floor":29.0,"turns":2.0},{"damage":9.0,"enemies":"Slavers","floor":31.0,"turns":3.0},{"damage":15.0,"enemies":"3 Cultists","floor":32.0,"turns":4.0},{"damage":29.0,"enemies":"downfall:Ironclad","floor":33.0,"turns":7.0},{"damage":14.0,"enemies":"3 Darklings","floor":36.0,"turns":6.0},{"damage":9.0,"enemies":"downfall:FleeingMerchant","floor":38.0,"turns":4.0},{"damage":6.0,"enemies":"3 Shapes","floor":39.0,"turns":6.0},{"damage":43.0,"enemies":"Transient","floor":43.0,"turns":5.0},{"damage":20.0,"enemies":"Giant Head","floor":45.0,"turns":6.0},{"damage":0.0,"enemies":"Sphere and 2 Shapes","floor":46.0,"turns":3.0},{"damage":15.0,"enemies":"Writhing Mass","floor":49.0,"turns":4.0},{"damage":57.0,"enemies":"downfall:Silent","floor":50.0,"turns":5.0},{"damage":52.0,"enemies":"downfall:CharBossMerchant","floor":52.0,"turns":7.0},{"damage":111,"enemies":"downfall:NeowBoss","floor":55,"turns":22}],"seed_played":"6639075477689577129","potions_obtained":[{"floor":6.0,"key":"Fire Potion"},{"floor":8.0,"key":"SpeedPotion"},{"floor":11.0,"key":"SteroidPotion"},{"floor":14.0,"key":"Weak Potion"},{"floor":19.0,"key":"Regen Potion"},{"floor":22.0,"key":"champ:CounterPotion"},{"floor":29.0,"key":"ColorlessPotion"},{"floor":31.0,"key":"BlessingOfTheForge"},{"floor":49.0,"key":"BlessingOfTheForge"}],"is_trial":false,"path_per_floor":["R","?","M","$","M","E","T","M","E","R","M","?","R","E","M","B",null,"R","M","M","?","M","R","T","$","E","$","?","M","?","E","M","B",null,"R","M","?","$","M","R","T","?","M","R","E","M","R","?","M","B",null,"E","$","R","B",null],"character_chosen":"THE_CHAMP","items_purchased":["champ:IronFortress","champ:FlashCut","StrikeDummy","ClockworkSouvenir","CultistPotion","Dexterity Potion","EntropicBrew","champ:FightingForDummies","champ:DefensiveStyle"],"campfire_rested":5,"item_purchase_floors":[4,4,25,38,38,38,38,53,53],"current_hp_per_floor":[81,81,81,81,81,41,41,41,32,74,74,56,56,61,61,48,87,87,87,61,61,58,100,100,100,88,88,88,64,64,55,45,19,80,80,75,75,66,62,100,100,100,65,75,65,65,110,110,106,63,98,58,58,106,67],"gold":7,"neow_bonus":"THREE_ENEMY_KILL","is_daily":false,"chose_seed":false,"campfire_upgraded":4,"win_rate":0.0,"timestamp":1610366514,"path_taken":["R","?","M","$","?","E","T","M","E","R","M","?","R","E","M","BOSS","R","M","M","?","M","R","T","$","E","?","?","M","?","E","M","BOSS","R","M","?","$","M","R","T","?","M","R","E","?","R","?","M","BOSS","E","$","R","BOSS"],"items_purchased_type":["Card","Card","Relic","Relic","Potion","Potion","Potion","Relic","Card"],"build_version":"2020-12-22","purchased_purges":0,"victory":true,"max_hp_per_floor":[90,90,90,90,90,90,90,90,90,90,90,90,90,100,100,100,100,100,100,100,100,100,100,100,100,100,100,100,100,100,100,100,100,100,100,100,100,100,100,100,100,100,100,110,110,110,110,110,110,110,110,110,110,110,110],"card_choices":[{"not_picked":["champ:AdrenalArmor","champ:ArenaPreparation"],"picked":"champ:BringItOn","floor":3.0},{"not_picked":["champ:GladiatorsShout","champ:Circumvent"],"picked":"champ:FanOfKnives","floor":4.0},{"not_picked":["champ:RageSigil","champ:BerserkersShout"],"picked":"champ:PreciseThrust","floor":5.0},{"not_picked":["champ:FocusedBerserking","champ:BladeFlurry"],"picked":"champ:FlashCut","floor":6.0},{"not_picked":["champ:RageSigil","champ:Aggression"],"picked":"champ:Backstep","floor":8.0},{"not_picked":["champ:EndlessRage","champ:AdrenalArmor","champ:RageSigil"],"picked":"SKIP","floor":9.0},{"not_picked":["champ:Control","champ:Backstep"],"picked":"champ:EnchantShield","floor":11.0},{"not_picked":["champ:HeartStrike","champ:ShieldSigil","champ:Haymaker"],"picked":"SKIP","floor":14.0},{"not_picked":["champ:DefensiveShout","champ:BerserkersShout"],"picked":"champ:CrookedStrike","floor":15.0},{"not_picked":["champ:IgnorePain","champ:EnchantSword"],"picked":"champ:Devastate","floor":16.0},{"not_picked":[],"picked":"champ:SwordSigil","floor":19.0},{"not_picked":["champ:EnragedBash"],"picked":"SKIP","floor":20.0},{"not_picked":[],"picked":"champ:Backstep","floor":22.0},{"not_picked":["champ:GutPunch+1"],"picked":"SKIP","floor":25.0},{"not_picked":["champ:MurderStrike"],"picked":"SKIP","floor":26.0},{"not_picked":[],"picked":"champ:FalseCounter","floor":27.0},{"not_picked":[],"picked":"champ:PerfectedStrike+1","floor":29.0},{"not_picked":[],"picked":"champ:BerserkerStyle+1","floor":31.0},{"not_picked":["champ:BerserkersShout","champ:CrookedStrike"],"picked":"SKIP","floor":32.0},{"not_picked":["champ:EnchantShield"],"picked":"champ:Improvising","floor":33.0},{"not_picked":["champ:FocusedDefense"],"picked":"champ:BringItOn+1","floor":36.0},{"not_picked":["champ:EnGarde","champ:GutPunch+1"],"picked":"SKIP","floor":38.0},{"not_picked":["champ:Circumvent+1"],"picked":"champ:IronFortress+1","floor":39.0},{"not_picked":["champ:AdrenalArmor"],"picked":"champ:RageSigil+1","floor":43.0},{"not_picked":["champ:Riposte","champ:EnchantCrown"],"picked":"SKIP","floor":45.0},{"not_picked":["champ:RecklessLeap"],"picked":"champ:PerfectedStrike+1","floor":46.0},{"not_picked":["champ:TornadoPunch+1","champ:SwordSigil"],"picked":"SKIP","floor":49.0},{"not_picked":["champ:GutPunch+1"],"picked":"champ:DeathBlow+1","floor":52.0}],"player_experience":1754677,"relics_obtained":[{"floor":6.0,"key":"Whetstone"},{"floor":7.0,"key":"Akabeko"},{"floor":9.0,"key":"Regal Pillow"},{"floor":14.0,"key":"Pear"},{"floor":24.0,"key":"War Paint"},{"floor":26.0,"key":"Bottled Lightning"},{"floor":31.0,"key":"Question Card"},{"floor":45.0,"key":"Anchor"},{"floor":48.0,"key":"White Beast Statue"},{"floor":52.0,"key":"Bag of Marbles"}],"event_choices":[{"cards_removed":["champ:Defend"],"damage_healed":0.0,"max_hp_gain":0.0,"max_hp_loss":0.0,"gold_gain":0.0,"event_name":"Purifier","player_choice":"Purged","floor":2.0,"gold_loss":0.0,"damage_taken":0.0},{"damage_healed":0.0,"max_hp_gain":0.0,"max_hp_loss":0.0,"gold_gain":0.0,"event_name":"Scrap Ooze","player_choice":"Success","floor":12.0,"gold_loss":0.0,"damage_taken":18.0,"relics_obtained":["champ:GladiatorsBookOfMartialProwess"]},{"damage_healed":0.0,"max_hp_gain":0.0,"max_hp_loss":0.0,"gold_gain":0.0,"event_name":"Vampires","player_choice":"Ignored","floor":28.0,"gold_loss":0.0,"damage_taken":0.0},{"damage_healed":0.0,"max_hp_gain":0.0,"max_hp_loss":0.0,"gold_gain":0.0,"event_name":"Duplicator","player_choice":"Copied","floor":42.0,"gold_loss":0.0,"damage_taken":0.0,"cards_obtained":["champ:Devastate"]}],"is_beta":false,"boss_relics":[{"not_picked":["downfall:Hecktoplasm","Fusion Hammer"],"picked":"Busted Crown"},{"not_picked":["Astrolabe","Coffee Dripper"],"picked":"SlaversCollar"}],"items_purged_floors":[],"is_endless":false,"potions_floor_spawned":[6,8,11,14,19,22,29,31,45,46,49,52],"ascension_level":6}}