{"host":"t5rw97mv1xv8s043","time":1610400544,"event":{"mods":["2.2 Compatiblity","Act Like it!","BaseMod","Colored Powertips","Downfall","Energized Spire","Hermit","Jorbs\u0027s Wanderer Trilogy","Minty Spire (QoL Compilation)","Rare Cards Sparkle","Replay The Spire","StSLib","The Bug Knight","The Cursed"],"gold_per_floor":[114,132,147,163,173,173,173,204,250,250,250,23,51,69,69,168,168,143,156,156,2,2,2],"floor_reached":22,"playtime":2299,"items_purged":["HollowMod:NailStrikeStart","HollowMod:NailStrikeStart"],"score":196,"play_id":"b86ed922-1892-4518-8888-48c9d8482b73","local_time":"20210111182904","is_ascension_mode":false,"campfire_choices":[{"data":"HollowMod:AwokenDreamNail","floor":6,"key":"SMITH"},{"floor":10,"key":"REST"},{"floor":15,"key":"REST"}],"circlet_count":0,"master_deck":["HollowMod:NailStrikeStart","HollowMod:NailStrikeStart+1","HollowMod:QuickDashStart","HollowMod:QuickDashStart","HollowMod:QuickDashStart","HollowMod:QuickDashStart+1","HollowMod:FocusHealStart+1","HollowMod:PogoStrike","HollowMod:CornifersMapStart","HollowMod:Grubsong","HollowMod:AwokenDreamNail+1","HollowMod:VengefulSpirit","HollowMod:CrystalDash","Parasite","HollowMod:DesolateDive","HollowMod:ZotesMagnificence","HollowMod:SoulShaman","HollowMod:MantisMark","HollowMod:QuirrelsAssistance","HollowMod:QuirrelsAssistance"],"relics":["HollowMod:VesselMask","Replay:Bottled Flurry","Gremlin Food","Chameleon Ring","SlaversCollar"],"acts_visited":["Exordium","TheCity"],"potions_floor_usage":[8,8,16,16,22],"damage_taken":[{"damage":1,"enemies":"Cultist","floor":1,"turns":3},{"damage":1,"enemies":"Jaw Worm","floor":2,"turns":5},{"damage":5,"enemies":"2 Louse","floor":3,"turns":2},{"damage":10,"enemies":"Exordium Wildlife","floor":4,"turns":4},{"damage":26,"enemies":"Red Slaver","floor":5,"turns":5},{"damage":36,"enemies":"Lagavulin","floor":8,"turns":5},{"damage":37,"enemies":"HollowMod:MossKnight","floor":13,"turns":13},{"damage":23,"enemies":"Exordium Thugs","floor":14,"turns":5},{"damage":18,"enemies":"Slime Boss","floor":16,"turns":9},{"damage":15,"enemies":"2 Thieves","floor":18,"turns":5},{"damage":12,"enemies":"Chosen","floor":19,"turns":4},{"damage":34,"enemies":"Centurion and Healer","floor":22,"turns":3}],"seed_played":"6911605264370331883","potions_obtained":[{"floor":2,"key":"Strength Potion"},{"floor":4,"key":"SteroidPotion"},{"floor":8,"key":"champ:CounterPotion"},{"floor":14,"key":"ColorlessPotion"},{"floor":18,"key":"AttackPotion"}],"is_trial":false,"path_per_floor":["M","M","M","M","M","R","?","E","T","R","?","$","E","M","R","B",null,"M","M","?","$","M"],"character_chosen":"THE_BUGKNIGHT","items_purchased":["Gremlin Food","HollowMod:QuirrelsAssistance"],"campfire_rested":2,"item_purchase_floors":[12,21],"current_hp_per_floor":[75,75,70,66,50,50,50,24,24,46,64,64,39,26,48,36,75,60,48,34,34,0,0],"gold":2,"neow_bonus":"UPGRADE_CARD","is_daily":false,"chose_seed":false,"campfire_upgraded":1,"win_rate":0.0,"timestamp":1610400544,"path_taken":["M","?","M","M","M","R","?","E","T","R","?","?","E","M","R","BOSS","M","M","?","?","M"],"items_purchased_type":["Relic","Card"],"build_version":"2020-12-22","purchased_purges":2,"victory":false,"max_hp_per_floor":[75,75,75,75,75,75,75,75,75,75,75,75,75,75,75,75,75,75,75,80,80,80,80],"card_choices":[{"not_picked":["HollowMod:SoulSplash","HollowMod:DreamGate"],"picked":"HollowMod:CornifersMapStart","floor":1},{"not_picked":["HollowMod:FallenFury","HollowMod:NewLittleFool"],"picked":"HollowMod:Grubsong","floor":2},{"not_picked":["HollowMod:DoubleDash","HollowMod:SoulStrike"],"picked":"HollowMod:AwokenDreamNail","floor":3},{"not_picked":["HollowMod:NewJinnsSoul","HollowMod:InfectedAttack"],"picked":"HollowMod:VengefulSpirit","floor":4},{"not_picked":["HollowMod:SiblingsSouls","HollowMod:GreatSlash","HollowMod:ShadowDash"],"picked":"SKIP","floor":5},{"not_picked":["HollowMod:MothsMistake","HollowMod:DashSlash"],"picked":"HollowMod:CrystalDash","floor":8},{"not_picked":["HollowMod:theNailsmith","HollowMod:SoulStrike"],"picked":"HollowMod:DesolateDive","floor":13},{"not_picked":["HollowMod:CornifersMapStart","HollowMod:NewGlowingWomb","HollowMod:HuntersJournal"],"picked":"SKIP","floor":14},{"not_picked":["HollowMod:AwokenDreamNail","HollowMod:ElderbugsWisdom"],"picked":"HollowMod:ZotesMagnificence","floor":16},{"not_picked":["HollowMod:HuntersJournal","HollowMod:WraithStrike"],"picked":"HollowMod:SoulShaman","floor":18},{"not_picked":["HollowMod:HuntersJournal","HollowMod:LifebloodCocoon"],"picked":"HollowMod:MantisMark","floor":19}],"player_experience":194089,"relics_obtained":[{"floor":8,"key":"Replay:Bottled Flurry"},{"floor":13,"key":"Chameleon Ring"}],"event_choices":[{"damage_healed":18,"gold_gain":0,"player_choice":"Healed and dodged fight","damage_taken":0,"max_hp_gain":0,"max_hp_loss":0,"event_name":"Mushrooms","floor":11,"gold_loss":0,"cards_obtained":["Parasite"]},{"damage_healed":0,"gold_gain":0,"player_choice":"Shed Blood","damage_taken":19,"max_hp_gain":5,"max_hp_loss":0,"event_name":"Forgotten Altar","floor":20,"gold_loss":0}],"is_beta":false,"boss_relics":[{"not_picked":["Tiny House","energizedSpire:StickyHand"],"picked":"SlaversCollar"}],"items_purged_floors":[12,21],"is_endless":false,"potions_floor_spawned":[2,4,8,14,18],"killed_by":"Centurion and Healer","ascension_level":0}}