{"host":"i0avyit1s6jb1siw","time":1610378355,"event":{"mods":["BaseMod","DeckTracker","Dota2Spire","Highlight Path","Minty Spire (QoL Compilation)","Quick Restart","StSLib","SuperFastMode"],"gold_per_floor":[310,328,478,17,17,17,17,50,50,50,85,102,121,21,21,98,98,98,98,98,48,48,48,48,48,48],"floor_reached":25,"playtime":697,"items_purged":["Doubt","Strike_G"],"score":458,"play_id":"f0ce7617-92ea-4213-8c4d-196e16489783","local_time":"20210111161915","is_ascension_mode":true,"campfire_choices":[{"data":"Neutralize","floor":6.0,"key":"SMITH"},{"data":"Bouncing Flask","floor":10,"key":"SMITH"},{"data":"Well Laid Plans","floor":15,"key":"SMITH"}],"circlet_count":0,"master_deck":["AscendersBane","Strike_G","Strike_G","Strike_G","Strike_G","Defend_G","Defend_G","Defend_G","Defend_G","Defend_G","Survivor","Neutralize+1","Flying Knee","Dagger Throw","Bouncing Flask+1","Well Laid Plans+1","Tactician","After Image","Catalyst","Crippling Poison","Mind Blast","Acrobatics","Flechettes"],"relics":["Ring of the Snake","Old Coin","Dota2Spire:Butterfly","MealTicket","Sundial","Dream Catcher","Ectoplasm","Dota2Spire:OrchidMalevolence"],"acts_visited":["TheCity"],"potions_floor_usage":[8,11,16,23,23],"damage_taken":[{"damage":0.0,"enemies":"2 Louse","floor":1.0,"turns":5.0},{"damage":0.0,"enemies":"Jaw Worm","floor":2.0,"turns":4.0},{"damage":16,"enemies":"Gremlin Nob","floor":8,"turns":4},{"damage":13,"enemies":"3 Sentries","floor":11,"turns":10},{"damage":2,"enemies":"Small Slimes","floor":12,"turns":3},{"damage":6,"enemies":"Exordium Thugs","floor":13,"turns":5},{"damage":3,"enemies":"Hexaghost","floor":16,"turns":8},{"damage":0,"enemies":"Chosen","floor":18,"turns":5},{"damage":10,"enemies":"Spheric Guardian","floor":19,"turns":5},{"damage":5,"enemies":"Centurion and Healer","floor":22,"turns":7},{"damage":32,"enemies":"Gremlin Leader","floor":23,"turns":8},{"damage":15,"enemies":"Shelled Parasite and Fungi","floor":25,"turns":2}],"seed_played":"7385752147916037763","potions_obtained":[{"floor":2.0,"key":"Fruit Juice"},{"floor":7.0,"key":"CunningPotion"},{"floor":8,"key":"SkillPotion"},{"floor":11,"key":"FearPotion"},{"floor":18,"key":"SneckoOil"}],"is_trial":false,"path_per_floor":["M","M","?","$","?","R","?","E","T","R","E","M","M","$","R","B",null,"M","M","?","$","M","E","?","M"],"character_chosen":"THE_SILENT","items_purchased":["Dota2Spire:Butterfly","BlessingOfTheForge","Acrobatics"],"campfire_rested":0,"item_purchase_floors":[4,4,21],"current_hp_per_floor":[59,59,59,59,41,41,46,30,30,30,17,15,9,24,24,21,59,59,49,37,52,47,15,15,0,0],"gold":48,"neow_bonus":"ONE_RARE_RELIC","is_daily":false,"chose_seed":false,"campfire_upgraded":3,"win_rate":0.0,"timestamp":1610378355,"path_taken":["M","M","?","$","?","R","?","E","T","R","E","M","M","$","R","BOSS","M","M","?","?","M","E","?","M"],"items_purchased_type":["Relic","Potion","Card"],"build_version":"2020-12-22","purchased_purges":2,"victory":false,"max_hp_per_floor":[66,66,66,66,66,66,71,71,71,71,71,71,71,71,71,71,71,71,71,71,71,71,71,71,71,71],"card_choices":[{"not_picked":["Prepared","Dodge and Roll"],"picked":"Flying Knee","floor":1.0},{"not_picked":["Outmaneuver","Sucker Punch"],"picked":"Dagger Throw","floor":2.0},{"not_picked":["A Thousand Cuts","Bane"],"picked":"Bouncing Flask","floor":8},{"not_picked":["Burst","Flechettes"],"picked":"Well Laid Plans","floor":11},{"not_picked":["Bane","Acrobatics","Endless Agony"],"picked":"SKIP","floor":12},{"not_picked":["Outmaneuver","Dagger Spray"],"picked":"Tactician","floor":13},{"not_picked":["Tools of the Trade","Corpse Explosion"],"picked":"After Image","floor":16},{"not_picked":["Sucker Punch","Deadly Poison"],"picked":"Catalyst","floor":18},{"not_picked":["Dodge and Roll","Distraction"],"picked":"Crippling Poison","floor":19},{"not_picked":["Outmaneuver","Dagger Spray"],"picked":"Flechettes","floor":22},{"not_picked":["Quick Slash","Infinite Blades","Tactician"],"picked":"SKIP","floor":23}],"player_experience":2200774,"relics_obtained":[{"floor":8,"key":"Sundial"},{"floor":11,"key":"Dream Catcher"},{"floor":23,"key":"Dota2Spire:OrchidMalevolence"}],"event_choices":[{"damage_healed":0.0,"max_hp_gain":0.0,"max_hp_loss":0.0,"gold_gain":150.0,"event_name":"Liars Game","player_choice":"AGREE","floor":3.0,"gold_loss":0.0,"damage_taken":0.0,"cards_obtained":["Doubt"]},{"damage_healed":0.0,"max_hp_gain":0.0,"max_hp_loss":0.0,"gold_gain":0.0,"event_name":"Scrap Ooze","player_choice":"Success","floor":5.0,"gold_loss":0.0,"damage_taken":18.0,"relics_obtained":["MealTicket"]},{"damage_healed":0.0,"max_hp_gain":0.0,"max_hp_loss":0.0,"gold_gain":0.0,"event_name":"Lab","player_choice":"Got Potions","floor":7.0,"gold_loss":0.0,"damage_taken":0.0},{"damage_healed":0,"gold_gain":0,"player_choice":"CARD ","damage_taken":12,"max_hp_gain":0,"max_hp_loss":0,"event_name":"Knowing Skull","floor":20,"potions_obtained":[],"gold_loss":0,"cards_obtained":["Mind Blast"]},{"damage_healed":0,"gold_gain":0,"player_choice":"Ignored","damage_taken":0,"max_hp_gain":0,"max_hp_loss":0,"event_name":"The Mausoleum","floor":24,"gold_loss":0}],"is_beta":false,"boss_relics":[{"not_picked":["Cursed Key","Pandora\u0027s Box"],"picked":"Ectoplasm"}],"items_purged_floors":[4,14],"is_endless":false,"potions_floor_spawned":[2,8,11,18],"killed_by":"Shelled Parasite and Fungi","ascension_level":20}}