{"host":"udsj4lb8h4i3mw66","time":1610391958,"event":{"mods":["100% Spire Juice","BaseMod","Marisa（F雨　魔理沙）","Minty Spire (QoL Compilation)","RumiaBox-露米娅的神秘盒子","StSLib","TestMod","Waifu the Spire","【功能Mod】混沌之环修复补丁"],"gold_per_floor":[109,109,119,119,219,244,16,28,74,92,112,140,140,163,163,268,28,55,55,55,73,95,95,137,137,173,173,195,0,41,62,62,173,173,202,265,324,324,350,350,388,406,442,462,486,486,486,510,510,510,510,510,46,80,80],"floor_reached":56,"playtime":2395,"items_purged":[],"score":1442,"play_id":"9825a749-c4ff-4eee-b84d-6dedb3af0191","local_time":"20210112030558","is_ascension_mode":false,"campfire_choices":[{"data":"Moonworks:AccelHyper","floor":13,"key":"SMITH"},{"floor":15,"key":"RECALL"},{"data":"Moonworks:SubspaceTunnel","floor":23,"key":"SMITH"},{"data":"Moonworks:MiracleRedBeanIceCream","floor":25,"key":"SMITH"},{"data":"Moonworks:BeyondHell","floor":32,"key":"SMITH"},{"data":"Moonworks:LulusLuckyEgg","floor":40,"key":"SMITH"},{"data":"Madness","floor":47,"key":"SMITH"},{"data":"Moonworks:x16BigRocket+1","floor":49,"key":"SMITH"},{"data":"Moonworks:WeAreWaruda","floor":52,"key":"SMITH"}],"circlet_count":0,"master_deck":["Moonworks:Strike","Moonworks:Strike","Moonworks:Strike","Moonworks:Strike","Moonworks:Defend","Moonworks:Defend","Moonworks:Defend","Moonworks:Defend","Moonworks:Ambush","Moonworks:LongDistanceShot","Moonworks:EvilSpyWorkPreparation","Moonworks:BeyondHell+1","Moonworks:SakisCookie","Moonworks:EvilSpyWorkPreparation","Moonworks:AccelHyper+1","Moonworks:AwakeningOfTalent+1","Moonworks:BigMagnum","Moonworks:MiracleRedBeanIceCream+1","Moonworks:IndiscriminateFireSupport","Moonworks:MetallicMonocoque+1","Moonworks:LulusLuckyEgg+1","Moonworks:TreasureThief","Moonworks:SubspaceTunnel+1","Moonworks:JonathanRush","Moonworks:WeAreWaruda+1","Moonworks:BeyondHell+1","Moonworks:ImOnFire","Moonworks:CloudOfSeagulls","Moonworks:AnotherUltimateWeapon+1","Moonworks:LulusLuckyEgg+1","Moonworks:StiffCrystal+1","Moonworks:Flamethrower+1","Moonworks:JonathanRush","Moonworks:MiracleRedBeanIceCream","Madness+1","Madness","Regret","Moonworks:EvilSpyWorkPreparation+1","Moonworks:JonathanRush+1","Moonworks:x16BigRocket+2","Moonworks:RagingMadness+1","Moonworks:AccelHyper","Moonworks:EvilSpyWorkPreparation","Moonworks:HolyNight+1"],"relics":["Moonworks:BrokenBomb","Moonworks:Homemark","testmod-TestBox","NeowsBlessing","testmod-Fortitude","Frozen Egg 2","CeramicFish","Cursed Key","Ccalipers","Strawberry","InkBottle","testmod-SaigiyounoYou","CatCart","Du-Vu Doll","Dream Catcher","Ancient Tea Set","Blue Candle","SSSystem"],"acts_visited":["Exordium","TheCity","TheBeyond","TheEnding"],"potions_floor_usage":[28,50,50,50,55],"damage_taken":[{"damage":0,"enemies":"Jaw Worm","floor":1,"turns":1},{"damage":0,"enemies":"2 Louse","floor":3,"turns":1},{"damage":0,"enemies":"Gremlin Nob","floor":6,"turns":1},{"damage":5,"enemies":"Cultist","floor":7,"turns":4},{"damage":14,"enemies":"Looter","floor":8,"turns":3},{"damage":13,"enemies":"Lots of Slimes","floor":11,"turns":2},{"damage":1,"enemies":"Red Slaver","floor":12,"turns":3},{"damage":0,"enemies":"Exordium Thugs","floor":14,"turns":3},{"damage":5,"enemies":"Slime Boss","floor":16,"turns":5},{"damage":20,"enemies":"2 Thieves","floor":18,"turns":2},{"damage":1,"enemies":"3 Byrds","floor":22,"turns":3},{"damage":17,"enemies":"Gremlin Leader","floor":24,"turns":4},{"damage":8,"enemies":"Centurion and Healer","floor":28,"turns":3},{"damage":10,"enemies":"Book of Stabbing","floor":30,"turns":4},{"damage":0,"enemies":"Cultist and Chosen","floor":31,"turns":3},{"damage":43,"enemies":"Champ","floor":33,"turns":7},{"damage":18,"enemies":"Orb Walker","floor":35,"turns":3},{"damage":2,"enemies":"Orin","floor":36,"turns":5},{"damage":10,"enemies":"Mind Bloom Boss Battle","floor":37,"turns":3},{"damage":10,"enemies":"3 Darklings","floor":39,"turns":5},{"damage":0,"enemies":"Giant Head","floor":41,"turns":5},{"damage":44,"enemies":"4 Shapes","floor":44,"turns":5},{"damage":6,"enemies":"Writhing Mass","floor":45,"turns":4},{"damage":0,"enemies":"Jaw Worm Horde","floor":48,"turns":1},{"damage":34,"enemies":"Donu and Deca","floor":50,"turns":6},{"damage":31,"enemies":"Shield and Spear","floor":54,"turns":5},{"damage":181,"enemies":"The Heart","floor":55,"turns":7}],"seed_played":"-5404655511397542019","potions_obtained":[{"floor":1,"key":"Strength Potion"},{"floor":3,"key":"AttackPotion"},{"floor":7,"key":"Fire Potion"},{"floor":28,"key":"Fruit Juice"},{"floor":36,"key":"DuplicationPotion"},{"floor":39,"key":"CultistPotion"},{"floor":54,"key":"SkillPotion"}],"is_trial":false,"path_per_floor":["M","$","M","?","?","E","M","M","T","?","M","M","R","M","R","B",null,"M","?","$","?","M","R","E","R","T","?","M","?","E","M","R","B",null,"M","?","?","?","M","R","E","?","T","M","M","?","R","M","R","B",null,"R","$","E","B",null],"character_chosen":"THE_STARBREAKER","items_purchased":["Moonworks:RagingMadness+1","Blue Candle","Moonworks:AccelHyper","Moonworks:EvilSpyWorkPreparation"],"campfire_rested":0,"item_purchase_floors":[53,53,53,53],"current_hp_per_floor":[60,60,60,65,65,65,60,46,46,46,35,34,34,41,41,41,65,45,75,75,75,75,75,65,65,65,72,71,71,61,66,66,28,87,72,87,87,87,80,80,87,76,76,59,64,64,64,70,70,71,87,87,87,78,20],"gold":80,"neow_bonus":"THREE_ENEMY_KILL","is_daily":false,"chose_seed":false,"campfire_upgraded":8,"win_rate":0.0,"timestamp":1610391958,"path_taken":["M","$","M","?","?","E","M","?","T","?","?","M","R","M","R","BOSS","M","?","$","?","?","R","E","R","T","?","M","?","E","M","R","BOSS","M","?","?","?","?","R","E","?","T","M","M","?","R","M","R","BOSS","R","$","E","BOSS"],"items_purchased_type":["Card","Relic","Card","Card"],"build_version":"2020-12-22","purchased_purges":0,"victory":true,"max_hp_per_floor":[60,60,60,65,65,65,65,65,65,65,65,65,65,65,65,65,65,65,75,75,75,75,75,75,75,75,82,87,87,87,87,87,87,87,87,87,87,87,87,87,87,87,87,87,87,87,87,87,87,87,87,87,87,87,87],"card_choices":[{"not_picked":["Moonworks:DevilHand","Moonworks:CloudOfSeagulls"],"picked":"Moonworks:EvilSpyWorkPreparation","floor":1},{"not_picked":["Moonworks:DeployBits","Moonworks:ImOnFire"],"picked":"Moonworks:BeyondHell","floor":3},{"not_picked":["Moonworks:MixPhenomenon","Moonworks:ImOnFire"],"picked":"Moonworks:SakisCookie","floor":6},{"not_picked":["Moonworks:StiffCrystal","Moonworks:CloudOfSeagulls"],"picked":"Moonworks:EvilSpyWorkPreparation","floor":7},{"not_picked":["Moonworks:Assault","Moonworks:AwakeningOfTalent"],"picked":"Moonworks:RocketCannon","floor":8},{"not_picked":["Moonworks:SakisCookie","Moonworks:JonathanRush"],"picked":"Moonworks:BigMagnum","floor":11},{"not_picked":["Moonworks:Assault","Moonworks:MixPhenomenon"],"picked":"Moonworks:MiracleRedBeanIceCream","floor":12},{"not_picked":["Moonworks:ImOnFire","Moonworks:Assault"],"picked":"Moonworks:IndiscriminateFireSupport","floor":14},{"not_picked":["Moonworks:ShieldCounter","Moonworks:Gamble"],"picked":"Moonworks:MetallicMonocoque+1","floor":16},{"not_picked":["Moonworks:Heat300Percent","Moonworks:DeployBits"],"picked":"Moonworks:LulusLuckyEgg","floor":18},{"not_picked":["Moonworks:IndiscriminateFireSupport","Moonworks:EvilSpyWorkPreparation"],"picked":"Moonworks:JonathanRush","floor":22},{"not_picked":["Moonworks:IndiscriminateFireSupport","Moonworks:ForcedRevival"],"picked":"Moonworks:WeAreWaruda","floor":24},{"not_picked":["Moonworks:NicePresent","Moonworks:IndiscriminateFireSupport"],"picked":"Moonworks:BeyondHell+1","floor":28},{"not_picked":["Moonworks:UnpaidWork","Moonworks:MiracleRedBeanIceCream+1"],"picked":"Moonworks:ImOnFire","floor":30},{"not_picked":["Moonworks:ImOnFire","Moonworks:StiffCrystal"],"picked":"Moonworks:CloudOfSeagulls","floor":31},{"not_picked":["Moonworks:FinalBattle+1","Moonworks:WeAreWaruda"],"picked":"Moonworks:AnotherUltimateWeapon+1","floor":33},{"not_picked":["Moonworks:Assault+1","Moonworks:IndiscriminateFireSupport+1"],"picked":"Moonworks:LulusLuckyEgg+1","floor":35},{"not_picked":["Moonworks:SelfDestruct","Moonworks:ImmovableObject+1"],"picked":"Moonworks:StiffCrystal+1","floor":36},{"not_picked":["Moonworks:TreasureThief+1","Moonworks:JonathanRush"],"picked":"Moonworks:Flamethrower+1","floor":37},{"not_picked":["Moonworks:NicePresent","Moonworks:UnpaidWork+1"],"picked":"Moonworks:JonathanRush","floor":39},{"not_picked":["Moonworks:UnluckyCharm","Moonworks:IndiscriminateFireSupport+1"],"picked":"Moonworks:MiracleRedBeanIceCream","floor":41},{"not_picked":["Moonworks:LulusLuckyEgg+1","Moonworks:StiffCrystal+1"],"picked":"Moonworks:EvilSpyWorkPreparation+1","floor":44},{"not_picked":["Moonworks:CloudOfSeagulls","Moonworks:IndiscriminateFireSupport+1"],"picked":"Moonworks:JonathanRush+1","floor":45},{"not_picked":["Moonworks:SelfDestruct","Moonworks:CloudOfSeagulls"],"picked":"Moonworks:x16BigRocket+1","floor":48},{"not_picked":["Moonworks:CloudOfSeagulls+1","Moonworks:MiracleWalker"],"picked":"Moonworks:HolyNight+1","floor":54}],"player_experience":287918,"relics_obtained":[{"floor":6,"key":"Frozen Egg 2"},{"floor":9,"key":"CeramicFish"},{"floor":24,"key":"Ccalipers"},{"floor":30,"key":"InkBottle"},{"floor":36,"key":"CatCart"},{"floor":37,"key":"Du-Vu Doll"},{"floor":41,"key":"Dream Catcher"},{"floor":43,"key":"Ancient Tea Set"},{"floor":54,"key":"SSSystem"}],"event_choices":[{"damage_healed":0,"gold_gain":0,"player_choice":"Donut","damage_taken":0,"max_hp_gain":5,"max_hp_loss":0,"event_name":"Big Fish","floor":4,"gold_loss":0},{"damage_healed":0,"gold_gain":100,"player_choice":"Pray","damage_taken":0,"max_hp_gain":0,"max_hp_loss":0,"event_name":"Golden Shrine","floor":5,"gold_loss":0},{"damage_healed":0,"gold_gain":0,"player_choice":"2 cards matched","damage_taken":0,"max_hp_gain":0,"max_hp_loss":0,"event_name":"Match and Keep!","floor":10,"gold_loss":0,"cards_obtained":["Moonworks:AccelHyper","Moonworks:AwakeningOfTalent"]},{"cards_removed":["Moonworks:RocketCannon"],"damage_healed":20,"gold_gain":0,"player_choice":"Offered Rare","damage_taken":0,"max_hp_gain":10,"max_hp_loss":0,"event_name":"Bonfire Elementals","floor":19,"gold_loss":0},{"damage_healed":0,"gold_gain":0,"player_choice":"2 cards matched","damage_taken":0,"max_hp_gain":0,"max_hp_loss":0,"event_name":"Match and Keep!","floor":21,"gold_loss":0,"cards_obtained":["Moonworks:TreasureThief","Moonworks:SubspaceTunnel"]},{"damage_healed":0,"gold_gain":0,"player_choice":"Opened","damage_taken":0,"relics_obtained":["Strawberry"],"max_hp_gain":0,"max_hp_loss":0,"event_name":"The Mausoleum","floor":27,"gold_loss":0},{"cards_removed":["Decay"],"damage_healed":0,"gold_gain":0,"player_choice":"Gave Gold","damage_taken":0,"max_hp_gain":0,"max_hp_loss":0,"event_name":"Beggar","floor":29,"gold_loss":75},{"damage_healed":0,"gold_gain":0,"player_choice":"Fight","damage_taken":0,"max_hp_gain":0,"max_hp_loss":0,"event_name":"OrinTheCat","floor":36,"gold_loss":0},{"damage_healed":0,"gold_gain":0,"player_choice":"Fight","damage_taken":0,"max_hp_gain":0,"max_hp_loss":0,"event_name":"MindBloom","floor":37,"gold_loss":0},{"damage_healed":0,"gold_gain":0,"player_choice":"Upgraded","damage_taken":0,"max_hp_gain":0,"max_hp_loss":0,"event_name":"Upgrade Shrine","floor":38,"gold_loss":0,"cards_upgraded":["Moonworks:AwakeningOfTalent"]},{"damage_healed":0,"gold_gain":0,"player_choice":"Embrace Madness","damage_taken":11,"max_hp_gain":0,"max_hp_loss":0,"event_name":"Winding Halls","floor":42,"gold_loss":0,"cards_obtained":["Madness","Madness"]},{"damage_healed":0,"gold_gain":0,"player_choice":"Ignored","damage_taken":0,"max_hp_gain":0,"max_hp_loss":0,"event_name":"Mysterious Sphere","floor":46,"gold_loss":0}],"is_beta":false,"boss_relics":[{"not_picked":["testmod-KeyOfTheVoid","testmod-Nine"],"picked":"Cursed Key"},{"not_picked":["Snecko Eye","SoulBox"],"picked":"testmod-SaigiyounoYou"}],"items_purged_floors":[],"is_endless":false,"potions_floor_spawned":[1,3,7,14,18,28,33,36,39,45,54],"ascension_level":0}}