{"host":"6h0diz2ap0m56grs","time":1610324612,"event":{"mods":["2.2 Compatiblity","BaseMod","Colored Map","Marisa????????","Minty Spire (QoL Compilation)","Quick Restart","Replay The Spire","Shop Mod","StSLib","The Servant 0.9.4"],"gold_per_floor":[112,128,140,63,78,109,136,168,168,194,194,221,221,252,252,348,348,366,379,379,379,379,414,446,476,530,558,578,667,439,292,292,292,292],"floor_reached":33,"playtime":3121,"items_purged":[],"score":674,"play_id":"22bfe457-8635-4de4-92cd-5d4e6bc7b315","local_time":"20210110182332","daily_mods":["SealedDeck","Heirloom","Time Dilation","Flight"],"is_ascension_mode":true,"campfire_choices":[{"data":"DarkMatter","floor":11,"key":"SMITH"},{"data":"SprinkleStarSeal","floor":15,"key":"SMITH"},{"data":"MilkyWay","floor":32,"key":"SMITH"}],"circlet_count":0,"master_deck":["UnstableBomb","ShootTheMoon","SporeBomb","AsteroidBelt","MeteoricShower","GalacticHalo","SprinkleStarSeal+1","WitchLeyline","DarkMatter+1","MilkyWay+1","JA+1","AlicesGift","MeteoricShower","MilkyWay","GasGiant","GasGiant","Parasite","Parasite"],"relics":["MiniHakkero","replay:Trail_Library","Incense Burner","Replay:Ringing Soul","Singing Bowl","Garlic","Snack Pack","Golden Egg","Replay:Mystery Machine","ReplayTheSpireMod:DimensionalGlitch","Molten Egg 2","Orichalcum","Smiling Mask","Art of War","ShroomBag","PreservedInsect","Happy Flower","MerchantsRug","Oddly Smooth Stone"],"acts_visited":["Exordium","TheCity"],"potions_floor_usage":[16,25],"damage_taken":[{"damage":0,"enemies":"Cultist","floor":1,"turns":3},{"damage":5,"enemies":"2 Louse","floor":2,"turns":2},{"damage":0,"enemies":"Jaw Worm","floor":3,"turns":2},{"damage":0,"enemies":"Large Slime","floor":5,"turns":3},{"damage":2,"enemies":"3 Sentries","floor":6,"turns":5},{"damage":0,"enemies":"Gremlin Nob","floor":7,"turns":2},{"damage":0,"enemies":"Lagavulin","floor":8,"turns":4},{"damage":0,"enemies":"3 Sentries","floor":10,"turns":5},{"damage":0,"enemies":"Gremlin Nob","floor":12,"turns":2},{"damage":3,"enemies":"Lagavulin","floor":14,"turns":4},{"damage":0,"enemies":"Slime Boss","floor":16,"turns":6},{"damage":0,"enemies":"Chosen","floor":18,"turns":3},{"damage":0,"enemies":"3 Byrds","floor":19,"turns":2},{"damage":4,"enemies":"Slavers","floor":23,"turns":3},{"damage":0,"enemies":"Gremlin Leader","floor":24,"turns":4},{"damage":0,"enemies":"Slavers","floor":25,"turns":3},{"damage":0,"enemies":"Replay:Snechameleon","floor":27,"turns":5},{"damage":0,"enemies":"Centurion and Healer","floor":28,"turns":2},{"damage":0,"enemies":"Pondfish","floor":33,"turns":2}],"seed_played":"944015701598319409","potions_obtained":[{"floor":1,"key":"Swift Potion"},{"floor":5,"key":"ColorlessPotion"},{"floor":6,"key":"Elixir"},{"floor":10,"key":"Dexterity Potion"},{"floor":14,"key":"Block Potion"},{"floor":18,"key":"SneckoOil"},{"floor":19,"key":"BlessingOfTheForge"},{"floor":25,"key":"BlessingOfTheForge"}],"is_trial":true,"path_per_floor":["M","M","M","$","M","E","E","E","T","E","R","E","?","E","R","B",null,"M","M","?","?","?","E","E","E","T","E","M","?","$","$","R","B"],"character_chosen":"MARISA","items_purchased":["JA","Happy Flower","MerchantsRug","Oddly Smooth Stone"],"campfire_rested":0,"item_purchase_floors":[4,30,30,31],"current_hp_per_floor":[75,70,70,70,70,68,70,73,73,79,79,84,87,89,89,92,92,95,97,97,97,97,97,100,103,103,108,111,88,88,88,88,90,90],"gold":292,"neow_bonus":"","is_daily":false,"chose_seed":false,"campfire_upgraded":3,"win_rate":0.0,"timestamp":1610324612,"path_taken":["M","M","M","$","?","E","E","E","T","E","R","E","?","E","R","BOSS","M","?","?","?","?","E","E","E","T","E","?","?","$","$","R","BOSS"],"items_purchased_type":["Card","Relic","Relic","Relic"],"build_version":"2020-12-22","purchased_purges":0,"victory":false,"max_hp_per_floor":[75,75,75,75,75,75,77,80,80,82,82,85,88,90,90,92,92,95,97,97,97,97,100,102,104,104,109,111,115,115,115,115,115,115],"card_choices":[{"not_picked":["SporeBomb","Acceleration","NonDirectionalLaser"],"picked":"SKIP","floor":1},{"not_picked":["Singularity","LuminesStrike","RefractionSpark"],"picked":"SKIP","floor":2},{"not_picked":["PowerUp","ShootTheMoon","ManaConvection"],"picked":"SKIP","floor":3},{"not_picked":["DarkMatter","DC","OneTimeOff"],"picked":"SKIP","floor":5},{"not_picked":["Acceleration","DarkMatter","BlazeAway"],"picked":"SKIP","floor":6},{"not_picked":["NonDirectionalLaser","BlazeAway","WitchOfGreed"],"picked":"Singing Bowl","floor":7},{"not_picked":["Acceleration","ManaConvection"],"picked":"AlicesGift","floor":8},{"not_picked":["UnstableBomb","GravityBeat","EnergyRecoil"],"picked":"Singing Bowl","floor":10},{"not_picked":["GrandCross","Acceleration"],"picked":"MeteoricShower","floor":12},{"not_picked":["WitchOfGreed","StarlightTyphoon","Acceleration"],"picked":"Singing Bowl","floor":14},{"not_picked":["AbsoluteMagnitude","ManaRampage","JA"],"picked":"Singing Bowl","floor":16},{"not_picked":["DC","StarlightTyphoon"],"picked":"GasGiant","floor":18},{"not_picked":["EarthLightRay","DC","LuminesStrike"],"picked":"Singing Bowl","floor":19},{"not_picked":["ChargeUpSpray+1","GrandCross+1"],"picked":"GasGiant","floor":23},{"not_picked":["GrandCross+1","EnergyRecoil+1","DarkSpark+1"],"picked":"Singing Bowl","floor":24},{"not_picked":["ChargingUp","Occultation","UnstableBomb+1"],"picked":"Singing Bowl","floor":25},{"not_picked":["PowerUp","AlicesGift+1","Acceleration"],"picked":"Singing Bowl","floor":27},{"not_picked":["WitchOfGreed","GrandCross+1","JA+1"],"picked":"Singing Bowl","floor":28},{"not_picked":["GrandCross+1","MysteriousBeam+1","RefractionSpark+1"],"picked":"Singing Bowl","floor":29},{"not_picked":["WitchOfGreed","PowerUp","AsteroidBelt"],"picked":"Singing Bowl","floor":29}],"player_experience":165932,"relics_obtained":[{"floor":6,"key":"Replay:Ringing Soul"},{"floor":7,"key":"Singing Bowl"},{"floor":8,"key":"Garlic"},{"floor":9,"key":"Snack Pack"},{"floor":10,"key":"Golden Egg"},{"floor":12,"key":"Replay:Mystery Machine"},{"floor":14,"key":"Replay:WaspNest"},{"floor":23,"key":"Molten Egg 2"},{"floor":24,"key":"Orichalcum"},{"floor":25,"key":"Smiling Mask"},{"floor":26,"key":"Art of War"},{"floor":27,"key":"ShroomBag"},{"floor":29,"key":"PreservedInsect"}],"event_choices":[{"damage_healed":0,"gold_gain":0,"player_choice":"Ignored","damage_taken":0,"max_hp_gain":0,"max_hp_loss":0,"event_name":"Vampires","floor":20,"gold_loss":0},{"damage_healed":0,"gold_gain":0,"player_choice":"Forge","damage_taken":0,"max_hp_gain":0,"max_hp_loss":0,"event_name":"Accursed Blacksmith","floor":22,"gold_loss":0,"cards_upgraded":["JA"]}],"is_beta":false,"boss_relics":[{"not_picked":["Runic Dome","Snecko Eye"],"picked":"ReplayTheSpireMod:DimensionalGlitch"}],"items_purged_floors":[],"is_endless":false,"potions_floor_spawned":[1,5,6,8,10,14,18,19,25],"killed_by":"Pondfish","ascension_level":1}}