{"host":"1c52r9kaxdyo25eq","time":1610377577,"event":{"mods":["AchievementEnabler","BaseMod","Minty Spire (QoL Compilation)","Rare Cards Sparkle","SuperFastMode","everything is the same but u backflip on backflip"],"gold_per_floor":[116,132,150,150,170,170,185,185,185,203,77,90,105,126,126,225,225,238,208,233,68,88,88,123,123,123,123,141,155,55,75,75,171,171,189,522,536,30,41,41,61,61,61],"floor_reached":42,"playtime":1250,"items_purged":["Defend_G","Night Terror","A Thousand Cuts"],"score":911,"play_id":"3adbe7b1-a5e4-4d5e-8682-3c9aefe4884f","local_time":"20210112000617","is_ascension_mode":true,"campfire_choices":[{"floor":6.0,"key":"REST"},{"floor":15.0,"key":"REST"},{"data":"Accuracy","floor":23.0,"key":"SMITH"},{"floor":25.0,"key":"REST"},{"data":"Accuracy","floor":27.0,"key":"SMITH"},{"floor":32.0,"key":"REST"},{"floor":40,"key":"REST"}],"circlet_count":0,"master_deck":["AscendersBane","Survivor+1","Neutralize","After Image","Backflip","Blade Dance+1","Predator","Finisher","Footwork","Blade Dance+1","Accuracy+1","Dagger Throw","Burst","Caltrops","Poisoned Stab","Underhanded Strike","Accuracy+1","Endless Agony","Prepared","Tactician","Wraith Form v2","Acrobatics"],"relics":["Ring of the Snake","MealTicket","Pandora\u0027s Box","Lee\u0027s Waffle","Centennial Puzzle","Eternal Feather","WristBlade","War Paint","TheAbacus"],"acts_visited":["Exordium","TheCity","TheBeyond"],"potions_floor_usage":[39],"damage_taken":[{"damage":6.0,"enemies":"Small Slimes","floor":1.0,"turns":4.0},{"damage":10.0,"enemies":"Jaw Worm","floor":2.0,"turns":5.0},{"damage":0.0,"enemies":"Cultist","floor":3.0,"turns":4.0},{"damage":17.0,"enemies":"Gremlin Gang","floor":5.0,"turns":4.0},{"damage":14.0,"enemies":"3 Louse","floor":7.0,"turns":4.0},{"damage":1.0,"enemies":"Looter","floor":10.0,"turns":2.0},{"damage":7.0,"enemies":"Blue Slaver","floor":12.0,"turns":3.0},{"damage":0.0,"enemies":"Red Slaver","floor":13.0,"turns":1.0},{"damage":0.0,"enemies":"Looter","floor":14.0,"turns":2.0},{"damage":26.0,"enemies":"Hexaghost","floor":16.0,"turns":11.0},{"damage":6.0,"enemies":"Chosen","floor":18.0,"turns":3.0},{"damage":20.0,"enemies":"2 Thieves","floor":20.0,"turns":3.0},{"damage":16.0,"enemies":"Sentry and Sphere","floor":22.0,"turns":3.0},{"damage":30.0,"enemies":"Book of Stabbing","floor":24.0,"turns":4.0},{"damage":31.0,"enemies":"3 Cultists","floor":28.0,"turns":5.0},{"damage":4.0,"enemies":"Chosen and Byrds","floor":29.0,"turns":4.0},{"damage":12.0,"enemies":"Snake Plant","floor":31.0,"turns":4.0},{"damage":24.0,"enemies":"Automaton","floor":33.0,"turns":4.0},{"damage":22.0,"enemies":"3 Darklings","floor":35.0,"turns":3.0},{"damage":14.0,"enemies":"Orb Walker","floor":37.0,"turns":3.0},{"damage":22,"enemies":"4 Shapes","floor":39,"turns":8},{"damage":16,"enemies":"Spire Growth","floor":41,"turns":3},{"damage":0,"enemies":"Reptomancer","floor":42,"turns":2}],"seed_played":"756376223663293351","potions_obtained":[{"floor":2.0,"key":"Dexterity Potion"},{"floor":7.0,"key":"CunningPotion"},{"floor":10.0,"key":"Dexterity Potion"},{"floor":12.0,"key":"Block Potion"},{"floor":19.0,"key":"Ancient Potion"},{"floor":19.0,"key":"EssenceOfSteel"},{"floor":22.0,"key":"LiquidMemories"},{"floor":28.0,"key":"Ancient Potion"},{"floor":29.0,"key":"GhostInAJar"}],"is_trial":false,"path_per_floor":["M","M","M","?","M","R","M","?","T","M","$","M","M","M","R","B",null,"M","?","M","$","M","R","E","R","T","R","M","M","$","M","R","B",null,"M","?","M","$","M","R","M","E"],"character_chosen":"THE_SILENT","items_purchased":["Blade Dance","Lee\u0027s Waffle","War Paint","TheAbacus","Acrobatics"],"campfire_rested":5,"item_purchase_floors":[11,21,38,38,38],"current_hp_per_floor":[53,43,43,25,8,26,12,12,12,11,26,19,19,19,35,9,43,37,37,17,61,45,45,15,33,33,45,14,10,25,13,43,19,51,29,29,15,30,8,38,22,22,22],"gold":61,"neow_bonus":"THREE_RARE_CARDS","is_daily":false,"chose_seed":false,"campfire_upgraded":2,"win_rate":0.0,"timestamp":1610377577,"path_taken":["M","M","M","?","M","R","M","?","T","M","$","M","M","M","R","BOSS","M","?","M","$","?","R","E","R","T","R","?","M","$","M","R","BOSS","M","?","M","$","M","R","M","E"],"items_purchased_type":["Card","Relic","Relic","Relic","Card"],"build_version":"2020-12-22","purchased_purges":3,"victory":false,"max_hp_per_floor":[60,60,60,60,60,60,60,54,54,54,54,54,54,54,54,54,54,54,54,54,61,61,61,61,61,61,61,61,61,61,61,61,61,61,61,61,61,61,61,61,61,61,61],"card_choices":[{"not_picked":["Burst","Venomology"],"picked":"After Image","floor":0.0},{"not_picked":["Sucker Punch","Flying Knee"],"picked":"Backflip","floor":1.0},{"not_picked":["Underhanded Strike","Acrobatics"],"picked":"Blade Dance","floor":2.0},{"not_picked":["Dagger Throw","Expertise"],"picked":"Predator","floor":3.0},{"not_picked":["Skewer","Heel Hook"],"picked":"Finisher","floor":5.0},{"not_picked":["Well Laid Plans","Leg Sweep"],"picked":"Footwork","floor":7.0},{"not_picked":["Quick Slash","Backflip","Eviscerate"],"picked":"SKIP","floor":10.0},{"not_picked":["Reflex","Skewer"],"picked":"Accuracy","floor":12.0},{"not_picked":["PiercingWail","Skewer","Escape Plan"],"picked":"SKIP","floor":13.0},{"not_picked":["Sucker Punch","Choke","Outmaneuver"],"picked":"SKIP","floor":14.0},{"not_picked":["Sucker Punch","Distraction+1","Deadly Poison"],"picked":"SKIP","floor":18.0},{"not_picked":["Blade Dance","Accuracy"],"picked":"Prepared","floor":20.0},{"not_picked":["Quick Slash+1","Deflect","Escape Plan"],"picked":"SKIP","floor":22.0},{"not_picked":["Accuracy","Dodge and Roll","Deadly Poison"],"picked":"SKIP","floor":24.0},{"not_picked":["Bane","Wraith Form v2","Finisher"],"picked":"SKIP","floor":28.0},{"not_picked":["Dagger Throw","Flechettes","Bane"],"picked":"SKIP","floor":29.0},{"not_picked":["Slice","Underhanded Strike"],"picked":"Tactician","floor":31.0},{"not_picked":["Bullet Time","Grand Finale"],"picked":"Wraith Form v2","floor":33.0},{"not_picked":["Setup","Outmaneuver+1","Noxious Fumes"],"picked":"SKIP","floor":35.0},{"not_picked":["Noxious Fumes","Distraction","Dagger Throw+1"],"picked":"SKIP","floor":37.0},{"not_picked":["Bane","Accuracy+1","Slice"],"picked":"SKIP","floor":39},{"not_picked":["Backstab","Acrobatics","Underhanded Strike"],"picked":"SKIP","floor":41}],"player_experience":575315,"relics_obtained":[{"floor":9.0,"key":"MealTicket"},{"floor":24.0,"key":"Centennial Puzzle"},{"floor":26.0,"key":"Eternal Feather"}],"event_choices":[{"damage_healed":0.0,"max_hp_gain":0.0,"max_hp_loss":0.0,"gold_gain":0.0,"event_name":"Shining Light","player_choice":"Entered Light","floor":4.0,"gold_loss":0.0,"damage_taken":18.0,"cards_upgraded":["Blade Dance","Strike_G"]},{"damage_healed":0.0,"max_hp_gain":0.0,"max_hp_loss":6.0,"gold_gain":0.0,"event_name":"Golden Idol","player_choice":"Lose Max HP","floor":8.0,"gold_loss":0.0,"damage_taken":0.0,"relics_obtained":["Golden Idol"]},{"damage_healed":0.0,"max_hp_gain":0.0,"max_hp_loss":0.0,"gold_gain":0.0,"event_name":"The Woman in Blue","player_choice":"Bought 2 Potions","floor":19.0,"gold_loss":0.0,"damage_taken":0.0},{"damage_healed":0.0,"max_hp_gain":0.0,"max_hp_loss":0.0,"gold_gain":333.0,"event_name":"The Moai Head","player_choice":"Gave Idol","floor":36.0,"relics_lost":["Golden Idol"],"gold_loss":0.0,"damage_taken":0.0}],"is_beta":false,"boss_relics":[{"not_picked":["Empty Cage","Fusion Hammer"],"picked":"Pandora\u0027s Box"},{"not_picked":["Cursed Key","Runic Dome"],"picked":"WristBlade"}],"items_purged_floors":[11,30,38],"is_endless":false,"potions_floor_spawned":[2,7,10,12,14,22,28,29],"killed_by":"Reptomancer","ascension_level":20}}