{"host":"i0avyit1s6jb1siw","time":1610386609,"event":{"mods":["BaseMod","DeckTracker","Dota2Spire","Highlight Path","Minty Spire (QoL Compilation)","Quick Restart","StSLib","SuperFastMode"],"gold_per_floor":[111,111,71,82,98,98,98,133,133,144,69,69,34,46,46,122,122,134,184,200,200,218,218,229,129,153,181,193,68,68,78,78,157,157,177,188,98,113,133,166,166,191,191,216,233,233,246,281,281,281,281,281],"floor_reached":51,"playtime":1652,"items_purged":["Strike_G","Strike_G","Strike_G"],"score":1603,"play_id":"42e77930-f548-44f3-99dc-4ec232d514ca","local_time":"20210111183649","is_ascension_mode":true,"campfire_choices":[{"data":"Deadly Poison","floor":6,"key":"SMITH"},{"data":"Corpse Explosion","floor":15,"key":"SMITH"},{"floor":23,"key":"REST"},{"floor":32,"key":"REST"},{"floor":46,"key":"RECALL"},{"data":"Wraith Form v2","floor":49,"key":"SMITH"}],"circlet_count":0,"master_deck":["AscendersBane","Defend_G","Defend_G","Defend_G","Defend_G","Defend_G","Survivor","Neutralize","Deadly Poison+1","Backstab","Calculated Gamble","Corpse Explosion+1","Bouncing Flask","Adrenaline","Cloak And Dagger+1","Blade Dance+1","Cloak And Dagger","Wraith Form v2","Finisher+1","Sucker Punch+1","PiercingWail+1","Choke+1","Blade Dance","Wraith Form v2+1","Blur","Wraith Form v2"],"relics":["Ring of the Snake","Dota2Spire:MagicBottle","Dota2Spire:OctarineCore","Kunai","Runic Pyramid","Oddly Smooth Stone","Dota2Spire:LinkenSphere","Sozu","Dota2Spire:ArmletOfMordiggian","Lantern","Eternal Feather","Boot","Thread and Needle","Anchor"],"acts_visited":["Exordium","TheCity","TheBeyond"],"potions_floor_usage":[16,28,35],"damage_taken":[{"damage":1,"enemies":"Small Slimes","floor":1,"turns":4},{"damage":1,"enemies":"Cultist","floor":4,"turns":4},{"damage":2,"enemies":"2 Louse","floor":5,"turns":2},{"damage":36,"enemies":"Lagavulin","floor":8,"turns":9},{"damage":6,"enemies":"Gremlin Gang","floor":10,"turns":3},{"damage":6,"enemies":"Exordium Thugs","floor":14,"turns":3},{"damage":8,"enemies":"Hexaghost","floor":16,"turns":8},{"damage":14,"enemies":"2 Thieves","floor":18,"turns":3},{"damage":6,"enemies":"Shell Parasite","floor":20,"turns":5},{"damage":0,"enemies":"3 Cultists","floor":22,"turns":3},{"damage":17,"enemies":"Cultist and Chosen","floor":24,"turns":9},{"damage":9,"enemies":"Gremlin Leader","floor":27,"turns":6},{"damage":3,"enemies":"Shelled Parasite and Fungi","floor":28,"turns":5},{"damage":0,"enemies":"Snecko","floor":31,"turns":3},{"damage":15,"enemies":"Collector","floor":33,"turns":8},{"damage":0,"enemies":"3 Darklings","floor":35,"turns":3},{"damage":0,"enemies":"Orb Walker","floor":36,"turns":3},{"damage":5,"enemies":"Jaw Worm Horde","floor":38,"turns":5},{"damage":7,"enemies":"Spire Growth","floor":39,"turns":5},{"damage":12,"enemies":"Nemesis","floor":40,"turns":5},{"damage":10,"enemies":"Giant Head","floor":42,"turns":7},{"damage":6,"enemies":"Reptomancer","floor":44,"turns":8},{"damage":0,"enemies":"4 Shapes","floor":45,"turns":3},{"damage":0,"enemies":"Maw","floor":47,"turns":6},{"damage":0,"enemies":"Nemesis","floor":48,"turns":5},{"damage":40,"enemies":"Donu and Deca","floor":50,"turns":10},{"damage":42,"enemies":"Time Eater","floor":51,"turns":12}],"seed_played":"-2539990032636034410","potions_obtained":[{"floor":3,"key":"DistilledChaos"},{"floor":3,"key":"FearPotion"},{"floor":18,"key":"Poison Potion"},{"floor":24,"key":"Block Potion"}],"is_trial":false,"path_per_floor":["M","?","?","M","M","R","?","E","T","M","$","$","?","M","R","B",null,"M","?","M","?","M","R","M","$","T","E","M","$","?","M","R","B",null,"M","M","?","M","M","E","T","E","T","E","M","R","M","E","R","B","B"],"character_chosen":"THE_SILENT","items_purchased":[],"campfire_rested":2,"item_purchase_floors":[],"current_hp_per_floor":[58,63,63,62,60,60,60,24,24,18,18,18,35,29,29,21,59,45,45,39,39,39,60,43,43,43,34,31,31,31,31,52,46,65,65,65,65,60,53,41,41,31,31,25,25,40,40,40,55,15,0,0],"gold":281,"neow_bonus":"RANDOM_COMMON_RELIC","is_daily":false,"chose_seed":false,"campfire_upgraded":3,"win_rate":0.0,"timestamp":1610386609,"path_taken":["M","?","?","M","?","R","?","E","T","?","?","$","?","M","R","BOSS","M","?","M","?","?","R","M","$","T","E","?","?","?","M","R","BOSS","M","?","?","M","?","E","?","E","T","E","M","R","M","E","R","BOSS","BOSS"],"items_purchased_type":[],"build_version":"2020-12-22","purchased_purges":3,"victory":false,"max_hp_per_floor":[66,71,71,71,71,71,71,71,71,71,71,71,71,71,71,71,71,71,71,71,71,71,71,71,71,71,71,71,71,71,71,71,71,71,71,71,71,71,71,71,71,71,71,71,71,71,71,71,71,71,71,71],"card_choices":[{"not_picked":["Backflip","Outmaneuver"],"picked":"Deadly Poison","floor":1},{"not_picked":["Deflect","Dash"],"picked":"Backstab","floor":4},{"not_picked":["Flying Knee","Backflip","Acrobatics"],"picked":"SKIP","floor":5},{"not_picked":["Dagger Spray","Tactician"],"picked":"Calculated Gamble","floor":8},{"not_picked":["Heel Hook","Poisoned Stab"],"picked":"Corpse Explosion","floor":10},{"not_picked":["Deadly Poison","Tactician"],"picked":"Bouncing Flask","floor":14},{"not_picked":["Grand Finale","Malaise"],"picked":"Adrenaline","floor":16},{"not_picked":["Underhanded Strike","Catalyst"],"picked":"Cloak And Dagger","floor":18},{"not_picked":["Deadly Poison","Dodge and Roll","Quick Slash+1"],"picked":"SKIP","floor":20},{"not_picked":["Dagger Spray","Deadly Poison","Infinite Blades"],"picked":"SKIP","floor":22},{"not_picked":["Infinite Blades","Quick Slash"],"picked":"Blade Dance+1","floor":24},{"not_picked":["Eviscerate","Die Die Die","Blur"],"picked":"SKIP","floor":27},{"not_picked":["Sucker Punch","Acrobatics","Underhanded Strike+1"],"picked":"SKIP","floor":28},{"not_picked":["Underhanded Strike","Tactician"],"picked":"Cloak And Dagger","floor":31},{"not_picked":["Glass Knife","Night Terror"],"picked":"Wraith Form v2","floor":33},{"not_picked":["Prepared+1","Well Laid Plans"],"picked":"Finisher+1","floor":35},{"not_picked":["Dagger Throw","Quick Slash"],"picked":"Sucker Punch+1","floor":36},{"not_picked":["Dagger Spray","Bouncing Flask"],"picked":"PiercingWail+1","floor":38},{"not_picked":["Flying Knee","Catalyst+1"],"picked":"Choke+1","floor":39},{"not_picked":["Glass Knife","Setup"],"picked":"Blade Dance","floor":40},{"not_picked":["Underhanded Strike","Flying Knee"],"picked":"Wraith Form v2","floor":42},{"not_picked":["Dodge and Roll","Die Die Die","Quick Slash"],"picked":"SKIP","floor":44},{"not_picked":["Eviscerate","Noxious Fumes"],"picked":"Blur","floor":45},{"not_picked":["Blade Dance","Poisoned Stab+1","Catalyst"],"picked":"SKIP","floor":47},{"not_picked":["Finisher","Caltrops"],"picked":"Wraith Form v2","floor":48}],"player_experience":2204846,"relics_obtained":[{"floor":8,"key":"Dota2Spire:OctarineCore"},{"floor":9,"key":"Kunai"},{"floor":26,"key":"Oddly Smooth Stone"},{"floor":27,"key":"Dota2Spire:LinkenSphere"},{"floor":40,"key":"Lantern"},{"floor":41,"key":"Eternal Feather"},{"floor":42,"key":"Boot"},{"floor":44,"key":"Thread and Needle"},{"floor":48,"key":"Anchor"}],"event_choices":[{"damage_healed":0,"gold_gain":0,"player_choice":"Donut","damage_taken":0,"max_hp_gain":5,"max_hp_loss":0,"event_name":"Big Fish","floor":2,"gold_loss":0},{"damage_healed":0,"gold_gain":0,"player_choice":"Bought 3 Potions","damage_taken":0,"max_hp_gain":0,"max_hp_loss":0,"event_name":"The Woman in Blue","floor":3,"gold_loss":0},{"cards_removed":["Strike_G"],"damage_healed":0,"gold_gain":0,"player_choice":"Purged","damage_taken":0,"max_hp_gain":0,"max_hp_loss":0,"event_name":"Purifier","floor":7,"gold_loss":0},{"damage_healed":17,"gold_gain":0,"player_choice":"Healed","damage_taken":0,"max_hp_gain":0,"max_hp_loss":0,"event_name":"The Cleric","floor":13,"gold_loss":35},{"damage_healed":0,"gold_gain":50,"player_choice":"Stole From Cult","damage_taken":0,"max_hp_gain":0,"max_hp_loss":0,"event_name":"Nest","floor":19,"gold_loss":0},{"cards_removed":["Strike_G"],"damage_healed":0,"gold_gain":0,"player_choice":"Offered Basic","damage_taken":0,"max_hp_gain":0,"max_hp_loss":0,"event_name":"Bonfire Elementals","floor":21,"gold_loss":0},{"damage_healed":0,"gold_gain":0,"player_choice":"Upgraded","damage_taken":0,"max_hp_gain":0,"max_hp_loss":0,"event_name":"Upgrade Shrine","floor":30,"gold_loss":0,"cards_upgraded":["Cloak And Dagger"]},{"damage_healed":0,"gold_gain":0,"player_choice":"Paid Gold","damage_taken":0,"relics_obtained":["Dota2Spire:ArmletOfMordiggian"],"max_hp_gain":0,"max_hp_loss":0,"event_name":"WeMeetAgain","floor":37,"gold_loss":90}],"is_beta":false,"boss_relics":[{"not_picked":["Calling Bell","SacredBark"],"picked":"Runic Pyramid"},{"not_picked":["Runic Dome","SlaversCollar"],"picked":"Sozu"}],"items_purged_floors":[11,25,29],"is_endless":false,"potions_floor_spawned":[4,10,14,18,22,24,36,42,44,45],"killed_by":"Time Eater","ascension_level":20}}