{"host":"t7mx8yfj1no5p62f","time":1610329463,"event":{"mods":["BaseMod","Bestiary","Colored Map","Colored Powertips","Minty Spire (QoL Compilation)","Relic Stats","StSLib"],"gold_per_floor":[115,115,135,153,2,37,37,37,37,55,55,67,67,95,95,172,172,185,196,196,21,33,33,68,84,84,103,103,137,137,54,54,131,131,151,169,169,189,64,95,95,126,149,175,175,175,190,135,135,135,135],"floor_reached":50,"playtime":1961,"items_purged":["Strike_G","Strike_G","Corpse Explosion"],"score":1306,"play_id":"ae5b1173-db16-4cec-9353-87e1808c803e","local_time":"20210110204423","is_ascension_mode":true,"campfire_choices":[{"data":"Terror","floor":7.0,"key":"SMITH"},{"data":"Dagger Throw","floor":11.0,"key":"SMITH"},{"data":"Footwork","floor":15.0,"key":"SMITH"},{"data":"Tools of the Trade","floor":23.0,"key":"SMITH"},{"data":"Prepared","floor":28.0,"key":"SMITH"},{"floor":32.0,"key":"REST"},{"floor":41,"key":"REST"},{"floor":49,"key":"RECALL"}],"circlet_count":0,"master_deck":["AscendersBane","Defend_G","Defend_G","Defend_G","Defend_G","Defend_G","Survivor","Neutralize","Eviscerate","Terror+1","Dagger Throw+1","Dagger Throw","Grand Finale","Footwork+1","Dagger Throw","Prepared+1","Tools of the Trade+1","Tactician","Calculated Gamble","Outmaneuver","Leg Sweep","Endless Agony","Corpse Explosion","PiercingWail","Tactician","Night Terror","Backflip"],"relics":["Ring of the Snake","NeowsBlessing","Lizard Tail","Gremlin Horn","Thread and Needle","Tingsha","Runic Pyramid","Bronze Scales","Happy Flower","Mummified Hand","Fusion Hammer","Incense Burner","Oddly Smooth Stone","Omamori"],"acts_visited":["Exordium","TheCity","TheBeyond"],"potions_floor_usage":[],"damage_taken":[{"damage":0.0,"enemies":"Small Slimes","floor":1.0,"turns":1.0},{"damage":0.0,"enemies":"Cultist","floor":3.0,"turns":1.0},{"damage":0.0,"enemies":"Jaw Worm","floor":4.0,"turns":1.0},{"damage":48.0,"enemies":"Gremlin Nob","floor":6.0,"turns":5.0},{"damage":6.0,"enemies":"Exordium Wildlife","floor":10.0,"turns":2.0},{"damage":0.0,"enemies":"Exordium Thugs","floor":12.0,"turns":5.0},{"damage":16.0,"enemies":"Lagavulin","floor":14.0,"turns":6.0},{"damage":14.0,"enemies":"Hexaghost","floor":16.0,"turns":8.0},{"damage":0.0,"enemies":"Shell Parasite","floor":18.0,"turns":3.0},{"damage":0.0,"enemies":"Spheric Guardian","floor":19.0,"turns":3.0},{"damage":0.0,"enemies":"Centurion and Healer","floor":22.0,"turns":3.0},{"damage":8.0,"enemies":"Slavers","floor":24.0,"turns":6.0},{"damage":18.0,"enemies":"Shelled Parasite and Fungi","floor":25.0,"turns":3.0},{"damage":0.0,"enemies":"Cultist and Chosen","floor":27.0,"turns":3.0},{"damage":3.0,"enemies":"Book of Stabbing","floor":29.0,"turns":5.0},{"damage":0.0,"enemies":"Champ","floor":33.0,"turns":9.0},{"damage":26,"enemies":"3 Darklings","floor":35,"turns":2},{"damage":5,"enemies":"Orb Walker","floor":36,"turns":4},{"damage":0,"enemies":"Maw","floor":38,"turns":6},{"damage":57,"enemies":"Giant Head","floor":40,"turns":8},{"damage":13,"enemies":"Nemesis","floor":42,"turns":5},{"damage":5,"enemies":"Reptomancer","floor":44,"turns":3},{"damage":1,"enemies":"Sphere and 2 Shapes","floor":47,"turns":4},{"damage":51,"enemies":"Time Eater","floor":50,"turns":9}],"seed_played":"-565678244291059007","potions_obtained":[{"floor":1.0,"key":"LiquidBronze"},{"floor":3.0,"key":"Regen Potion"},{"floor":14.0,"key":"DuplicationPotion"},{"floor":16.0,"key":"LiquidBronze"},{"floor":25.0,"key":"GhostInAJar"},{"floor":40,"key":"Poison Potion"}],"is_trial":false,"path_per_floor":["M","?","M","M","$","E","R","?","T","M","R","M","T","E","R","B",null,"M","M","?","$","M","R","E","M","T","M","R","E","?","$","R","B",null,"M","M","?","M","$","E","R","E","T","E","?","?","M","$","R","B"],"character_chosen":"THE_SILENT","items_purchased":["Grand Finale","Calculated Gamble","DuplicationPotion","Backflip"],"campfire_rested":2,"item_purchase_floors":[5,21,31,48],"current_hp_per_floor":[59,59,59,59,59,11,11,33,33,27,27,27,27,25,25,11,52,52,52,52,52,52,52,44,26,26,26,26,23,23,23,42,42,60,34,29,29,29,29,22,41,28,28,23,54,51,50,50,50,0,0],"gold":135,"neow_bonus":"THREE_ENEMY_KILL","is_daily":false,"chose_seed":false,"campfire_upgraded":5,"win_rate":0.0,"timestamp":1610329463,"path_taken":["M","?","?","M","$","E","R","?","T","M","R","M","?","E","R","BOSS","M","M","?","$","M","R","E","?","T","M","R","E","?","?","R","BOSS","M","M","?","M","?","E","R","E","T","E","?","?","M","$","R","BOSS"],"items_purchased_type":["Card","Card","Potion","Card"],"build_version":"2020-12-22","purchased_purges":3,"victory":false,"max_hp_per_floor":[66,66,66,66,66,66,66,66,66,66,66,66,66,66,66,66,66,66,66,66,66,66,66,66,66,66,66,66,66,66,66,66,66,66,66,66,66,66,66,66,66,66,66,66,54,51,51,51,51,51,51],"relic_stats":{"Lizard Tail":33,"Gremlin Horn":[10,10],"Happy Flower":[19],"counters":[24,105],"Mummified Hand":[26],"Bronze Scales":[193],"Tingsha":[605],"obtain_stats":[{"NeowsBlessing":0,"Gremlin Horn":9,"Happy Flower":26,"Oddly Smooth Stone":42,"Thread and Needle":13,"Tingsha":14,"Incense Burner":40,"Omamori":44,"Lizard Tail":6,"Mummified Hand":29,"Bronze Scales":24,"Fusion Hammer":34,"Ring of the Snake":0,"Runic Pyramid":17},{"NeowsBlessing":0,"Gremlin Horn":4,"Happy Flower":13,"Oddly Smooth Stone":21,"Thread and Needle":6,"Tingsha":7,"Incense Burner":20,"Omamori":22,"Lizard Tail":4,"Mummified Hand":15,"Bronze Scales":12,"Fusion Hammer":16,"Ring of the Snake":0,"Runic Pyramid":8},{"NeowsBlessing":0,"Gremlin Horn":8,"Happy Flower":47,"Oddly Smooth Stone":89,"Thread and Needle":15,"Tingsha":21,"Incense Burner":84,"Omamori":92,"Lizard Tail":8,"Mummified Hand":55,"Bronze Scales":44,"Fusion Hammer":64,"Ring of the Snake":0,"Runic Pyramid":29}],"Ring of the Snake":[48]},"card_choices":[{"not_picked":["Prepared","Escape Plan"],"picked":"Eviscerate","floor":1.0},{"not_picked":["Blade Dance","Leg Sweep"],"picked":"Dagger Throw","floor":3.0},{"not_picked":["Deflect","Prepared"],"picked":"Dagger Throw","floor":4.0},{"not_picked":["Dodge and Roll","Deflect"],"picked":"Footwork","floor":6.0},{"not_picked":["Dagger Spray","Outmaneuver"],"picked":"Dagger Throw","floor":10.0},{"not_picked":["Quick Slash","Backstab","Poisoned Stab"],"picked":"SKIP","floor":12.0},{"not_picked":["Outmaneuver","Poisoned Stab"],"picked":"Prepared","floor":14.0},{"not_picked":["Bullet Time","Night Terror"],"picked":"Tools of the Trade","floor":16.0},{"not_picked":["Flying Knee","Bane"],"picked":"Tactician","floor":18.0},{"not_picked":["Blade Dance","Cloak And Dagger"],"picked":"Corpse Explosion","floor":19.0},{"not_picked":["Blade Dance","Finisher","Dagger Throw"],"picked":"SKIP","floor":22.0},{"not_picked":["Underhanded Strike","Flying Knee"],"picked":"Outmaneuver","floor":24.0},{"not_picked":["Infinite Blades","Backflip","Terror"],"picked":"SKIP","floor":25.0},{"not_picked":["Underhanded Strike","Dagger Spray"],"picked":"Leg Sweep","floor":27.0},{"not_picked":["Noxious Fumes","Expertise","Bane"],"picked":"SKIP","floor":29.0},{"not_picked":["Crippling Poison","Setup+1"],"picked":"PiercingWail","floor":35},{"not_picked":["Predator","PiercingWail"],"picked":"Tactician","floor":36},{"not_picked":["Blade Dance","Eviscerate","Deflect+1"],"picked":"SKIP","floor":38},{"not_picked":["Accuracy+1","Setup+1","Burst"],"picked":"SKIP","floor":40},{"not_picked":["Quick Slash","Outmaneuver"],"picked":"Night Terror","floor":42},{"not_picked":["Prepared","Terror+1","Bouncing Flask"],"picked":"SKIP","floor":44},{"not_picked":["All Out Attack","Dagger Spray","Poisoned Stab"],"picked":"SKIP","floor":47}],"player_experience":1714317,"relics_obtained":[{"floor":6.0,"key":"Lizard Tail"},{"floor":9.0,"key":"Gremlin Horn"},{"floor":13.0,"key":"Thread and Needle"},{"floor":14.0,"key":"Tingsha"},{"floor":24.0,"key":"Bronze Scales"},{"floor":26.0,"key":"Happy Flower"},{"floor":29.0,"key":"Mummified Hand"},{"floor":40,"key":"Incense Burner"},{"floor":42,"key":"Oddly Smooth Stone"},{"floor":44,"key":"Omamori"}],"event_choices":[{"damage_healed":0.0,"max_hp_gain":0.0,"max_hp_loss":0.0,"gold_gain":0.0,"cards_transformed":["Strike_G"],"event_name":"Transmorgrifier","player_choice":"Transformed","floor":2.0,"gold_loss":0.0,"damage_taken":0.0,"cards_obtained":["Terror"]},{"damage_healed":22.0,"max_hp_gain":0.0,"max_hp_loss":0.0,"gold_gain":0.0,"event_name":"Big Fish","player_choice":"Banana","floor":8.0,"gold_loss":0.0,"damage_taken":0.0},{"damage_healed":0.0,"max_hp_gain":0.0,"max_hp_loss":0.0,"gold_gain":0.0,"event_name":"Lab","player_choice":"Got Potions","floor":20.0,"gold_loss":0.0,"damage_taken":0.0},{"damage_healed":0.0,"max_hp_gain":0.0,"max_hp_loss":0.0,"gold_gain":0.0,"cards_transformed":["Strike_G","Strike_G"],"event_name":"Drug Dealer","player_choice":"Became Test Subject","floor":30.0,"gold_loss":0.0,"damage_taken":0.0,"cards_obtained":["Endless Agony","Corpse Explosion"]},{"damage_healed":0,"gold_gain":0,"player_choice":"0 cards matched","damage_taken":0,"max_hp_gain":0,"max_hp_loss":0,"event_name":"Match and Keep!","floor":37,"gold_loss":0,"cards_obtained":[]},{"damage_healed":54,"gold_gain":0,"player_choice":"Heal","damage_taken":0,"max_hp_gain":0,"max_hp_loss":12,"event_name":"The Moai Head","floor":45,"gold_loss":0},{"damage_healed":0,"gold_gain":0,"player_choice":"Max HP","damage_taken":0,"max_hp_gain":0,"max_hp_loss":3,"event_name":"Winding Halls","floor":46,"gold_loss":0}],"is_beta":false,"boss_relics":[{"not_picked":["SacredBark","Philosopher\u0027s Stone"],"picked":"Runic Pyramid"},{"not_picked":["Snecko Eye","Velvet Choker"],"picked":"Fusion Hammer"}],"items_purged_floors":[5,21,39],"is_endless":false,"potions_floor_spawned":[1,3,12,14,16,22,25,27,40,44],"killed_by":"Time Eater","ascension_level":20}}