{"host":"csp9nt53rootlkah","time":1610350257,"event":{"mods":["Act Like it!","BaseMod","Colored Powertips","Friendly Minions","Gensokyo","Highlight Path","Marisa£¨ìFÓê¡¡Ä§ÀíÉ³£©","Minty Spire (QoL Compilation)","Quick Restart","Replay The Spire","StSLib","TestMod","The Factory","The Jungle","¡¾ÒÅÎï¿¨ÅÆ¡¿REMEMod"],"gold_per_floor":[115,115,45,45,59,393,393,426,473,473,487,507,522,672,672,769,769,780,790,790,790,833,833,863,863,863,892,907,925,925,956,968,1079,1091,1118,1179,1210,1272,867,867,900,960,960,960,971,999,1011,1031,1031,1031],"floor_reached":51,"playtime":2718,"items_purged":["Strike_MRS"],"score":1173,"play_id":"a4f0b299-2cdf-4986-8193-36d103a361cf","local_time":"20210111153057","is_ascension_mode":true,"campfire_choices":[{"data":"StarBarrage","floor":7.0,"key":"SMITH"},{"data":"BlazeAway","floor":10.0,"key":"SMITH"},{"data":"Strike_MRS","floor":15.0,"key":"PURGE"},{"data":"CollectingQuirk","floor":23.0,"key":"SMITH"},{"data":"OneTimeOff","floor":25.0,"key":"SMITH"},{"data":"EnergyRecoil","floor":32.0,"key":"SMITH"},{"data":"EnergyFlow","floor":40.0,"key":"SMITH"},{"data":"REME_MagicPocketWatch","floor":44.0,"key":"SMITH"}],"circlet_count":0,"master_deck":["Defend_MRS+1","Defend_MRS","Defend_MRS+1","UpSweep","Gensokyo:Dawn+1","StarBarrage+1","BlazeAway+1","EnergyRecoil+1","TreasureHunter","CollectingQuirk+1","OneTimeOff+1","EnergyFlow+1","UltimateShortwave","Acceleration+1","REME_MagicPocketWatch+1","UltimateShortwave"],"relics":["MiniHakkero","testmod-TestBox","REME_ComplimentaryCards","testmod-CrystalShield","NeowsBlessing","Happy Flower","Mummified Hand","FossilizedHelix","Replay:Mystery Machine","Prayer Wheel","RampagingMagicTools","Simple Rune","AmplifyWand","Singing Bowl","White Beast Statue","MawBank","testmod-CardMagician","CatCart","Pocketwatch","testmod-Alchemist","REME_CardOfGreed","Replay:Rubber Ducky","testmod-AssaultLearning","Gremlin Horn","Mirror","REME_LimitBreaker"],"acts_visited":["Gensokyo:Gensokyo","Gensokyo:Gensokyoer","TheBeyond"],"potions_floor_usage":[],"damage_taken":[{"damage":0.0,"enemies":"Gensokyo:2_Kodama","floor":1.0,"turns":1.0},{"damage":7.0,"enemies":"Gensokyo:Python","floor":5.0,"turns":3.0},{"damage":6.0,"enemies":"Gensokyo:Cirno","floor":6.0,"turns":2.0},{"damage":0.0,"enemies":"Gensokyo:Mamizou","floor":8.0,"turns":5.0},{"damage":0.0,"enemies":"Gensokyo:3_Fairies","floor":11.0,"turns":3.0},{"damage":0.0,"enemies":"Gensokyo:CorruptedTreant","floor":12.0,"turns":3.0},{"damage":0.0,"enemies":"Gensokyo:2_Rabbits","floor":13.0,"turns":2.0},{"damage":37.0,"enemies":"Gensokyo:Kokoro","floor":16.0,"turns":16.0},{"damage":0.0,"enemies":"Gensokyo:CosmicMonolith","floor":18.0,"turns":2.0},{"damage":20.0,"enemies":"Gensokyo:AngelMirror","floor":19.0,"turns":3.0},{"damage":29.0,"enemies":"Gensokyo:Monolith_and_Dog","floor":22.0,"turns":4.0},{"damage":0.0,"enemies":"Gensokyo:Koishi","floor":24.0,"turns":6.0},{"damage":15.0,"enemies":"Gensokyo:Tenshi","floor":27.0,"turns":2.0},{"damage":4.0,"enemies":"Gensokyo:Slime_Group","floor":28.0,"turns":3.0},{"damage":0.0,"enemies":"Gensokyo:Chomper_and_Gloop","floor":29.0,"turns":2.0},{"damage":35.0,"enemies":"Gensokyo:Reisen","floor":31.0,"turns":7.0},{"damage":13.0,"enemies":"Gensokyo:Kaguya","floor":33.0,"turns":13.0},{"damage":0.0,"enemies":"Orb Walker","floor":35.0,"turns":2.0},{"damage":0.0,"enemies":"Orin","floor":36.0,"turns":6.0},{"damage":3.0,"enemies":"3 Darklings","floor":37.0,"turns":4.0},{"damage":0.0,"enemies":"Mind Bloom Boss Battle","floor":38.0,"turns":3.0},{"damage":0.0,"enemies":"Reptomancer","floor":41.0,"turns":2.0},{"damage":0.0,"enemies":"Sphere and 2 Shapes","floor":45.0,"turns":4.0},{"damage":0.0,"enemies":"R_Hoarder","floor":46.0,"turns":2.0},{"damage":0.0,"enemies":"4 Shapes","floor":47.0,"turns":2.0},{"damage":0.0,"enemies":"Maw","floor":48.0,"turns":2.0},{"damage":0,"enemies":"Awakened One","floor":50,"turns":5}],"seed_played":"-8538216813210974872","potions_obtained":[{"floor":8.0,"key":"Block Potion"},{"floor":12.0,"key":"EssenceOfSteel"},{"floor":13.0,"key":"Regen Potion"},{"floor":18.0,"key":"Flashbang"},{"floor":19.0,"key":"REME_GoldPotion"},{"floor":28.0,"key":"Fire Potion"},{"floor":31.0,"key":"GamblersBrew"},{"floor":33.0,"key":"GamblersBrew"},{"floor":35.0,"key":"Dexterity Potion"},{"floor":38.0,"key":"GamblersBrew"},{"floor":42.0,"key":"Regen Potion"},{"floor":45.0,"key":"PowerPotion"}],"is_trial":false,"path_per_floor":["M","?","COS","?","M","E","R","E","T","R","M","M","M","?","R","B",null,"M","M","?","?","M","R","E","R","T","E","M","M","?","E","R","B",null,"M","?","M","?","$","R","E","?","T","R","M","E","M","M","R","B",null],"character_chosen":"MARISA","items_purchased":["testmod-TimePotion","REME_CardOfGreed","REME_MagicPocketWatch"],"campfire_rested":0,"item_purchase_floors":[39,39,39],"current_hp_per_floor":[75,75,75,75,68,62,62,62,62,62,62,62,62,62,62,25,75,75,55,55,55,38,38,38,38,38,35,47,49,49,16,16,5,85,87,89,90,92,92,92,94,72,72,72,76,78,82,86,86,86],"gold":1031,"neow_bonus":"THREE_ENEMY_KILL","is_daily":false,"chose_seed":false,"campfire_upgraded":7,"win_rate":0.0,"timestamp":1610350257,"path_taken":["M","?","COS","?","M","E","R","E","T","R","?","M","M","?","R","BOSS","M","M","?","?","M","R","E","R","T","E","?","M","?","E","R","BOSS","M","?","M","?","$","R","E","?","T","R","M","E","M","?","R","BOSS"],"items_purchased_type":["Potion","Relic","Card"],"build_version":"2020-12-22","purchased_purges":1,"victory":true,"max_hp_per_floor":[75,75,75,75,75,75,75,75,75,75,75,75,75,75,75,75,75,75,75,75,75,75,75,75,75,75,75,79,81,81,83,83,85,85,87,89,93,95,95,95,97,99,99,99,103,105,109,113,113,113],"card_choices":[{"not_picked":["EarthLightRay","Acceleration"],"picked":"StarBarrage","floor":1.0},{"not_picked":["GravityBeat","OortCloud"],"picked":"BlazeAway","floor":5.0},{"not_picked":["OpenUniverse","GrandCross"],"picked":"EnergyRecoil","floor":6.0},{"not_picked":["IllusionStar","DC"],"picked":"TreasureHunter","floor":8.0},{"not_picked":["MagicChant","ShootingEcho","MysteriousBeam"],"picked":"SKIP","floor":11.0},{"not_picked":["SporeBomb","GrandCross","ChargeUpSpray"],"picked":"SKIP","floor":12.0},{"not_picked":["TreasureHunter","UnstableBomb","DeepEcoloBomb"],"picked":"SKIP","floor":13.0},{"not_picked":["EscapeVelocity","SatelliteIllusion"],"picked":"CollectingQuirk","floor":16.0},{"not_picked":["AsteroidBelt","MilkyWay+1"],"picked":"OneTimeOff","floor":18.0},{"not_picked":["WitchOfGreed","PowerUp","UnstableBomb"],"picked":"SKIP","floor":18.0},{"not_picked":["WitchOfGreed","SprinkleStarSeal","Acceleration"],"picked":"SKIP","floor":19.0},{"not_picked":["Robbery","6A","Occultation"],"picked":"SKIP","floor":19.0},{"not_picked":["ManaRampage","ShootingEcho","ShootTheMoon+1"],"picked":"SKIP","floor":22.0},{"not_picked":["WitchLeyline+1","ShootingEcho","Robbery"],"picked":"SKIP","floor":22.0},{"not_picked":["GalacticHalo","GravityBeat","PowerUp"],"picked":"SKIP","floor":24.0},{"not_picked":["Acceleration","DC+1"],"picked":"EnergyFlow","floor":27.0},{"not_picked":["ManaConvection","PropBag","MilkyWay"],"picked":"Singing Bowl","floor":28.0},{"not_picked":["GravityBeat","OpenUniverse","6A"],"picked":"Singing Bowl","floor":28.0},{"not_picked":["Acceleration","Orbital","DC+1"],"picked":"Singing Bowl","floor":29.0},{"not_picked":["ShootTheMoon","6A"],"picked":"UltimateShortwave","floor":29.0},{"not_picked":["GravityBeat","WitchLeyline","MysteriousBeam+1"],"picked":"Singing Bowl","floor":31.0},{"not_picked":["BigCrunch","MillisecondPulsars","JA"],"picked":"Singing Bowl","floor":33.0},{"not_picked":["ChargingUp+1","FairyDestructionRay+1"],"picked":"Acceleration+1","floor":35.0},{"not_picked":["SporeBomb","LuminesStrike+1","DarkMatter+1"],"picked":"Singing Bowl","floor":35.0},{"not_picked":["BlazeAway","IllusionStar","StarBarrage"],"picked":"Singing Bowl","floor":36.0},{"not_picked":["GravityBeat","MeteoricShower+1","DarkMatter"],"picked":"Singing Bowl","floor":37.0},{"not_picked":["DoubleSpark","GalacticHalo","Robbery+1"],"picked":"Singing Bowl","floor":37.0},{"not_picked":["WitchOfGreed","PowerUp","SuperNova"],"picked":"Singing Bowl","floor":38.0},{"not_picked":["Acceleration","FairyDestructionRay","GasGiant+1"],"picked":"Singing Bowl","floor":41.0},{"not_picked":["MilkyWay","DarkSpark+1","SporeBomb+1"],"picked":"Singing Bowl","floor":42.0},{"not_picked":["ShootingEcho+1","Orbital","WitchOfGreed"],"picked":"Singing Bowl","floor":45.0},{"not_picked":["NonDirectionalLaser","DragonMeteor","Acceleration"],"picked":"Singing Bowl","floor":45.0},{"not_picked":["EventHorizon","MagicAbsorber","GalacticHalo+1"],"picked":"Singing Bowl","floor":46.0},{"not_picked":["SporeBomb","ManaConvection","PulseMagic"],"picked":"Singing Bowl","floor":47.0},{"not_picked":["GrandCross+1","EventHorizon","MilkyWay"],"picked":"Singing Bowl","floor":47.0},{"not_picked":["SatelliteIllusion","IllusionStar+1","PropBag"],"picked":"Singing Bowl","floor":48.0},{"not_picked":["Occultation","MilkyWay","Orbital"],"picked":"Singing Bowl","floor":48.0}],"player_experience":124117,"relics_obtained":[{"floor":6.0,"key":"Mummified Hand"},{"floor":8.0,"key":"FossilizedHelix"},{"floor":9.0,"key":"Replay:Mystery Machine"},{"floor":16.0,"key":"Prayer Wheel"},{"floor":24.0,"key":"Simple Rune"},{"floor":24.0,"key":"Meat on the Bone"},{"floor":26.0,"key":"AmplifyWand"},{"floor":27.0,"key":"Singing Bowl"},{"floor":31.0,"key":"White Beast Statue"},{"floor":31.0,"key":"MawBank"},{"floor":36.0,"key":"CatCart"},{"floor":38.0,"key":"Pocketwatch"},{"floor":38.0,"key":"testmod-Alchemist"},{"floor":41.0,"key":"Replay:Rubber Ducky"},{"floor":41.0,"key":"testmod-AssaultLearning"},{"floor":42.0,"key":"Gremlin Horn"},{"floor":43.0,"key":"Mirror"},{"floor":46.0,"key":"REME_LimitBreaker"}],"event_choices":[{"damage_healed":0.0,"max_hp_gain":0.0,"max_hp_loss":0.0,"gold_gain":150.0,"event_name":"¶÷ÂåË¹µÄÅÌ×Ó","player_choice":"Sell","floor":14.0,"relics_lost":["REME_PuzzleBoxRelic"],"gold_loss":0.0,"damage_taken":0.0},{"damage_healed":0.0,"max_hp_gain":0.0,"max_hp_loss":0.0,"gold_gain":0.0,"event_name":"OrinTheCat","player_choice":"Fight","floor":36.0,"gold_loss":0.0,"damage_taken":0.0},{"damage_healed":0.0,"max_hp_gain":0.0,"max_hp_loss":0.0,"gold_gain":0.0,"event_name":"MindBloom","player_choice":"Fight","floor":38.0,"gold_loss":0.0,"damage_taken":0.0}],"is_beta":false,"boss_relics":[{"not_picked":["Replay:Fungal Core","Ring of Chaos"],"picked":"RampagingMagicTools"},{"not_picked":["Tiny House","Cursed Key"],"picked":"testmod-CardMagician"}],"items_purged_floors":[39],"is_endless":false,"potions_floor_spawned":[8,12,13,18,19,28,31,33,35,36,37,38,41,45,46,47,48],"ascension_level":3}}