{"host":"uv231blk40vjdojr","time":1610395699,"event":{"mods":["AchievementEnabler","BaseMod","Bestiary","Minty Spire (QoL Compilation)","Relic Stats"],"gold_per_floor":[111,186,203,128,148,148,176,176,176,176,238,238,251,278,278,373,373,391,391,402,419,26,61,61,61,61,61,73,73,173,186,186,287,287,303,303,98,109,159,191,191,211,211,245,263,263,263,0,0,0],"floor_reached":51,"playtime":2290,"items_purged":["Defend_P","Strike_P"],"score":756,"play_id":"d189fc34-7f88-436d-80c1-cfde707459e0","local_time":"20210111210819","is_ascension_mode":false,"campfire_choices":[{"data":"Eruption","floor":6.0,"key":"SMITH"},{"data":"TalkToTheHand","floor":8.0,"key":"SMITH"},{"floor":12.0,"key":"REST"},{"floor":15.0,"key":"REST"},{"data":"WindmillStrike","floor":24.0,"key":"SMITH"},{"floor":27.0,"key":"REST"},{"data":"Vigilance","floor":29.0,"key":"SMITH"},{"floor":32,"key":"REST"},{"floor":41,"key":"REST"},{"floor":46,"key":"REST"},{"floor":49,"key":"REST"}],"circlet_count":0,"master_deck":["Strike_P+1","Strike_P+1","Defend_P+1","Defend_P+1","Eruption+1","Vigilance+1","EmptyMind+1","FollowUp+1","TalkToTheHand+1","WindmillStrike+1","Halt+1","Indignation+1","FollowUp+1","LessonLearned+1","Finesse+1","InnerPeace+1","Tantrum+1","Vault+1","Study+1"],"relics":["PureWater","FossilizedHelix","StoneCalendar","Pantograph","Dream Catcher","Runic Pyramid","Medical Kit","Juzu Bracelet","Whetstone","Toxic Egg 2","Unceasing Top","The Courier","Sozu","Yang","Bird Faced Urn","InkBottle","Bag of Marbles","War Paint","Akabeko","Red Mask"],"acts_visited":["Exordium","TheCity","TheBeyond"],"potions_floor_usage":[],"damage_taken":[{"damage":0.0,"enemies":"2 Louse","floor":1.0,"turns":5.0},{"damage":0.0,"enemies":"Jaw Worm","floor":3.0,"turns":3.0},{"damage":0.0,"enemies":"Small Slimes","floor":5.0,"turns":2.0},{"damage":9.0,"enemies":"Gremlin Nob","floor":7.0,"turns":4.0},{"damage":0.0,"enemies":"Gremlin Nob","floor":11.0,"turns":3.0},{"damage":0.0,"enemies":"Blue Slaver","floor":13.0,"turns":2.0},{"damage":4.0,"enemies":"Lagavulin","floor":14.0,"turns":6.0},{"damage":17.0,"enemies":"The Guardian","floor":16.0,"turns":12.0},{"damage":0.0,"enemies":"Chosen","floor":18.0,"turns":4.0},{"damage":6.0,"enemies":"2 Thieves","floor":20.0,"turns":4.0},{"damage":8.0,"enemies":"Centurion and Healer","floor":21.0,"turns":5.0},{"damage":10.0,"enemies":"Book of Stabbing","floor":23.0,"turns":5.0},{"damage":0.0,"enemies":"3 Cultists","floor":28.0,"turns":4.0},{"damage":0.0,"enemies":"Colosseum Slavers","floor":30.0,"turns":3.0},{"damage":1.0,"enemies":"Colosseum Nobs","floor":30.0,"turns":5.0},{"damage":28,"enemies":"Snake Plant","floor":31,"turns":2},{"damage":57,"enemies":"Automaton","floor":33,"turns":7},{"damage":0,"enemies":"3 Shapes","floor":35,"turns":4},{"damage":18,"enemies":"3 Darklings","floor":38,"turns":5},{"damage":21,"enemies":"Mind Bloom Boss Battle","floor":39,"turns":5},{"damage":44,"enemies":"Nemesis","floor":40,"turns":5},{"damage":0,"enemies":"Maw","floor":42,"turns":5},{"damage":15,"enemies":"Reptomancer","floor":44,"turns":4},{"damage":0,"enemies":"Transient","floor":45,"turns":5},{"damage":9,"enemies":"Awakened One","floor":50,"turns":8}],"seed_played":"4608063578748646564","potions_obtained":[{"floor":3.0,"key":"Ambrosia"},{"floor":11.0,"key":"Regen Potion"},{"floor":13.0,"key":"SneckoOil"},{"floor":20.0,"key":"Strength Potion"},{"floor":30.0,"key":"Fruit Juice"},{"floor":33,"key":"FearPotion"}],"is_trial":false,"path_per_floor":["M","?","M","$","M","R","E","R","T","?","?","R","M","E","R","B",null,"M","?","M","M","$","E","R","$","T","R","M","R","?","M","R","B",null,"M","?","$","M","?","E","R","M","T","E","M","R","T","?","R","B",null],"character_chosen":"WATCHER","items_purchased":["Medical Kit","Juzu Bracelet","Yang"],"campfire_rested":7,"item_purchase_floors":[22,22,37],"current_hp_per_floor":[51,40,40,40,40,40,31,31,31,31,31,52,52,48,69,55,72,72,72,66,58,58,48,48,48,48,69,69,69,73,45,68,20,77,77,77,77,59,56,12,35,35,35,20,20,43,43,43,66,68],"gold":0,"neow_bonus":"TRANSFORM_TWO_CARDS","is_daily":false,"chose_seed":false,"campfire_upgraded":4,"win_rate":0.0,"timestamp":1610395699,"path_taken":["M","?","M","$","M","R","E","R","T","?","?","R","M","E","R","BOSS","M","?","M","M","$","E","R","$","T","R","M","R","?","M","R","BOSS","M","?","$","M","?","E","R","M","T","E","M","R","?","?","R","BOSS"],"items_purchased_type":["Relic","Relic","Relic"],"build_version":"2020-12-22","purchased_purges":2,"victory":true,"max_hp_per_floor":[72,72,72,72,72,72,72,72,72,72,72,72,72,72,72,72,72,72,72,72,72,72,72,72,72,72,72,72,72,77,77,77,77,77,77,77,77,77,77,77,77,77,77,77,77,77,77,77,77,77],"relic_stats":{"counters":[25,117],"StoneCalendar":[104],"Yang":[113],"Juzu Bracelet":2,"Whetstone":["Strike_P","FollowUp"],"War Paint":["Defend_P","Defend_P"],"Medical Kit":[13],"Sozu":3,"Dream Catcher":6,"Pantograph":41,"Bird Faced Urn":[0],"obtain_stats":[{"StoneCalendar":9,"Yang":37,"The Courier":30,"Juzu Bracelet":22,"Whetstone":23,"War Paint":44,"Medical Kit":22,"Akabeko":47,"Sozu":34,"Dream Catcher":14,"Pantograph":11,"Bird Faced Urn":39,"Bag of Marbles":43,"Red Mask":48,"PureWater":0,"Toxic Egg 2":26,"FossilizedHelix":7,"Unceasing Top":30,"InkBottle":40,"Runic Pyramid":17},{"StoneCalendar":4,"Yang":18,"The Courier":15,"Juzu Bracelet":11,"Whetstone":12,"War Paint":23,"Medical Kit":11,"Akabeko":24,"Sozu":17,"Dream Catcher":7,"Pantograph":5,"Bird Faced Urn":20,"Bag of Marbles":22,"Red Mask":24,"PureWater":0,"Toxic Egg 2":12,"FossilizedHelix":4,"Unceasing Top":15,"InkBottle":21,"Runic Pyramid":8},{"StoneCalendar":14,"Yang":80,"The Courier":67,"Juzu Bracelet":50,"Whetstone":55,"War Paint":104,"Medical Kit":50,"Akabeko":109,"Sozu":76,"Dream Catcher":25,"Pantograph":17,"Bird Faced Urn":90,"Bag of Marbles":100,"Red Mask":109,"PureWater":0,"Toxic Egg 2":55,"FossilizedHelix":14,"Unceasing Top":67,"InkBottle":95,"Runic Pyramid":37}],"Unceasing Top":[0],"InkBottle":[13]},"card_choices":[{"not_picked":["BowlingBash","JustLucky","EmptyFist"],"picked":"SKIP","floor":1.0},{"not_picked":["EmptyBody","Weave"],"picked":"FollowUp","floor":3.0},{"not_picked":["ConjureBlade","FollowUp"],"picked":"TalkToTheHand","floor":5.0},{"not_picked":["EmptyFist","Crescendo","FollowUp"],"picked":"SKIP","floor":7.0},{"not_picked":["WreathOfFlame","Protect","CutThroughFate"],"picked":"SKIP","floor":13.0},{"not_picked":["Weave","CutThroughFate","CarveReality"],"picked":"SKIP","floor":14.0},{"not_picked":["PathToVictory","EmptyBody+1","JustLucky"],"picked":"SKIP","floor":18.0},{"not_picked":["TalkToTheHand","Protect","ClearTheMind"],"picked":"SKIP","floor":20.0},{"not_picked":["Wireheading","FlurryOfBlows+1","ForeignInfluence"],"picked":"SKIP","floor":21.0},{"not_picked":["BowlingBash","Wallop","Crescendo"],"picked":"SKIP","floor":23.0},{"not_picked":["CrushJoints+1","Nirvana+1"],"picked":"Halt+1","floor":28.0},{"not_picked":["Establishment","Protect+1"],"picked":"Indignation+1","floor":30.0},{"not_picked":["PathToVictory+1","Crescendo+1"],"picked":"FollowUp+1","floor":31},{"not_picked":["MasterReality","Alpha+1"],"picked":"LessonLearned","floor":33},{"not_picked":["MentalFortress+1","WindmillStrike","EmptyBody+1"],"picked":"SKIP","floor":35},{"not_picked":["Mind Blast","Swift Strike"],"picked":"Finesse+1","floor":36},{"not_picked":["ThirdEye+1","FlyingSleeves+1","Consecrate"],"picked":"SKIP","floor":38},{"not_picked":["Tantrum","Adaptation"],"picked":"InnerPeace+1","floor":40},{"not_picked":["EmptyBody+1","Protect+1","WreathOfFlame+1"],"picked":"SKIP","floor":42},{"not_picked":["DeceiveReality+1","Weave+1"],"picked":"Tantrum+1","floor":44},{"not_picked":["Conclude","Evaluate+1","Halt+1"],"picked":"SKIP","floor":45},{"not_picked":["Halt+1","FollowUp"],"picked":"Vault+1","floor":46},{"not_picked":["Protect+1","Collect+1"],"picked":"Study","floor":49}],"player_experience":665718,"relics_obtained":[{"floor":7.0,"key":"FossilizedHelix"},{"floor":9.0,"key":"StoneCalendar"},{"floor":11.0,"key":"Pantograph"},{"floor":14.0,"key":"Dream Catcher"},{"floor":23.0,"key":"Whetstone"},{"floor":26.0,"key":"Toxic Egg 2"},{"floor":30.0,"key":"Unceasing Top"},{"floor":30.0,"key":"The Courier"},{"floor":39,"key":"Bird Faced Urn"},{"floor":40,"key":"InkBottle"},{"floor":43,"key":"Bag of Marbles"},{"floor":44,"key":"War Paint"},{"floor":47,"key":"Akabeko"}],"event_choices":[{"damage_healed":0.0,"max_hp_gain":0.0,"max_hp_loss":0.0,"gold_gain":75.0,"event_name":"World of Goop","player_choice":"Gather Gold","floor":2.0,"gold_loss":0.0,"damage_taken":11.0},{"damage_healed":0.0,"max_hp_gain":0.0,"max_hp_loss":0.0,"gold_gain":0.0,"event_name":"Liars Game","player_choice":"Ignored","floor":10.0,"gold_loss":0.0,"damage_taken":0.0},{"damage_healed":0.0,"max_hp_gain":0.0,"max_hp_loss":0.0,"gold_gain":0.0,"event_name":"Dead Adventurer","player_choice":"Searched \u00272\u0027 times","floor":11.0,"gold_loss":0.0,"damage_taken":0.0},{"damage_healed":0.0,"max_hp_gain":0.0,"max_hp_loss":0.0,"gold_gain":0.0,"cards_transformed":["JustLucky"],"event_name":"Transmorgrifier","player_choice":"Transformed","floor":19.0,"gold_loss":0.0,"damage_taken":0.0,"cards_obtained":["WindmillStrike"]},{"damage_healed":0.0,"max_hp_gain":0.0,"max_hp_loss":0.0,"gold_gain":0.0,"event_name":"Colosseum","player_choice":"Fight","floor":30.0,"gold_loss":0.0,"damage_taken":0.0},{"damage_healed":0.0,"max_hp_gain":0.0,"max_hp_loss":0.0,"gold_gain":0.0,"event_name":"Colosseum","player_choice":"Fought Nobs","floor":30.0,"gold_loss":0.0,"damage_taken":0.0},{"damage_healed":0,"gold_gain":0,"player_choice":"Memory 1","damage_taken":0,"max_hp_gain":0,"max_hp_loss":0,"event_name":"SensoryStone","floor":36,"gold_loss":0},{"damage_healed":0,"gold_gain":0,"player_choice":"Fight","damage_taken":0,"max_hp_gain":0,"max_hp_loss":0,"event_name":"MindBloom","floor":39,"gold_loss":0},{"damage_healed":0,"gold_gain":0,"player_choice":"Paid","damage_taken":0,"relics_obtained":["Red Mask"],"max_hp_gain":0,"max_hp_loss":0,"event_name":"Tomb of Lord Red Mask","floor":48,"gold_loss":263}],"is_beta":false,"boss_relics":[{"not_picked":["Runic Dome","Busted Crown"],"picked":"Runic Pyramid"},{"not_picked":["VioletLotus","Astrolabe"],"picked":"Sozu"}],"items_purged_floors":[4,22],"is_endless":false,"potions_floor_spawned":[3,11,13,16,20,28,30,33,38,39,42],"ascension_level":0}}