{"host":"y3h3n3f7seyagppx","time":1610341734,"event":{"mods":["AlwaysNeverKeys","BaseMod","Better Vampires","Colored Powertips","DeckTracker","Emptier Cage","Minty Spire (QoL Compilation)","Permanent Neow","Quick Restart","Rare Cards Sparkle","Relic Sorter","Relic Stats","StSLib","Transform Curses"],"gold_per_floor":[20,39,39,58,79,117,117,137,185,223,237,237,237,280,280,280,280],"floor_reached":16,"playtime":1184,"items_purged":[],"score":244,"play_id":"538b76a2-709c-4822-a14b-9f3c8f64ad21","local_time":"20210111000854","is_ascension_mode":true,"campfire_choices":[{"floor":7,"key":"REST"},{"floor":12,"key":"REST"},{"data":"Bash","floor":15,"key":"SMITH"}],"circlet_count":0,"master_deck":["AscendersBane","Strike_R","Strike_R+1","Strike_R","Strike_R","Strike_R","Defend_R","Defend_R","Defend_R+1","Defend_R","Bash+1","Feed","Pummel","Cleave","Battle Trance","Ghostly Armor"],"relics":["Burning Blood","Golden Idol","Regal Pillow","Happy Flower","Sundial","Toy Ornithopter"],"acts_visited":["Exordium"],"potions_floor_usage":[10,14],"damage_taken":[{"damage":3,"enemies":"2 Louse","floor":1,"turns":4},{"damage":18,"enemies":"Small Slimes","floor":2,"turns":4},{"damage":11,"enemies":"Jaw Worm","floor":4,"turns":4},{"damage":15,"enemies":"Lots of Slimes","floor":5,"turns":3},{"damage":55,"enemies":"Lagavulin","floor":6,"turns":8},{"damage":21,"enemies":"Large Slime","floor":8,"turns":6},{"damage":35,"enemies":"3 Sentries","floor":10,"turns":10},{"damage":2,"enemies":"2 Fungi Beasts","floor":11,"turns":4},{"damage":8,"enemies":"Gremlin Nob","floor":14,"turns":3},{"damage":24,"enemies":"The Guardian","floor":16,"turns":7}],"seed_played":"-1072835787232124810","potions_obtained":[{"floor":1,"key":"Energy Potion"},{"floor":2,"key":"ElixirPotion"},{"floor":4,"key":"Ancient Potion"}],"is_trial":false,"path_per_floor":["M","M","?","M","M","E","R","M","T","E","M","R","?","E","R","B"],"character_chosen":"IRONCLAD","items_purchased":[],"campfire_rested":2,"item_purchase_floors":[],"current_hp_per_floor":[74,65,65,63,57,8,46,34,34,8,15,56,30,28,28,4,4],"gold":280,"neow_bonus":"THREE_RARE_CARDS","is_daily":false,"chose_seed":false,"campfire_upgraded":1,"win_rate":0.0,"timestamp":1610341734,"path_taken":["M","M","?","M","M","E","R","M","T","E","M","R","?","E","R","BOSS"],"items_purchased_type":[],"build_version":"2020-12-22","purchased_purges":0,"victory":false,"max_hp_per_floor":[78,81,73,76,79,79,79,82,82,85,88,88,88,88,88,88,88],"relic_stats":{"Regal Pillow":30,"Happy Flower":[8],"counters":[10,53],"Golden Idol":40,"Sundial":[2],"obtain_stats":[{"Regal Pillow":6,"Happy Flower":9,"Golden Idol":3,"Sundial":10,"Burning Blood":0,"Toy Ornithopter":14},{"Regal Pillow":5,"Happy Flower":6,"Golden Idol":2,"Sundial":7,"Burning Blood":0,"Toy Ornithopter":9},{"Regal Pillow":23,"Happy Flower":29,"Golden Idol":8,"Sundial":39,"Burning Blood":0,"Toy Ornithopter":46}],"Burning Blood":54,"Toy Ornithopter":0},"card_choices":[{"not_picked":["Bludgeon","Brutality"],"picked":"Feed","floor":0},{"not_picked":["Sword Boomerang","Flex"],"picked":"Pummel","floor":1},{"not_picked":["Wild Strike","Dropkick","Headbutt"],"picked":"SKIP","floor":2},{"not_picked":["Bloodletting","Rampage"],"picked":"Cleave","floor":4},{"not_picked":["Burning Pact","Havoc"],"picked":"Battle Trance","floor":5},{"not_picked":["Bloodletting","Headbutt","Second Wind"],"picked":"SKIP","floor":6},{"not_picked":["Rampage","Sentinel"],"picked":"Ghostly Armor","floor":8},{"not_picked":["Fire Breathing","Anger","Combust"],"picked":"SKIP","floor":10},{"not_picked":["Pommel Strike","Cleave","Combust"],"picked":"SKIP","floor":11},{"not_picked":["Heavy Blade","Anger","Sword Boomerang"],"picked":"SKIP","floor":14}],"player_experience":20667886,"relics_obtained":[{"floor":6,"key":"Regal Pillow"},{"floor":9,"key":"Happy Flower"},{"floor":10,"key":"Sundial"},{"floor":14,"key":"Toy Ornithopter"}],"event_choices":[{"damage_healed":0,"gold_gain":0,"player_choice":"Lose Max HP","damage_taken":0,"relics_obtained":["Golden Idol"],"max_hp_gain":0,"max_hp_loss":8,"event_name":"Golden Idol","floor":3,"gold_loss":0},{"damage_healed":0,"gold_gain":0,"player_choice":"Entered Light","damage_taken":26,"max_hp_gain":0,"max_hp_loss":0,"event_name":"Shining Light","floor":13,"gold_loss":0,"cards_upgraded":["Strike_R","Defend_R"]}],"is_beta":false,"boss_relics":[],"items_purged_floors":[],"is_endless":false,"potions_floor_spawned":[1,2,4,8],"killed_by":"The Guardian","ascension_level":20}}