{"host":"dzit4ljil6490tuf","time":1610332003,"event":{"mods":["BaseMod","Downfall","Hermit","Hubris","Marisa????????","Minty Spire (QoL Compilation)","StSLib","The Cursed","The Runesmith","The Servant 0.9.4"],"gold_per_floor":[99,111,122,138,138,172,172,172,172,12,12,39,56,74,84,184,184,184,194,214,214,234,234,258,276,302,302,312,341,266,41,53,153,153,153,170,181,21,21,37,37,64,64,64,64],"floor_reached":43,"playtime":2850,"items_purged":["Regret"],"score":586,"play_id":"47ea5a47-e033-46cf-b23d-25f640a266b8","local_time":"20210111032643","is_ascension_mode":true,"campfire_choices":[{"data":"hexamod:Sear","floor":1,"key":"SMITH"},{"data":"hexamod:SoulSteal","floor":9,"key":"SMITH"},{"data":"hexamod:ShieldOfDarkness","floor":11,"key":"SMITH"},{"data":"hexamod:ThermalTransfer","floor":18,"key":"SMITH"},{"data":"hexamod:BurningTouch","floor":23,"key":"SMITH"},{"floor":30,"key":"REST"},{"data":"hexamod:HeatShield","floor":35,"key":"SMITH"}],"circlet_count":0,"master_deck":["hexamod:Strike+1","hexamod:Strike+1","hexamod:Strike+1","hexamod:Strike+1","hexamod:Defend+1","hexamod:Defend+1","hexamod:Defend+1","hexamod:Defend","hexamod:Sear+1","hexamod:Float+1","hexamod:FourthSeal","hexamod:SoulSteal+1","hexamod:SwordOfDarkness","hexamod:HauntingEcho","hexamod:FirstSeal","hexamod:ShieldOfDarkness+1","hexamod:BurningTouch+1","hexamod:SwordOfDarkness+1","hexamod:SixthSeal","hexamod:ThermalTransfer+1","hexamod:HexaLevel+1","hexamod:NightmareGuise+1","hexamod:AdvancingGuard+1","hexamod:AdvancingGuard+1","hexamod:BacktrackSmack","hexamod:Firestarter+1","hexamod:HeatShield+1","hexamod:HeatShield+1","hexamod:ApocalypticArmor","hexamod:SpectersWail+1","hexamod:VolcanoVisage+1","hexamod:ChargedBarrage+1","hexamod:HauntingEcho","hexamod:SwordOfDarkness+1","expansioncontent:DecasProtection","expansioncontent:Collect","hexamod:DynamicBlow","hexamod:Hexaguard+1"],"relics":["hexamod:SpiritBrand","Bird Faced Urn","Kunai","hexamod:InflammatoryLetter","Akabeko","Ice Cream","Velvet Choker","MutagenicStrength","Ancient Tea Set","Pocketwatch","hubris:DeckOfHolding","downfall:HeartBlessingGreen","hubris:ScarierMask","Strange Spoon","hubris:CuriousFeather"],"acts_visited":["Exordium","TheCity","TheBeyond"],"potions_floor_usage":[10,10,12,19,20,25,26,26,28,31,38,40,42,43],"damage_taken":[{"damage":0,"enemies":"Cultist","floor":2,"turns":3},{"damage":2,"enemies":"Small Slimes","floor":3,"turns":3},{"damage":0,"enemies":"2 Louse","floor":4,"turns":4},{"damage":14,"enemies":"3 Sentries","floor":6,"turns":7},{"damage":1,"enemies":"downfall:FleeingMerchant","floor":10,"turns":4},{"damage":14,"enemies":"Gremlin Nob","floor":12,"turns":4},{"damage":5,"enemies":"Blue Slaver","floor":13,"turns":4},{"damage":6,"enemies":"2 Fungi Beasts","floor":14,"turns":3},{"damage":8,"enemies":"Exordium Wildlife","floor":15,"turns":3},{"damage":11,"enemies":"downfall:Watcher","floor":16,"turns":10},{"damage":15,"enemies":"Shell Parasite","floor":19,"turns":6},{"damage":3,"enemies":"3 Cultists","floor":20,"turns":4},{"damage":26,"enemies":"Snecko","floor":22,"turns":5},{"damage":23,"enemies":"Snake Plant","floor":25,"turns":4},{"damage":21,"enemies":"Book of Stabbing","floor":26,"turns":6},{"damage":1,"enemies":"Cultist and Chosen","floor":28,"turns":6},{"damage":21,"enemies":"Slavers","floor":29,"turns":3},{"damage":0,"enemies":"downfall:FleeingMerchant","floor":31,"turns":4},{"damage":0,"enemies":"3 Cultists","floor":32,"turns":5},{"damage":9,"enemies":"downfall:Ironclad","floor":33,"turns":8},{"damage":23,"enemies":"3 Darklings","floor":36,"turns":3},{"damage":0,"enemies":"3 Shapes","floor":37,"turns":4},{"damage":0,"enemies":"downfall:FleeingMerchant","floor":38,"turns":4},{"damage":37,"enemies":"Spire Growth","floor":40,"turns":7},{"damage":40,"enemies":"Giant Head","floor":42,"turns":10},{"damage":40,"enemies":"Orin","floor":43,"turns":6}],"seed_played":"6891501154332089442","potions_obtained":[{"floor":3,"key":"BlessingOfTheForge"},{"floor":4,"key":"SneckoOil"},{"floor":4,"key":"hexamod:EctoCoolerPotion"},{"floor":6,"key":"BlessingOfTheForge"},{"floor":6,"key":"Block Potion"},{"floor":10,"key":"Swift Potion"},{"floor":12,"key":"SpeedPotion"},{"floor":13,"key":"hexamod:DoubleChargePotion"},{"floor":14,"key":"ColorlessPotion"},{"floor":16,"key":"Energy Potion"},{"floor":19,"key":"champ:CounterPotion"},{"floor":20,"key":"DistilledChaos"},{"floor":25,"key":"SteroidPotion"},{"floor":26,"key":"hexamod:DoubleChargePotion"},{"floor":29,"key":"AttackPotion"},{"floor":31,"key":"CultistPotion"},{"floor":33,"key":"ColorlessPotion"},{"floor":38,"key":"AttackPotion"},{"floor":40,"key":"PowerPotion"}],"is_trial":false,"path_per_floor":["R","M","M","M","?","E","T","?","R","$","R","E","M","M","M","B",null,"R","M","M","?","M","R","T","M","E","?","M","E","R","$","M","B",null,"R","M","M","$","?","M","T","E","?"],"character_chosen":"THE_SPIRIT","items_purchased":["Akabeko","hexamod:ApocalypticArmor","Strange Spoon"],"campfire_rested":1,"item_purchase_floors":[10,31,38],"current_hp_per_floor":[70,70,68,68,68,56,56,49,49,59,59,56,62,67,68,59,70,70,69,70,70,58,58,58,50,35,35,47,28,49,53,68,61,70,70,51,66,70,65,48,48,27,0,0,0],"gold":64,"neow_bonus":"UPGRADE_CARD","is_daily":false,"chose_seed":false,"campfire_upgraded":6,"win_rate":0.0,"timestamp":1610332003,"path_taken":["R","M","?","M","?","E","T","?","R","$","R","E","M","M","M","BOSS","R","M","M","?","M","R","T","M","E","?","?","E","R","$","M","BOSS","R","M","M","$","?","M","T","E","?"],"items_purchased_type":["Relic","Card","Relic"],"build_version":"2020-12-22","purchased_purges":1,"victory":false,"max_hp_per_floor":[70,70,70,70,70,70,70,70,70,70,70,70,70,70,70,70,70,70,70,70,70,70,70,70,70,70,70,70,70,70,70,70,70,70,70,70,70,70,70,70,70,70,70,70,70],"card_choices":[{"not_picked":["hexamod:BacktrackSmack","hexamod:Hexaguard"],"picked":"hexamod:FourthSeal","floor":2},{"not_picked":["hexamod:CatchUp","hexamod:FourthSeal"],"picked":"hexamod:SoulSteal","floor":3},{"not_picked":["hexamod:SoulSteal","hexamod:Firestarter"],"picked":"hexamod:SwordOfDarkness","floor":4},{"not_picked":["hexamod:Incineration","hexamod:SpectersWail"],"picked":"hexamod:HauntingEcho","floor":6},{"not_picked":["hexamod:GhostShield","hexamod:PhantomCloak"],"picked":"hexamod:ShieldOfDarkness","floor":10},{"not_picked":["hexamod:AdvancingGuard","hexamod:RecurringNightmare"],"picked":"hexamod:BurningTouch","floor":12},{"not_picked":["hexamod:GhostShield","hexamod:BurningTouch"],"picked":"hexamod:SwordOfDarkness","floor":13},{"not_picked":["hexamod:GhostLash","hexamod:ThermalTransfer"],"picked":"hexamod:SixthSeal","floor":14},{"not_picked":["hexamod:Firestarter","hexamod:HauntingEcho"],"picked":"hexamod:ThermalTransfer","floor":15},{"not_picked":["hexamod:FifthSeal","hexamod:Toasty"],"picked":"hexamod:HexaLevel","floor":16},{"not_picked":["hexamod:BurningTouch+1","hexamod:PowerFromBeyond"],"picked":"hexamod:NightmareGuise+1","floor":19},{"not_picked":["hexamod:FastForward","hexamod:HeatMetal"],"picked":"hexamod:AdvancingGuard+1","floor":20},{"not_picked":["hexamod:BacktrackSmack","hexamod:ThirdSeal","hexamod:NightmareGuise"],"picked":"SKIP","floor":22},{"not_picked":["hexamod:HauntingEcho+1","hexamod:DynamicBlow"],"picked":"hexamod:AdvancingGuard+1","floor":25},{"not_picked":["hexamod:GhostLash","hexamod:PhantomCloak"],"picked":"hexamod:BacktrackSmack","floor":26},{"not_picked":["hexamod:UnleashSpirits","hexamod:GhostLash+1"],"picked":"hexamod:Firestarter","floor":28},{"not_picked":["hexamod:Again","hexamod:GhostLash+1"],"picked":"hexamod:HeatShield","floor":29},{"not_picked":["hexamod:SecondSeal","hexamod:RainOfEmbers"],"picked":"hexamod:HeatShield","floor":31},{"not_picked":["hexamod:RecurringNightmare","hexamod:SwordOfDarkness+1"],"picked":"hexamod:SpectersWail","floor":32},{"not_picked":["hexamod:UnlimitedPower","hexamod:WildfireWeapon"],"picked":"hexamod:VolcanoVisage","floor":33},{"not_picked":["hexamod:SwordOfDarkness","hexamod:ThirdSeal"],"picked":"hexamod:ChargedBarrage+1","floor":36},{"not_picked":["hexamod:BurningTouch+1","hexamod:ShieldOfDarkness+1"],"picked":"hexamod:HauntingEcho","floor":37},{"not_picked":["hexamod:ShieldOfDarkness+1","hexamod:AdvancingGuard"],"picked":"hexamod:SwordOfDarkness+1","floor":38},{"not_picked":["expansioncontent:GuardianWhirl","expansioncontent:AwakenDeath"],"picked":"expansioncontent:DecasProtection","floor":39},{"not_picked":["expansioncontent:PolyBeam","expansioncontent:PrepareCrush"],"picked":"expansioncontent:Collect","floor":39},{"not_picked":["hexamod:GhostShield","hexamod:InspiringFlames"],"picked":"hexamod:DynamicBlow","floor":40},{"not_picked":["hexamod:ShieldOfDarkness","hexamod:RainOfEmbers+1"],"picked":"hexamod:Hexaguard+1","floor":42}],"player_experience":573484,"relics_obtained":[{"floor":6,"key":"Kunai"},{"floor":7,"key":"hexamod:InflammatoryLetter"},{"floor":12,"key":"Ice Cream"},{"floor":24,"key":"Ancient Tea Set"},{"floor":26,"key":"Pocketwatch"},{"floor":29,"key":"hubris:DeckOfHolding"},{"floor":42,"key":"hubris:CuriousFeather"}],"event_choices":[{"damage_healed":0,"gold_gain":0,"player_choice":"Box","damage_taken":0,"relics_obtained":["Bird Faced Urn"],"max_hp_gain":0,"max_hp_loss":0,"event_name":"Big Fish","floor":5,"gold_loss":0,"cards_obtained":["Regret"]},{"damage_healed":0,"gold_gain":0,"player_choice":"Inject Mutagens","damage_taken":0,"relics_obtained":["MutagenicStrength"],"max_hp_gain":0,"max_hp_loss":0,"event_name":"Drug Dealer","floor":21,"gold_loss":0},{"damage_healed":0,"gold_gain":0,"player_choice":"Fight","damage_taken":0,"max_hp_gain":0,"max_hp_loss":0,"event_name":"OrinTheCat","floor":43,"gold_loss":0}],"is_beta":false,"boss_relics":[{"not_picked":["downfall:Hecktoplasm","hubris:GrandSneckoEye"],"picked":"Velvet Choker"},{"not_picked":["hubris:RunicObelisk","Runic Dome"],"picked":"hubris:ScarierMask"}],"items_purged_floors":[31],"is_endless":false,"potions_floor_spawned":[4,6,14,16,20,25,29,33,40],"killed_by":"Orin","ascension_level":2}}