{"host":"8fuipfsvjht9cgcs","time":1610404633,"event":{"mods":["AchievementEnabler","BaseMod","Colored Map","Colored Powertips","DeckTracker","Minty Spire (QoL Compilation)","Replay The Spire","StSLib","SuperFastMode","The Gatherer"],"gold_per_floor":[115,190,190,204,25,25,58,74,74,94,114,114,130,130,130,150,150,248,348,359,410,430,430,448,448,467,467,492,504,534,353,373,403,403,403,403],"floor_reached":35,"playtime":1469,"items_purged":["Strike_R","Strike_R"],"score":594,"play_id":"be80bd78-8040-4d57-92e0-1cb71af49f4d","local_time":"20210112113713","is_ascension_mode":true,"campfire_choices":[{"data":"Armaments","floor":6.0,"key":"SMITH"},{"data":"Body Slam","floor":12.0,"key":"SMITH"},{"data":"Shrug It Off","floor":25.0,"key":"SMITH"},{"data":"Shrug It Off","floor":27.0,"key":"SMITH"},{"data":"Body Slam","floor":34,"key":"SMITH"}],"circlet_count":0,"master_deck":["AscendersBane","Strike_R","Strike_R","Strike_R+1","Defend_R","Defend_R","Defend_R+1","Defend_R","Bash","Feed","Clothesline","Pommel Strike","Body Slam+1","Armaments+1","Ghostly Armor","Thunderclap","Disarm","Shrug It Off+1","Evolve+1","Shrug It Off+1","Disarm","Sentinel+1","Entrench","Shrug It Off+1","Body Slam+1"],"relics":["Burning Blood","ReplayTheSpireMod:Shallot","Ornamental Fan","Replay:Wanted Poster","Quantum Egg","Gremlin Food","Red Skull","Garlic"],"acts_visited":["Exordium","TheCity"],"potions_floor_usage":[32,35,35],"damage_taken":[{"damage":7.0,"enemies":"Small Slimes","floor":1.0,"turns":4.0},{"damage":4.0,"enemies":"Jaw Worm","floor":4.0,"turns":4.0},{"damage":26.0,"enemies":"Gremlin Nob","floor":7.0,"turns":5.0},{"damage":0.0,"enemies":"2 Louse","floor":8.0,"turns":2.0},{"damage":4.0,"enemies":"Blue Slaver","floor":10.0,"turns":5.0},{"damage":0.0,"enemies":"Looter","floor":11.0,"turns":3.0},{"damage":0.0,"enemies":"Lots of Slimes","floor":13.0,"turns":4.0},{"damage":2.0,"enemies":"3 Louse","floor":16.0,"turns":3.0},{"damage":14.0,"enemies":"The Guardian","floor":18.0,"turns":11.0},{"damage":12.0,"enemies":"2 Thieves","floor":20.0,"turns":5.0},{"damage":2.0,"enemies":"3 Byrds","floor":22.0,"turns":8.0},{"damage":13.0,"enemies":"Centurion and Healer","floor":24.0,"turns":11.0},{"damage":7.0,"enemies":"Shelled Parasite and Fungi","floor":26.0,"turns":8.0},{"damage":44.0,"enemies":"3 Cultists","floor":29.0,"turns":8.0},{"damage":0,"enemies":"Replay:Snechameleon","floor":30,"turns":10},{"damage":2,"enemies":"Snake Plant","floor":32,"turns":5},{"damage":13,"enemies":"Book of Stabbing","floor":33,"turns":9},{"damage":27,"enemies":"Collector","floor":35,"turns":9}],"seed_played":"2722762603899107042","potions_obtained":[{"floor":1.0,"key":"Strength Potion"},{"floor":4.0,"key":"Doom Potion"},{"floor":21.0,"key":"GamblersBrew"},{"floor":32,"key":"Adrenaline Potion"}],"is_trial":false,"path_per_floor":["M","?","?","M","$","R","E","M","T","M","M","R","M","PTL","PTL","M","R_BF","B",null,"M","?","M","?","M","R","M","R","T","M","E","$","M","E","R","B"],"character_chosen":"IRONCLAD","items_purchased":["Body Slam","Armaments","Shrug It Off+1","Body Slam"],"campfire_rested":0,"item_purchase_floors":[5,5,31,31],"current_hp_per_floor":[53,42,25,30,30,30,13,19,19,24,30,30,39,39,39,46,75,67,90,84,45,52,52,49,49,51,51,51,17,26,26,30,23,23,0,0],"gold":403,"neow_bonus":"THREE_RARE_CARDS","is_daily":false,"chose_seed":false,"campfire_upgraded":5,"win_rate":0.0,"timestamp":1610404633,"path_taken":["M","?","?","M","$","R","E","M","T","M","M","R","M","PTL","PTL","M","R_BF","BOSS","M","?","M","?","?","R","M","R","T","M","E","$","M","E","R","BOSS"],"items_purchased_type":["Card","Card","Card","Card"],"build_version":"2020-12-22","purchased_purges":2,"victory":false,"max_hp_per_floor":[83,83,83,86,86,86,89,89,89,92,92,92,95,95,95,98,98,98,98,98,98,101,101,105,105,108,108,108,112,115,115,115,115,115,115,115],"card_choices":[{"not_picked":["Limit Break","Double Tap"],"picked":"Feed","floor":0.0},{"not_picked":["ReplayReversal","Iron Wave"],"picked":"Clothesline","floor":1.0},{"not_picked":["Feel No Pain","Iron Wave"],"picked":"Pommel Strike","floor":4.0},{"not_picked":["Disarm","Anger"],"picked":"Ghostly Armor","floor":7.0},{"not_picked":["Rupture","Searing Blow"],"picked":"Thunderclap","floor":8.0},{"not_picked":["Warcry","Replay:Undeath\u0027s Touch"],"picked":"Disarm","floor":10.0},{"not_picked":["Bludgeon","Infernal Blade","Run Through"],"picked":"SKIP","floor":11.0},{"not_picked":["Clash","Wild Strike"],"picked":"Shrug It Off","floor":13.0},{"not_picked":["Pommel Strike","Shrug It Off"],"picked":"Evolve","floor":16.0},{"not_picked":["Replay:Undeath\u0027s Touch+1","Thunderclap"],"picked":"Shrug It Off","floor":20.0},{"not_picked":["Armaments+1","Pommel Strike"],"picked":"Disarm","floor":22.0},{"not_picked":["Life Link+1","Massacre","Carnage"],"picked":"SKIP","floor":24.0},{"not_picked":["Reckless Charge","Sword Boomerang","Warcry"],"picked":"SKIP","floor":26.0},{"not_picked":["Rage","Pommel Strike"],"picked":"Sentinel+1","floor":29.0},{"not_picked":["Body Slam+1","Rupture"],"picked":"Entrench","floor":30},{"not_picked":["Headbutt","Clothesline","Cleave+1"],"picked":"SKIP","floor":32},{"not_picked":["Flame Barrier","Rampage","Sentinel"],"picked":"SKIP","floor":33}],"player_experience":369377,"relics_obtained":[{"floor":7.0,"key":"ReplayTheSpireMod:Shallot"},{"floor":9.0,"key":"Ornamental Fan"},{"floor":21.0,"key":"Quantum Egg"},{"floor":28.0,"key":"Gremlin Food"},{"floor":30,"key":"Red Skull"},{"floor":33,"key":"Garlic"}],"event_choices":[{"damage_healed":0.0,"max_hp_gain":0.0,"max_hp_loss":0.0,"gold_gain":75.0,"event_name":"World of Goop","player_choice":"Gather Gold","floor":2.0,"gold_loss":0.0,"damage_taken":11.0},{"damage_healed":0.0,"max_hp_gain":0.0,"max_hp_loss":0.0,"gold_gain":0.0,"event_name":"Shining Light","player_choice":"Entered Light","floor":3.0,"gold_loss":0.0,"damage_taken":17.0,"cards_upgraded":["Defend_R","Strike_R"]},{"damage_healed":0.0,"max_hp_gain":0.0,"max_hp_loss":0.0,"gold_gain":0.0,"event_name":"The Woman in Blue","player_choice":"Bought 0 Potions","floor":23.0,"gold_loss":0.0,"damage_taken":0.0}],"is_beta":false,"boss_relics":[{"not_picked":["Runic Cube","Snecko Eye"],"picked":"Replay:Wanted Poster"}],"items_purged_floors":[5,31],"is_endless":false,"potions_floor_spawned":[1,4,10,13,16,22,32,33],"killed_by":"Collector","ascension_level":11}}