{"host":"fnk117zi8wf5078t","time":1610350490,"event":{"mods":["AchievementEnabler","BaseMod","Colored Map","Minty Spire (QoL Compilation)","Rare Cards Sparkle","SuperFastMode","everything is the same but u backflip on backflip"],"gold_per_floor":[113,113,131,17,167,167,179,190,216,47,65,65,78,78,78,78,78],"floor_reached":16,"playtime":265,"items_purged":["Strike_R"],"score":179,"play_id":"d2e777a9-94b1-4d5a-8515-019f533fce31","local_time":"20210111163450","is_ascension_mode":true,"campfire_choices":[{"data":"Carnage","floor":6,"key":"SMITH"},{"floor":12,"key":"REST"},{"floor":15,"key":"REST"}],"circlet_count":0,"master_deck":["AscendersBane","Strike_R","Strike_R","Strike_R","Defend_R","Defend_R","Defend_R","Defend_R","Bash","Combust","Entrench","Disarm","Carnage+1","Inflame","Doubt","Armaments","Battle Trance","Clothesline"],"relics":["Burning Blood","Pen Nib","Blood Vial"],"acts_visited":["Exordium"],"potions_floor_usage":[8,13],"damage_taken":[{"damage":12,"enemies":"Jaw Worm","floor":1,"turns":2},{"damage":10,"enemies":"Small Slimes","floor":3,"turns":4},{"damage":6,"enemies":"2 Louse","floor":7,"turns":3},{"damage":9,"enemies":"2 Fungi Beasts","floor":8,"turns":4},{"damage":53,"enemies":"Exordium Thugs","floor":11,"turns":6},{"damage":19,"enemies":"Exordium Wildlife","floor":13,"turns":4},{"damage":0,"enemies":"The Guardian","floor":16,"turns":1}],"seed_played":"-7755716546525495572","potions_obtained":[{"floor":1,"key":"SkillPotion"},{"floor":3,"key":"Block Potion"},{"floor":11,"key":"DuplicationPotion"}],"is_trial":false,"path_per_floor":["M","?","M","$","?","R","M","M","T","$","M","R","M","$","R","B"],"character_chosen":"IRONCLAD","items_purchased":["Inflame","Blood Vial"],"campfire_rested":2,"item_purchase_floors":[4,10],"current_hp_per_floor":[62,62,58,58,58,58,58,55,55,55,10,32,21,21,43,45,45],"gold":78,"neow_bonus":"THREE_CARDS","is_daily":false,"chose_seed":false,"campfire_upgraded":1,"win_rate":0.0,"timestamp":1610350490,"path_taken":["M","?","M","$","?","R","M","M","T","$","M","R","M","$","R","BOSS"],"items_purchased_type":["Card","Relic"],"build_version":"2020-12-22","purchased_purges":1,"victory":false,"max_hp_per_floor":[75,75,75,75,75,75,75,75,75,75,75,75,75,75,75,75,75],"card_choices":[{"not_picked":["Sentinel","Clash"],"picked":"Combust","floor":0},{"not_picked":["Battle Trance","Flex"],"picked":"Entrench","floor":1},{"not_picked":["Whirlwind","Clash"],"picked":"Carnage","floor":3},{"not_picked":["Flex","Armaments","Perfected Strike"],"picked":"SKIP","floor":7},{"not_picked":["Flex","Perfected Strike"],"picked":"Armaments","floor":7},{"not_picked":["Iron Wave","Sword Boomerang"],"picked":"Battle Trance","floor":8},{"not_picked":["Wild Strike","Flex","Havoc"],"picked":"SKIP","floor":11},{"not_picked":["Disarm","Burning Pact"],"picked":"Clothesline","floor":13}],"player_experience":369980,"relics_obtained":[{"floor":9,"key":"Pen Nib"}],"event_choices":[{"damage_healed":0,"gold_gain":0,"cards_transformed":["Strike_R"],"player_choice":"Change","damage_taken":0,"max_hp_gain":0,"max_hp_loss":0,"event_name":"Living Wall","floor":2,"gold_loss":0,"cards_obtained":["Disarm"]},{"damage_healed":0,"gold_gain":150,"player_choice":"AGREE","damage_taken":0,"max_hp_gain":0,"max_hp_loss":0,"event_name":"Liars Game","floor":5,"gold_loss":0,"cards_obtained":["Doubt"]}],"is_beta":false,"boss_relics":[],"items_purged_floors":[4],"is_endless":false,"potions_floor_spawned":[1,3,11],"killed_by":"The Guardian","ascension_level":19}}