{"host":"g200jza2br9hmesm","time":1610330637,"event":{"mods":["AchievementEnabler","BaseMod","Colored Map","Downfall","Minty Spire (QoL Compilation)","Quick Restart","Relic Stats","StSLib"],"gold_per_floor":[118,128,78,7,19,54,74,84,110,110,110,110,110,110,110,110,110],"floor_reached":16,"playtime":850,"items_purged":[],"score":150,"play_id":"4d9157c6-c8d9-4ed6-9f16-dc5e8a801191","local_time":"20210110210357","is_ascension_mode":true,"campfire_choices":[{"data":"Dark Embrace","floor":11,"key":"SMITH"},{"floor":13,"key":"REST"},{"data":"Warcry","floor":15,"key":"SMITH"}],"circlet_count":0,"master_deck":["AscendersBane","Strike_R","Strike_R+1","Strike_R","Strike_R+1","Strike_R","Defend_R","Defend_R","Defend_R","Defend_R","Ghostly Armor","Shrug It Off","True Grit","Dark Embrace+1","Warcry+1","Parasite","Regret"],"relics":["Burning Blood","NeowsBlessing","Darkstone Periapt","Potion Belt","Tiny Chest","Vajra"],"acts_visited":["Exordium"],"potions_floor_usage":[6,8],"damage_taken":[{"damage":0,"enemies":"2 Louse","floor":1,"turns":1},{"damage":0,"enemies":"Cultist","floor":2,"turns":1},{"damage":0,"enemies":"Jaw Worm","floor":5,"turns":1},{"damage":57,"enemies":"3 Sentries","floor":6,"turns":23},{"damage":3,"enemies":"3 Louse","floor":7,"turns":9},{"damage":27,"enemies":"Large Slime","floor":8,"turns":12},{"damage":60,"enemies":"Hexaghost","floor":16,"turns":14}],"seed_played":"-1610153601217411592","potions_obtained":[{"floor":5,"key":"Energy Potion"},{"floor":7,"key":"sneckomod:MuddlingPotion"}],"is_trial":false,"path_per_floor":["M","M","?","?","M","E","M","M","T","?","R","?","R","?","R","B"],"character_chosen":"IRONCLAD","items_purchased":[],"campfire_rested":1,"item_purchase_floors":[],"current_hp_per_floor":[78,80,80,80,80,29,32,11,11,37,37,20,45,51,51,0,0],"gold":110,"neow_bonus":"THREE_ENEMY_KILL","is_daily":false,"chose_seed":false,"campfire_upgraded":2,"win_rate":0.0,"timestamp":1610330637,"path_taken":["M","M","?","?","?","E","M","M","T","?","R","?","R","?","R","BOSS"],"items_purchased_type":[],"build_version":"2020-12-22","purchased_purges":0,"victory":false,"max_hp_per_floor":[80,80,80,80,80,80,80,80,80,86,86,86,86,92,92,92,92],"relic_stats":{"Darkstone Periapt":12,"counters":[7,61],"Tiny Chest":0,"obtain_stats":[{"Darkstone Periapt":4,"Potion Belt":6,"NeowsBlessing":0,"Vajra":14,"Tiny Chest":9,"Burning Blood":0},{"Darkstone Periapt":2,"Potion Belt":4,"NeowsBlessing":0,"Vajra":6,"Tiny Chest":6,"Burning Blood":0},{"Darkstone Periapt":2,"Potion Belt":26,"NeowsBlessing":0,"Vajra":47,"Tiny Chest":47,"Burning Blood":0}],"Burning Blood":26},"card_choices":[{"not_picked":["Thunderclap","Dark Embrace"],"picked":"Ghostly Armor","floor":1},{"not_picked":["Iron Wave","Spot Weakness"],"picked":"Shrug It Off","floor":2},{"not_picked":["Sword Boomerang","Heavy Blade"],"picked":"True Grit","floor":5},{"not_picked":["Bludgeon","Warcry"],"picked":"Dark Embrace","floor":6},{"not_picked":["Headbutt","Clash"],"picked":"Warcry","floor":7},{"not_picked":["Dual Wield","Thunderclap","Anger"],"picked":"SKIP","floor":8}],"player_experience":511097,"relics_obtained":[{"floor":6,"key":"Potion Belt"},{"floor":9,"key":"Tiny Chest"}],"event_choices":[{"cards_removed":["Bash"],"damage_healed":0,"gold_gain":0,"player_choice":"Card Removal","damage_taken":0,"max_hp_gain":0,"max_hp_loss":0,"event_name":"The Cleric","floor":3,"gold_loss":50},{"damage_healed":0,"gold_gain":0,"player_choice":"Paid Gold","damage_taken":0,"relics_obtained":["Darkstone Periapt"],"max_hp_gain":0,"max_hp_loss":0,"event_name":"WeMeetAgain","floor":4,"gold_loss":71},{"damage_healed":20,"gold_gain":0,"player_choice":"Healed and dodged fight","damage_taken":0,"max_hp_gain":0,"max_hp_loss":0,"event_name":"Mushrooms","floor":10,"gold_loss":0,"cards_obtained":["Parasite"]},{"damage_healed":0,"gold_gain":0,"player_choice":"Entered Light","damage_taken":17,"max_hp_gain":0,"max_hp_loss":0,"event_name":"Shining Light","floor":12,"gold_loss":0,"cards_upgraded":["Strike_R","Strike_R"]},{"damage_healed":0,"gold_gain":0,"player_choice":"Box","damage_taken":0,"relics_obtained":["Vajra"],"max_hp_gain":0,"max_hp_loss":0,"event_name":"Big Fish","floor":14,"gold_loss":0,"cards_obtained":["Regret"]}],"is_beta":false,"boss_relics":[],"items_purged_floors":[],"is_endless":false,"potions_floor_spawned":[5,7],"killed_by":"Hexaghost","ascension_level":10}}