{"host":"t7mx8yfj1no5p62f","time":1610388417,"event":{"mods":["BaseMod","Bestiary","Colored Map","Colored Powertips","Minty Spire (QoL Compilation)","Relic Stats","StSLib"],"gold_per_floor":[109,122,122,136,156,156,156,183,209,237,254,296,296,324,324,409,409,438,452,481,481,765,765,792,792,819,862,862,886,895,928,928,1014,1014,1030,1051,1106,1106,1121,1121,1148,1148,1148,1148,1148,1162,249,282,282,282,282,282,282,124,160,160],"floor_reached":57,"playtime":2627,"items_purged":["Regret","Strike_R"],"score":2967,"play_id":"89a9728b-b55f-4645-a71f-42a49a14f814","local_time":"20210111130657","is_ascension_mode":true,"campfire_choices":[{"data":"Blood for Blood","floor":6.0,"key":"SMITH"},{"data":"Armaments","floor":13.0,"key":"SMITH"},{"data":"Fire Breathing","floor":15.0,"key":"SMITH"},{"data":"Feel No Pain","floor":23.0,"key":"SMITH"},{"data":"Flame Barrier","floor":25.0,"key":"SMITH"},{"data":"Power Through","floor":28.0,"key":"SMITH"},{"floor":30.0,"key":"REST"},{"data":"Demon Form","floor":32.0,"key":"SMITH"},{"data":"Shockwave","floor":40.0,"key":"SMITH"},{"data":"Feel No Pain","floor":42.0,"key":"SMITH"},{"data":"Impervious","floor":45.0,"key":"SMITH"},{"floor":49.0,"key":"RECALL"},{"data":"Chrysalis","floor":53.0,"key":"SMITH"}],"circlet_count":0,"master_deck":["AscendersBane","Strike_R","Strike_R","Strike_R","Strike_R","Defend_R","Defend_R","Defend_R","Defend_R","Bash","Heavy Blade","Shockwave+1","Fire Breathing+1","Blood for Blood+1","Dual Wield+1","Armaments+1","Feel No Pain+1","Impervious+1","Flame Barrier+1","Corruption","Power Through+1","Sentinel+1","Demon Form+1","Reaper+1","Feel No Pain+1","Chrysalis+1","Dark Embrace","Power Through","Heavy Blade+1"],"relics":["Snecko Eye","Self Forming Clay","Question Card","Oddly Smooth Stone","Mercury Hourglass","CeramicFish","Smiling Mask","Mark of Pain","Dream Catcher","Centennial Puzzle","Du-Vu Doll","Molten Egg 2","Sozu","Bag of Marbles","Prayer Wheel","Bag of Preparation","OrangePellets","Magic Flower","Happy Flower","Art of War"],"acts_visited":["Exordium","TheCity","TheBeyond","TheEnding"],"potions_floor_usage":[56,56],"damage_taken":[{"damage":5.0,"enemies":"2 Louse","floor":1.0,"turns":2.0},{"damage":2.0,"enemies":"Jaw Worm","floor":2.0,"turns":3.0},{"damage":0.0,"enemies":"Cultist","floor":4.0,"turns":3.0},{"damage":7.0,"enemies":"2 Fungi Beasts","floor":5.0,"turns":3.0},{"damage":0.0,"enemies":"Gremlin Nob","floor":8.0,"turns":2.0},{"damage":3.0,"enemies":"Lagavulin","floor":10.0,"turns":5.0},{"damage":1.0,"enemies":"Exordium Thugs","floor":11.0,"turns":3.0},{"damage":5.0,"enemies":"3 Sentries","floor":12.0,"turns":3.0},{"damage":8.0,"enemies":"Gremlin Nob","floor":14.0,"turns":3.0},{"damage":0.0,"enemies":"Slime Boss","floor":16.0,"turns":4.0},{"damage":0.0,"enemies":"Chosen","floor":18.0,"turns":3.0},{"damage":0.0,"enemies":"3 Byrds","floor":19.0,"turns":5.0},{"damage":3.0,"enemies":"Snecko","floor":20.0,"turns":4.0},{"damage":16.0,"enemies":"Book of Stabbing","floor":24.0,"turns":5.0},{"damage":19.0,"enemies":"Gremlin Leader","floor":27.0,"turns":6.0},{"damage":6.0,"enemies":"Snake Plant","floor":29.0,"turns":3.0},{"damage":9.0,"enemies":"Slavers","floor":31.0,"turns":5.0},{"damage":27.0,"enemies":"Champ","floor":33.0,"turns":9.0},{"damage":3.0,"enemies":"3 Shapes","floor":35.0,"turns":5.0},{"damage":9.0,"enemies":"Orb Walker","floor":36.0,"turns":5.0},{"damage":3.0,"enemies":"Transient","floor":39.0,"turns":6.0},{"damage":45.0,"enemies":"Giant Head","floor":41.0,"turns":7.0},{"damage":27.0,"enemies":"Maw","floor":46.0,"turns":7.0},{"damage":7.0,"enemies":"Reptomancer","floor":48.0,"turns":10.0},{"damage":52.0,"enemies":"Donu and Deca","floor":50.0,"turns":8.0},{"damage":32.0,"enemies":"Awakened One","floor":51.0,"turns":12.0},{"damage":44,"enemies":"Shield and Spear","floor":55,"turns":8},{"damage":51,"enemies":"The Heart","floor":56,"turns":8}],"seed_played":"-1246106449817363304","potions_obtained":[{"floor":4.0,"key":"DuplicationPotion"},{"floor":5.0,"key":"Fire Potion"},{"floor":10.0,"key":"Strength Potion"},{"floor":11.0,"key":"CultistPotion"}],"is_trial":false,"path_per_floor":["M","M","?","M","M","R","T","E","T","E","M","E","R","E","R","B",null,"M","M","M","?","?","R","E","R","T","E","R","M","R","E","R","B",null,"M","M","T","?","M","R","E","R","T","?","R","M","$","E","R","B","B",null,"R","$","E","B",null],"character_chosen":"IRONCLAD","items_purchased":["Bag of Preparation","OrangePellets","Magic Flower","Chrysalis","Dark Embrace","Power Through"],"campfire_rested":1,"item_purchase_floors":[47,47,47,47,54,54],"current_hp_per_floor":[63,61,66,66,59,59,59,59,59,56,55,50,50,42,42,42,71,71,71,68,68,68,68,52,52,52,33,33,27,51,42,42,15,64,71,62,62,62,76,76,55,55,55,55,55,39,39,59,59,43,62,73,73,73,76,76],"gold":160,"neow_bonus":"BOSS_RELIC","is_daily":false,"chose_seed":false,"campfire_upgraded":11,"win_rate":0.0,"timestamp":1610388417,"path_taken":["M","M","?","M","M","R","?","E","T","E","M","E","R","E","R","BOSS","M","M","M","?","?","R","E","R","T","E","R","?","R","E","R","BOSS","M","M","?","?","M","R","E","R","T","?","R","M","$","E","R","BOSS","BOSS","R","$","E","BOSS"],"items_purchased_type":["Relic","Relic","Relic","Card","Card","Card"],"build_version":"2020-12-22","purchased_purges":2,"victory":true,"max_hp_per_floor":[75,75,80,80,80,80,80,80,80,80,80,80,80,80,80,80,80,80,80,80,80,80,80,80,80,80,80,80,80,80,80,80,80,80,80,80,80,76,76,76,76,76,76,76,76,76,76,76,76,76,76,76,76,76,76,76],"relic_stats":{"Happy Flower":[12],"counters":[28,147],"Self Forming Clay":[156],"CeramicFish":126,"Magic Flower":[50],"Bag of Preparation":[10],"Question Card":22,"Smiling Mask":75,"Mercury Hourglass":[485],"Sozu":1,"OrangePellets":[8],"Dream Catcher":1,"Centennial Puzzle":[42],"Snecko Eye":[208,194,186,179],"Prayer Wheel":1,"Art of War":[2],"obtain_stats":[{"Happy Flower":48,"Self Forming Clay":7,"CeramicFish":12,"Oddly Smooth Stone":9,"Magic Flower":47,"Bag of Preparation":47,"Question Card":8,"Smiling Mask":14,"Burning Blood":0,"Mercury Hourglass":10,"Du-Vu Doll":27,"Sozu":34,"OrangePellets":47,"Dream Catcher":24,"Centennial Puzzle":26,"Snecko Eye":0,"Molten Egg 2":31,"Prayer Wheel":41,"Mark of Pain":17,"Bag of Marbles":37,"Art of War":55},{"Happy Flower":24,"Self Forming Clay":4,"CeramicFish":8,"Oddly Smooth Stone":5,"Magic Flower":23,"Bag of Preparation":23,"Question Card":5,"Smiling Mask":9,"Burning Blood":0,"Mercury Hourglass":6,"Du-Vu Doll":15,"Sozu":18,"OrangePellets":23,"Dream Catcher":14,"Centennial Puzzle":14,"Snecko Eye":0,"Molten Egg 2":17,"Prayer Wheel":22,"Mark of Pain":10,"Bag of Marbles":20,"Art of War":27},{"Happy Flower":111,"Self Forming Clay":11,"CeramicFish":24,"Oddly Smooth Stone":13,"Magic Flower":101,"Bag of Preparation":101,"Question Card":13,"Smiling Mask":27,"Burning Blood":0,"Mercury Hourglass":18,"Du-Vu Doll":54,"Sozu":71,"OrangePellets":101,"Dream Catcher":48,"Centennial Puzzle":48,"Snecko Eye":0,"Molten Egg 2":62,"Prayer Wheel":94,"Mark of Pain":31,"Bag of Marbles":81,"Art of War":139}]},"card_choices":[{"not_picked":["Flex","Iron Wave"],"picked":"Heavy Blade","floor":1.0},{"not_picked":["Wild Strike","Sword Boomerang"],"picked":"Shockwave","floor":2.0},{"not_picked":["Power Through","Dark Embrace"],"picked":"Fire Breathing","floor":4.0},{"not_picked":["Warcry","Thunderclap"],"picked":"Blood for Blood","floor":5.0},{"not_picked":["Sever Soul","Seeing Red","Headbutt"],"picked":"SKIP","floor":8.0},{"not_picked":["Limit Break","Anger","Twin Strike"],"picked":"Dual Wield","floor":10.0},{"not_picked":["True Grit","Clash","Twin Strike"],"picked":"Armaments","floor":11.0},{"not_picked":["Fire Breathing","Reckless Charge","Thunderclap"],"picked":"Feel No Pain","floor":12.0},{"not_picked":["Combust","Thunderclap","True Grit","Exhume"],"picked":"SKIP","floor":14.0},{"not_picked":["Exhume","Fiend Fire","Double Tap"],"picked":"Impervious","floor":16.0},{"not_picked":["Havoc","Armaments","Perfected Strike"],"picked":"Flame Barrier","floor":18.0},{"not_picked":["Rampage","True Grit","Iron Wave","Clothesline"],"picked":"SKIP","floor":19.0},{"not_picked":["Armaments","Shrug It Off","Spot Weakness"],"picked":"Corruption","floor":20.0},{"not_picked":["Cleave","Clothesline","True Grit","Flex"],"picked":"SKIP","floor":24.0},{"not_picked":["Dropkick","Flame Barrier","Bloodletting"],"picked":"Power Through","floor":27.0},{"not_picked":["Seeing Red","Havoc","Anger"],"picked":"Sentinel+1","floor":29.0},{"not_picked":["Heavy Blade","Shrug It Off","Cleave"],"picked":"Demon Form","floor":30.0},{"not_picked":["Dropkick+1","Armaments","Reckless Charge+1","Warcry"],"picked":"SKIP","floor":31.0},{"not_picked":["Berserk","Limit Break","Corruption"],"picked":"Reaper+1","floor":33.0},{"not_picked":["Anger+1","Sword Boomerang+1","Perfected Strike+1","Thunderclap+1"],"picked":"SKIP","floor":35.0},{"not_picked":["Wild Strike+1","Rupture","Metallicize"],"picked":"Feel No Pain","floor":36.0},{"not_picked":["Inflame","Flex+1","Cleave+1","Sentinel"],"picked":"SKIP","floor":39.0},{"not_picked":["Sentinel","Perfected Strike+1","Combust","Iron Wave+1"],"picked":"SKIP","floor":41.0},{"not_picked":["Searing Blow+1","Rupture","Body Slam+1","Cleave+1"],"picked":"SKIP","floor":46.0},{"not_picked":["Pommel Strike+1","Twin Strike+1","Berserk","Warcry"],"picked":"SKIP","floor":46.0},{"not_picked":["Clothesline+1","Anger+1","Headbutt+1","Whirlwind+1"],"picked":"SKIP","floor":48.0},{"not_picked":["Clash+1","Sever Soul+1","Cleave+1"],"picked":"Heavy Blade+1","floor":55}],"player_experience":1727507,"relics_obtained":[{"floor":7.0,"key":"Self Forming Clay"},{"floor":8.0,"key":"Question Card"},{"floor":9.0,"key":"Oddly Smooth Stone"},{"floor":10.0,"key":"Mercury Hourglass"},{"floor":12.0,"key":"CeramicFish"},{"floor":14.0,"key":"Smiling Mask"},{"floor":24.0,"key":"Dream Catcher"},{"floor":26.0,"key":"Centennial Puzzle"},{"floor":27.0,"key":"Du-Vu Doll"},{"floor":31.0,"key":"Molten Egg 2"},{"floor":37.0,"key":"Bag of Marbles"},{"floor":41.0,"key":"Prayer Wheel"},{"floor":48.0,"key":"Happy Flower"},{"floor":55,"key":"Art of War"}],"event_choices":[{"damage_healed":0.0,"max_hp_gain":5.0,"max_hp_loss":0.0,"gold_gain":0.0,"event_name":"Big Fish","player_choice":"Donut","floor":3.0,"gold_loss":0.0,"damage_taken":0.0},{"damage_healed":0.0,"max_hp_gain":0.0,"max_hp_loss":0.0,"gold_gain":0.0,"event_name":"Ghosts","player_choice":"Ignored","floor":21.0,"gold_loss":0.0,"damage_taken":0.0},{"damage_healed":0.0,"max_hp_gain":0.0,"max_hp_loss":0.0,"gold_gain":275.0,"event_name":"Golden Shrine","player_choice":"Desecrate","floor":22.0,"gold_loss":0.0,"damage_taken":0.0,"cards_obtained":["Regret"]},{"damage_healed":0.0,"max_hp_gain":0.0,"max_hp_loss":4.0,"gold_gain":0.0,"event_name":"Winding Halls","player_choice":"Max HP","floor":38.0,"gold_loss":0.0,"damage_taken":0.0},{"damage_healed":0.0,"max_hp_gain":0.0,"max_hp_loss":0.0,"gold_gain":0.0,"event_name":"Upgrade Shrine","player_choice":"Upgraded","floor":44.0,"gold_loss":0.0,"damage_taken":0.0,"cards_upgraded":["Dual Wield"]}],"is_beta":false,"boss_relics":[{"not_picked":["Empty Cage","SlaversCollar"],"picked":"Mark of Pain"},{"not_picked":["Runic Dome","Cursed Key"],"picked":"Sozu"}],"items_purged_floors":[47,54],"is_endless":false,"potions_floor_spawned":[4,5,10,11,12,14,20,27,29,31,33,35,48],"ascension_level":20}}