{"host":"spsrt7uenoh0uedx","time":1610336605,"event":{"mods":["Act Like it!","Arknights The Spire","BaseMod","Downfall","Friendly Minions","Gensokyo","Hallownest","Kiyohime（清姬）","Marisa（F雨　魔理沙）","Minty Spire (QoL Compilation)","SOS（斯巴达之子）","StSLib","The Bug Knight","The Cursed","The Gatherer","The Hierophant","The Runesmith","The Servant 0.9.4","WarShipGirlsR/战舰少女R mod","Youmu（魂魄妖梦）","Yuri Mod"],"gold_per_floor":[111,186,205,224,189,189,37,49,72,82,110,110,141,164,164,260,260,280,280,293,293,293],"floor_reached":21,"playtime":1355,"items_purged":[],"score":189,"play_id":"e4bab35a-85fb-4b69-b5ff-049ee8ff5d3e","local_time":"20210111114325","is_ascension_mode":false,"campfire_choices":[{"data":"ats:Red Shift","floor":6,"key":"SMITH"},{"floor":15,"key":"REST"}],"circlet_count":0,"master_deck":["ats:Strike C","ats:Strike G","ats:Strike S","ats:Strike V","ats:Armor Crushing Shot","ats:Defend","ats:Defend+1","ats:Defend","ats:Defend","ats:Emotion Absorption+1","ats:Sunburst","ats:Healing Drone","ats:Red Shift+1","ats:Roar Of Ursus","ats:Blood Oath","ats:Ignite","ats:Explosion Area Strengthen","ats:Healing Drone","ats:Dogmatic Field","ats:Beaten Up","ats:Sword Rain+1"],"relics":["ats:Sanity","NeowsBlessing","War Paint","ats:Originium","Bronze Scales","Vajra","HollowMod:PaleOreRelic","Black Star","White Beast Statue"],"acts_visited":["Exordium","TheCity"],"potions_floor_usage":[11,13,16,21],"damage_taken":[{"damage":0,"enemies":"Small Slimes","floor":1,"turns":1},{"damage":0,"enemies":"Cultist","floor":3,"turns":1},{"damage":0,"enemies":"Jaw Worm","floor":4,"turns":1},{"damage":11,"enemies":"Large Slime","floor":8,"turns":5},{"damage":17,"enemies":"Looter","floor":10,"turns":4},{"damage":37,"enemies":"HollowMod:MossKnight","floor":11,"turns":8},{"damage":49,"enemies":"Lagavulin","floor":13,"turns":6},{"damage":49,"enemies":"The Guardian","floor":16,"turns":8},{"damage":19,"enemies":"Spheric Guardian","floor":18,"turns":4},{"damage":84,"enemies":"Snake Plant","floor":20,"turns":6},{"damage":46,"enemies":"Centurion and Healer","floor":21,"turns":7}],"seed_played":"-4880270878592780564","potions_obtained":[{"floor":4,"key":"Strength Potion"},{"floor":8,"key":"Explosive Potion"},{"floor":10,"key":"SkillPotion"},{"floor":20,"key":"AttackPotion"}],"is_trial":false,"path_per_floor":["M","?","M","M","?","R","$","M","T","M","E","?","E","T","R","B",null,"M","T","M","M"],"character_chosen":"DOCTOR_CLASS","items_purchased":["ats:Roar Of Ursus"],"campfire_rested":1,"item_purchase_floors":[7],"current_hp_per_floor":[72,65,65,65,72,72,72,61,61,56,40,40,9,9,30,11,72,59,59,22,0,0],"gold":293,"neow_bonus":"THREE_ENEMY_KILL","is_daily":false,"chose_seed":false,"campfire_upgraded":1,"win_rate":0.0,"timestamp":1610336605,"path_taken":["M","?","?","M","?","R","$","M","T","M","E","?","E","?","R","BOSS","M","?","M","?"],"items_purchased_type":["Card"],"build_version":"2020-12-22","purchased_purges":0,"victory":false,"max_hp_per_floor":[72,72,72,72,72,72,72,72,72,72,72,72,72,72,72,72,72,72,72,72,72,72],"card_choices":[{"not_picked":["ats:Powerful Strike","ats:Poison Spread"],"picked":"ats:Sunburst","floor":1},{"not_picked":["ats:Explosion Area Strengthen","ats:Consecutive Shot Auto"],"picked":"ats:Healing Drone","floor":3},{"not_picked":["ats:Powerful Strike","ats:Childhood Dance"],"picked":"ats:Red Shift","floor":4},{"not_picked":["ats:Shell Defense","ats:Steam Pump"],"picked":"ats:Blood Oath","floor":8},{"not_picked":["ats:Defend Order","ats:Revitalization"],"picked":"ats:Ignite","floor":10},{"not_picked":["ats:Childhood Dance","ats:Revitalization"],"picked":"ats:Explosion Area Strengthen","floor":11},{"not_picked":["ats:Hook Shot","ats:Durian"],"picked":"ats:Healing Drone","floor":13},{"not_picked":["ats:Fractured Body","ats:Echo Reverb"],"picked":"ats:Dogmatic Field","floor":16},{"not_picked":["ats:Flexible Camouflage","ats:Childhood Dance+1"],"picked":"ats:Beaten Up","floor":18},{"not_picked":["ats:Thermite Blade","ats:Collapsing Strike"],"picked":"ats:Sword Rain+1","floor":20}],"player_experience":247786,"relics_obtained":[{"floor":9,"key":"War Paint"},{"floor":11,"key":"ats:Originium"},{"floor":11,"key":"Bronze Scales"},{"floor":13,"key":"ats:Originium"},{"floor":13,"key":"Vajra"},{"floor":14,"key":"HollowMod:PaleOreRelic"},{"floor":19,"key":"White Beast Statue"}],"event_choices":[{"damage_healed":0,"gold_gain":75,"player_choice":"Touch","damage_taken":7,"max_hp_gain":0,"max_hp_loss":0,"event_name":"FaceTrader","floor":2,"gold_loss":0},{"damage_healed":18,"gold_gain":0,"player_choice":"Healed","damage_taken":0,"max_hp_gain":0,"max_hp_loss":0,"event_name":"The Cleric","floor":5,"gold_loss":35}],"is_beta":false,"boss_relics":[{"not_picked":["Calling Bell","Runic Dome"],"picked":"Black Star"}],"items_purged_floors":[],"is_endless":false,"potions_floor_spawned":[4,8,10,20],"killed_by":"Centurion and Healer","ascension_level":0}}