{"host":"ih7ofq2zpufcoifs","time":1610387363,"event":{"mods":["BaseMod","Colored Map","Minty Spire (QoL Compilation)"],"gold_per_floor":[117,14,34,46,46,74,74,101,128,159,171,171,198,215,215,215,215],"floor_reached":16,"playtime":859,"items_purged":[],"score":360,"play_id":"22c77cf6-5493-4dd3-bcd1-d9594983f3bb","local_time":"20210112034923","is_ascension_mode":true,"campfire_choices":[{"data":"Leg Sweep","floor":12.0,"key":"SMITH"},{"data":"Dagger Spray","floor":15.0,"key":"SMITH"}],"circlet_count":0,"master_deck":["AscendersBane","Strike_G","Strike_G","Strike_G","Strike_G","Strike_G","Defend_G","Defend_G","Defend_G","Defend_G","Defend_G","Survivor","Neutralize","Eviscerate","Dagger Spray","Flying Knee","Sucker Punch","Leg Sweep+1","Dagger Throw","Masterful Stab","Dagger Spray+1","Adrenaline","Acrobatics","Blade Dance","PiercingWail","Grand Finale"],"relics":["Ring of the Snake","NeowsBlessing","Akabeko","Happy Flower","Pen Nib","Toy Ornithopter","Art of War"],"acts_visited":["Exordium"],"potions_floor_usage":[16],"damage_taken":[{"damage":0.0,"enemies":"Cultist","floor":1.0,"turns":1.0},{"damage":0.0,"enemies":"Jaw Worm","floor":3.0,"turns":1.0},{"damage":0.0,"enemies":"Small Slimes","floor":4.0,"turns":1.0},{"damage":26.0,"enemies":"Lagavulin","floor":6.0,"turns":7.0},{"damage":0.0,"enemies":"Gremlin Nob","floor":8.0,"turns":2.0},{"damage":5.0,"enemies":"Lagavulin","floor":10.0,"turns":7.0},{"damage":0.0,"enemies":"Gremlin Gang","floor":11.0,"turns":1.0},{"damage":0.0,"enemies":"3 Sentries","floor":13.0,"turns":2.0},{"damage":5.0,"enemies":"Exordium Thugs","floor":14.0,"turns":3.0},{"damage":34,"enemies":"The Guardian","floor":16,"turns":10}],"seed_played":"2418672095956692051","potions_obtained":[{"floor":1.0,"key":"DuplicationPotion"},{"floor":4.0,"key":"SpeedPotion"},{"floor":6.0,"key":"SteroidPotion"},{"floor":8.0,"key":"SpeedPotion"}],"is_trial":false,"path_per_floor":["M","$","M","M","?","E","?","E","T","E","M","R","E","M","R","B"],"character_chosen":"THE_SILENT","items_purchased":["Dagger Spray","Flying Knee"],"campfire_rested":0,"item_purchase_floors":[2,2],"current_hp_per_floor":[59,59,59,59,64,38,38,38,38,33,33,33,33,28,28,0,0],"gold":215,"neow_bonus":"THREE_ENEMY_KILL","is_daily":false,"chose_seed":false,"campfire_upgraded":2,"win_rate":0.0,"timestamp":1610387363,"path_taken":["M","$","?","M","?","E","?","E","T","E","M","R","E","M","R","BOSS"],"items_purchased_type":["Card","Card"],"build_version":"2020-12-22","purchased_purges":0,"victory":false,"max_hp_per_floor":[66,66,66,66,71,71,71,71,71,71,71,71,71,71,71,71,71],"card_choices":[{"not_picked":["Cloak And Dagger","Acrobatics"],"picked":"Eviscerate","floor":1.0},{"not_picked":["Terror","Escape Plan"],"picked":"Sucker Punch","floor":3.0},{"not_picked":["Slice","Blade Dance"],"picked":"Leg Sweep","floor":4.0},{"not_picked":["Underhanded Strike","Outmaneuver"],"picked":"Dagger Throw","floor":6.0},{"not_picked":["Flying Knee","Deflect","Grand Finale"],"picked":"SKIP","floor":8.0},{"not_picked":["Outmaneuver","Blade Dance"],"picked":"Acrobatics","floor":10.0},{"not_picked":["Flying Knee","Poisoned Stab"],"picked":"Blade Dance","floor":11.0},{"not_picked":["Poisoned Stab","Underhanded Strike"],"picked":"PiercingWail","floor":13.0},{"not_picked":["Deflect","Dagger Throw"],"picked":"Grand Finale","floor":14.0}],"player_experience":480867,"relics_obtained":[{"floor":6.0,"key":"Akabeko"},{"floor":8.0,"key":"Happy Flower"},{"floor":9.0,"key":"Pen Nib"},{"floor":10.0,"key":"Toy Ornithopter"},{"floor":13.0,"key":"Art of War"}],"event_choices":[{"damage_healed":0.0,"max_hp_gain":5.0,"max_hp_loss":0.0,"gold_gain":0.0,"event_name":"Big Fish","player_choice":"Donut","floor":5.0,"gold_loss":0.0,"damage_taken":0.0},{"damage_healed":0.0,"max_hp_gain":0.0,"max_hp_loss":0.0,"gold_gain":0.0,"event_name":"Match and Keep!","player_choice":"3 cards matched","floor":7.0,"gold_loss":0.0,"damage_taken":0.0,"cards_obtained":["Masterful Stab","Dagger Spray","Adrenaline"]}],"is_beta":false,"boss_relics":[],"items_purged_floors":[],"is_endless":false,"potions_floor_spawned":[1,4,6,8],"killed_by":"The Guardian","ascension_level":20}}