{"host":"tgr1xoidyjfo4u0n","time":1610396790,"event":{"mods":["Act Like it!","Alarm Clock","BaseMod","CapriCore","Colored Powertips","GifTheSpireLib","Highlight Path","Minty Spire (QoL Compilation)","StSLib"],"gold_per_floor":[116,34,34,109,59,91,91,101,101,116,116,116,116,128,128,223,223,241,53,53,73,102,133,133,232,309,309,327,357,357,375,375,472,472,488,539,558,558,569,569,597,448,448,156,170,180,180,215,215,215,215,215,90,115,115],"floor_reached":56,"playtime":4234,"items_purged":["Regret","Strike_B","Defend_B"],"score":1317,"play_id":"ffdffae8-c540-41f1-8ea3-8ae7aeb64405","local_time":"20210112042630","is_ascension_mode":true,"campfire_choices":[{"data":"Creative AI","floor":11.0,"key":"SMITH"},{"data":"Fission","floor":15.0,"key":"SMITH"},{"data":"Apotheosis","floor":24.0,"key":"SMITH"},{"data":"Heatsinks","floor":27.0,"key":"SMITH"},{"data":"Coolheaded","floor":30.0,"key":"SMITH"},{"data":"Skim","floor":32.0,"key":"SMITH"},{"floor":40.0,"key":"RECALL"},{"data":"Hologram","floor":49,"key":"SMITH"},{"data":"Master of Strategy","floor":52,"key":"SMITH"}],"circlet_count":0,"master_deck":["Defend_B","Defend_B","Defend_B","Zap","Dualcast","Electrodynamics","Defragment","Tempest","Creative AI+1","Chill","Turbo","Conserve Battery","Fission+1","Force Field","Biased Cognition","Apotheosis+1","Heatsinks+1","Turbo","Recycle","Skim+1","Chill","Coolheaded+1","Echo Form","Reboot","Double Energy","Flash of Steel","Lockon+1","Heatsinks","Master of Strategy+1","Hologram+1","Hologram+1","Fission"],"relics":["Cracked Core","Ornamental Fan","Toy Ornithopter","Cursed Key","Red Mask","Symbiotic Virus","Singing Bowl","Blue Candle","Coffee Dripper","FossilizedHelix","Molten Egg 2","Turnip","Happy Flower"],"acts_visited":["Exordium","TheCity","TheBeyond","TheEnding"],"potions_floor_usage":[55,55],"damage_taken":[{"damage":6.0,"enemies":"Jaw Worm","floor":1.0,"turns":4.0},{"damage":4.0,"enemies":"3 Sentries","floor":6.0,"turns":2.0},{"damage":0.0,"enemies":"Small Slimes","floor":8.0,"turns":4.0},{"damage":1.0,"enemies":"2 Louse","floor":10.0,"turns":2.0},{"damage":10.0,"enemies":"Gremlin Gang","floor":14.0,"turns":4.0},{"damage":17.0,"enemies":"Hexaghost","floor":16.0,"turns":10.0},{"damage":0.0,"enemies":"Chosen","floor":18.0,"turns":3.0},{"damage":0.0,"enemies":"2 Thieves","floor":21.0,"turns":2.0},{"damage":0.0,"enemies":"Masked Bandits","floor":22.0,"turns":3.0},{"damage":11.0,"enemies":"Book of Stabbing","floor":23.0,"turns":5.0},{"damage":5.0,"enemies":"Snecko","floor":28.0,"turns":5.0},{"damage":9.0,"enemies":"Slavers","floor":29.0,"turns":3.0},{"damage":1.0,"enemies":"Sentry and Sphere","floor":31.0,"turns":4.0},{"damage":12.0,"enemies":"Automaton","floor":33.0,"turns":10.0},{"damage":1.0,"enemies":"3 Darklings","floor":35.0,"turns":3.0},{"damage":15.0,"enemies":"2 Orb Walkers","floor":36.0,"turns":3.0},{"damage":0.0,"enemies":"Orb Walker","floor":37.0,"turns":3.0},{"damage":0.0,"enemies":"Spire Growth","floor":39.0,"turns":3.0},{"damage":1.0,"enemies":"Giant Head","floor":41.0,"turns":4.0},{"damage":0,"enemies":"Maw","floor":45,"turns":3},{"damage":0,"enemies":"Writhing Mass","floor":46,"turns":2},{"damage":0,"enemies":"Reptomancer","floor":48,"turns":6},{"damage":48,"enemies":"Time Eater","floor":50,"turns":11},{"damage":0,"enemies":"Shield and Spear","floor":54,"turns":3},{"damage":22,"enemies":"The Heart","floor":55,"turns":7}],"seed_played":"-4222258968858355344","potions_obtained":[{"floor":1.0,"key":"SteroidPotion"},{"floor":14.0,"key":"LiquidBronze"},{"floor":23.0,"key":"GamblersBrew"},{"floor":35.0,"key":"EssenceOfDarkness"},{"floor":37.0,"key":"Energy Potion"},{"floor":48,"key":"Weak Potion"}],"is_trial":false,"path_per_floor":["M","$","?","?","?","E","?","M","T","M","R","?","?","M","R","B",null,"M","$","?","M","?","E","R","?","T","R","M","E","R","M","R","B",null,"M","?","M","?","M","R","E","$","T","$","M","M","?","E","R","B",null,"R","$","E","B",null],"character_chosen":"DEFECT","items_purchased":["Tempest","Apotheosis","Heatsinks","Master of Strategy"],"campfire_rested":0,"item_purchase_floors":[2,19,42,44],"current_hp_per_floor":[48,48,48,37,37,33,33,33,33,32,32,32,29,19,19,2,75,75,75,75,75,75,64,64,64,64,64,59,50,50,49,49,37,75,76,62,64,64,64,64,65,65,65,65,67,67,67,67,67,19,79,79,79,79,60],"gold":115,"neow_bonus":"THREE_RARE_CARDS","is_daily":false,"chose_seed":false,"campfire_upgraded":8,"win_rate":0.0,"timestamp":1610396790,"path_taken":["M","$","?","?","?","E","?","?","T","?","R","?","?","M","R","BOSS","M","$","?","M","?","E","R","?","T","R","M","E","R","M","R","BOSS","M","?","M","?","M","R","E","$","T","$","M","M","?","E","R","BOSS","R","$","E","BOSS"],"items_purchased_type":["Card","Card","Card","Card"],"build_version":"2020-12-22","purchased_purges":3,"victory":true,"max_hp_per_floor":[75,75,75,75,75,75,75,75,75,75,75,75,75,75,75,75,75,75,75,75,75,75,75,75,75,75,75,75,75,75,75,75,75,75,77,77,79,79,79,79,81,81,81,81,83,83,79,79,79,79,79,79,79,79,79],"card_choices":[{"not_picked":["Seek","Core Surge"],"picked":"Electrodynamics","floor":0.0},{"not_picked":["Barrage","Rebound"],"picked":"Defragment","floor":1.0},{"not_picked":["Rip and Tear","Sunder"],"picked":"Creative AI","floor":6.0},{"not_picked":["Gash","Stack"],"picked":"Turbo","floor":8.0},{"not_picked":["Beam Cell","Barrage"],"picked":"Conserve Battery","floor":10.0},{"not_picked":["Force Field","Streamline","Buffer"],"picked":"SKIP","floor":14.0},{"not_picked":["Streamline","Buffer"],"picked":"Force Field","floor":14.0},{"not_picked":["Machine Learning","Seek"],"picked":"Biased Cognition","floor":16.0},{"not_picked":["Reprogram+1","Streamline","Go for the Eyes"],"picked":"SKIP","floor":18.0},{"not_picked":["Chaos","Darkness"],"picked":"Turbo","floor":21.0},{"not_picked":["Go for the Eyes+1","Streamline"],"picked":"Recycle","floor":22.0},{"not_picked":["Glacier+1","Streamline"],"picked":"Skim","floor":23.0},{"not_picked":["Beam Cell","Genetic Algorithm"],"picked":"Chill","floor":28.0},{"not_picked":["Auto Shields","Beam Cell"],"picked":"Coolheaded","floor":29.0},{"not_picked":["FTL+1","Undo"],"picked":"Echo Form","floor":31.0},{"not_picked":["Core Surge","Buffer"],"picked":"Reboot","floor":33.0},{"not_picked":["Ball Lightning+1","Beam Cell+1","Gash+1"],"picked":"Singing Bowl","floor":35.0},{"not_picked":["Genetic Algorithm+1","Force Field+1"],"picked":"Double Energy","floor":36.0},{"not_picked":["Genetic Algorithm+1","Streamline+1","Gash+1"],"picked":"Singing Bowl","floor":37.0},{"not_picked":["Apotheosis","Jack Of All Trades"],"picked":"Flash of Steel","floor":38.0},{"not_picked":["Steam+1","Conserve Battery+1"],"picked":"Lockon+1","floor":39.0},{"not_picked":["Rebound+1","Ball Lightning+1","Buffer"],"picked":"Singing Bowl","floor":41.0},{"not_picked":["Steam Power+1","Force Field","Streamline+1"],"picked":"Singing Bowl","floor":45},{"not_picked":["Rebound+1","Compile Driver+1"],"picked":"Hologram+1","floor":46},{"not_picked":["Barrage+1","Undo+1"],"picked":"Hologram","floor":48},{"not_picked":["Heatsinks","Rip and Tear+1"],"picked":"Fission","floor":54}],"player_experience":352317,"relics_obtained":[{"floor":6.0,"key":"Ornamental Fan"},{"floor":22.0,"key":"Red Mask"},{"floor":23.0,"key":"Symbiotic Virus"},{"floor":26.0,"key":"Singing Bowl"},{"floor":29.0,"key":"Blue Candle"},{"floor":36.0,"key":"FossilizedHelix"},{"floor":41.0,"key":"Molten Egg 2"},{"floor":48,"key":"Turnip"},{"floor":54,"key":"Happy Flower"}],"event_choices":[{"damage_healed":0.0,"max_hp_gain":0.0,"max_hp_loss":0.0,"gold_gain":0.0,"event_name":"Shining Light","player_choice":"Ignored","floor":3.0,"gold_loss":0.0,"damage_taken":0.0},{"damage_healed":0.0,"max_hp_gain":0.0,"max_hp_loss":0.0,"gold_gain":75.0,"event_name":"World of Goop","player_choice":"Gather Gold","floor":4.0,"gold_loss":0.0,"damage_taken":11.0},{"cards_removed":["Strike_B"],"damage_healed":0.0,"max_hp_gain":0.0,"max_hp_loss":0.0,"gold_gain":0.0,"event_name":"The Cleric","player_choice":"Card Removal","floor":5.0,"gold_loss":50.0,"damage_taken":0.0},{"damage_healed":0.0,"max_hp_gain":0.0,"max_hp_loss":0.0,"gold_gain":0.0,"cards_transformed":["Strike_B"],"event_name":"Transmorgrifier","player_choice":"Transformed","floor":7.0,"gold_loss":0.0,"damage_taken":0.0,"cards_obtained":["Chill"]},{"damage_healed":0.0,"max_hp_gain":0.0,"max_hp_loss":0.0,"gold_gain":0.0,"cards_transformed":["Strike_B"],"event_name":"Living Wall","player_choice":"Change","floor":12.0,"gold_loss":0.0,"damage_taken":0.0,"cards_obtained":["Fission"]},{"damage_healed":0.0,"max_hp_gain":0.0,"max_hp_loss":0.0,"gold_gain":0.0,"event_name":"Scrap Ooze","player_choice":"Success","floor":13.0,"gold_loss":0.0,"damage_taken":3.0,"relics_obtained":["Toy Ornithopter"]},{"damage_healed":0.0,"max_hp_gain":0.0,"max_hp_loss":0.0,"gold_gain":0.0,"event_name":"The Library","player_choice":"Read","floor":20.0,"gold_loss":0.0,"damage_taken":0.0,"cards_obtained":["Heatsinks"]},{"damage_healed":0.0,"max_hp_gain":0.0,"max_hp_loss":0.0,"gold_gain":0.0,"event_name":"Masked Bandits","player_choice":"Fought Bandits","floor":22.0,"gold_loss":0.0,"damage_taken":0.0},{"damage_healed":0.0,"max_hp_gain":0.0,"max_hp_loss":0.0,"gold_gain":99.0,"event_name":"Nest","player_choice":"Stole From Cult","floor":25.0,"gold_loss":0.0,"damage_taken":0.0},{"damage_healed":0.0,"max_hp_gain":0.0,"max_hp_loss":0.0,"gold_gain":0.0,"event_name":"Mysterious Sphere","player_choice":"Fight","floor":36.0,"gold_loss":0.0,"damage_taken":0.0},{"damage_healed":0.0,"max_hp_gain":0.0,"max_hp_loss":0.0,"gold_gain":0.0,"event_name":"SensoryStone","player_choice":"Memory 1","floor":38.0,"gold_loss":0.0,"damage_taken":0.0},{"damage_healed":0,"gold_gain":0,"player_choice":"Max HP","damage_taken":0,"max_hp_gain":0,"max_hp_loss":4,"event_name":"Winding Halls","floor":47,"gold_loss":0}],"is_beta":false,"boss_relics":[{"not_picked":["Black Star","Calling Bell"],"picked":"Cursed Key"},{"not_picked":["Snecko Eye","Fusion Hammer"],"picked":"Coffee Dripper"}],"items_purged_floors":[42,44,53],"is_endless":false,"potions_floor_spawned":[1,14,23,28,29,31,35,37,48],"ascension_level":1}}