{"host":"ih7ofq2zpufcoifs","time":1610386383,"event":{"mods":["BaseMod","Colored Map","Minty Spire (QoL Compilation)"],"gold_per_floor":[119,138,152,170,187,220,220,237,237,237,237],"floor_reached":10,"playtime":534,"items_purged":[],"score":144,"play_id":"5eceb52a-6e9f-4304-8252-0c5d60d96cf0","local_time":"20210112033303","is_ascension_mode":true,"campfire_choices":[{"floor":7,"key":"REST"}],"circlet_count":0,"master_deck":["AscendersBane","Strike_G","Strike_G","Strike_G","Strike_G","Strike_G","Defend_G","Defend_G","Defend_G","Defend_G","Defend_G","Survivor","Neutralize","Quick Slash","PiercingWail","Predator","All Out Attack","Dash","PiercingWail","Backflip"],"relics":["Ring of the Snake","Dream Catcher","Turnip"],"acts_visited":["Exordium"],"potions_floor_usage":[3,4,10],"damage_taken":[{"damage":11,"enemies":"Jaw Worm","floor":1,"turns":7},{"damage":0,"enemies":"2 Louse","floor":2,"turns":4},{"damage":0,"enemies":"Cultist","floor":3,"turns":4},{"damage":0,"enemies":"2 Fungi Beasts","floor":4,"turns":3},{"damage":11,"enemies":"Looter","floor":5,"turns":3},{"damage":52,"enemies":"Lagavulin","floor":6,"turns":7},{"damage":1,"enemies":"Gremlin Gang","floor":8,"turns":3},{"damage":51,"enemies":"Gremlin Nob","floor":10,"turns":4}],"seed_played":"-938396108299881151","potions_obtained":[{"floor":2,"key":"Regen Potion"},{"floor":3,"key":"BlessingOfTheForge"},{"floor":8,"key":"SpeedPotion"}],"is_trial":false,"path_per_floor":["M","M","M","M","M","E","R","M","T","E"],"character_chosen":"THE_SILENT","items_purchased":[],"campfire_rested":1,"item_purchase_floors":[],"current_hp_per_floor":[54,54,66,66,55,3,24,23,23,0,0],"gold":237,"neow_bonus":"TEN_PERCENT_HP_BONUS","is_daily":false,"chose_seed":false,"campfire_upgraded":0,"win_rate":0.0,"timestamp":1610386383,"path_taken":["M","M","M","M","M","E","R","M","T","E"],"items_purchased_type":[],"build_version":"2020-12-22","purchased_purges":0,"victory":false,"max_hp_per_floor":[72,72,72,72,72,72,72,72,72,72,72],"card_choices":[{"not_picked":["Bane","Distraction"],"picked":"Quick Slash","floor":1},{"not_picked":["Backflip","Flechettes"],"picked":"PiercingWail","floor":2},{"not_picked":["Cloak And Dagger","Bane","A Thousand Cuts"],"picked":"SKIP","floor":3},{"not_picked":["Dagger Spray","Deflect"],"picked":"Predator","floor":4},{"not_picked":["Quick Slash","Flechettes"],"picked":"All Out Attack","floor":5},{"not_picked":["Poisoned Stab","Reflex"],"picked":"Dash","floor":6},{"not_picked":["Predator","Eviscerate"],"picked":"PiercingWail","floor":7},{"not_picked":["Terror","Underhanded Strike"],"picked":"Backflip","floor":8}],"player_experience":480333,"relics_obtained":[{"floor":6,"key":"Dream Catcher"},{"floor":9,"key":"Turnip"}],"event_choices":[],"is_beta":false,"boss_relics":[],"items_purged_floors":[],"is_endless":false,"potions_floor_spawned":[2,3,8],"killed_by":"Gremlin Nob","ascension_level":20}}