{"host":"khm4we1ijduz33xh","time":1610360560,"event":{"mods":["AchievementEnabler","BaseMod","Colored Map","Minty Spire (QoL Compilation)","Rare Cards Sparkle","StSLib","SuperFastMode"],"gold_per_floor":[109,123,141,141,159,159,159,229,229,229,242,278,278,53,53,179,179,164,164,164,8,22,22,22,43,43,64,77,77,77,108,108,231,231,256,279,84,359,375,375,388,388,461,461,482,482,482],"floor_reached":46,"playtime":1954,"items_purged":["Strike_R","Bash"],"score":509,"play_id":"3eae29df-1949-4dd1-9e52-1f8311e34e1d","local_time":"20210111192240","is_ascension_mode":true,"campfire_choices":[{"data":"True Grit","floor":6,"key":"SMITH"},{"floor":10,"key":"REST"},{"data":"Corruption","floor":13,"key":"SMITH"},{"floor":15,"key":"REST"},{"data":"Dark Embrace","floor":23,"key":"SMITH"},{"data":"Fire Breathing","floor":29,"key":"SMITH"},{"floor":32,"key":"REST"},{"data":"Barricade","floor":40,"key":"SMITH"},{"floor":42,"key":"REST"},{"data":"Impervious","floor":44,"key":"SMITH"}],"circlet_count":0,"master_deck":["Strike_R","Strike_R","Defend_R","Defend_R+1","Defend_R","Defend_R+1","Fire Breathing+1","Dark Embrace+1","True Grit+1","Injury","Corruption+1","Parasite","Rage","Uppercut","Impervious+1","Berserk","Wild Strike+1","Hemokinesis","Immolate","True Grit","Armaments+1","Dual Wield+1","Fire Breathing+1","Disarm+1","Barricade+1","CurseOfTheBell","Shrug It Off+1","Seeing Red","Evolve","Ghostly Armor","Regret","Flame Barrier+1"],"relics":["Burning Blood","NeowsBlessing","Golden Idol","Ornamental Fan","Regal Pillow","CaptainsWheel","Art of War","Runic Pyramid","Membership Card","Bottled Flame","Anchor","Calling Bell","Orichalcum","Self Forming Clay","Girya","War Paint","Shuriken"],"acts_visited":["Exordium","TheCity","TheBeyond"],"potions_floor_usage":[12,16,33,33,46,46],"damage_taken":[{"damage":0,"enemies":"Small Slimes","floor":1,"turns":1},{"damage":0,"enemies":"Jaw Worm","floor":2,"turns":1},{"damage":0,"enemies":"2 Louse","floor":3,"turns":1},{"damage":12,"enemies":"Large Slime","floor":5,"turns":8},{"damage":62,"enemies":"Gremlin Nob","floor":8,"turns":6},{"damage":27,"enemies":"2 Fungi Beasts","floor":11,"turns":5},{"damage":9,"enemies":"3 Sentries","floor":12,"turns":5},{"damage":71,"enemies":"The Guardian","floor":16,"turns":13},{"damage":28,"enemies":"2 Thieves","floor":18,"turns":4},{"damage":4,"enemies":"Spheric Guardian","floor":22,"turns":4},{"damage":2,"enemies":"3 Cultists","floor":25,"turns":4},{"damage":15,"enemies":"Cultist and Chosen","floor":27,"turns":6},{"damage":23,"enemies":"Centurion and Healer","floor":28,"turns":7},{"damage":26,"enemies":"Gremlin Leader","floor":31,"turns":6},{"damage":18,"enemies":"Champ","floor":33,"turns":11},{"damage":2,"enemies":"Orb Walker","floor":35,"turns":6},{"damage":3,"enemies":"3 Shapes","floor":36,"turns":5},{"damage":24,"enemies":"Spire Growth","floor":39,"turns":5},{"damage":56,"enemies":"Writhing Mass","floor":41,"turns":6},{"damage":16,"enemies":"Sphere and 2 Shapes","floor":45,"turns":6},{"damage":42,"enemies":"Giant Head","floor":46,"turns":9}],"seed_played":"8878038245234097227","potions_obtained":[{"floor":8,"key":"EssenceOfSteel"},{"floor":11,"key":"SteroidPotion"},{"floor":16,"key":"BlessingOfTheForge"},{"floor":25,"key":"SteroidPotion"},{"floor":28,"key":"Fire Potion"},{"floor":31,"key":"Block Potion"},{"floor":36,"key":"LiquidMemories"},{"floor":39,"key":"DuplicationPotion"}],"is_trial":false,"path_per_floor":["M","M","M","?","M","R","?","?","T","R","M","E","R","$","R","B",null,"M","?","?","$","M","R","?","M","T","M","M","R","?","E","R","B",null,"M","M","$","?","M","R","M","R","T","R","M","E"],"character_chosen":"IRONCLAD","items_purchased":["Art of War","Membership Card","True Grit","Evolve","War Paint","Ghostly Armor"],"campfire_rested":4,"item_purchase_floors":[14,21,21,37,37,37],"current_hp_per_floor":[80,80,80,80,74,74,80,24,24,63,42,39,39,39,78,13,80,58,58,58,58,60,60,60,64,64,55,38,38,38,18,57,45,80,80,80,80,80,62,62,12,51,51,51,41,0,0],"gold":482,"neow_bonus":"THREE_ENEMY_KILL","is_daily":false,"chose_seed":false,"campfire_upgraded":6,"win_rate":0.0,"timestamp":1610360560,"path_taken":["M","M","M","?","M","R","?","?","T","R","M","E","R","?","R","BOSS","M","?","?","?","M","R","?","?","T","M","M","R","?","E","R","BOSS","M","?","$","?","M","R","M","R","T","R","M","E"],"items_purchased_type":["Relic","Relic","Card","Card","Relic","Card"],"build_version":"2020-12-22","purchased_purges":2,"victory":false,"max_hp_per_floor":[80,80,80,80,80,80,80,80,80,80,80,80,80,80,80,80,80,80,80,80,80,80,80,80,80,80,80,80,80,80,80,80,80,80,80,80,80,80,80,80,80,80,80,80,80,80,80],"card_choices":[{"not_picked":["Havoc","Heavy Blade"],"picked":"Fire Breathing","floor":1},{"not_picked":["Sword Boomerang","Body Slam"],"picked":"Dark Embrace","floor":2},{"not_picked":["Iron Wave","Flex"],"picked":"True Grit","floor":3},{"not_picked":["True Grit","Headbutt"],"picked":"Corruption","floor":5},{"not_picked":["Clash","Armaments"],"picked":"Rage","floor":8},{"not_picked":["Limit Break","Dropkick"],"picked":"Uppercut","floor":11},{"not_picked":["Clash","Armaments"],"picked":"Impervious","floor":12},{"not_picked":["Feed","Corruption"],"picked":"Berserk","floor":16},{"not_picked":["Pommel Strike","Clash"],"picked":"Wild Strike+1","floor":18},{"not_picked":["Clothesline","Wild Strike","Second Wind"],"picked":"SKIP","floor":22},{"not_picked":["Perfected Strike+1","Second Wind"],"picked":"Armaments+1","floor":25},{"not_picked":["Heavy Blade+1","Armaments"],"picked":"Dual Wield+1","floor":27},{"not_picked":["Wild Strike","Flex+1","Iron Wave"],"picked":"SKIP","floor":28},{"not_picked":["Sword Boomerang","Clash+1"],"picked":"Disarm+1","floor":31},{"not_picked":["Impervious","Berserk"],"picked":"Barricade","floor":33},{"not_picked":["Warcry+1","Havoc"],"picked":"Shrug It Off+1","floor":35},{"not_picked":["Rampage","Spot Weakness+1"],"picked":"Seeing Red","floor":36},{"not_picked":["Sword Boomerang+1","Warcry+1"],"picked":"Flame Barrier+1","floor":39},{"not_picked":["Brutality","Havoc+1","Spot Weakness+1"],"picked":"SKIP","floor":41},{"not_picked":["Clash","Armaments","Thunderclap+1"],"picked":"SKIP","floor":45}],"player_experience":183768,"relics_obtained":[{"floor":8,"key":"Ornamental Fan"},{"floor":9,"key":"Regal Pillow"},{"floor":12,"key":"CaptainsWheel"},{"floor":26,"key":"Bottled Flame"},{"floor":31,"key":"Anchor"},{"floor":34,"key":"Orichalcum"},{"floor":34,"key":"Self Forming Clay"},{"floor":34,"key":"Girya"},{"floor":43,"key":"Shuriken"}],"event_choices":[{"damage_healed":0,"gold_gain":0,"player_choice":"Take Wound","damage_taken":0,"relics_obtained":["Golden Idol"],"max_hp_gain":0,"max_hp_loss":0,"event_name":"Golden Idol","floor":4,"gold_loss":0,"cards_obtained":["Injury"]},{"damage_healed":20,"gold_gain":0,"player_choice":"Healed and dodged fight","damage_taken":0,"max_hp_gain":0,"max_hp_loss":0,"event_name":"Mushrooms","floor":7,"gold_loss":0,"cards_obtained":["Parasite"]},{"damage_healed":0,"gold_gain":30,"player_choice":"Searched \u00272\u0027 times","damage_taken":0,"max_hp_gain":0,"max_hp_loss":0,"event_name":"Dead Adventurer","floor":8,"gold_loss":0},{"damage_healed":0,"gold_gain":0,"player_choice":"Ignored","damage_taken":0,"max_hp_gain":0,"max_hp_loss":0,"event_name":"Ghosts","floor":19,"gold_loss":0},{"damage_healed":0,"gold_gain":0,"cards_transformed":["Strike_R","Strike_R"],"player_choice":"Became Test Subject","damage_taken":0,"max_hp_gain":0,"max_hp_loss":0,"event_name":"Drug Dealer","floor":20,"gold_loss":0,"cards_obtained":["Hemokinesis","Immolate"]},{"damage_healed":0,"gold_gain":0,"player_choice":"Ignored","damage_taken":0,"max_hp_gain":0,"max_hp_loss":0,"event_name":"Vampires","floor":24,"gold_loss":0},{"damage_healed":0,"gold_gain":0,"player_choice":"Copied","damage_taken":0,"max_hp_gain":0,"max_hp_loss":0,"event_name":"Duplicator","floor":30,"gold_loss":0,"cards_obtained":["Fire Breathing"]},{"damage_healed":0,"gold_gain":275,"player_choice":"Desecrate","damage_taken":0,"max_hp_gain":0,"max_hp_loss":0,"event_name":"Golden Shrine","floor":38,"gold_loss":0,"cards_obtained":["Regret"]}],"is_beta":false,"boss_relics":[{"not_picked":["Ectoplasm","Coffee Dripper"],"picked":"Runic Pyramid"},{"not_picked":["Empty Cage","Velvet Choker"],"picked":"Calling Bell"}],"items_purged_floors":[14,37],"is_endless":false,"potions_floor_spawned":[8,11,16,25,28,31,36,39,45],"killed_by":"Giant Head","ascension_level":2}}