{"host":"tr12w2fixbnujl15","time":1610404302,"event":{"mods":["2.2 Compatiblity","BaseMod","Better Skull","BetterRewards","Clockwork Mod","Colored Powertips","Evolution","Hermit","Hubris","Infinite Spire","Koishi","Mad Scientist","Minty Spire (QoL Compilation)","Quick Restart","Replay The Spire","Shop Mod","StSLib","SuperFastMode","The Animator","The Bug Knight","The Construct","The Cursed","The Hierophant","The Necromancer","The Sage","The Senshi","The Servant 0.9.4","The Spell Scribe","TheFirefly","WarShipGirlsR/????R mod"],"gold_per_floor":[112,112,112,112,126,136,136,155,182,195,211,211,56,90,90,90,90],"floor_reached":16,"playtime":1266,"items_purged":[],"score":94,"play_id":"4ad5aac4-00fd-44a8-9d52-e28c341224af","local_time":"20210111173142","is_ascension_mode":false,"campfire_choices":[{"data":"MadScienceMod:LightOnFire","floor":7,"key":"SMITH"},{"floor":12,"key":"REST"},{"floor":15,"key":"REST"}],"circlet_count":0,"master_deck":["MadScienceMod:Strike_MadScience","MadScienceMod:Strike_MadScience","MadScienceMod:Strike_MadScience","MadScienceMod:Strike_MadScience","MadScienceMod:Defend_MadScience","MadScienceMod:Defend_MadScience+1","MadScienceMod:Defend_MadScience","MadScienceMod:Defend_MadScience","MadScienceMod:PoweredStrike","MadScienceMod:HideBehindJunk","MadScienceMod:ParticleBeam+1","MadScienceMod:LightOnFire+1","MadScienceMod:FlameCannon","MadScienceMod:Bayonet","MadScienceMod:NowOrNever","MadScienceMod:NowOrNever","MadScienceMod:BoxOfScraps"],"relics":["MadScienceMod:FuelTank","EVO:Axolotl","NeowsBlessing","CultistMask","Bag of Preparation","Membership Card"],"acts_visited":["Exordium"],"potions_floor_usage":[14],"damage_taken":[{"damage":0,"enemies":"2 Louse","floor":1,"turns":1},{"damage":0,"enemies":"Jaw Worm","floor":5,"turns":1},{"damage":0,"enemies":"Small Slimes","floor":6,"turns":1},{"damage":11,"enemies":"Exordium Thugs","floor":8,"turns":5},{"damage":2,"enemies":"Large Slime","floor":10,"turns":4},{"damage":7,"enemies":"2 Fungi Beasts","floor":11,"turns":3},{"damage":22,"enemies":"Lots of Slimes","floor":14,"turns":5},{"damage":63,"enemies":"Fading Forest","floor":16,"turns":7}],"seed_played":"3029440343099433397","potions_obtained":[{"floor":1,"key":"Death Potion"},{"floor":5,"key":"SpeedPotion"},{"floor":10,"key":"Swift Potion"},{"floor":11,"key":"SkillPotion"}],"is_trial":false,"path_per_floor":["M","?","?","?","M","M","R","M","T","M","M","R","$","M","R","B"],"character_chosen":"MAD_SCIENTIST","items_purchased":["Membership Card"],"campfire_rested":2,"item_purchase_floors":[13],"current_hp_per_floor":[75,60,60,60,60,60,60,49,49,47,40,62,62,40,62,0,0],"gold":90,"neow_bonus":"THREE_ENEMY_KILL","is_daily":false,"chose_seed":false,"campfire_upgraded":1,"win_rate":0.0,"timestamp":1610404302,"path_taken":["M","?","?","?","M","M","R","M","T","M","?","R","$","M","R","BOSS"],"items_purchased_type":["Relic"],"build_version":"2020-12-22","purchased_purges":0,"victory":false,"max_hp_per_floor":[75,75,75,75,75,75,75,75,75,75,75,75,75,75,75,75,75],"card_choices":[{"not_picked":["MadScienceMod:Browse","MadScienceMod:Sprocket"],"picked":"MadScienceMod:ParticleBeam","floor":1},{"not_picked":["MadScienceMod:Refuel","MadScienceMod:Strafe"],"picked":"MadScienceMod:LightOnFire","floor":5},{"not_picked":["MadScienceMod:MechanicalClaw","MadScienceMod:CaptureMomentum"],"picked":"MadScienceMod:FlameCannon","floor":6},{"not_picked":["MadScienceMod:LightOnFire","MadScienceMod:FumeBlast"],"picked":"MadScienceMod:Bayonet","floor":8},{"not_picked":["MadScienceMod:Jetpack","MadScienceMod:ShrinkRay"],"picked":"MadScienceMod:NowOrNever","floor":10},{"not_picked":["MadScienceMod:Virus","MadScienceMod:Tune"],"picked":"MadScienceMod:NowOrNever","floor":11},{"not_picked":["MadScienceMod:FlameThrower","MadScienceMod:FlexibleSpear"],"picked":"MadScienceMod:BoxOfScraps","floor":14}],"player_experience":47914,"relics_obtained":[{"floor":9,"key":"Bag of Preparation"}],"event_choices":[{"damage_healed":0,"gold_gain":0,"player_choice":"Entered Light","damage_taken":15,"max_hp_gain":0,"max_hp_loss":0,"event_name":"Shining Light","floor":2,"gold_loss":0,"cards_upgraded":["MadScienceMod:Defend_MadScience","MadScienceMod:ParticleBeam"]},{"damage_healed":0,"gold_gain":0,"player_choice":"Trade","damage_taken":0,"relics_obtained":["CultistMask"],"max_hp_gain":0,"max_hp_loss":0,"event_name":"FaceTrader","floor":4,"gold_loss":0}],"is_beta":false,"boss_relics":[],"items_purged_floors":[],"is_endless":false,"potions_floor_spawned":[1,5,10,11],"killed_by":"Fading Forest","ascension_level":0}}