{"host":"ad1lywlk73qplbjq","time":1610368910,"event":{"mods":["AchievementEnabler","BaseMod","Curses Come First","Downfall","Minty Spire (QoL Compilation)","StSLib"],"gold_per_floor":[99,114,129,143,156,176,176,195,207,219,238,270,195,224,242,242,242,242],"floor_reached":16,"playtime":1836,"items_purged":[],"score":120,"play_id":"103711e1-d4fd-40ff-87f2-6fb33cf7a1b8","local_time":"20210111134150","is_ascension_mode":false,"campfire_choices":[{"data":"champ:Taunt","floor":1.0,"key":"SMITH"},{"data":"champ:EnragedBash","floor":13.0,"key":"SMITH"}],"circlet_count":0,"master_deck":["champ:Strike","champ:Strike","champ:Strike","champ:Defend","champ:Defend","champ:Defend","champ:Execute","champ:Taunt+1","champ:EnragedBash+1","champ:FaceSlap","champ:HeartStrike","champ:BerserkersShout","champ:SteelEdge","champ:VampiricStrike","champ:BerserkersShout+1"],"relics":["champ:ChampionCrown","HornCleat","downfall:HeartBlessingBlue","Toxic Egg 2"],"acts_visited":[],"potions_floor_usage":[16],"damage_taken":[{"damage":10.0,"enemies":"Cultist","floor":2.0,"turns":3.0},{"damage":8.0,"enemies":"2 Louse","floor":3.0,"turns":3.0},{"damage":17.0,"enemies":"Small Slimes","floor":4.0,"turns":3.0},{"damage":26.0,"enemies":"Exordium Thugs","floor":5.0,"turns":5.0},{"damage":16.0,"enemies":"Large Slime","floor":6.0,"turns":5.0},{"damage":6.0,"enemies":"2 Fungi Beasts","floor":8.0,"turns":3.0},{"damage":15.0,"enemies":"Lots of Slimes","floor":9.0,"turns":4.0},{"damage":10.0,"enemies":"3 Louse","floor":10.0,"turns":3.0},{"damage":7.0,"enemies":"Exordium Thugs","floor":11.0,"turns":2.0},{"damage":42.0,"enemies":"3 Sentries","floor":12.0,"turns":6.0},{"damage":42.0,"enemies":"Lagavulin","floor":14.0,"turns":7.0},{"damage":19.0,"enemies":"Gremlin Gang","floor":15.0,"turns":5.0},{"damage":7,"enemies":"downfall:Silent","floor":16,"turns":2}],"seed_played":"893019851478776447","potions_obtained":[{"floor":2.0,"key":"EssenceOfSteel"},{"floor":3.0,"key":"DistilledChaos"},{"floor":6.0,"key":"Block Potion"},{"floor":8.0,"key":"LiquidMemories"},{"floor":10.0,"key":"Explosive Potion"},{"floor":14.0,"key":"GamblersBrew"},{"floor":15.0,"key":"Explosive Potion"}],"is_trial":false,"path_per_floor":["R","M","M","M","M","M","T","M","M","M","M","E","R","E","M","B"],"character_chosen":"THE_CHAMP","items_purchased":[],"campfire_rested":0,"item_purchase_floors":[],"current_hp_per_floor":[81,81,78,71,56,56,56,55,50,50,43,25,35,17,4,0,0,0],"gold":242,"neow_bonus":"REMOVE_TWO","is_daily":false,"chose_seed":false,"campfire_upgraded":2,"win_rate":0.0,"timestamp":1610368910,"path_taken":["R","M","M","M","M","M","T","M","M","M","M","E","R","E","M","BOSS"],"items_purchased_type":[],"build_version":"2020-12-22","purchased_purges":0,"victory":false,"max_hp_per_floor":[81,81,81,81,81,81,81,81,81,81,81,81,91,91,91,91,91,91],"card_choices":[{"not_picked":["champ:BerserkersShout","champ:GladiatorsShout"],"picked":"champ:EnragedBash","floor":2.0},{"not_picked":["champ:Backstep","champ:FanOfKnives","champ:FocusedDefense"],"picked":"SKIP","floor":3.0},{"not_picked":["champ:ViciousMockery","champ:Circumvent"],"picked":"champ:FaceSlap","floor":4.0},{"not_picked":["champ:Shatter","champ:DefensiveShout"],"picked":"champ:HeartStrike","floor":5.0},{"not_picked":["champ:Circumvent","champ:BladeFlurry","champ:RageSigil"],"picked":"SKIP","floor":6.0},{"not_picked":["champ:RisingSlash","champ:RageSigil","champ:GladiatorsShout"],"picked":"SKIP","floor":8.0},{"not_picked":["champ:Backstep","champ:RapidStrikes"],"picked":"champ:BerserkersShout","floor":9.0},{"not_picked":["champ:ShieldSigil","champ:Riposte","champ:FalseCounter"],"picked":"SKIP","floor":10.0},{"not_picked":["champ:AdrenalArmor","champ:DefensiveShout"],"picked":"champ:SteelEdge","floor":11.0},{"not_picked":["champ:DefensiveStyle","champ:IronFortress"],"picked":"champ:VampiricStrike","floor":12.0},{"not_picked":["champ:PreciseThrust","champ:ArenaPreparation+1"],"picked":"champ:BerserkersShout+1","floor":14.0},{"not_picked":["champ:EnGarde+1","champ:Circumvent+1","champ:GutPunch"],"picked":"SKIP","floor":15.0}],"player_experience":184203,"relics_obtained":[{"floor":12.0,"key":"HornCleat"},{"floor":14.0,"key":"Toxic Egg 2"}],"event_choices":[],"is_beta":false,"boss_relics":[],"items_purged_floors":[],"is_endless":false,"potions_floor_spawned":[2,3,6,8,10,14,15],"killed_by":"downfall:Silent","ascension_level":0}}