{"host":"khm4we1ijduz33xh","time":1610360953,"event":{"mods":["AchievementEnabler","BaseMod","Colored Map","Minty Spire (QoL Compilation)","Rare Cards Sparkle","StSLib","SuperFastMode"],"gold_per_floor":[118,38,49,60,70,70,70,82,121,144,156,168,168],"floor_reached":12,"playtime":378,"items_purged":[],"score":77,"play_id":"799a0b9d-b45d-4c2a-98ad-8caa7b4a4c76","local_time":"20210111192913","is_ascension_mode":true,"campfire_choices":[{"data":"Berserk","floor":6,"key":"SMITH"},{"data":"Seeing Red","floor":8,"key":"SMITH"},{"data":"Shrug It Off","floor":11,"key":"SMITH"}],"circlet_count":0,"master_deck":["Strike_R","Strike_R+1","Strike_R+1","Defend_R","Defend_R","Defend_R","Defend_R","Bash","Sentinel","Berserk+1","Battle Trance","Shrug It Off+1","Seeing Red+1","Regret","Anger"],"relics":["Burning Blood","MawBank","Whetstone"],"acts_visited":["Exordium"],"potions_floor_usage":[12,12],"damage_taken":[{"damage":14,"enemies":"Cultist","floor":1,"turns":5},{"damage":10,"enemies":"2 Louse","floor":3,"turns":4},{"damage":0,"enemies":"Small Slimes","floor":4,"turns":3},{"damage":13,"enemies":"2 Fungi Beasts","floor":5,"turns":3},{"damage":17,"enemies":"Large Slime","floor":10,"turns":7},{"damage":35,"enemies":"3 Sentries","floor":12,"turns":6}],"seed_played":"-5078140019537951041","potions_obtained":[{"floor":3,"key":"ColorlessPotion"},{"floor":10,"key":"CultistPotion"}],"is_trial":false,"path_per_floor":["M","$","M","M","M","R","?","R","T","M","R","E"],"character_chosen":"IRONCLAD","items_purchased":["Berserk"],"campfire_rested":0,"item_purchase_floors":[2],"current_hp_per_floor":[48,48,44,50,43,43,43,43,43,32,32,0,0],"gold":168,"neow_bonus":"REMOVE_TWO","is_daily":false,"chose_seed":false,"campfire_upgraded":3,"win_rate":0.0,"timestamp":1610360953,"path_taken":["M","$","M","?","M","R","?","R","T","M","R","E"],"items_purchased_type":["Card"],"build_version":"2020-12-22","purchased_purges":0,"victory":false,"max_hp_per_floor":[80,80,80,80,80,80,80,80,80,80,80,80,80],"card_choices":[{"not_picked":["Clash","Armaments"],"picked":"Sentinel","floor":1},{"not_picked":["Clothesline","Dark Embrace"],"picked":"Battle Trance","floor":3},{"not_picked":["Wild Strike","Iron Wave"],"picked":"Shrug It Off","floor":4},{"not_picked":["Disarm","Armaments"],"picked":"Seeing Red","floor":5},{"not_picked":["Sentinel","Carnage"],"picked":"Anger","floor":10}],"player_experience":185722,"relics_obtained":[{"floor":9,"key":"Whetstone"}],"event_choices":[{"damage_healed":0,"gold_gain":0,"player_choice":"Box","damage_taken":0,"relics_obtained":["MawBank"],"max_hp_gain":0,"max_hp_loss":0,"event_name":"Big Fish","floor":7,"gold_loss":0,"cards_obtained":["Regret"]}],"is_beta":false,"boss_relics":[],"items_purged_floors":[],"is_endless":false,"potions_floor_spawned":[3,10],"killed_by":"3 Sentries","ascension_level":2}}