{"host":"9d9dhukr2jywmy0f","time":1610384020,"event":{"mods":["2.2 Compatiblity","Alarm Clock","BaseMod","Bestiary","Block Reminder","Clockwork Mod","Colored Map","Colored Powertips","Curses Come First","DeckTracker","Highlight Path","Key Reminder","Minty Spire (QoL Compilation)","Quick Restart","Rare Cards Sparkle","Relic Sorter","Relic Stats","Spire Birthday Party","StSLib","SuperFastMode","Synergy Search","Unceasing Turn Reminder","Unknown Chances"],"gold_per_floor":[115,115,139,41,58,58,91,103,103,103,103,103,118,118,118,221,221,240,260,92,109,125,125,152,152,152,164,164,180,199,31,31,129,129,147,147,247,260,277,277,327,353,378,478,512,522,542,92,92,92,92,92,30,55,55],"floor_reached":56,"playtime":8777,"items_purged":["Clockwork:Strike","Clockwork:Shield","Clockwork:Pluck+1"],"score":1327,"play_id":"7a923487-4207-4e01-9f7e-fbe8a20468bb","local_time":"20210112005340","is_ascension_mode":false,"campfire_choices":[{"data":"Clockwork:Tinker","floor":6.0,"key":"SMITH"},{"data":"Clockwork:Pluck","floor":10.0,"key":"SMITH"},{"data":"Clockwork:TimeWalk","floor":12.0,"key":"SMITH"},{"data":"Clockwork:WarmUp","floor":15.0,"key":"SMITH"},{"data":"Clockwork:Roundhouse","floor":23.0,"key":"SMITH"},{"data":"Clockwork:PerfectForm","floor":28.0,"key":"SMITH"},{"floor":32.0,"key":"REST"},{"floor":40.0,"key":"RECALL"},{"floor":49.0,"key":"REST"},{"floor":52.0,"key":"REST"}],"circlet_count":0,"master_deck":["Clockwork:Strike+1","Clockwork:Strike+1","Clockwork:Shield+1","Clockwork:Shield+1","Clockwork:Shield+1","Clockwork:Tinker+1","Clockwork:WarmUp+1","Clockwork:TimeWalk+1","Clockwork:PerfectForm+1","Clockwork:Roundhouse+1","Clockwork:Roundhouse+1","Clockwork:OccamsRazor+1","Clockwork:Improve+1"],"relics":["Clockwork:MomentumEngine","NeowsBlessing","Ornamental Fan","Art of War","Bronze Scales","Pantograph","Clockwork:BootleggersToolkit","The Courier","StoneCalendar","Clockwork:SomewhatSmoothStone","Clockwork:BloodPhial","TheAbacus","Runic Pyramid","Clockwork:Varja","Incense Burner","MealTicket","Darkstone Periapt","OrangePellets","Ginger","Bottled Flame"],"acts_visited":["Exordium","TheCity","TheBeyond","TheEnding"],"potions_floor_usage":[55,55,55],"damage_taken":[{"damage":0.0,"enemies":"Cultist","floor":1.0,"turns":5.0},{"damage":0.0,"enemies":"Jaw Worm","floor":5.0,"turns":4.0},{"damage":0.0,"enemies":"Lagavulin","floor":7.0,"turns":4.0},{"damage":0.0,"enemies":"2 Louse","floor":8.0,"turns":5.0},{"damage":4.0,"enemies":"Looter","floor":13.0,"turns":5.0},{"damage":9.0,"enemies":"Slime Boss","floor":16.0,"turns":8.0},{"damage":0.0,"enemies":"Chosen","floor":18.0,"turns":4.0},{"damage":7.0,"enemies":"2 Thieves","floor":19.0,"turns":4.0},{"damage":6.0,"enemies":"Snake Plant","floor":21.0,"turns":5.0},{"damage":6.0,"enemies":"Centurion and Healer","floor":22.0,"turns":4.0},{"damage":17.0,"enemies":"Gremlin Leader","floor":24.0,"turns":7.0},{"damage":4.0,"enemies":"Chosen and Byrds","floor":27.0,"turns":5.0},{"damage":20.0,"enemies":"Snecko","floor":29.0,"turns":7.0},{"damage":2.0,"enemies":"Sentry and Sphere","floor":30.0,"turns":6.0},{"damage":55.0,"enemies":"Automaton","floor":33.0,"turns":8.0},{"damage":16.0,"enemies":"3 Darklings","floor":35.0,"turns":4.0},{"damage":0.0,"enemies":"Orb Walker","floor":38.0,"turns":5.0},{"damage":0.0,"enemies":"Spire Growth","floor":39.0,"turns":3.0},{"damage":0.0,"enemies":"Mind Bloom Boss Battle","floor":41.0,"turns":5.0},{"damage":0.0,"enemies":"Nemesis","floor":42.0,"turns":3.0},{"damage":4.0,"enemies":"Reptomancer","floor":45.0,"turns":4.0},{"damage":0.0,"enemies":"Maw","floor":46.0,"turns":4.0},{"damage":0.0,"enemies":"Jaw Worm Horde","floor":47.0,"turns":3.0},{"damage":0.0,"enemies":"Time Eater","floor":50.0,"turns":5.0},{"damage":0.0,"enemies":"Shield and Spear","floor":54.0,"turns":5.0},{"damage":4,"enemies":"The Heart","floor":55,"turns":5}],"seed_played":"-3551165684667601366","potions_obtained":[{"floor":8.0,"key":"Block Potion"},{"floor":16.0,"key":"Fire Potion"},{"floor":18.0,"key":"Strength Potion"},{"floor":22.0,"key":"Weak Potion"},{"floor":27.0,"key":"SkillPotion"},{"floor":29.0,"key":"LiquidBronze"},{"floor":30.0,"key":"Regen Potion"},{"floor":33.0,"key":"Fire Potion"},{"floor":35.0,"key":"BlessingOfTheForge"},{"floor":38.0,"key":"FearPotion"},{"floor":39.0,"key":"LiquidBronze"},{"floor":46.0,"key":"Strength Potion"}],"is_trial":false,"path_per_floor":["M","?","T","$","M","R","E","M","T","R","?","R","M","?","R","B",null,"M","M","$","M","M","R","E","?","T","M","R","M","M","$","R","B",null,"M","?","?","M","M","R","?","E","T","?","E","M","M","$","R","B",null,"R","$","E","B",null],"character_chosen":"CLOCKWORK","items_purchased":["Clockwork:Pluck","Clockwork:SmithsMallet","Clockwork:OccamsRazor","TheAbacus","OrangePellets","Ginger","GamblersBrew"],"campfire_rested":3,"item_purchase_floors":[4,20,31,31,48,48,53],"current_hp_per_floor":[85,60,60,60,60,60,60,60,60,60,53,53,49,54,54,70,90,90,83,83,77,71,71,54,54,54,50,50,30,34,34,61,33,90,79,79,79,81,83,83,85,85,85,85,81,83,85,85,85,85,85,85,85,85,81],"gold":55,"neow_bonus":"THREE_ENEMY_KILL","is_daily":false,"chose_seed":false,"campfire_upgraded":6,"win_rate":0.0,"timestamp":1610384020,"path_taken":["M","?","?","$","M","R","E","M","T","R","?","R","?","?","R","BOSS","M","M","$","M","M","R","E","?","T","M","R","M","M","$","R","BOSS","M","?","?","M","?","R","?","E","T","?","E","M","?","?","R","BOSS","R","$","E","BOSS"],"items_purchased_type":["Card","Card","Card","Relic","Relic","Relic","Potion"],"build_version":"2020-11-30","purchased_purges":3,"victory":true,"max_hp_per_floor":[85,85,85,85,85,85,85,85,85,85,85,85,85,90,90,90,90,90,90,90,90,90,90,90,90,90,90,90,90,90,90,90,90,90,90,85,85,85,85,85,85,85,85,85,85,85,85,85,85,85,85,85,85,85,85],"relic_stats":{"Darkstone Periapt":0,"OrangePellets":[0],"TheAbacus":[1314],"counters":[26,127],"Ornamental Fan":[308],"Bronze Scales":[340],"Pantograph":50,"StoneCalendar":[79],"MealTicket":0,"Art of War":[26],"Ginger":[3],"obtain_stats":[{"Darkstone Periapt":45,"NeowsBlessing":0,"Clockwork:BloodPhial":30,"Clockwork:SomewhatSmoothStone":29,"StoneCalendar":26,"The Courier":24,"Clockwork:Varja":41,"Incense Burner":41,"Ginger":48,"Clockwork:MomentumEngine":0,"keyreminder:keyreminder":40,"OrangePellets":48,"Bottled Flame":54,"TheAbacus":31,"Ornamental Fan":2,"Clockwork:BootleggersToolkit":17,"Bronze Scales":7,"Pantograph":9,"MealTicket":42,"Art of War":3,"Runic Pyramid":34},{"Darkstone Periapt":21,"NeowsBlessing":0,"Clockwork:BloodPhial":14,"Clockwork:SomewhatSmoothStone":13,"StoneCalendar":11,"The Courier":11,"Clockwork:Varja":19,"Incense Burner":19,"Ginger":23,"Clockwork:MomentumEngine":0,"keyreminder:keyreminder":18,"OrangePellets":23,"Bottled Flame":25,"TheAbacus":14,"Ornamental Fan":1,"Clockwork:BootleggersToolkit":6,"Bronze Scales":3,"Pantograph":4,"MealTicket":20,"Art of War":1,"Runic Pyramid":15},{"Darkstone Periapt":105,"NeowsBlessing":0,"Clockwork:BloodPhial":72,"Clockwork:SomewhatSmoothStone":65,"StoneCalendar":55,"The Courier":55,"Clockwork:Varja":97,"Incense Burner":98,"Ginger":112,"Clockwork:MomentumEngine":0,"keyreminder:keyreminder":93,"OrangePellets":112,"Bottled Flame":122,"TheAbacus":73,"Ornamental Fan":5,"Clockwork:BootleggersToolkit":31,"Bronze Scales":13,"Pantograph":18,"MealTicket":101,"Art of War":5,"Runic Pyramid":81}]},"card_choices":[{"not_picked":["Clockwork:SnapKeep","Clockwork:LogisticRegression","Clockwork:AdaptiveShield"],"picked":"SKIP","floor":1.0},{"not_picked":["Clockwork:SystemScan","Clockwork:CogToss","Clockwork:Selectivity"],"picked":"SKIP","floor":5.0},{"not_picked":["Clockwork:RitualDaggerMk0","Clockwork:ReserveSystems"],"picked":"Clockwork:TimeWalk","floor":7.0},{"not_picked":["Clockwork:Enhance","Clockwork:CogToss","Clockwork:TimeOut"],"picked":"SKIP","floor":8.0},{"not_picked":["Clockwork:ChargingShield","Clockwork:Friction","Clockwork:Efficiency"],"picked":"SKIP","floor":13.0},{"not_picked":["Clockwork:Randomization","Clockwork:CraftQuicksilverHourglass"],"picked":"Clockwork:PerfectForm","floor":16.0},{"not_picked":["Clockwork:Enhance","Clockwork:SpringShield+1","Clockwork:MechanicalBulk"],"picked":"SKIP","floor":18.0},{"not_picked":["Clockwork:HoardingStrike","Clockwork:ElasticNanites"],"picked":"Clockwork:Roundhouse","floor":19.0},{"not_picked":["Clockwork:SystemHardening+1","Clockwork:EnthusiasticStrike"],"picked":"Clockwork:Roundhouse+1","floor":21.0},{"not_picked":["Clockwork:Clone","Clockwork:SnapKeep","Clockwork:UnlimitedCogworks"],"picked":"SKIP","floor":22.0},{"not_picked":["Clockwork:MechanicalBulk","Clockwork:StasisBreak","Clockwork:Improve"],"picked":"SKIP","floor":24.0},{"not_picked":["Clockwork:HeadStart+1","Clockwork:TimeOut+1","Clockwork:Enhance"],"picked":"SKIP","floor":27.0},{"not_picked":["Clockwork:SearchingStrike","Clockwork:TiltAWhirl","Clockwork:Enhance"],"picked":"SKIP","floor":29.0},{"not_picked":["Clockwork:Redundancy","Clockwork:SystemScan"],"picked":"Clockwork:SmithsMallet","floor":30.0},{"not_picked":["Clockwork:Redundancy","Clockwork:OccamsRazor+1","Clockwork:Enhance"],"picked":"SKIP","floor":35.0},{"not_picked":["Clockwork:SnapKeep","Clockwork:CogToss+1","Clockwork:HoardingStrike+1"],"picked":"SKIP","floor":38.0},{"not_picked":["Clockwork:SystemHardening","Clockwork:TiltAWhirl","Clockwork:CogToss"],"picked":"SKIP","floor":39.0},{"not_picked":["Clockwork:CraftSomewhatSmoothStone","Clockwork:HeadStart+1","Clockwork:Friction+1"],"picked":"SKIP","floor":42.0},{"not_picked":["Clockwork:Randomization","Clockwork:ReserveSystems"],"picked":"Clockwork:CraftVarja+1","floor":45.0},{"not_picked":["Clockwork:AdaptiveCannon","Clockwork:Redundancy","Clockwork:ReserveSystems+1"],"picked":"SKIP","floor":46.0},{"not_picked":["Clockwork:AssemblyLine+1","Clockwork:PerfectedShield","Clockwork:ElasticNanites"],"picked":"SKIP","floor":47.0},{"not_picked":["Clockwork:Friction+1","Clockwork:SearingStrike"],"picked":"Clockwork:Improve+1","floor":54.0}],"player_experience":826065,"relics_obtained":[{"floor":3.0,"key":"Art of War"},{"floor":7.0,"key":"Bronze Scales"},{"floor":9.0,"key":"Pantograph"},{"floor":24.0,"key":"The Courier"},{"floor":26.0,"key":"StoneCalendar"},{"floor":41.0,"key":"Incense Burner"},{"floor":42.0,"key":"MealTicket"},{"floor":45.0,"key":"Darkstone Periapt"},{"floor":54.0,"key":"Bottled Flame"}],"event_choices":[{"damage_healed":0.0,"max_hp_gain":0.0,"max_hp_loss":0.0,"gold_gain":0.0,"event_name":"Scrap Ooze","player_choice":"Success","floor":2.0,"gold_loss":0.0,"damage_taken":25.0,"relics_obtained":["Ornamental Fan"]},{"cards_removed":["Clockwork:Strike"],"damage_healed":0.0,"max_hp_gain":0.0,"max_hp_loss":0.0,"gold_gain":0.0,"event_name":"Golden Wing","player_choice":"Card Removal","floor":11.0,"gold_loss":0.0,"damage_taken":7.0},{"damage_healed":0.0,"max_hp_gain":5.0,"max_hp_loss":0.0,"gold_gain":0.0,"event_name":"Big Fish","player_choice":"Donut","floor":14.0,"gold_loss":0.0,"damage_taken":0.0},{"damage_healed":0.0,"max_hp_gain":0.0,"max_hp_loss":0.0,"gold_gain":0.0,"event_name":"Ghosts","player_choice":"Ignored","floor":25.0,"gold_loss":0.0,"damage_taken":0.0},{"damage_healed":0.0,"max_hp_gain":0.0,"max_hp_loss":5.0,"gold_gain":0.0,"event_name":"Winding Halls","player_choice":"Max HP","floor":36.0,"gold_loss":0.0,"damage_taken":0.0},{"damage_healed":0.0,"max_hp_gain":0.0,"max_hp_loss":0.0,"gold_gain":100.0,"event_name":"Golden Shrine","player_choice":"Pray","floor":37.0,"gold_loss":0.0,"damage_taken":0.0},{"damage_healed":0.0,"max_hp_gain":0.0,"max_hp_loss":0.0,"gold_gain":0.0,"event_name":"MindBloom","player_choice":"Fight","floor":41.0,"gold_loss":0.0,"damage_taken":0.0},{"damage_healed":0.0,"max_hp_gain":0.0,"max_hp_loss":0.0,"gold_gain":100.0,"event_name":"Golden Shrine","player_choice":"Pray","floor":44.0,"gold_loss":0.0,"damage_taken":0.0}],"is_beta":false,"boss_relics":[{"not_picked":["Pandora\u0027s Box","Ectoplasm"],"picked":"Clockwork:BootleggersToolkit"},{"not_picked":["SlaversCollar","Cursed Key"],"picked":"Runic Pyramid"}],"items_purged_floors":[4,20,48],"is_endless":false,"potions_floor_spawned":[8,16,18,22,27,29,30,33,35,38,39,46],"ascension_level":0}}