{"host":"1c17lcvl7acx821p","time":1610391197,"event":{"mods":["AchievementEnabler","BaseMod","Colored Map","Minty Spire (QoL Compilation)","StSLib"],"gold_per_floor":[116,191,191,68,68,111,111,126,179,45,45,81,95,128,128,254,254,278,278,292,312,312,352,352,373,396,396,432,432,432],"floor_reached":29,"playtime":1297,"items_purged":[],"score":344,"play_id":"363addff-99d8-429b-94e5-bff5261dd1d8","local_time":"20210111205317","is_ascension_mode":false,"campfire_choices":[{"data":"Conserve Battery","floor":7,"key":"SMITH"},{"data":"Defragment","floor":11,"key":"SMITH"},{"data":"Hologram","floor":15,"key":"SMITH"},{"data":"Coolheaded","floor":24,"key":"SMITH"},{"data":"Loop","floor":27,"key":"SMITH"}],"circlet_count":0,"master_deck":["Strike_B","Strike_B","Strike_B","Strike_B","Defend_B","Defend_B","Defend_B","Zap","Dualcast","Loop","Defragment+1","Conserve Battery+1","Coolheaded+1","Hologram+1","Gash","Loop+1","Glacier","Hologram","Hologram","Fission","Hologram+1","Beam Cell","Heatsinks","Capacitor","Glacier"],"relics":["Cracked Core","NeowsBlessing","Golden Idol","Boot","Strawberry","Odd Mushroom","Kunai","Nuclear Battery","Vajra","Bag of Preparation","MealTicket","Omamori"],"acts_visited":["Exordium","TheCity"],"potions_floor_usage":[28,28],"damage_taken":[{"damage":0,"enemies":"Cultist","floor":1,"turns":1},{"damage":0,"enemies":"Lagavulin","floor":6,"turns":1},{"damage":0,"enemies":"Small Slimes","floor":8,"turns":1},{"damage":5,"enemies":"The Mushroom Lair","floor":12,"turns":4},{"damage":0,"enemies":"2 Louse","floor":13,"turns":3},{"damage":4,"enemies":"Gremlin Nob","floor":14,"turns":8},{"damage":29,"enemies":"Hexaghost","floor":16,"turns":16},{"damage":10,"enemies":"Chosen","floor":18,"turns":6},{"damage":0,"enemies":"Shell Parasite","floor":20,"turns":6},{"damage":0,"enemies":"Centurion and Healer","floor":21,"turns":7},{"damage":49,"enemies":"Gremlin Leader","floor":23,"turns":13},{"damage":12,"enemies":"Snake Plant","floor":25,"turns":8},{"damage":0,"enemies":"Book of Stabbing","floor":28,"turns":8},{"damage":12,"enemies":"3 Cultists","floor":29,"turns":6}],"seed_played":"925818460155073139","potions_obtained":[{"floor":6,"key":"BlessingOfTheForge"},{"floor":8,"key":"SteroidPotion"},{"floor":12,"key":"SteroidPotion"},{"floor":20,"key":"Dexterity Potion"},{"floor":23,"key":"SkillPotion"},{"floor":28,"key":"SkillPotion"}],"is_trial":false,"path_per_floor":["M","?","?","$","?","E","R","M","T","$","R","?","M","E","R","B",null,"M","?","M","M","?","E","R","M","T","R","E","M"],"character_chosen":"DEFECT","items_purchased":["Defragment","Conserve Battery","Gash","Loop"],"campfire_rested":0,"item_purchase_floors":[4,4,10,10],"current_hp_per_floor":[75,64,46,46,46,46,46,46,53,53,53,48,48,44,44,15,82,72,72,72,72,72,23,23,11,11,11,11,0,0],"gold":432,"neow_bonus":"THREE_ENEMY_KILL","is_daily":false,"chose_seed":false,"campfire_upgraded":5,"win_rate":0.0,"timestamp":1610391197,"path_taken":["M","?","?","$","?","E","R","?","T","$","R","?","M","E","R","BOSS","M","?","M","M","?","E","R","?","T","R","E","M"],"items_purchased_type":["Card","Card","Card","Card"],"build_version":"2020-12-22","purchased_purges":0,"victory":false,"max_hp_per_floor":[75,75,75,75,75,75,75,75,82,82,82,82,82,82,82,82,82,82,82,82,82,82,82,82,82,82,82,82,82,82],"card_choices":[{"not_picked":["Go for the Eyes","Streamline"],"picked":"Loop","floor":1},{"not_picked":["Ball Lightning","Hello World"],"picked":"Coolheaded","floor":6},{"not_picked":["Compile Driver","FTL"],"picked":"Hologram","floor":8},{"not_picked":["Static Discharge","Melter"],"picked":"Glacier","floor":12},{"not_picked":["Beam Cell","Sweeping Beam"],"picked":"Hologram","floor":13},{"not_picked":["Cold Snap","White Noise"],"picked":"Hologram","floor":14},{"not_picked":["Buffer","Biased Cognition"],"picked":"Fission","floor":16},{"not_picked":["Coolheaded","Glacier"],"picked":"Hologram+1","floor":18},{"not_picked":["Melter","Steam"],"picked":"Beam Cell","floor":20},{"not_picked":["Sweeping Beam+1","Aggregate"],"picked":"Heatsinks","floor":21},{"not_picked":["Compile Driver","Steam","Hello World"],"picked":"SKIP","floor":23},{"not_picked":["Darkness","Cold Snap"],"picked":"Glacier","floor":25},{"not_picked":["Skim+1","Rainbow","Steam"],"picked":"SKIP","floor":28}],"player_experience":50965,"relics_obtained":[{"floor":6,"key":"Boot"},{"floor":9,"key":"Strawberry"},{"floor":12,"key":"Odd Mushroom"},{"floor":14,"key":"Kunai"},{"floor":23,"key":"Bag of Preparation"},{"floor":26,"key":"MealTicket"},{"floor":28,"key":"Omamori"}],"event_choices":[{"damage_healed":0,"gold_gain":75,"player_choice":"Gather Gold","damage_taken":11,"max_hp_gain":0,"max_hp_loss":0,"event_name":"World of Goop","floor":2,"gold_loss":0},{"damage_healed":0,"gold_gain":0,"player_choice":"Take Damage","damage_taken":18,"relics_obtained":["Golden Idol"],"max_hp_gain":0,"max_hp_loss":0,"event_name":"Golden Idol","floor":3,"gold_loss":0},{"cards_removed":["Defend_B"],"damage_healed":0,"gold_gain":0,"player_choice":"Purged","damage_taken":0,"max_hp_gain":0,"max_hp_loss":0,"event_name":"Purifier","floor":5,"gold_loss":0},{"damage_healed":0,"gold_gain":0,"player_choice":"Fought Mushrooms","damage_taken":0,"max_hp_gain":0,"max_hp_loss":0,"event_name":"Mushrooms","floor":12,"gold_loss":0},{"damage_healed":0,"gold_gain":0,"player_choice":"Opened","damage_taken":0,"relics_obtained":["Vajra"],"max_hp_gain":0,"max_hp_loss":0,"event_name":"The Mausoleum","floor":19,"gold_loss":0},{"damage_healed":0,"gold_gain":0,"player_choice":"Read","damage_taken":0,"max_hp_gain":0,"max_hp_loss":0,"event_name":"The Library","floor":22,"gold_loss":0,"cards_obtained":["Capacitor"]}],"is_beta":false,"boss_relics":[{"not_picked":["Black Star","Fusion Hammer"],"picked":"Nuclear Battery"}],"items_purged_floors":[],"is_endless":false,"potions_floor_spawned":[6,8,12,20,23,25,28],"killed_by":"3 Cultists","ascension_level":0}}