{"host":"llpusn9usp8rznkj","time":1610336485,"event":{"mods":["2.2 Compatiblity","Aspiration","BaseMod","Colored Map","Colored Powertips","Conspire","Hubris","Minty Spire (QoL Compilation)","Quick Restart","Rare Cards Sparkle","Replay The Spire","StSLib","The Cursed"],"gold_per_floor":[118,135,185,185,185,228,247,247,247],"floor_reached":8,"playtime":123,"items_purged":[],"score":162,"play_id":"e04a63a9-72de-4dcb-8423-f3a1931e2754","local_time":"20210110224125","is_ascension_mode":true,"campfire_choices":[],"circlet_count":0,"master_deck":["AscendersBane","Strike_R","Strike_R","Strike_R","Strike_R","Strike_R","Defend_R","Defend_R","Defend_R","Defend_R","Bash","Rage","Cleave","Replay:Undeath\u0027s Touch+1","Pommel Strike+1"],"relics":["Burning Blood","NeowsBlessing","ReplayTheSpireMod:Ring of Addiction","White Beast Statue","Potion Belt","Ring of Greed","Blue Doll","Smiling Mask","Molten Egg 2","CeramicFish"],"acts_visited":["Exordium"],"potions_floor_usage":[7,8],"damage_taken":[{"damage":0,"enemies":"Cultist","floor":1,"turns":1},{"damage":0,"enemies":"Small Slimes","floor":2,"turns":1},{"damage":0,"enemies":"Gremlin Nob","floor":6,"turns":1},{"damage":0,"enemies":"2 Louse","floor":7,"turns":2},{"damage":0,"enemies":"Lagavulin","floor":8,"turns":3}],"seed_played":"-7527317814041407028","potions_obtained":[{"floor":1,"key":"Reflective Coating"},{"floor":3,"key":"Fire Potion"},{"floor":3,"key":"SpeedPotion"},{"floor":3,"key":"Elixir"},{"floor":7,"key":"Swift Potion"}],"is_trial":false,"path_per_floor":["M","M","?","?","?","E","M","E"],"character_chosen":"IRONCLAD","items_purchased":[],"campfire_rested":0,"item_purchase_floors":[],"current_hp_per_floor":[74,75,75,75,75,75,73,73,73],"gold":247,"neow_bonus":"THREE_ENEMY_KILL","is_daily":false,"chose_seed":false,"campfire_upgraded":0,"win_rate":0.0,"timestamp":1610336485,"path_taken":["M","M","?","?","?","E","?","E"],"items_purchased_type":[],"build_version":"2020-12-22","purchased_purges":0,"victory":false,"max_hp_per_floor":[75,75,75,75,75,75,73,73,73],"card_choices":[{"not_picked":["Entrench","Sword Boomerang"],"picked":"Rage","floor":1},{"not_picked":["Iron Wave","ReplayTheSpireMod:Corrosion Curse"],"picked":"Cleave","floor":2},{"not_picked":["Heavy Blade+1","Body Slam+1"],"picked":"Replay:Undeath\u0027s Touch+1","floor":6},{"not_picked":["Bloodletting","Perfected Strike+1"],"picked":"Pommel Strike+1","floor":7}],"player_experience":1141564,"relics_obtained":[{"floor":3,"key":"ReplayTheSpireMod:Ring of Addiction"},{"floor":3,"key":"White Beast Statue"},{"floor":3,"key":"Potion Belt"},{"floor":3,"key":"Ring of Greed"},{"floor":3,"key":"Blue Doll"},{"floor":3,"key":"Smiling Mask"},{"floor":6,"key":"CeramicFish"}],"event_choices":[{"cards_removed":["Injury","Voices"],"damage_healed":0,"gold_gain":0,"player_choice":"Removed Curses","damage_taken":0,"max_hp_gain":0,"max_hp_loss":0,"event_name":"Fountain of Cleansing","floor":5,"gold_loss":0}],"is_beta":false,"boss_relics":[],"items_purged_floors":[],"is_endless":false,"potions_floor_spawned":[1,6,7],"killed_by":"Lagavulin","ascension_level":20}}