{"host":"q1ejl7hv5l3527la","time":1610335064,"event":{"mods":["Aspiration","Bard","BaseMod","Better Third Choice","Colored Powertips","Downfall","Energized Spire","Hermit","Highlight Path","Hubris","Infinite Spire","Minty Spire (QoL Compilation)","Replay The Spire","Shop Mod","StSLib","The Bladedancer","The Cursed","The Juggle","The Jungle","The Runesmith"],"gold_per_floor":[369,381,399,62,78,78,110,110,135,170,170,180,180,200,200,304,304,317,328,328,342,18,18,18,18,18,18,18],"floor_reached":27,"playtime":1828,"items_purged":[],"score":234,"play_id":"97ca2d74-7d60-4065-b41d-8749088bce3b","local_time":"20210110211744","is_ascension_mode":true,"campfire_choices":[{"floor":6,"key":"REST"},{"floor":8,"key":"REST"},{"floor":13,"key":"REST"},{"floor":15,"key":"REST"},{"floor":23,"key":"REST"},{"floor":25,"key":"REST"}],"circlet_count":0,"master_deck":["Strike_G","Strike_G","Strike_G","Strike_G","Strike_G","Defend_G","Defend_G","Defend_G","Defend_G","Defend_G","Survivor","Neutralize","Flying Knee","Outmaneuver","Deadly Poison","Accuracy","Dodge and Roll","Slice","Poisoned Stab","expansioncontent:DashGenerateEvil","Quick Slash","Hidden Blade","Glass Knife","Acrobatics","Outmaneuver","Outmaneuver","Unload","Cloak And Dagger","Dagger Spray+1","Blade Dance+1","Infinite Blades","ReplayTheSpireMod:Shiv Toss","Slice"],"relics":["Ring of the Snake","BargainBundle","Replay:Wax Seal","hubris:OldNail","Boot","Toy Ornithopter","hubris:Backtick","Matryoshka","Bottled Lightning","Shuriken","Meat on the Bone"],"acts_visited":["Exordium","TheCity"],"potions_floor_usage":[5,7,7,10,12,16,21,27],"damage_taken":[{"damage":1,"enemies":"Cultist","floor":1,"turns":3},{"damage":1,"enemies":"2 Louse","floor":2,"turns":3},{"damage":3,"enemies":"Jaw Worm","floor":3,"turns":5},{"damage":26,"enemies":"Lots of Slimes","floor":5,"turns":6},{"damage":36,"enemies":"Lagavulin","floor":7,"turns":6},{"damage":16,"enemies":"Replay:BlueRogue","floor":10,"turns":4},{"damage":0,"enemies":"Looter","floor":12,"turns":2},{"damage":20,"enemies":"Gremlin Gang","floor":14,"turns":5},{"damage":46,"enemies":"Hexaghost","floor":16,"turns":11},{"damage":16,"enemies":"3 Byrds","floor":18,"turns":5},{"damage":21,"enemies":"Spheric Guardian","floor":19,"turns":4},{"damage":44,"enemies":"Chosen and Byrds","floor":21,"turns":7},{"damage":50,"enemies":"Slavers","floor":27,"turns":4}],"seed_played":"-6123218387391023376","potions_obtained":[{"floor":7,"key":"champ:CounterPotion"},{"floor":10,"key":"Reflective Coating"},{"floor":14,"key":"SteroidPotion"},{"floor":16,"key":"Dexterity Potion"},{"floor":19,"key":"infinitespire:BlackPotion"}],"is_trial":false,"path_per_floor":["M","M","M","$","M","R","E","R","T","E","?","M","R","M","R","B",null,"M","M","$","M","$","R","?","R","T","E"],"character_chosen":"THE_SILENT","items_purchased":["BargainBundle","Accuracy","Dodge and Roll","hubris:SlightOfHand+1","Slice","Poisoned Stab","expansioncontent:DashGenerateEvil","Replay:Wax Seal","Fruit Juice","Poison Potion","Swift Potion","Infinite Blades","Bottled Lightning"],"campfire_rested":6,"item_purchase_floors":[4,4,4,4,4,4,4,4,4,4,4,22,22],"current_hp_per_floor":[62,61,58,58,37,57,21,41,41,25,25,30,50,30,50,9,68,52,31,31,2,2,22,22,42,42,0,0],"gold":18,"neow_bonus":"TWO_FIFTY_GOLD","is_daily":false,"chose_seed":false,"campfire_upgraded":0,"win_rate":0.0,"timestamp":1610335064,"path_taken":["M","M","M","?","?","R","E","R","T","E","?","M","R","M","R","BOSS","M","M","$","?","$","R","?","R","T","E"],"items_purchased_type":["Relic","Card","Card","Card","Card","Card","Card","Relic","Potion","Potion","Potion","Card","Relic"],"build_version":"2020-12-22","purchased_purges":0,"victory":false,"max_hp_per_floor":[63,63,63,63,68,68,68,68,68,68,68,68,68,68,68,68,68,68,68,68,68,68,68,68,68,68,68,68],"card_choices":[{"not_picked":["Deadly Poison","Finisher"],"picked":"Flying Knee","floor":1},{"not_picked":["Quick Slash","Die Die Die"],"picked":"Outmaneuver","floor":2},{"not_picked":["Draining Mist","Underhanded Strike"],"picked":"Deadly Poison","floor":3},{"not_picked":["Poisoned Stab","PiercingWail"],"picked":"Quick Slash","floor":5},{"not_picked":["PiercingWail","ReplayTheSpireMod:Tripwire"],"picked":"Hidden Blade","floor":7},{"not_picked":["Tactician","Dash"],"picked":"Glass Knife","floor":10},{"not_picked":["ReplayTheSpireMod:The Works","ReplayTheSpireMod:Speed Training"],"picked":"Outmaneuver","floor":12},{"not_picked":["hubris:SlightOfHand","Eviscerate"],"picked":"Outmaneuver","floor":14},{"not_picked":["Poison Darts","Tools of the Trade"],"picked":"Unload","floor":16},{"not_picked":["ReplayTheSpireMod:The Works","Flying Knee"],"picked":"Cloak And Dagger","floor":18},{"not_picked":["Calculated Gamble","Heel Hook"],"picked":"Dagger Spray+1","floor":19},{"not_picked":["Cloak And Dagger+1","Sucker Punch"],"picked":"Blade Dance+1","floor":21}],"player_experience":111099,"relics_obtained":[{"floor":7,"key":"hubris:OldNail"},{"floor":9,"key":"Boot"},{"floor":10,"key":"Toy Ornithopter"},{"floor":26,"key":"Shuriken"},{"floor":26,"key":"Meat on the Bone"}],"event_choices":[{"damage_healed":0,"gold_gain":0,"cards_transformed":["hubris:SlightOfHand"],"player_choice":"Transformed","damage_taken":0,"max_hp_gain":0,"max_hp_loss":0,"event_name":"Transmorgrifier","floor":11,"gold_loss":0,"cards_obtained":["Acrobatics"]},{"damage_healed":0,"gold_gain":0,"player_choice":"2 cards matched","damage_taken":0,"max_hp_gain":0,"max_hp_loss":0,"event_name":"Match and Keep!","floor":24,"gold_loss":0,"cards_obtained":["ReplayTheSpireMod:Shiv Toss","Slice"]}],"is_beta":false,"boss_relics":[{"not_picked":["Runic Dome","Runic Pyramid"],"picked":"hubris:Backtick"}],"items_purged_floors":[],"is_endless":false,"potions_floor_spawned":[7,10,14,16,19],"killed_by":"Slavers","ascension_level":1}}