{"host":"e1pm3b7xpcm97e5w","time":1610381840,"event":{"mods":["BaseMod","Better Skull","Googly Eyes","Minty Spire (QoL Compilation)","Relic Stats","Shop Mod","Spicy Shops","StSLib"],"gold_per_floor":[112,112,69,69,82,121,121,134,134,134,20,20,51,65,65,159,159,184,207,225,225,10,10,26,59,59,59,72,72,72,92,92,92,92],"floor_reached":33,"playtime":845,"items_purged":[],"score":555,"play_id":"a0603590-dacb-4350-a350-e6f8228aabe9","local_time":"20210111111720","is_ascension_mode":true,"campfire_choices":[{"data":"Sever Soul","floor":7,"key":"SMITH"},{"data":"Carnage","floor":10,"key":"SMITH"},{"data":"Bash","floor":15,"key":"SMITH"},{"data":"Apotheosis","floor":23,"key":"SMITH"},{"floor":27,"key":"DIG"},{"floor":29,"key":"DIG"},{"floor":32,"key":"DIG"}],"circlet_count":0,"master_deck":["AscendersBane","Strike_R","Strike_R","Strike_R","Strike_R","Defend_R","Defend_R","Defend_R","Defend_R","Bash+1","Flame Barrier","Carnage+1","Sever Soul+1","Havoc","Thunderclap","Dropkick","Limit Break","Inflame","Power Through","Apotheosis+1","Dual Wield"],"relics":["Burning Blood","NeowsBlessing","Golden Idol","Matryoshka","Centennial Puzzle","Bottled Flame","Shovel","Lantern","Coffee Dripper","Enchiridion","Oddly Smooth Stone","Anchor","Happy Flower","Bag of Preparation","Juzu Bracelet","Torii"],"acts_visited":["Exordium","TheCity"],"potions_floor_usage":[16,18],"damage_taken":[{"damage":0,"enemies":"Jaw Worm","floor":1,"turns":1},{"damage":0,"enemies":"Cultist","floor":5,"turns":1},{"damage":0,"enemies":"Lagavulin","floor":6,"turns":1},{"damage":0,"enemies":"2 Louse","floor":8,"turns":2},{"damage":20,"enemies":"3 Sentries","floor":13,"turns":7},{"damage":0,"enemies":"Large Slime","floor":14,"turns":2},{"damage":48,"enemies":"Hexaghost","floor":16,"turns":12},{"damage":0,"enemies":"2 Thieves","floor":18,"turns":3},{"damage":6,"enemies":"Spheric Guardian","floor":19,"turns":3},{"damage":0,"enemies":"Snecko","floor":20,"turns":3},{"damage":1,"enemies":"Centurion and Healer","floor":24,"turns":4},{"damage":41,"enemies":"Slavers","floor":25,"turns":5},{"damage":12,"enemies":"Shelled Parasite and Fungi","floor":28,"turns":5},{"damage":15,"enemies":"Snecko","floor":31,"turns":4},{"damage":55,"enemies":"Champ","floor":33,"turns":8}],"seed_played":"147815523231201093","potions_obtained":[{"floor":8,"key":"Block Potion"},{"floor":16,"key":"Block Potion"},{"floor":20,"key":"FairyPotion"}],"is_trial":false,"path_per_floor":["M","?","$","?","M","E","R","M","T","R","$","?","E","M","R","B",null,"M","M","M","?","$","R","M","E","T","R","M","R","$","M","R","B"],"character_chosen":"IRONCLAD","items_purchased":["Carnage","Shovel","Apotheosis"],"campfire_rested":0,"item_purchase_floors":[3,11,22],"current_hp_per_floor":[74,48,48,48,54,60,60,66,66,66,66,71,57,63,63,21,65,71,71,77,56,56,56,61,26,26,26,20,20,20,11,11,0,0],"gold":92,"neow_bonus":"THREE_ENEMY_KILL","is_daily":false,"chose_seed":false,"campfire_upgraded":4,"win_rate":0.0,"timestamp":1610381840,"path_taken":["M","?","$","?","?","E","R","M","T","R","$","?","E","M","R","BOSS","M","M","M","?","$","R","M","E","T","R","M","R","$","M","R","BOSS"],"items_purchased_type":["Card","Relic","Card"],"build_version":"2020-12-22","purchased_purges":0,"victory":false,"max_hp_per_floor":[75,75,75,75,75,75,75,75,75,75,75,80,80,80,80,80,80,80,80,80,80,80,80,80,80,80,80,80,80,80,80,80,80,80],"relic_stats":{"Centennial Puzzle":[24],"Shovel":3,"Happy Flower":[5],"Torii":3,"counters":[15,61],"Golden Idol":73,"Bag of Preparation":[6],"Juzu Bracelet":0,"obtain_stats":[{"Lantern":13,"NeowsBlessing":0,"Happy Flower":26,"Torii":32,"Golden Idol":2,"Enchiridion":21,"Oddly Smooth Stone":25,"Bag of Preparation":27,"Juzu Bracelet":29,"Burning Blood":0,"Centennial Puzzle":9,"Bottled Flame":9,"Anchor":26,"Matryoshka":6,"Shovel":11,"Coffee Dripper":17},{"Lantern":5,"NeowsBlessing":0,"Happy Flower":12,"Torii":14,"Golden Idol":1,"Enchiridion":10,"Oddly Smooth Stone":12,"Bag of Preparation":12,"Juzu Bracelet":13,"Burning Blood":0,"Centennial Puzzle":4,"Bottled Flame":4,"Anchor":12,"Matryoshka":3,"Shovel":4,"Coffee Dripper":7},{"Lantern":12,"NeowsBlessing":0,"Happy Flower":44,"Torii":53,"Golden Idol":1,"Enchiridion":35,"Oddly Smooth Stone":44,"Bag of Preparation":44,"Juzu Bracelet":49,"Burning Blood":0,"Centennial Puzzle":5,"Bottled Flame":5,"Anchor":44,"Matryoshka":3,"Shovel":5,"Coffee Dripper":26}],"Burning Blood":84},"card_choices":[{"not_picked":["True Grit","Havoc"],"picked":"Flame Barrier","floor":1},{"not_picked":["Perfected Strike","Havoc","Heavy Blade"],"picked":"SKIP","floor":5},{"not_picked":["Berserk","Flex"],"picked":"Sever Soul","floor":6},{"not_picked":["Flex","Clash"],"picked":"Havoc","floor":8},{"not_picked":["Second Wind","Clash"],"picked":"Thunderclap","floor":13},{"not_picked":["Clothesline","Heavy Blade"],"picked":"Dropkick","floor":14},{"not_picked":["Juggernaut","Berserk"],"picked":"Limit Break","floor":16},{"not_picked":["Infernal Blade","True Grit"],"picked":"Inflame","floor":18},{"not_picked":["Bloodletting","Combust"],"picked":"Power Through","floor":19},{"not_picked":["Second Wind","Infernal Blade","Bloodletting"],"picked":"SKIP","floor":20},{"not_picked":["Pommel Strike","Warcry"],"picked":"Dual Wield","floor":24},{"not_picked":["Armaments","Perfected Strike","Reckless Charge"],"picked":"SKIP","floor":25},{"not_picked":["Flex","Flame Barrier","Power Through"],"picked":"SKIP","floor":28},{"not_picked":["Body Slam","Warcry","Flex"],"picked":"SKIP","floor":31}],"player_experience":511692,"relics_obtained":[{"floor":6,"key":"Matryoshka"},{"floor":9,"key":"Centennial Puzzle"},{"floor":9,"key":"Bottled Flame"},{"floor":13,"key":"Lantern"},{"floor":21,"key":"Enchiridion"},{"floor":25,"key":"Oddly Smooth Stone"},{"floor":26,"key":"Anchor"},{"floor":26,"key":"Happy Flower"},{"floor":27,"key":"Bag of Preparation"},{"floor":29,"key":"Juzu Bracelet"},{"floor":32,"key":"Torii"}],"event_choices":[{"damage_healed":0,"gold_gain":0,"player_choice":"Take Damage","damage_taken":26,"relics_obtained":["Golden Idol"],"max_hp_gain":0,"max_hp_loss":0,"event_name":"Golden Idol","floor":2,"gold_loss":0},{"cards_removed":["Strike_R"],"damage_healed":0,"gold_gain":0,"player_choice":"Offered Basic","damage_taken":0,"max_hp_gain":0,"max_hp_loss":0,"event_name":"Bonfire Elementals","floor":4,"gold_loss":0},{"damage_healed":0,"gold_gain":0,"player_choice":"Donut","damage_taken":0,"max_hp_gain":5,"max_hp_loss":0,"event_name":"Big Fish","floor":12,"gold_loss":0},{"damage_healed":0,"gold_gain":0,"player_choice":"Obtained Book","damage_taken":21,"max_hp_gain":0,"max_hp_loss":0,"event_name":"Cursed Tome","floor":21,"gold_loss":0}],"is_beta":false,"boss_relics":[{"not_picked":["Ectoplasm","Philosopher\u0027s Stone"],"picked":"Coffee Dripper"}],"items_purged_floors":[],"is_endless":false,"potions_floor_spawned":[8,14,16,20,24,25],"killed_by":"Champ","ascension_level":17}}