{"host":"gf95gjygaqy6b70i","time":1610406269,"event":{"mods":["BaseMod","Colored Map","Colored Powertips","Minty Spire (QoL Compilation)"],"gold_per_floor":[119,119,134,134,134,148,179,179,179,179,199,210,210,272,272,375,375,395,8,23,40,40,40,140,140,187,212,212,228,328,340,340,439,439,449,466,318,368,414,445,462,479,479,528,528,538,131,160,160,160,160,160,14,47,47],"floor_reached":56,"playtime":2465,"items_purged":["Creative AI"],"score":1255,"play_id":"b1212736-167d-4755-b2fc-67c64fd82565","local_time":"20210112000429","is_ascension_mode":false,"campfire_choices":[{"floor":8,"key":"REST"},{"floor":13,"key":"REST"},{"floor":15,"key":"REST"},{"floor":23,"key":"REST"},{"floor":25,"key":"RECALL"},{"floor":32,"key":"REST"},{"floor":45,"key":"REST"},{"floor":49,"key":"REST"},{"floor":52,"key":"REST"}],"circlet_count":0,"master_deck":["Zap+1","Dualcast+1","Genetic Algorithm","Ball Lightning","Coolheaded","Compile Driver","Chill","Capacitor","Ball Lightning","Thunder Strike","Undo","Redo","Consume","Rip and Tear","Turbo","Rip and Tear","Static Discharge+1","Redo","Glacier","Storm+1","Barrage","Streamline+1","Heatsinks","Stack+1","Machine Learning","Leap","Barrage+1","Defragment","Conserve Battery","Conserve Battery+1","Chill+1","Defragment","Fusion","Flash of Steel+1","Blizzard+1"],"relics":["Cracked Core","Tiny Chest","Incense Burner","Juzu Bracelet","Lantern","Pandora\u0027s Box","Calipers","Happy Flower","Centennial Puzzle","CaptainsWheel","Eternal Feather","Fusion Hammer","TungstenRod","Blood Vial","Molten Egg 2","Ornamental Fan","Mango","Meat on the Bone","Nunchaku","ClockworkSouvenir","Mercury Hourglass"],"acts_visited":["Exordium","TheCity","TheBeyond","TheEnding"],"potions_floor_usage":[7,14,16,30,30,40,44,44,48,55],"damage_taken":[{"damage":1,"enemies":"Jaw Worm","floor":1,"turns":3},{"damage":2,"enemies":"2 Louse","floor":3,"turns":2},{"damage":3,"enemies":"Small Slimes","floor":6,"turns":2},{"damage":30,"enemies":"Lagavulin","floor":7,"turns":7},{"damage":7,"enemies":"2 Fungi Beasts","floor":11,"turns":3},{"damage":0,"enemies":"Lots of Slimes","floor":12,"turns":5},{"damage":3,"enemies":"Lagavulin Event","floor":14,"turns":6},{"damage":26,"enemies":"The Guardian","floor":16,"turns":9},{"damage":10,"enemies":"2 Thieves","floor":18,"turns":4},{"damage":11,"enemies":"3 Byrds","floor":20,"turns":3},{"damage":0,"enemies":"Snecko","floor":21,"turns":4},{"damage":2,"enemies":"Centurion and Healer","floor":29,"turns":4},{"damage":7,"enemies":"Colosseum Slavers","floor":30,"turns":4},{"damage":8,"enemies":"Colosseum Nobs","floor":30,"turns":4},{"damage":0,"enemies":"Cultist and Chosen","floor":31,"turns":4},{"damage":20,"enemies":"Automaton","floor":33,"turns":6},{"damage":9,"enemies":"Orb Walker","floor":35,"turns":3},{"damage":0,"enemies":"3 Shapes","floor":36,"turns":6},{"damage":0,"enemies":"Mind Bloom Boss Battle","floor":38,"turns":7},{"damage":8,"enemies":"Nemesis","floor":40,"turns":5},{"damage":0,"enemies":"Spire Growth","floor":41,"turns":5},{"damage":0,"enemies":"Maw","floor":42,"turns":7},{"damage":4,"enemies":"2 Orb Walkers","floor":44,"turns":5},{"damage":0,"enemies":"4 Shapes","floor":46,"turns":5},{"damage":22,"enemies":"Reptomancer","floor":48,"turns":7},{"damage":58,"enemies":"Donu and Deca","floor":50,"turns":13},{"damage":35,"enemies":"Shield and Spear","floor":54,"turns":8},{"damage":36,"enemies":"The Heart","floor":55,"turns":9}],"seed_played":"-4507346814730156716","potions_obtained":[{"floor":1,"key":"ColorlessPotion"},{"floor":11,"key":"Weak Potion"},{"floor":12,"key":"EssenceOfDarkness"},{"floor":14,"key":"SpeedPotion"},{"floor":18,"key":"FocusPotion"},{"floor":29,"key":"BlessingOfTheForge"},{"floor":31,"key":"FearPotion"},{"floor":33,"key":"SkillPotion"},{"floor":40,"key":"Fire Potion"},{"floor":41,"key":"FearPotion"},{"floor":42,"key":"FocusPotion"},{"floor":44,"key":"CultistPotion"},{"floor":46,"key":"Weak Potion"}],"is_trial":false,"path_per_floor":["M","?","M","?","?","M","E","R","T","T","M","M","R","?","R","B",null,"M","$","M","M","?","R","?","R","T","T","?","M","?","M","R","B",null,"M","M","$","?","T","E","M","M","T","?","R","M","$","E","R","B",null,"R","$","E","B",null],"character_chosen":"DEFECT","items_purchased":["Calipers","Glacier","Defragment","Fusion","Meat on the Bone","Flash of Steel+1","ClockworkSouvenir"],"campfire_rested":8,"item_purchase_floors":[19,19,37,47,47,47,53],"current_hp_per_floor":[74,74,72,57,57,54,24,46,46,46,39,39,61,58,75,49,75,65,65,54,54,54,75,75,75,75,75,61,59,44,44,80,60,80,71,71,71,71,71,65,67,69,69,81,94,94,94,72,94,48,94,94,94,59,37],"gold":47,"neow_bonus":"RANDOM_COMMON_RELIC","is_daily":false,"chose_seed":false,"campfire_upgraded":0,"win_rate":0.0,"timestamp":1610406269,"path_taken":["M","?","M","?","?","M","E","R","T","?","M","M","R","?","R","BOSS","M","$","M","M","?","R","?","R","T","?","?","M","?","M","R","BOSS","M","M","$","?","?","E","M","M","T","?","R","M","?","E","R","BOSS","R","$","E","BOSS"],"items_purchased_type":["Relic","Card","Card","Card","Relic","Card","Relic"],"build_version":"2020-12-22","purchased_purges":1,"victory":true,"max_hp_per_floor":[75,75,75,75,75,75,75,75,75,75,75,75,75,75,75,75,75,75,75,75,75,75,75,75,75,75,75,80,80,80,80,80,80,80,80,80,80,80,80,80,80,80,80,94,94,94,94,94,94,94,94,94,94,94,94],"card_choices":[{"not_picked":["Static Discharge","Conserve Battery"],"picked":"Genetic Algorithm","floor":1},{"not_picked":["Hologram","Gash"],"picked":"Ball Lightning","floor":3},{"not_picked":["Consume","Conserve Battery"],"picked":"Coolheaded","floor":6},{"not_picked":["Rebound","Tempest"],"picked":"Compile Driver","floor":7},{"not_picked":["Hologram","Static Discharge"],"picked":"Chill","floor":11},{"not_picked":["Hologram","Beam Cell"],"picked":"Capacitor","floor":12},{"not_picked":["Skim","Compile Driver"],"picked":"Ball Lightning","floor":14},{"not_picked":["Multi-Cast","Machine Learning"],"picked":"Thunder Strike","floor":16},{"not_picked":["Hologram","White Noise"],"picked":"Redo","floor":18},{"not_picked":["Go for the Eyes","Rebound"],"picked":"Storm+1","floor":20},{"not_picked":["Streamline","Scrape"],"picked":"Barrage","floor":21},{"not_picked":["Lockon","Compile Driver"],"picked":"Streamline+1","floor":29},{"not_picked":["Compile Driver","Rebound"],"picked":"Heatsinks","floor":30},{"not_picked":["Chill+1","Heatsinks+1"],"picked":"Stack+1","floor":31},{"not_picked":["Thunder Strike","Fission"],"picked":"Machine Learning","floor":33},{"not_picked":["Ball Lightning+1","Rip and Tear+1"],"picked":"Leap","floor":35},{"not_picked":["Tempest","Sunder"],"picked":"Barrage+1","floor":36},{"not_picked":["Compile Driver+1","Sunder+1","Rebound+1"],"picked":"SKIP","floor":40},{"not_picked":["Rip and Tear+1","Genetic Algorithm+1"],"picked":"Conserve Battery","floor":41},{"not_picked":["Glacier","Seek"],"picked":"Conserve Battery+1","floor":42},{"not_picked":["Consume","Compile Driver+1"],"picked":"Chill+1","floor":44},{"not_picked":["Undo","Conserve Battery"],"picked":"Defragment","floor":46},{"not_picked":["Genetic Algorithm","Hologram+1"],"picked":"Blizzard+1","floor":48},{"not_picked":["Turbo+1","Rip and Tear+1","Conserve Battery+1"],"picked":"SKIP","floor":54}],"player_experience":36956,"relics_obtained":[{"floor":7,"key":"Incense Burner"},{"floor":10,"key":"Juzu Bracelet"},{"floor":14,"key":"Lantern"},{"floor":26,"key":"Happy Flower"},{"floor":27,"key":"Centennial Puzzle"},{"floor":30,"key":"CaptainsWheel"},{"floor":30,"key":"Eternal Feather"},{"floor":38,"key":"TungstenRod"},{"floor":39,"key":"Blood Vial"},{"floor":40,"key":"Molten Egg 2"},{"floor":43,"key":"Ornamental Fan"},{"floor":44,"key":"Mango"},{"floor":48,"key":"Nunchaku"},{"floor":54,"key":"Mercury Hourglass"}],"event_choices":[{"damage_healed":0,"gold_gain":0,"player_choice":"Grow","damage_taken":0,"max_hp_gain":0,"max_hp_loss":0,"event_name":"Living Wall","floor":2,"gold_loss":0,"cards_upgraded":["Zap"]},{"damage_healed":0,"gold_gain":0,"player_choice":"Entered Light","damage_taken":15,"max_hp_gain":0,"max_hp_loss":0,"event_name":"Shining Light","floor":4,"gold_loss":0,"cards_upgraded":["Defend_B","Dualcast"]},{"damage_healed":0,"gold_gain":0,"player_choice":"Ignored","damage_taken":0,"max_hp_gain":0,"max_hp_loss":0,"event_name":"Liars Game","floor":5,"gold_loss":0},{"damage_healed":0,"gold_gain":30,"player_choice":"Searched \u00272\u0027 times","damage_taken":0,"max_hp_gain":0,"max_hp_loss":0,"event_name":"Dead Adventurer","floor":14,"gold_loss":0},{"damage_healed":0,"gold_gain":0,"player_choice":"Upgraded","damage_taken":0,"max_hp_gain":0,"max_hp_loss":0,"event_name":"Upgrade Shrine","floor":22,"gold_loss":0,"cards_upgraded":["Static Discharge"]},{"damage_healed":0,"gold_gain":100,"player_choice":"Pray","damage_taken":0,"max_hp_gain":0,"max_hp_loss":0,"event_name":"Golden Shrine","floor":24,"gold_loss":0},{"damage_healed":0,"gold_gain":0,"player_choice":"Shed Blood","damage_taken":19,"max_hp_gain":5,"max_hp_loss":0,"event_name":"Forgotten Altar","floor":28,"gold_loss":0},{"damage_healed":0,"gold_gain":0,"player_choice":"Fight","damage_taken":0,"max_hp_gain":0,"max_hp_loss":0,"event_name":"Colosseum","floor":30,"gold_loss":0},{"damage_healed":0,"gold_gain":0,"player_choice":"Fought Nobs","damage_taken":0,"max_hp_gain":0,"max_hp_loss":0,"event_name":"Colosseum","floor":30,"gold_loss":0},{"damage_healed":0,"gold_gain":0,"player_choice":"Fight","damage_taken":0,"max_hp_gain":0,"max_hp_loss":0,"event_name":"MindBloom","floor":38,"gold_loss":0},{"damage_healed":0,"gold_gain":0,"player_choice":"Fight","damage_taken":0,"max_hp_gain":0,"max_hp_loss":0,"event_name":"Mysterious Sphere","floor":44,"gold_loss":0}],"is_beta":false,"boss_relics":[{"not_picked":["Cursed Key","Astrolabe"],"picked":"Pandora\u0027s Box"},{"not_picked":["Snecko Eye","Philosopher\u0027s Stone"],"picked":"Fusion Hammer"}],"items_purged_floors":[37],"is_endless":false,"potions_floor_spawned":[1,11,12,14,18,29,31,33,40,41,42,44,46],"ascension_level":0}}