{"host":"yhemb00fn7g5zwp1","time":1610359291,"event":{"mods":["AchievementEnabler","Act Like it!","BaseMod","CapriCore","Gensokyo","Highlight Path","KinomotoSakuraMod(ƒæ÷Æ±æ”£)","Koishi","KomeijiMod","Lobotomy","LobotomyExtend","Marisa£®ÏF”Í°°ƒß¿Ì…≥£©","Minty Spire (QoL Compilation)","MostiFishMod","Pale of the Ancients","Prisma Mod","Reimu£®≤©¿ˆ¡È√Œ£©","StSLib","Td1madao Mod","The Immortal","The Servant 0.9.4","Yakumo Yukari mod","Youmu£®ªÍ∆«—˝√Œ£©","Yuyuko","vexMod","°æ“≈ŒÔø®≈∆°øREMEMod","ÛÙª÷∏ƒœ"],"gold_per_floor":[176,176,36,36,36,66,66,92,92,92,111,20,240,240,240,342,342,362,375,375,375],"floor_reached":20,"playtime":985,"items_purged":[],"score":255,"play_id":"556a2ee1-bbba-4329-9a42-4118bbfa8518","local_time":"20210111180131","is_ascension_mode":false,"campfire_choices":[{"floor":15,"key":"REST"}],"circlet_count":0,"master_deck":["SpecialBullet","SpecialBullet","SpecialBullet","SpecialBullet","SpecialBullet","SpecialBullet","ControlCode","InformationCode","RecordCode","BloodyDesire","Tough+1","WallGazer","Pain","Scarecrow","Soda","Scorched","Soda+1","WhitesApple","Noise","Gensokyo:Shovel","NakedNest","SomewhereSpear","Parasite","OSAHOGD","ParadiseLost","Parasite","ShyLook","Pinks","DreamingCurrent","Horn"],"relics":["CogitoBucket","REME_ComplimentaryCards","DaveBox","SynthV:TestCard","LetterFromLob","BionicSphere","Gensokyo:LunaticRedEyes","Gensokyo:OccultBall","Whetstone","Bag of Preparation","vexMod:MemoryStick","RhineSuit","SkinProphecy"],"acts_visited":["Exordium","Gensokyo:Gensokyo"],"potions_floor_usage":[1,16,16],"damage_taken":[{"damage":7,"enemies":"Gensokyo:2_Kodama","floor":1,"turns":2},{"damage":13,"enemies":"Gensokyo:Aya","floor":6,"turns":5},{"damage":16,"enemies":"Gensokyo:Cirno","floor":8,"turns":6},{"damage":6,"enemies":"Gensokyo:3_Fairies","floor":11,"turns":3},{"damage":27,"enemies":"Gensokyo:Python","floor":13,"turns":2},{"damage":24,"enemies":"Gensokyo:Reimu","floor":16,"turns":7},{"damage":63,"enemies":"Gensokyo:AngelMirror","floor":18,"turns":6},{"damage":10,"enemies":"Gensokyo:CosmicMonolith","floor":19,"turns":3},{"damage":2,"enemies":"Gensokyo:Wraith","floor":20,"turns":1}],"seed_played":"-5305304748492965305","potions_obtained":[{"floor":1,"key":"Fruit Juice"},{"floor":8,"key":"SkillPotion"},{"floor":11,"key":"ColorlessPotion"},{"floor":13,"key":"SteroidPotion"},{"floor":19,"key":"AttackPotion"}],"is_trial":false,"path_per_floor":["M","?","?","?","?","E","R","E","T","R","M","COS","M","?","R","B",null,"M","M","M"],"character_chosen":"Angela","items_purchased":[],"campfire_rested":1,"item_purchase_floors":[],"current_hp_per_floor":[68,68,68,68,68,55,55,39,39,39,38,38,15,15,37,37,75,19,5,0,0],"gold":375,"neow_bonus":"TRANSFORM_TWO_CARDS","is_daily":false,"chose_seed":false,"campfire_upgraded":0,"win_rate":0.0,"timestamp":1610359291,"path_taken":["M","?","?","?","?","E","R","E","T","R","M","COS","M","?","R","BOSS","M","M","?"],"items_purchased_type":[],"build_version":"2020-12-22","purchased_purges":0,"victory":false,"max_hp_per_floor":[75,75,75,75,75,75,75,75,75,75,75,75,75,75,75,75,75,75,77,79,79],"card_choices":[{"not_picked":["Scarecrow","ShyLook"],"picked":"WallGazer","floor":1},{"not_picked":["Penitence"],"picked":"ScreamingWedge","floor":1},{"not_picked":["WhitesApple","LittlePrince"],"picked":"Scarecrow","floor":6},{"not_picked":["CherryBlossom","CUTE","Tough"],"picked":"Soda","floor":6},{"not_picked":["ShyLook","BeautyBeast"],"picked":"Scorched","floor":8},{"not_picked":["SoundOfStar","Tough","Regret_ego"],"picked":"Soda","floor":8},{"not_picked":["Mercenary","SpiderBud"],"picked":"WhitesApple","floor":11},{"not_picked":["Beak","Loneliness","CUTE"],"picked":"Noise","floor":11},{"not_picked":["Murderer","BeautyBeast"],"picked":"NakedNest","floor":13},{"not_picked":["TheSmile","Lamp","RapturousDream"],"picked":"SomewhereSpear","floor":13},{"not_picked":["CrumblingArmor","LittleHelper"],"picked":"OSAHOGD","floor":16},{"not_picked":["DaCapo","Adoration","CENSORED_ego"],"picked":"ParadiseLost","floor":16},{"not_picked":["PunishingBird","HappyTeddy"],"picked":"ShyLook","floor":18},{"not_picked":["Justitia","Mimicry","SoundOfStar"],"picked":"Pinks","floor":18},{"not_picked":["RedEyes","GrinderMk4+1","Tough","CrimsonScar"],"picked":"SKIP","floor":18},{"not_picked":["BigBird","UniverseFragment"],"picked":"DreamingCurrent","floor":19},{"not_picked":["CUTE+1","SomewhereSpear","GoldRush"],"picked":"Horn","floor":19}],"player_experience":433431,"relics_obtained":[{"floor":1,"key":"SynthV:TestCard"},{"floor":1,"key":"LetterFromLob"},{"floor":6,"key":"Whetstone"},{"floor":8,"key":"Bag of Preparation"},{"floor":9,"key":"vexMod:MemoryStick"},{"floor":16,"key":"Gensokyo:OccultBall"}],"event_choices":[],"is_beta":false,"boss_relics":[{"not_picked":["RhineCircuit","Fusion Hammer"],"picked":"RhineSuit"}],"items_purged_floors":[],"is_endless":false,"potions_floor_spawned":[1,8,11,13,19],"killed_by":"Gensokyo:Wraith","ascension_level":0}}