{"host":"qswkx8hggytna0kc","time":1610376356,"event":{"mods":["Aspiration","BaseMod","BetterRewards","Colored Map","Colored Powertips","Highlight Path","Hubris","Mimic Mod","Minty Spire (QoL Compilation)","MostiFishMod","Quick Restart","Replay The Spire","StSLib","SuperFastMode"],"gold_per_floor":[118,134,134,148,167,167,167,167,220,237,253,253,253,270,270,347,347,359,379,392,392,392,392],"floor_reached":22,"playtime":489,"items_purged":[],"score":297,"play_id":"f8408f28-6373-4c4e-8e89-b0245b17b5f3","local_time":"20210111224556","is_ascension_mode":true,"campfire_choices":[{"data":"Zap","floor":6,"key":"SMITH"},{"data":"Dualcast","floor":8,"key":"SMITH"},{"floor":13,"key":"REST"},{"floor":15,"key":"REST"}],"circlet_count":0,"master_deck":["AscendersBane","Strike_B","Strike_B","Defend_B","Defend_B","Defend_B","Zap+1","Dualcast+1","Go for the Eyes","Rip and Tear","ReplayGash+1","Beam Cell","Go for the Eyes","Machine Learning+1","Coolheaded","Force Field","MostiFishMod:GoodWordForIt+1","Gash+1","Scrape","White Noise"],"relics":["Cracked Core","DaveBox","BrkXgEgg","SynthV:TestCard","DataDisk","Solar Panel","xbg","hubris:Icosahedron"],"acts_visited":["Exordium","TheCity"],"potions_floor_usage":[18,20],"damage_taken":[{"damage":0,"enemies":"Small Slimes","floor":1,"turns":3},{"damage":0,"enemies":"2 Louse","floor":2,"turns":2},{"damage":0,"enemies":"Jaw Worm","floor":4,"turns":2},{"damage":9,"enemies":"3 Louse","floor":5,"turns":3},{"damage":4,"enemies":"2 Fungi Beasts","floor":10,"turns":3},{"damage":17,"enemies":"Exordium Wildlife","floor":11,"turns":4},{"damage":10,"enemies":"Red Slaver","floor":14,"turns":2},{"damage":13,"enemies":"Slime Boss","floor":16,"turns":9},{"damage":11,"enemies":"3 Byrds","floor":18,"turns":4},{"damage":8,"enemies":"Chosen","floor":19,"turns":3},{"damage":14,"enemies":"Shelled Parasite and Fungi","floor":20,"turns":4},{"damage":40,"enemies":"3 Cultists","floor":22,"turns":4}],"seed_played":"-2939647140192487535","potions_obtained":[{"floor":2,"key":"EssenceOfSteel"},{"floor":4,"key":"Explosive Potion"},{"floor":14,"key":"Energy Potion"},{"floor":19,"key":"Flashbang"},{"floor":20,"key":"Venom Potion"}],"is_trial":false,"path_per_floor":["M","M","?","M","M","R","?","R","T","M","M","?","R","M","R","B",null,"M","M","M","?","M"],"character_chosen":"DEFECT","items_purchased":[],"campfire_rested":2,"item_purchase_floors":[],"current_hp_per_floor":[68,68,68,68,59,59,59,59,59,55,38,13,35,27,49,38,66,59,51,39,39,0,0],"gold":392,"neow_bonus":"REMOVE_CARD","is_daily":false,"chose_seed":false,"campfire_upgraded":2,"win_rate":0.0,"timestamp":1610376356,"path_taken":["M","M","?","M","M","R","?","R","T","M","M","?","R","M","R","BOSS","M","M","M","?","M"],"items_purchased_type":[],"build_version":"2020-12-22","purchased_purges":0,"victory":false,"max_hp_per_floor":[75,75,75,75,75,75,75,75,75,75,75,75,75,75,75,75,75,75,75,75,75,75,75],"card_choices":[{"not_picked":["Turbo","Stack"],"picked":"Go for the Eyes","floor":1},{"not_picked":["Hologram","ReplayTheSpireMod:Repulse","Rebound","Leap"],"picked":"Rip and Tear","floor":2},{"not_picked":["Auto Shields","Panic Button","Redo","Barrage"],"picked":"Beam Cell","floor":4},{"not_picked":["Compile Driver","Ball Lightning","Barrage","Steam"],"picked":"Go for the Eyes","floor":5},{"not_picked":["Conserve Battery","Capacitor","Redo","Turbo"],"picked":"Machine Learning+1","floor":10},{"not_picked":["Sweeping Beam","MostiFishMod:PushDownKick","Ball Lightning","Conserve Battery"],"picked":"Coolheaded","floor":11},{"not_picked":["Rebound","Streamline","MostiFishMod:FluxCapactior","Auto Shields"],"picked":"Force Field","floor":14},{"not_picked":["Fission+1","MostiFishMod:ActiveDefenseSystem+1","MostiFishMod:TalkingToTheRain+1","Core Surge+1"],"picked":"MostiFishMod:GoodWordForIt+1","floor":16},{"not_picked":["White Noise","Tempest","Turbo+1","Stack"],"picked":"Gash+1","floor":18},{"not_picked":["Coolheaded","Doom and Gloom","Gash","Steam"],"picked":"Scrape","floor":19},{"not_picked":["Aggregate","Streamline","Compile Driver","Rip and Tear+1"],"picked":"White Noise","floor":20}],"player_experience":268173,"relics_obtained":[{"floor":1,"key":"SynthV:TestCard"},{"floor":9,"key":"DataDisk"}],"event_choices":[{"cards_removed":["Strike_B"],"damage_healed":0,"gold_gain":0,"player_choice":"Forget","damage_taken":0,"max_hp_gain":0,"max_hp_loss":0,"event_name":"Living Wall","floor":7,"gold_loss":0},{"damage_healed":0,"gold_gain":0,"player_choice":"Success","damage_taken":25,"relics_obtained":["Solar Panel"],"max_hp_gain":0,"max_hp_loss":0,"event_name":"Scrap Ooze","floor":12,"gold_loss":0}],"is_beta":false,"boss_relics":[{"not_picked":["hubris:CrackedHourglass","TimeKeys"],"picked":"xbg"}],"items_purged_floors":[],"is_endless":false,"potions_floor_spawned":[2,4,5,14,19,20],"killed_by":"3 Cultists","ascension_level":13}}