{"host":"udyc8f81k2jocuhg","time":1610398308,"event":{"mods":["2.2 Compatiblity","BaseMod","Better Third Choice","Colored Powertips","Conspire","Custom Start","GifTheSpireLib","Hermit","Minty Spire (QoL Compilation)","Permanent Neow","Quick Restart","Relic Filter","Relic Stats","Replay The Spire","Shop Mod","Spikes Relics","StSLib","Stuff the Spire"],"gold_per_floor":[110,121,121,313,327,361,361,390,390,390,407,427,427,82,82,155,155,173,173,184,197,197,197,226,226,253,285,285,304,314,332,332,409,409,422,438,450,461,80,80,110,10,10,35,55,55,71,86,86,86,86,86,44,75,75,75],"floor_reached":55,"playtime":13911,"items_purged":["Pain","Strike_B"],"score":1391,"play_id":"c370f464-3fe6-4e28-a5db-300e7eb3fb68","local_time":"20210111215148","is_ascension_mode":true,"campfire_choices":[{"floor":7.0,"key":"REST"},{"data":"Zap","floor":10.0,"key":"SMITH"},{"floor":15.0,"key":"REST"},{"data":"Conserve Battery","floor":23.0,"key":"SMITH"},{"data":"StuffTheSpire:Synthwave","floor":28.0,"key":"SMITH"},{"data":"Defragment","floor":32.0,"key":"SMITH"},{"data":"ReplayUltimateDefense","floor":40.0,"key":"SMITH"},{"data":"Coolheaded","floor":46.0,"key":"SMITH"},{"floor":49.0,"key":"RECALL"},{"data":"Coolheaded","floor":52.0,"key":"SMITH"}],"circlet_count":0,"master_deck":["AscendersBane","Strike_B","Strike_B","Strike_B","Defend_B","Defend_B","Defend_B+1","Defend_B","Zap+1","Dualcast","Ball Lightning","Ball Lightning+1","Conserve Battery+1","Coolheaded+1","Pot Of Greed+1","Pot Of Greed","Coolheaded+1","Coolheaded","conspire:Banana+1","Ball Lightning","StuffTheSpire:Synthwave+1","Defragment+1","Blizzard","Pot Of Greed","Undo","Coolheaded+1","Storm","ReplayUltimateDefense+1","Amplify+1","FIFO Queue+1"],"relics":["conspire:SpecialSausage","PreservedInsect","Grinning Jar","Happy Flower","Guide Book","Black Star","Mango","Pen Nib","MealTicket","Bag of Preparation","MiniBlackHole","SnailShell","conspire:SeveredTorchhead","Lee\u0027s Waffle","Blue Candle","Bag of Marbles","Regal Pillow","Golden Egg","Eternal Feather","Replay:Bottled Flurry"],"acts_visited":["Exordium","TheCity","TheBeyond","TheEnding"],"potions_floor_usage":[55],"damage_taken":[{"damage":2.0,"enemies":"Jaw Worm","floor":1.0,"turns":4.0},{"damage":1.0,"enemies":"2 Louse","floor":2.0,"turns":3.0},{"damage":9.0,"enemies":"Small Slimes","floor":5.0,"turns":3.0},{"damage":24.0,"enemies":"3 Sentries","floor":6.0,"turns":7.0},{"damage":9.0,"enemies":"Gremlin Nob","floor":8.0,"turns":3.0},{"damage":9.0,"enemies":"Looter","floor":11.0,"turns":3.0},{"damage":3.0,"enemies":"Blue Slaver","floor":12.0,"turns":3.0},{"damage":19.0,"enemies":"Fading Forest","floor":16.0,"turns":11.0},{"damage":1.0,"enemies":"Shell Parasite","floor":18.0,"turns":5.0},{"damage":1.0,"enemies":"Spheric Guardian","floor":20.0,"turns":3.0},{"damage":23.0,"enemies":"Snecko","floor":21.0,"turns":5.0},{"damage":12.0,"enemies":"Slavers","floor":24.0,"turns":6.0},{"damage":6.0,"enemies":"conspire:SneckoGhost","floor":27.0,"turns":4.0},{"damage":10.0,"enemies":"Shelled Parasite and Fungi","floor":29.0,"turns":5.0},{"damage":0.0,"enemies":"Centurion and Healer","floor":30.0,"turns":5.0},{"damage":0.0,"enemies":"Sentry and Sphere","floor":31.0,"turns":4.0},{"damage":33.0,"enemies":"Champ","floor":33.0,"turns":12.0},{"damage":0.0,"enemies":"Orb Walker","floor":35.0,"turns":3.0},{"damage":24.0,"enemies":"3 Shapes","floor":36.0,"turns":4.0},{"damage":22.0,"enemies":"Spire Growth","floor":37.0,"turns":5.0},{"damage":29.0,"enemies":"3 Darklings","floor":38.0,"turns":6.0},{"damage":6.0,"enemies":"Reptomancer","floor":41.0,"turns":6.0},{"damage":1.0,"enemies":"R_Hoarder","floor":44.0,"turns":6.0},{"damage":0.0,"enemies":"Transient","floor":45.0,"turns":5.0},{"damage":3.0,"enemies":"Jaw Worm Horde","floor":47.0,"turns":5.0},{"damage":0.0,"enemies":"4 Shapes","floor":48.0,"turns":6.0},{"damage":41.0,"enemies":"Donu and Deca","floor":50.0,"turns":9.0},{"damage":83.0,"enemies":"Shield and Spear","floor":54.0,"turns":7.0},{"damage":59,"enemies":"The Heart","floor":55,"turns":3}],"seed_played":"-42292418904482971","potions_obtained":[{"floor":5.0,"key":"Elixir"},{"floor":6.0,"key":"Fire Potion"},{"floor":8.0,"key":"FocusPotion"},{"floor":21.0,"key":"ColorlessPotion"},{"floor":27.0,"key":"Toxic Potion"},{"floor":29.0,"key":"AttackPotion"},{"floor":33.0,"key":"Swift Potion"},{"floor":38.0,"key":"SneckoOil"},{"floor":41.0,"key":"ColorlessPotion"}],"is_trial":false,"path_per_floor":["M","M","?","?","M","E","R","E","T","R","M","M","?","$","R","B",null,"M","?","M","M","?","R","E","?","T","E","R","M","M","M","R","B",null,"M","M","M","M","$","R","E","$","T","E","M","R","M","M","R","B",null,"R","$","E","B"],"character_chosen":"DEFECT","items_purchased":["conspire:Banana","Guide Book","ReplayUltimateDefense","Lee\u0027s Waffle","FIFO Queue"],"campfire_rested":2,"item_purchase_floors":[14,14,39,39,53],"current_hp_per_floor":[62,61,40,40,31,7,28,19,19,19,10,7,7,7,28,11,58,59,59,58,37,37,37,41,41,41,37,37,29,31,33,33,2,78,80,58,38,11,118,118,114,120,120,121,123,123,122,124,124,85,119,119,130,49,0,0],"gold":75,"neow_bonus":"BOSS_RELIC","is_daily":false,"chose_seed":false,"campfire_upgraded":7,"win_rate":0.0,"timestamp":1610398308,"path_taken":["M","M","?","?","M","E","R","E","T","R","M","M","?","$","R","BOSS","M","?","M","M","?","R","E","?","T","E","R","M","M","M","R","BOSS","M","M","M","M","$","R","E","?","T","E","M","R","M","M","R","BOSS","R","$","E","BOSS"],"items_purchased_type":["Card","Relic","Card","Relic","Card"],"build_version":"2020-12-22","purchased_purges":2,"victory":false,"max_hp_per_floor":[71,71,71,71,71,71,71,71,71,71,71,71,71,71,71,73,73,75,75,75,77,77,77,93,93,93,95,95,97,99,101,101,103,103,105,107,109,111,118,118,120,120,120,122,124,124,126,128,128,130,130,130,130,132,132,132],"relic_stats":{"Lee\u0027s Waffle":92,"Regal Pillow":0,"Happy Flower":[43],"counters":[29,151],"Blue Candle":[0],"MealTicket":32,"Eternal Feather":0,"PreservedInsect":329,"Pen Nib":[12],"Black Star":5,"Bag of Preparation":[34],"obtain_stats":[{"Golden Egg":44,"SnailShell":27,"Lee\u0027s Waffle":39,"Regal Pillow":44,"Happy Flower":9,"Guide Book":14,"Blue Candle":41,"conspire:SpecialSausage":0,"Mango":24,"Eternal Feather":54,"PreservedInsect":6,"Pen Nib":24,"Bag of Preparation":26,"conspire:SeveredTorchhead":34,"MiniBlackHole":27,"MealTicket":25,"Black Star":17,"Bag of Marbles":41,"Replay:Bottled Flurry":54,"Grinning Jar":8,"Cracked Core":0},{"Golden Egg":23,"SnailShell":13,"Lee\u0027s Waffle":21,"Regal Pillow":23,"Happy Flower":5,"Guide Book":7,"Blue Candle":22,"conspire:SpecialSausage":0,"Mango":12,"Eternal Feather":28,"PreservedInsect":4,"Pen Nib":12,"Bag of Preparation":12,"conspire:SeveredTorchhead":17,"MiniBlackHole":13,"MealTicket":12,"Black Star":8,"Bag of Marbles":22,"Replay:Bottled Flurry":28,"Grinning Jar":5,"Cracked Core":0},{"Golden Egg":116,"SnailShell":60,"Lee\u0027s Waffle":104,"Regal Pillow":116,"Happy Flower":20,"Guide Book":26,"Blue Candle":110,"conspire:SpecialSausage":0,"Mango":56,"Eternal Feather":148,"PreservedInsect":17,"Pen Nib":56,"Bag of Preparation":56,"conspire:SeveredTorchhead":86,"MiniBlackHole":60,"MealTicket":56,"Black Star":37,"Bag of Marbles":110,"Replay:Bottled Flurry":148,"Grinning Jar":20,"Cracked Core":0}]},"card_choices":[{"not_picked":["Reinforced Body","Tempest"],"picked":"Ball Lightning","floor":1.0},{"not_picked":["Fusion","Doom and Gloom"],"picked":"Ball Lightning","floor":2.0},{"not_picked":["Undo","BasicCrystalCard"],"picked":"Conserve Battery","floor":4.0},{"not_picked":["StuffTheSpire:LoadUp","Blizzard"],"picked":"Coolheaded","floor":5.0},{"not_picked":["Skim","StuffTheSpire:LoadUp","Gash"],"picked":"SKIP","floor":6.0},{"not_picked":["Meteor Strike","Hologram","Go for the Eyes"],"picked":"SKIP","floor":8.0},{"not_picked":["Chaos","Panic Button"],"picked":"Coolheaded","floor":11.0},{"not_picked":["Sweeping Beam","Streamline"],"picked":"Coolheaded","floor":12.0},{"not_picked":["Beam Cell","Compile Driver"],"picked":"Ball Lightning","floor":18.0},{"not_picked":["StuffTheSpire:Rend","Panic Button","RefreshScreen"],"picked":"SKIP","floor":20.0},{"not_picked":["Streamline","Go for the Eyes"],"picked":"Steam","floor":21.0},{"not_picked":["ReplayTheSpireMod:Dual Polarity","ReplaySolidLightProjector"],"picked":"StuffTheSpire:Synthwave","floor":24.0},{"not_picked":["StuffTheSpire:GlassShard+1","Mirror Shield","Rebound+1"],"picked":"SKIP","floor":27.0},{"not_picked":["Rebound","Ball Lightning"],"picked":"Defragment","floor":29.0},{"not_picked":["Crystallizer+1","Streamline"],"picked":"Blizzard","floor":30.0},{"not_picked":["ReplayTheSpireMod:System Scan","Redo"],"picked":"Undo","floor":31.0},{"not_picked":["Steam","Chaos"],"picked":"Coolheaded+1","floor":35.0},{"not_picked":["StuffTheSpire:LoadUp","Turbo","Redo"],"picked":"SKIP","floor":36.0},{"not_picked":["Beam Cell","Turbo+1"],"picked":"Storm","floor":37.0},{"not_picked":["Genetic Algorithm","StuffTheSpire:ShieldGenerator","BasicCrystalCard"],"picked":"SKIP","floor":38.0},{"not_picked":["StuffTheSpire:LoadUp","Hologram+1","Beam Cell"],"picked":"SKIP","floor":41.0},{"not_picked":["Streamline","StuffTheSpire:Plugnplay","Heatsinks+1"],"picked":"SKIP","floor":44.0},{"not_picked":["Rebound","Hologram"],"picked":"Amplify","floor":45.0},{"not_picked":["BasicCrystalCard","Steam Power","Chaos"],"picked":"SKIP","floor":47.0},{"not_picked":["Turbo","DiskWipe","Recycle"],"picked":"SKIP","floor":48.0},{"not_picked":["Panic Button","Beam Cell+1","Redo+1"],"picked":"SKIP","floor":54.0}],"player_experience":1976845,"relics_obtained":[{"floor":6.0,"key":"PreservedInsect"},{"floor":8.0,"key":"Grinning Jar"},{"floor":9.0,"key":"Happy Flower"},{"floor":24.0,"key":"Mango"},{"floor":24.0,"key":"Pen Nib"},{"floor":26.0,"key":"Bag of Preparation"},{"floor":27.0,"key":"MiniBlackHole"},{"floor":27.0,"key":"SnailShell"},{"floor":41.0,"key":"Blue Candle"},{"floor":41.0,"key":"Bag of Marbles"},{"floor":44.0,"key":"Regal Pillow"},{"floor":44.0,"key":"Golden Egg"},{"floor":54.0,"key":"Eternal Feather"},{"floor":54.0,"key":"Replay:Bottled Flurry"}],"event_choices":[{"damage_healed":61.0,"max_hp_gain":0.0,"max_hp_loss":71.0,"gold_gain":0.0,"event_name":"betterThird:BetterShining","player_choice":"Upgrade","floor":3.0,"gold_loss":0.0,"damage_taken":21.0,"cards_upgraded":["Ball Lightning","Defend_B"]},{"damage_healed":0.0,"max_hp_gain":0.0,"max_hp_loss":0.0,"gold_gain":0.0,"event_name":"Vampires","player_choice":"Ignored","floor":19.0,"gold_loss":0.0,"damage_taken":0.0},{"damage_healed":0.0,"max_hp_gain":0.0,"max_hp_loss":0.0,"gold_gain":0.0,"event_name":"betterThird:BetterWriting","player_choice":"Adaptability","floor":22.0,"gold_loss":0.0,"damage_taken":0.0},{"cards_removed":["Steam"],"damage_healed":0.0,"max_hp_gain":0.0,"max_hp_loss":0.0,"gold_gain":0.0,"event_name":"WeMeetAgain","player_choice":"Gave Card","floor":25.0,"gold_loss":0.0,"damage_taken":0.0,"relics_obtained":["MealTicket"]}],"is_beta":false,"boss_relics":[{"not_picked":["Replay:Bronze Core","Fusion Hammer"],"picked":"Black Star"},{"not_picked":["Replay:Wanted Poster","Ring of Chaos"],"picked":"conspire:SeveredTorchhead"}],"items_purged_floors":[14,42],"is_endless":false,"potions_floor_spawned":[5,6,8,21,27,29,33,38,41,45,47],"killed_by":"The Heart","ascension_level":16}}