{"host":"xkmvu47k9fdstweo","time":1610405536,"event":{"mods":["BaseMod","Colored Map","Conspire","Hubris","Minty Spire (QoL Compilation)","Quick Restart","Railgun Mod","Shop Mod","StSLib","The Alterego","The Servant 0.9.4","The Wild Card","TheBandit","WarShipGirlsR/??è≠èóR mod","vexMod"],"gold_per_floor":[118,134,134,152,170,197,210,222,222,222,297,297,297,316,316,415,415,435,454,468,45,55,55,86,86,86,111,123,123,133,133,133,230,230,196,96,113,113,113,113,139,139,139,139,149,24,50,70,70,70],"floor_reached":51,"playtime":1785,"items_purged":["Strike_G","Strike_G","Strike_G"],"score":1299,"play_id":"04901458-7ea1-46f7-815b-af80b54aae79","local_time":"20210111175216","is_ascension_mode":true,"campfire_choices":[{"data":"Footwork","floor":10,"key":"SMITH"},{"data":"Crippling Poison","floor":12,"key":"SMITH"},{"data":"Noxious Fumes","floor":15,"key":"SMITH"},{"data":"Footwork","floor":23,"key":"SMITH"},{"data":"Night Terror","floor":32,"key":"SMITH"},{"data":"Bullet Time","floor":40,"key":"SMITH"},{"data":"Neutralize","floor":42,"key":"SMITH"},{"data":"Dodge and Roll","floor":44,"key":"SMITH"},{"data":"Calculated Gamble","floor":49,"key":"SMITH"}],"circlet_count":0,"master_deck":["AscendersBane","Strike_G","Defend_G","Defend_G","Defend_G","Defend_G","Defend_G","Survivor","Neutralize+1","Dash","Crippling Poison+1","Calculated Gamble+1","Unload","All Out Attack","Noxious Fumes+1","Footwork+1","Corpse Explosion","Deflect+1","Backflip","Sucker Punch","conspire:Banana+1","Footwork+1","Dodge and Roll+1","Dagger Spray","Catalyst+1","Night Terror+1","Bullet Time+1","Calculated Gamble+1","Underhanded Strike+1","Prepared","PiercingWail+1","Backflip+1"],"relics":["Coffee Dripper","FaceOfCleric","Ninja Scroll","Bottled Lightning","Runic Pyramid","hubris:Metronome","Dream Catcher","Bag of Marbles","Regal Pillow","hubris:Icosahedron","conspire:SpecialSausage","hubris:Towel","Bag of Preparation","Strawberry","Lantern"],"acts_visited":["Exordium","TheCity","TheBeyond"],"potions_floor_usage":[6,16,22,33,41,45],"damage_taken":[{"damage":0,"enemies":"Jaw Worm","floor":1,"turns":5},{"damage":0,"enemies":"Cultist","floor":2,"turns":4},{"damage":0,"enemies":"2 Louse","floor":4,"turns":3},{"damage":1,"enemies":"Looter","floor":5,"turns":4},{"damage":6,"enemies":"3 Sentries","floor":6,"turns":8},{"damage":4,"enemies":"3 Louse","floor":7,"turns":4},{"damage":0,"enemies":"2 Fungi Beasts","floor":8,"turns":2},{"damage":0,"enemies":"Exordium Thugs","floor":14,"turns":5},{"damage":12,"enemies":"Hexaghost","floor":16,"turns":8},{"damage":3,"enemies":"Shell Parasite","floor":18,"turns":6},{"damage":4,"enemies":"Chosen","floor":19,"turns":4},{"damage":1,"enemies":"conspire:HollyBat","floor":20,"turns":7},{"damage":0,"enemies":"3 Cultists","floor":22,"turns":4},{"damage":18,"enemies":"Book of Stabbing","floor":24,"turns":7},{"damage":2,"enemies":"Slavers","floor":27,"turns":5},{"damage":0,"enemies":"Sentry and Sphere","floor":28,"turns":6},{"damage":0,"enemies":"Centurion and Healer","floor":30,"turns":5},{"damage":0,"enemies":"conspire:MysteriousRune","floor":33,"turns":4},{"damage":11,"enemies":"3 Shapes","floor":35,"turns":6},{"damage":7,"enemies":"Orb Walker","floor":37,"turns":3},{"damage":17,"enemies":"Reptomancer","floor":41,"turns":6},{"damage":29,"enemies":"Transient","floor":45,"turns":5},{"damage":0,"enemies":"Giant Head","floor":47,"turns":4},{"damage":0,"enemies":"Jaw Worm Horde","floor":48,"turns":5},{"damage":7,"enemies":"Time Eater","floor":50,"turns":7}],"seed_played":"-5789259929976275242","potions_obtained":[{"floor":4,"key":"DuplicationPotion"},{"floor":6,"key":"Ancient Potion"},{"floor":8,"key":"Poison Potion"},{"floor":16,"key":"AttackPotion"},{"floor":18,"key":"GamblersBrew"},{"floor":24,"key":"Ancient Potion"},{"floor":27,"key":"Dexterity Potion"},{"floor":33,"key":"Fire Potion"},{"floor":41,"key":"Fire Potion"},{"floor":45,"key":"Strength Potion"},{"floor":47,"key":"CunningPotion"}],"is_trial":false,"path_per_floor":["M","M","?","M","M","E","M","M","T","R","?","R","?","M","R","B",null,"M","M","M","$","M","R","E","?","T","E","M","?","M","?","R","B",null,"M","$","M","?","?","R","E","R","T","R","M","$","E","M","R","B",null],"character_chosen":"THE_SILENT","items_purchased":["hubris:Metronome","conspire:Banana"],"campfire_rested":0,"item_purchase_floors":[21,21],"current_hp_per_floor":[63,63,63,64,64,59,56,57,57,57,46,46,46,47,47,36,67,65,62,62,62,64,64,48,48,48,48,50,42,44,44,44,46,81,72,72,67,67,67,67,53,53,60,60,34,34,112,115,115,111],"gold":70,"neow_bonus":"BOSS_RELIC","is_daily":false,"chose_seed":false,"campfire_upgraded":9,"win_rate":0.0,"timestamp":1610405536,"path_taken":["M","M","?","M","M","E","?","M","T","R","?","R","?","M","R","BOSS","M","M","M","$","M","R","E","?","T","E","M","?","?","?","R","BOSS","M","$","M","?","?","R","E","R","T","R","M","$","E","M","R","BOSS"],"items_purchased_type":["Relic","Card"],"build_version":"2020-12-22","purchased_purges":3,"victory":true,"max_hp_per_floor":[70,70,70,71,72,73,74,75,75,75,75,75,75,76,76,77,77,78,79,80,80,82,82,84,84,84,86,88,88,90,90,90,92,92,94,94,96,96,96,96,99,99,106,106,109,109,112,115,115,118],"card_choices":[{"not_picked":["Acrobatics","Finisher"],"picked":"Dash","floor":1},{"not_picked":["Expertise","Dagger Throw"],"picked":"Crippling Poison","floor":2},{"not_picked":["Outmaneuver","Underhanded Strike"],"picked":"Calculated Gamble","floor":4},{"not_picked":["Choke","Prepared"],"picked":"Unload","floor":5},{"not_picked":["Slice","Crippling Poison"],"picked":"All Out Attack","floor":6},{"not_picked":["Deadly Poison","Finisher"],"picked":"Noxious Fumes","floor":7},{"not_picked":["Cloak And Dagger","Dagger Spray"],"picked":"Footwork","floor":8},{"not_picked":["Outmaneuver","Setup","Flying Knee"],"picked":"SKIP","floor":14},{"not_picked":["Envenom","Burst"],"picked":"Corpse Explosion","floor":16},{"not_picked":["Deadly Poison","Poisoned Stab+1"],"picked":"Deflect+1","floor":18},{"not_picked":["Deflect+1","Slice"],"picked":"Backflip","floor":19},{"not_picked":["A Thousand Cuts","hubris:SlightOfHand"],"picked":"Sucker Punch","floor":20},{"not_picked":["Slice","Backstab"],"picked":"Footwork","floor":22},{"not_picked":["Calculated Gamble","Slice+1"],"picked":"Dodge and Roll","floor":24},{"not_picked":["Acrobatics","Backflip"],"picked":"Dagger Spray","floor":27},{"not_picked":["Deflect","Quick Slash"],"picked":"Catalyst+1","floor":28},{"not_picked":["Dagger Spray","Poisoned Stab"],"picked":"Night Terror","floor":30},{"not_picked":["After Image","Malaise"],"picked":"Bullet Time","floor":33},{"not_picked":["Infinite Blades+1","All Out Attack+1","Blade Dance+1"],"picked":"SKIP","floor":35},{"not_picked":["Bane","Dagger Spray+1"],"picked":"Calculated Gamble+1","floor":37},{"not_picked":["Slice+1","Dagger Throw+1"],"picked":"Underhanded Strike+1","floor":41},{"not_picked":["Choke+1","Poisoned Stab+1"],"picked":"Prepared","floor":45},{"not_picked":["Dagger Throw+1","Night Terror"],"picked":"PiercingWail+1","floor":47},{"not_picked":["Riddle With Holes+1","Blade Dance"],"picked":"Backflip+1","floor":48}],"player_experience":299659,"relics_obtained":[{"floor":6,"key":"Ninja Scroll"},{"floor":9,"key":"Bottled Lightning"},{"floor":24,"key":"Dream Catcher"},{"floor":26,"key":"Bag of Marbles"},{"floor":27,"key":"Regal Pillow"},{"floor":41,"key":"Bag of Preparation"},{"floor":43,"key":"Strawberry"},{"floor":47,"key":"Lantern"}],"event_choices":[{"damage_healed":0,"gold_gain":0,"player_choice":"Trade","damage_taken":0,"relics_obtained":["FaceOfCleric"],"max_hp_gain":0,"max_hp_loss":0,"event_name":"FaceTrader","floor":3,"gold_loss":0},{"damage_healed":0,"gold_gain":75,"player_choice":"Gather Gold","damage_taken":11,"max_hp_gain":0,"max_hp_loss":0,"event_name":"World of Goop","floor":11,"gold_loss":0},{"cards_removed":["Strike_G"],"damage_healed":0,"gold_gain":0,"player_choice":"Forget","damage_taken":0,"max_hp_gain":0,"max_hp_loss":0,"event_name":"Living Wall","floor":13,"gold_loss":0},{"damage_healed":0,"gold_gain":0,"player_choice":"Damaged","damage_taken":8,"max_hp_gain":0,"max_hp_loss":0,"event_name":"Wheel of Change","floor":29,"gold_loss":0}],"is_beta":false,"boss_relics":[{"not_picked":["hubris:ScarierMask","hubris:TerracottaHorce"],"picked":"Runic Pyramid"},{"not_picked":["vexMod:RockOfEvil","Tiny House"],"picked":"conspire:SpecialSausage"}],"items_purged_floors":[21,36,46],"is_endless":false,"potions_floor_spawned":[4,6,8,16,18,19,24,27,30,33,41,45,47,48],"ascension_level":10}}