{"host":"Ceyx","time":1610348824,"event":{"mods":["BaseMod","Beaked The Cultist","Better Third Choice","BetterRewards","Conspire","Downfall","Hermit","Hubris","Infinite Spire","Jorbs\u0027s Wanderer Trilogy","Lobotomy","Minty Spire (QoL Compilation)","Permanent Neow","Replay The Spire","Shop Mod","StSLib","The Alterego","The Jungle","The Poker Player"],"gold_per_floor":[116,116,129,31,48,78,89,89,89,101,101,114,114,64,64,64,64],"floor_reached":16,"playtime":1181,"items_purged":["alterego_mod:Strike"],"score":107,"play_id":"ee3202ef-1e1e-4176-833c-4e67dcc6f2b6","local_time":"20210111140704","is_ascension_mode":true,"campfire_choices":[{"data":"alterego_mod:BreastValley","floor":8,"key":"SMITH"},{"data":"alterego_mod:BigMeatyClaws","floor":11,"key":"SMITH"},{"data":"alterego_mod:BrynhildrsRune","floor":15,"key":"SMITH"}],"circlet_count":0,"master_deck":["alterego_mod:Strike","alterego_mod:Strike","alterego_mod:Strike","alterego_mod:Defend","alterego_mod:Defend+1","alterego_mod:Defend","alterego_mod:Defend","alterego_mod:Impale+1","alterego_mod:BigMeatyClaws+1","alterego_mod:BrynhildrsRune+1","alterego_mod:Punishment","alterego_mod:GoddessCore","alterego_mod:Birthday","alterego_mod:STier","alterego_mod:BreastValley+1"],"relics":["alterego_mod:MasochisticConstitution","conspire:GlowingRock","Calipers","hubris:MobiusCoin"],"acts_visited":["Exordium"],"potions_floor_usage":[12,12],"damage_taken":[{"damage":2,"enemies":"conspire:RoseBush","floor":1,"turns":4},{"damage":10,"enemies":"Cultist","floor":3,"turns":4},{"damage":6,"enemies":"Small Slimes","floor":5,"turns":3},{"damage":31,"enemies":"Lagavulin","floor":6,"turns":7},{"damage":23,"enemies":"Exordium Wildlife","floor":7,"turns":6},{"damage":1,"enemies":"conspire:2 RoseBushes","floor":10,"turns":7},{"damage":9,"enemies":"3 Louse","floor":12,"turns":5},{"damage":34,"enemies":"The Guardian","floor":16,"turns":5}],"seed_played":"-3247918638405443511","potions_obtained":[{"floor":3,"key":"Regen Potion"},{"floor":5,"key":"LiquidBronze"},{"floor":10,"key":"ColorlessPotion"}],"is_trial":false,"path_per_floor":["M","?","M","$","M","E","M","R","T","M","R","M","T","?","R","B"],"character_chosen":"The_Alterego","items_purchased":["alterego_mod:PerceptionDisorder"],"campfire_rested":0,"item_purchase_floors":[4],"current_hp_per_floor":[69,69,60,60,55,27,14,14,14,23,23,31,31,31,31,0,0],"gold":64,"neow_bonus":"UPGRADE_CARD","is_daily":false,"chose_seed":false,"campfire_upgraded":3,"win_rate":0.0,"timestamp":1610348824,"path_taken":["M","?","?","?","M","E","M","R","T","M","R","M","?","?","R","BOSS"],"items_purchased_type":["Card"],"build_version":"2020-12-18","purchased_purges":1,"victory":false,"max_hp_per_floor":[71,71,72,72,73,74,75,75,75,76,76,77,77,77,77,77,77],"card_choices":[{"not_picked":["alterego_mod:BustOut","alterego_mod:Mirror"],"picked":"alterego_mod:Punishment","floor":1},{"not_picked":["alterego_mod:Exercise","alterego_mod:GachaTicket"],"picked":"alterego_mod:GoddessCore","floor":3},{"not_picked":["alterego_mod:Collar","alterego_mod:Complex"],"picked":"alterego_mod:Birthday","floor":5},{"not_picked":["alterego_mod:MagicResistance","alterego_mod:Jiggle"],"picked":"alterego_mod:STier","floor":6},{"not_picked":["alterego_mod:DeftHands","alterego_mod:Rip"],"picked":"alterego_mod:BreastValley","floor":7},{"not_picked":["alterego_mod:BusterCard","alterego_mod:Undulate","alterego_mod:PerceptionDisorder"],"picked":"SKIP","floor":10},{"not_picked":["alterego_mod:DiscoLights","alterego_mod:Bounce","alterego_mod:VirginLaserPalladion"],"picked":"SKIP","floor":12}],"player_experience":592306,"relics_obtained":[{"floor":6,"key":"conspire:GlowingRock"},{"floor":9,"key":"Calipers"},{"floor":13,"key":"hubris:MobiusCoin"}],"event_choices":[{"damage_healed":0,"gold_gain":0,"player_choice":"Bought 0 Potions","damage_taken":0,"max_hp_gain":0,"max_hp_loss":0,"event_name":"The Woman in Blue","floor":2,"gold_loss":0},{"cards_removed":["alterego_mod:PerceptionDisorder"],"damage_healed":0,"gold_gain":0,"player_choice":"Card Removal","damage_taken":0,"max_hp_gain":0,"max_hp_loss":0,"event_name":"The Cleric","floor":14,"gold_loss":50}],"is_beta":true,"boss_relics":[],"items_purged_floors":[4],"is_endless":false,"potions_floor_spawned":[3,5,10],"killed_by":"The Guardian","ascension_level":1}}