{"host":"5icqe94ozwcqn5ec","time":1610324507,"event":{"mods":["Aspiration","BaseMod","Conspire","Downfall","GifTheSpireLib","Highlight Path","Hubris","Infinite Spire","Minty Spire (QoL Compilation)","Quick Restart","Replay The Spire","Shop Mod","StSLib","Stuff the Spire","The Jungle"],"gold_per_floor":[199,214,234,234,248,264,290,307,157,173,189,19,19,4,14,114,114,214,231,161,161,161,161,161,6,6,48,48,120,143,165,191,298,298,223,244,269,296,305,305,380,510,512,512,512],"floor_reached":43,"playtime":4164,"items_purged":[],"score":540,"play_id":"aab31b54-8bc6-4d13-9c70-511aa14dcf4a","local_time":"20210110172147","is_ascension_mode":false,"campfire_choices":[{"floor":1.0,"key":"RECALL"},{"data":"Slimebound:CorrosiveSpit","floor":9,"key":"SMITH"},{"data":"Slimebound:LeadByExample","floor":13,"key":"SMITH"},{"data":"Slimebound:Split","floor":26,"key":"SMITH"},{"data":"Slimebound:FinishingTackle","floor":28,"key":"SMITH"},{"data":"Slimebound:OozeBath","floor":35,"key":"SMITH"}],"circlet_count":0,"master_deck":["Slimebound:Strike_Slimebound","Slimebound:Strike_Slimebound","Slimebound:Strike_Slimebound","Slimebound:Tackle","Slimebound:Defend_Slimebound","Slimebound:Defend_Slimebound","Slimebound:Defend_Slimebound","Slimebound:Defend_Slimebound","Slimebound:Split+1","Slimebound:CorrosiveSpit+1","Slimebound:SplitBruiser","Slimebound:RejuvenatingLick","Slimebound:SplitMire","Slimebound:Prepare","Slimebound:ItLooksTasty","Slimebound:LeadByExample+1","Slimebound:MassRepurpose+1","Slimebound:LeechEnergy","Slimebound:LeechEnergy","Slimebound:RollThrough","Slimebound:SelfFormingGoo+1","Slimebound:SlimeTap+1","Slimebound:Recollect","Slimebound:SpikyOuterGoop+1","Slimebound:GoopTackle+1","Slimebound:FinishingTackle+1","Slimebound:GoopSpray+1","Slimebound:SamplingLick","Slimebound:PressTheAttack","Slimebound:HauntingLick","Slimebound:OozeBath+1","Slimebound:HauntingLick+1","Slimebound:Nibble","Slimebound:GoopSpray+1","StuffTheSpire:BrainWave","Slimebound:SpikyOuterGoop","Slimebound:SpikyOuterGoop+1","Slimebound:ProtectTheBoss+1"],"relics":["Slimebound:AbsorbEndCombat","downfall:HeartBlessingBlue","downfall:HeartBlessingRed","ClockworkSouvenir","conspire:SlowCooker","CeramicFish","hubris:BottledHeart","StoneCalendar","Guide Book","Replay:Rubber Ducky","hubris:64BitClover","aspiration:IroncladSkillbook","downfall:HeartBlessingGreen","StuffTheSpire:ForceGauntlet","infinitespire:Midas Blood"],"acts_visited":["Exordium","TheCity","TheBeyond"],"potions_floor_usage":[10,12,16,16,27,33,33,36,38,38],"damage_taken":[{"damage":12.0,"enemies":"Cultist","floor":2.0,"turns":4.0},{"damage":15.0,"enemies":"Jaw Worm","floor":3.0,"turns":3.0},{"damage":7.0,"enemies":"Small Slimes","floor":5.0,"turns":3.0},{"damage":26,"enemies":"2 Fungi Beasts","floor":6,"turns":3},{"damage":24,"enemies":"Blue Slaver","floor":8,"turns":3},{"damage":11,"enemies":"Exordium Wildlife","floor":10,"turns":3},{"damage":14,"enemies":"conspire:2 RoseBushes","floor":11,"turns":4},{"damage":14,"enemies":"downfall:FleeingMerchant","floor":12,"turns":4},{"damage":13,"enemies":"downfall:FleeingMerchant","floor":14,"turns":4},{"damage":9,"enemies":"3 Louse","floor":15,"turns":3},{"damage":47,"enemies":"downfall:Ironclad","floor":16,"turns":5},{"damage":39,"enemies":"Shell Parasite","floor":19,"turns":4},{"damage":15,"enemies":"downfall:FleeingMerchant","floor":20,"turns":4},{"damage":0,"enemies":"downfall:FleeingMerchant","floor":25,"turns":4},{"damage":0,"enemies":"Book of Stabbing","floor":27,"turns":7},{"damage":0,"enemies":"downfall:FleeingMerchant","floor":29,"turns":4},{"damage":0,"enemies":"Chosen and Byrds","floor":30,"turns":4},{"damage":0,"enemies":"Snecko","floor":31,"turns":4},{"damage":0,"enemies":"Centurion and Healer","floor":32,"turns":6},{"damage":0,"enemies":"downfall:Defect","floor":33,"turns":7},{"damage":0,"enemies":"3 Shapes","floor":36,"turns":4},{"damage":0,"enemies":"Orb Walker","floor":37,"turns":3},{"damage":0,"enemies":"Transient","floor":38,"turns":5},{"damage":2,"enemies":"Sphere and 2 Shapes","floor":43,"turns":5}],"seed_played":"2806110144736490591","potions_obtained":[{"floor":2.0,"key":"SkillPotion"},{"floor":4.0,"key":"Dexterity Potion"},{"floor":4.0,"key":"LiquidBronze"},{"floor":5.0,"key":"Adrenaline Potion"},{"floor":11,"key":"Slimebound:SlimyTonguePotion"},{"floor":16,"key":"Dexterity Potion"},{"floor":27,"key":"FearPotion"},{"floor":30,"key":"Guardian:BlockOnCardUsePotion"},{"floor":32,"key":"FearPotion"},{"floor":33,"key":"Weak Potion"},{"floor":36,"key":"PowerPotion"},{"floor":37,"key":"sneckomod:MuddlingPotion"}],"is_trial":false,"path_per_floor":["R","M","M","?","M","M","T","M","R","M","M","$","R","$","M","B",null,"R","M","$","?","?","?","T","$","R","E","R","$","M","M","M","B",null,"R","M","M","M","?","?","T","?","M"],"character_chosen":"SLIMEBOUND","items_purchased":["ClockworkSouvenir","Slimebound:SpikyOuterGoop+1","Guide Book","hubris:64BitClover"],"campfire_rested":0,"item_purchase_floors":[12,20,25,29],"current_hp_per_floor":[60,56,53,53,60,54,54,48,58,69,70,70,70,70,69,60,70,70,51,70,57,57,1,1,1,1,1,1,1,1,1,1,1,1,1,1,1,1,1,1,1,1,0,0,0],"gold":512,"neow_bonus":"HUNDRED_GOLD","is_daily":false,"chose_seed":false,"campfire_upgraded":5,"win_rate":0.0,"timestamp":1610324507,"path_taken":["R","M","M","?","M","?","T","M","R","M","M","$","R","$","M","BOSS","R","M","$","?","?","?","T","$","R","E","R","?","M","?","M","BOSS","R","M","M","M","?","?","T","?","M"],"items_purchased_type":["Relic","Card","Relic","Relic"],"build_version":"2020-12-22","purchased_purges":0,"victory":false,"max_hp_per_floor":[60,60,60,60,60,60,60,60,70,70,70,70,70,70,70,70,70,70,70,70,75,75,1,1,1,1,1,1,1,1,1,1,1,1,1,1,1,1,1,1,1,1,1,1,1],"card_choices":[{"not_picked":["Slimebound:SlimeBarrage","Slimebound:LeechingTouch"],"picked":"Slimebound:SplitBruiser","floor":2.0},{"not_picked":["Slimebound:ComboTackle","Slimebound:GrowthPunch"],"picked":"Slimebound:RejuvenatingLick","floor":3.0},{"not_picked":["Slimebound:Replication","Slimebound:SplitLeeching"],"picked":"Slimebound:SplitMire","floor":5.0},{"not_picked":["Slimebound:LivingWall","Slimebound:FinishingTackle"],"picked":"Slimebound:Prepare","floor":6},{"not_picked":["Slimebound:FinishingTackle","Slimebound:SplitMire"],"picked":"Slimebound:ItLooksTasty","floor":8},{"not_picked":["Slimebound:PressTheAttack","Slimebound:SpikyOuterGoop"],"picked":"Slimebound:LeadByExample","floor":10},{"not_picked":["Slimebound:Repurpose","Slimebound:SplitMire"],"picked":"Slimebound:MassRepurpose","floor":11},{"not_picked":["Slimebound:FlameTackle","Slimebound:LeechingTouch"],"picked":"Slimebound:LeechEnergy","floor":12},{"not_picked":["Slimebound:ViciousTackle","Slimebound:LeechingTouch"],"picked":"Slimebound:LeechEnergy","floor":14},{"not_picked":["Slimebound:SlimeBarrage","Slimebound:ProtectTheBoss"],"picked":"Slimebound:RollThrough","floor":15},{"not_picked":["Slimebound:RallyTheTroops","Slimebound:Overexert"],"picked":"Slimebound:SelfFormingGoo","floor":16},{"not_picked":["Slimebound:RollThrough","Slimebound:SlimeSpikes"],"picked":"Slimebound:SlimeTap+1","floor":19},{"not_picked":["Slimebound:SplitMire","Slimebound:PressTheAttack"],"picked":"Slimebound:Recollect","floor":20},{"not_picked":["Slimebound:SlimeTap","Slimebound:SplitAcid+1"],"picked":"Slimebound:GoopTackle+1","floor":25},{"not_picked":["Slimebound:FormOfPuddle","Slimebound:Replication"],"picked":"Slimebound:FinishingTackle","floor":27},{"not_picked":["Slimebound:SplitBruiser+1","Slimebound:HungryTackle"],"picked":"Slimebound:GoopSpray+1","floor":29},{"not_picked":["Slimebound:Dissolve","Slimebound:SplitBruiser+1"],"picked":"Slimebound:SamplingLick","floor":30},{"not_picked":["Slimebound:Equalize","Slimebound:LeechEnergy"],"picked":"Slimebound:PressTheAttack","floor":31},{"not_picked":["Slimebound:FlameTackle","Slimebound:BestDefense"],"picked":"Slimebound:HauntingLick","floor":32},{"not_picked":["Slimebound:DuplicatedForm","Slimebound:PrepareCrush"],"picked":"Slimebound:OozeBath","floor":33},{"not_picked":["Headbutt","hubris:CleavingFinish","Slimebound:LeechEnergy+1"],"picked":"Slimebound:HauntingLick+1","floor":36},{"not_picked":["Pommel Strike","Slimebound:Dissolve+1","Hemokinesis+1"],"picked":"Slimebound:Nibble","floor":37},{"not_picked":["Clothesline","Wild Strike+1","Slimebound:PressTheAttack+1"],"picked":"Slimebound:GoopSpray+1","floor":38},{"not_picked":["ReplayReversal+1","Fiend Fire","Sever Soul"],"picked":"Slimebound:SpikyOuterGoop","floor":42},{"not_picked":["Headbutt+1","Clash","Slimebound:GrowthPunch+1"],"picked":"Slimebound:SpikyOuterGoop+1","floor":42},{"not_picked":["ReplayTheSpireMod:Strike From Hell+1","Slimebound:LeadByExample+1","StuffTheSpire:RockThrow+1"],"picked":"Slimebound:ProtectTheBoss+1","floor":42}],"player_experience":1095356,"relics_obtained":[{"floor":24,"key":"StoneCalendar"},{"floor":27,"key":"Replay:Rubber Ducky"},{"floor":38,"key":"StuffTheSpire:ForceGauntlet"},{"floor":41,"key":"infinitespire:Midas Blood"}],"event_choices":[{"damage_healed":0.0,"max_hp_gain":0.0,"max_hp_loss":0.0,"gold_gain":0.0,"event_name":"Lab","player_choice":"Got Potions","floor":4.0,"gold_loss":0.0,"damage_taken":0.0},{"damage_healed":0,"gold_gain":0,"player_choice":"Leave","damage_taken":0,"max_hp_gain":0,"max_hp_loss":0,"event_name":"conspire:Investor","floor":40,"gold_loss":0}],"is_beta":false,"boss_relics":[{"not_picked":["SacredBark","Velvet Choker"],"picked":"conspire:SlowCooker"},{"not_picked":["Cursed Key","Kintsugi"],"picked":"aspiration:IroncladSkillbook"}],"items_purged_floors":[],"is_endless":false,"potions_floor_spawned":[2,5,8,11,16,27,30,32,33,36,37],"killed_by":"Sphere and 2 Shapes","ascension_level":0}}