{"host":"3zhcrllo23fhqv4x","time":1610328634,"event":{"mods":["AchievementEnabler","BaseMod","Downfall","Hermit","Jorbs\u0027s Wanderer Trilogy","Marisa????????","Minty Spire (QoL Compilation)","Remilia??????","StSLib","The Cursed","The Disciple","The Hierophant","The Runesmith","The Servant 0.9.4"],"gold_per_floor":[99,112,212,232,232,252,252,266,74,87,87,12,162,172,188,188,188],"floor_reached":16,"playtime":571,"items_purged":[],"score":94,"play_id":"cf73a9f7-5f6c-4934-acb5-2b38ebe2a599","local_time":"20210110203034","is_ascension_mode":false,"campfire_choices":[{"floor":1,"key":"RECALL"},{"floor":12,"key":"REST"}],"circlet_count":0,"master_deck":["hermit:Strike_Hermit+1","hermit:Strike_Hermit+1","hermit:Strike_Hermit","hermit:Strike_Hermit","hermit:Defend_Hermit","hermit:Defend_Hermit+1","hermit:Defend_Hermit","hermit:Defend_Hermit","hermit:Snapshot+1","hermit:Covet","hermit:WideOpen","hermit:Ricochet+1","Regret","hermit:Shortfuse","hermit:Malice+1","hermit:Desperado+1","hermit:Snipe","hermit:HighCaliber+1","hermit:NoHoldsBarred+1","hermit:Gestalt"],"relics":["hermit:Momento","Molten Egg 2","MealTicket","downfall:HeartBlessingRed"],"acts_visited":["Exordium"],"potions_floor_usage":[10,16,16,16],"damage_taken":[{"damage":12,"enemies":"Small Slimes","floor":2,"turns":4},{"damage":2,"enemies":"2 Louse","floor":4,"turns":3},{"damage":1,"enemies":"Cultist","floor":6,"turns":3},{"damage":7,"enemies":"Blue Slaver","floor":8,"turns":3},{"damage":5,"enemies":"downfall:FleeingMerchant","floor":9,"turns":4},{"damage":14,"enemies":"Exordium Thugs","floor":10,"turns":4},{"damage":3,"enemies":"Red Slaver","floor":14,"turns":2},{"damage":0,"enemies":"2 Fungi Beasts","floor":15,"turns":2},{"damage":61,"enemies":"downfall:Defect","floor":16,"turns":5}],"seed_played":"-5581049993010036960","potions_obtained":[{"floor":4,"key":"SteroidPotion"},{"floor":6,"key":"hermit:Tonic"},{"floor":8,"key":"AttackPotion"},{"floor":14,"key":"champ:CounterPotion"}],"is_trial":false,"path_per_floor":["R","M","?","M","?","M","T","M","$","M","?","R","?","M","M","B"],"character_chosen":"HERMIT","items_purchased":["Whetstone","hermit:Snipe"],"campfire_rested":1,"item_purchase_floors":[9,9],"current_hp_per_floor":[82,70,70,68,68,67,67,60,55,41,38,62,62,59,59,0,0],"gold":188,"neow_bonus":"TEN_PERCENT_HP_BONUS","is_daily":false,"chose_seed":false,"campfire_upgraded":0,"win_rate":0.0,"timestamp":1610328634,"path_taken":["R","M","?","M","?","M","T","M","$","M","?","R","?","?","M","BOSS"],"items_purchased_type":["Relic","Card"],"build_version":"2020-12-22","purchased_purges":0,"victory":false,"max_hp_per_floor":[82,82,82,82,82,82,82,82,82,82,82,82,82,82,82,82,82],"card_choices":[{"not_picked":["hermit:CursedWeapon","hermit:Desperado"],"picked":"hermit:WideOpen","floor":2},{"not_picked":["hermit:Coalescence","hermit:CalledShot"],"picked":"hermit:Ricochet","floor":4},{"not_picked":["hermit:Determination","hermit:TakeCover"],"picked":"hermit:Shortfuse","floor":6},{"not_picked":["hermit:HighCaliber+1","hermit:Scavenge"],"picked":"hermit:Malice+1","floor":8},{"not_picked":["hermit:Dive","hermit:Snipe"],"picked":"hermit:Desperado+1","floor":9},{"not_picked":["hermit:Vantage","hermit:Feint"],"picked":"hermit:HighCaliber+1","floor":10},{"not_picked":["hermit:Purgatory+1","hermit:BodyArmor"],"picked":"hermit:NoHoldsBarred+1","floor":14},{"not_picked":["hermit:ItchyTrigger+1","hermit:Headshot+1"],"picked":"hermit:Gestalt","floor":15}],"player_experience":289035,"relics_obtained":[{"floor":7,"key":"Molten Egg 2"}],"event_choices":[{"damage_healed":0,"gold_gain":0,"player_choice":"Success","damage_taken":3,"relics_obtained":["MealTicket"],"max_hp_gain":0,"max_hp_loss":0,"event_name":"Scrap Ooze","floor":11,"gold_loss":0}],"is_beta":false,"boss_relics":[],"items_purged_floors":[],"is_endless":false,"potions_floor_spawned":[4,6,8,14],"killed_by":"downfall:Defect","ascension_level":0}}