{"host":"an6uhul3yec8m0jh","time":1610338557,"event":{"mods":["ATMod(阿瑾Mod)","Act Like it!","BaseMod","Colored Map","Colored Powertips","Gensokyo","Highlight Path","Minty Spire (QoL Compilation)","MostiFishMod","Pale of the Ancients","Quick Restart","StSLib","TestMod","UnlockEverythingMod","Waifu the Spire","noobMod"],"gold_per_floor":[111,111,41,60,60,93,107,138,138,171,171,185,196,225,225,428,428,569,714,852,6,657,1317,1317,2304,2304,2304,3138,3959,4643,5501,5501,6421,5021,5778,5778,5029,5689,5015,5015,5890,6158,6158,6558,6558,7091,7481,7641,7641,7641,7641,7658,7668,7688,6598,6598,6609,6625,5522,5522,5522],"floor_reached":62,"playtime":3081,"items_purged":["Defend_P","Defend_P","Strike_P"],"score":3794,"play_id":"85d38df3-ffc8-47a7-9467-1355dfdc87bd","local_time":"20210111121557","is_ascension_mode":true,"campfire_choices":[{"data":"MostiFishMod:CyberBuddha","floor":15.0,"key":"SMITH"},{"data":"Eruption","floor":27.0,"key":"SMITH"},{"data":"Omniscience","floor":32.0,"key":"SMITH"},{"data":"TalkToTheHand","floor":40.0,"key":"SMITH"},{"floor":49,"key":"RECALL"},{"data":"MostiFishMod:StarLaLaLa","floor":56,"key":"SMITH"}],"circlet_count":0,"master_deck":["AscendersBane","Strike_P","Defend_P","Eruption+1","Vigilance","MostiFishMod:Speedup","TalkToTheHand+1","Wallop","MostiFishMod:PathToVictory","MostiFishMod:CyberBuddha+1","Crescendo","AT_MachinaRedman+1","MostiFishMod:Speedup+1","MostiFishMod:LegendTransform+1","MostiFishMod:CyberBuddha+1","Gensokyo:MonkeysPaw+1","Omniscience+1","Fasting2","Indignation","MostiFishMod:Minus","Ragnarok","ClearTheMind+1","MostiFishMod:Dust","MostiFishMod:StarLaLaLa+1","TalkToTheHand+1","FearNoEvil+1","DeusExMachina","Scrawl","MostiFishMod:OneDayCity","MostiFishMod:Adaptation","testmod-DisillusionmentEcho"],"relics":["PureWater","ice","DaveBox","testmod-TestBox","AT_ATBox","Transparent","testmod-Maize","NeowsBlessing","SynthV:TestCard","Gensokyo:OccultBall","AT_EbonyIvory","Gensokyo:Mercy","Centennial Puzzle","Ornamental Fan","TungstenRod","testmod-Prudence","MetatronsCube","DollysMirror","Technique","Gensokyo:MosesMiracle","Mango","testmod-BlackFramedGlasses","testmod-CrystalShield","SentryEyes","Civilization","Toy Ornithopter","BloodWine","TimeFreeze","OrangePellets","Melange","TheAbacus","AT_ForceNature","HandDrill","Strawberry","DianPoetry","Mercury Hourglass","Molten Egg 2","testmod-LifeArmor","Singing Bowl","paleoftheancients:Timepiece","paleoftheancients:KeyRelic","Anchor","Letter Opener","paleoftheancients:SoulOfTheWatcher","paleoftheancients:BlurryLens","ImprovedEquipment","FossilizedHelix","MostiFishMod:AdaptiveDefenses","AT_TimeSand","Bag of Marbles","Ying"],"acts_visited":["Gensokyo:Gensokyo","Gensokyo:Gensokyoer","Gensokyo:Gensokyoest","paleoftheancients:PaleOfTheAncients"],"potions_floor_usage":[61],"damage_taken":[{"damage":6.0,"enemies":"Gensokyo:Gryphon","floor":1.0,"turns":1.0},{"damage":16.0,"enemies":"Gensokyo:2_Kodama","floor":4.0,"turns":1.0},{"damage":6.0,"enemies":"Gensokyo:Aya","floor":6.0,"turns":1.0},{"damage":6.0,"enemies":"Gensokyo:Python","floor":7.0,"turns":1.0},{"damage":18.0,"enemies":"Gensokyo:Mamizou","floor":8.0,"turns":3.0},{"damage":12.0,"enemies":"Gensokyo:Aya","floor":10.0,"turns":2.0},{"damage":10.0,"enemies":"Gensokyo:2_Rabbits","floor":12.0,"turns":2.0},{"damage":5.0,"enemies":"Gensokyo:3_Kodama","floor":13.0,"turns":1.0},{"damage":20.0,"enemies":"Gensokyo:Cirno","floor":14.0,"turns":4.0},{"damage":35.0,"enemies":"Gensokyo:Reimu","floor":16.0,"turns":4.0},{"damage":10.0,"enemies":"Gensokyo:CosmicMonolith","floor":18.0,"turns":2.0},{"damage":10.0,"enemies":"Gensokyo:Chomper","floor":19.0,"turns":2.0},{"damage":36.0,"enemies":"Gensokyo:Wraith","floor":20.0,"turns":3.0},{"damage":45.0,"enemies":"Gensokyo:Slime_Group","floor":22.0,"turns":4.0},{"damage":59.0,"enemies":"Gensokyo:Monolith_and_Dog","floor":23.0,"turns":3.0},{"damage":34.0,"enemies":"Gensokyo:Monolith_and_Dog","floor":25.0,"turns":2.0},{"damage":47.0,"enemies":"Gensokyo:Koishi","floor":28.0,"turns":2.0},{"damage":61.0,"enemies":"Gensokyo:Wraith","floor":29.0,"turns":4.0},{"damage":57.0,"enemies":"Gensokyo:Swordslinger","floor":30.0,"turns":3.0},{"damage":49.0,"enemies":"Gensokyo:Tenshi","floor":31.0,"turns":2.0},{"damage":57.0,"enemies":"Gensokyo:Eiki","floor":33.0,"turns":3.0},{"damage":54.0,"enemies":"Gensokyo:3_Bats","floor":35.0,"turns":2.0},{"damage":38.0,"enemies":"Gensokyo:AncientGuardian","floor":38.0,"turns":3.0},{"damage":26.0,"enemies":"Gensokyo:Doremy","floor":41.0,"turns":4.0},{"damage":7,"enemies":"Gensokyo:Dusk_and_Dawn","floor":42,"turns":2},{"damage":14,"enemies":"Gensokyo:Kasen","floor":46,"turns":2},{"damage":12,"enemies":"Gensokyo:SeedOfUnknown","floor":47,"turns":2},{"damage":14,"enemies":"Gensokyo:Marisa","floor":48,"turns":2},{"damage":16,"enemies":"Gensokyo:Yuyuko","floor":50,"turns":2},{"damage":18,"enemies":"Gensokyo:Scarlet_Devils","floor":51,"turns":2},{"damage":16,"enemies":"Gensokyo:Scarlet_Devils","floor":52,"turns":2},{"damage":12,"enemies":"Gensokyo:Scarlet_Devils","floor":53,"turns":2},{"damage":14,"enemies":"paleoftheancients:BASlime2","floor":54,"turns":1},{"damage":0,"enemies":"paleoftheancients:BASlime2","floor":57,"turns":2},{"damage":0,"enemies":"paleoftheancients:BASlime2","floor":58,"turns":1},{"damage":0,"enemies":"paleoftheancients:N","floor":61,"turns":4}],"seed_played":"3636295495149706831","potions_obtained":[{"floor":6.0,"key":"Block Potion"},{"floor":7.0,"key":"Ancient Potion"},{"floor":16.0,"key":"DistilledChaos"},{"floor":22.0,"key":"SteroidPotion"},{"floor":29.0,"key":"DuplicationPotion"},{"floor":30.0,"key":"testmod-TestPotion"}],"is_trial":false,"path_per_floor":["M","?","?","M","?","E","M","E","T","E","?","M","M","E","R","B",null,"M","M","M","COS","M","M","?","?","T","R","E","M","M","E","R","B",null,"M","?","COS","M","$","R","E","M","T","?","?","E","M","E","R","B","B","M","M","M","$","R","M","R","$","?","B",null],"character_chosen":"WATCHER","items_purchased":["AT_ForceNature","HandDrill","Strawberry","ImprovedEquipment","FossilizedHelix","MostiFishMod:AdaptiveDefenses","MostiFishMod:OneDayCity","AT_TimeSand","Bag of Marbles","Ying","MostiFishMod:Adaptation","testmod-DisillusionmentEcho"],"campfire_rested":0,"item_purchase_floors":[39,39,39,55,55,55,55,59,59,59,59,59],"current_hp_per_floor":[68,68,68,68,68,68,68,68,68,68,68,68,68,68,68,68,68,68,68,68,68,68,56,56,82,82,82,82,82,85,88,88,93,93,101,101,101,110,117,117,127,139,139,139,139,154,170,187,187,215,244,278,313,347,347,347,401,456,456,456,515],"gold":5522,"neow_bonus":"THREE_ENEMY_KILL","is_daily":false,"chose_seed":false,"campfire_upgraded":5,"win_rate":0.0,"timestamp":1610338557,"path_taken":["M","?","?","M","?","E","M","E","T","E","?","M","M","E","R","BOSS","M","M","M","COS","M","M","?","?","T","R","E","M","M","E","R","BOSS","M","?","COS","M","$","R","E","M","T","?","?","E","M","E","R","BOSS","BOSS","M","M","?","$","R","M","R","$","?","BOSS"],"items_purchased_type":["Relic","Relic","Relic","Relic","Relic","Relic","Card","Relic","Relic","Relic","Card","Card"],"build_version":"2020-12-22","purchased_purges":3,"victory":true,"max_hp_per_floor":[68,68,68,68,68,68,68,68,68,68,68,68,68,68,68,68,68,68,68,68,68,68,68,68,82,82,82,82,83,85,88,88,93,93,101,101,101,110,117,117,127,139,139,139,139,154,170,187,187,215,244,278,313,347,347,347,401,456,456,456,515],"card_choices":[{"not_picked":["SashWhip","Swivel"],"picked":"MostiFishMod:Speedup","floor":1.0},{"not_picked":["WaveOfTheHand","MostiFishMod:Speedup","MostiFishMod:Clarity","BowlingBash"],"picked":"CutThroughFate","floor":4.0},{"not_picked":["EmptyMind","SashWhip","Study","Collect","CrushJoints"],"picked":"SKIP","floor":6.0},{"not_picked":["EmptyMind","Halt","FollowUp","WheelKick"],"picked":"TalkToTheHand","floor":7.0},{"not_picked":["ThirdEye","ClearTheMind","EmptyBody","SandsOfTime"],"picked":"Wallop","floor":8.0},{"not_picked":["FlurryOfBlows","EmptyBody","WaveOfTheHand","FlyingSleeves"],"picked":"MostiFishMod:PathToVictory","floor":10.0},{"not_picked":["ThirdEye","FlurryOfBlows","Consecrate","InnerPeace"],"picked":"MostiFishMod:CyberBuddha","floor":12.0},{"not_picked":["FlurryOfBlows","AT_OneInchPunch","ClearTheMind","SashWhip","AT_SoftenMuscles"],"picked":"SKIP","floor":13.0},{"not_picked":["WindmillStrike","Vengeance","BattleHymn","FlurryOfBlows"],"picked":"Crescendo","floor":14.0},{"not_picked":["MostiFishMod:Minus","MostiFishMod:Adaptation","MostiFishMod:Moonprays","Vault"],"picked":"AT_MachinaRedman","floor":16.0},{"not_picked":["FlurryOfBlows","Prostrate","FollowUp","EmptyFist"],"picked":"MostiFishMod:Speedup+1","floor":18.0},{"not_picked":["Swivel","BowlingBash","ThirdEye","Meditate"],"picked":"MostiFishMod:LegendTransform+1","floor":19.0},{"not_picked":["EmptyBody","AT_OneInchPunch","FlurryOfBlows","SashWhip","BattleHymn"],"picked":"SKIP","floor":20.0},{"not_picked":["PathToVictory","BattleHymn","Consecrate","Protect","JustLucky"],"picked":"SKIP","floor":22.0},{"not_picked":["DeusExMachina","MostiFishMod:StarHerder","ConjureBlade","MostiFishMod:DisColor"],"picked":"Omniscience","floor":23.0},{"not_picked":["MentalFortress","SashWhip","Protect","ForeignInfluence","Prostrate"],"picked":"SKIP","floor":23.0},{"not_picked":["WheelKick","Prostrate","MostiFishMod:Minus","Crescendo"],"picked":"Fasting2","floor":28.0},{"not_picked":["ThirdEye","FollowUp","ReachHeaven","Halt"],"picked":"Indignation","floor":29.0},{"not_picked":["Halt+1","EmptyFist","Weave","Consecrate"],"picked":"MostiFishMod:Minus","floor":30.0},{"not_picked":["JustLucky","CutThroughFate","Halt","Alpha","FollowUp"],"picked":"SKIP","floor":31.0},{"not_picked":["MostiFishMod:StarOceanP","MostiFishMod:Pointsdynamics","DeusExMachina","MostiFishMod:CyberBuddha"],"picked":"Ragnarok","floor":33.0},{"not_picked":["Protect","CutThroughFate","ClearTheMind","FlyingSleeves","AT_OneInchPunch"],"picked":"SKIP","floor":35.0},{"not_picked":["Sanctity+1","Protect+1","SashWhip+1","FlurryOfBlows+1"],"picked":"ClearTheMind+1","floor":38.0},{"not_picked":["CrushJoints","FollowUp+1","TalkToTheHand","WaveOfTheHand"],"picked":"MostiFishMod:Dust","floor":38.0},{"not_picked":["MostiFishMod:StarWish","MostiFishMod:Unraveling","MasterReality","MostiFishMod:ScryFuture"],"picked":"MostiFishMod:StarLaLaLa","floor":41.0},{"not_picked":["WindmillStrike+1","Consecrate+1","JustLucky+1","Meditate","Protect"],"picked":"SKIP","floor":41.0},{"not_picked":["Establishment","CutThroughFate","MostiFishMod:LegendTransform+1","Halt"],"picked":"TalkToTheHand+1","floor":42},{"not_picked":["Protect","PathToVictory","MostiFishMod:Speedup","Meditate","ForeignInfluence"],"picked":"SKIP","floor":46},{"not_picked":["WreathOfFlame+1","EmptyBody","Crescendo+1","ClearTheMind"],"picked":"FearNoEvil+1","floor":47},{"not_picked":["SashWhip+1","Crescendo","Weave+1","FlyingSleeves+1"],"picked":"DeusExMachina","floor":48},{"not_picked":["MostiFishMod:Nomercy","ThirdEye+1","BowlingBash+1","AT_SoftenMuscles","CarveReality+1"],"picked":"Singing Bowl","floor":52},{"not_picked":["Consecrate+1","BowlingBash+1","FollowUp+1","Vengeance+1","Prostrate"],"picked":"Singing Bowl","floor":53},{"not_picked":["MostiFishMod:LegendTransform","Evaluate","Indignation","WaveOfTheHand"],"picked":"Scrawl","floor":54},{"not_picked":["ThirdEye","FlyingSleeves+1","Evaluate","Swivel","Perseverance"],"picked":"Singing Bowl","floor":57},{"not_picked":["BowlingBash+1","Collect","MostiFishMod:LegendTransform+1","WindmillStrike+1","WaveOfTheHand"],"picked":"Singing Bowl","floor":58}],"player_experience":223508,"relics_obtained":[{"floor":1.0,"key":"SynthV:TestCard"},{"floor":8.0,"key":"Gensokyo:OccultBall"},{"floor":8.0,"key":"Centennial Puzzle"},{"floor":9.0,"key":"Ornamental Fan"},{"floor":10.0,"key":"TungstenRod"},{"floor":16.0,"key":"Gensokyo:OccultBall"},{"floor":25.0,"key":"Mango"},{"floor":25.0,"key":"testmod-BlackFramedGlasses"},{"floor":26.0,"key":"testmod-CrystalShield"},{"floor":28.0,"key":"SentryEyes"},{"floor":29.0,"key":"Gensokyo:MosesMiracle"},{"floor":31.0,"key":"Toy Ornithopter"},{"floor":33.0,"key":"Gensokyo:OccultBall"},{"floor":41.0,"key":"DianPoetry"},{"floor":43,"key":"Molten Egg 2"},{"floor":46,"key":"testmod-LifeArmor"},{"floor":47,"key":"Gensokyo:OccultBall"},{"floor":48,"key":"Singing Bowl"},{"floor":53,"key":"paleoftheancients:SoulOfTheWatcher"},{"floor":54,"key":"paleoftheancients:BlurryLens"},{"floor":54,"key":"Gensokyo:OccultBall"},{"floor":57,"key":"paleoftheancients:SoulOfTheHexaghost"},{"floor":57,"key":"Gensokyo:OccultBall"},{"floor":58,"key":"Gensokyo:OccultBall"}],"event_choices":[{"damage_healed":0.0,"max_hp_gain":0.0,"max_hp_loss":0.0,"gold_gain":0.0,"event_name":"给自己的盒子","player_choice":"Swap Relic","floor":36.0,"relics_lost":["SynthV:MejaisSoulstealer"],"gold_loss":0.0,"damage_taken":0.0,"relics_obtained":["DaveBox"]},{"damage_healed":0,"gold_gain":400,"player_choice":"Sell","damage_taken":0,"max_hp_gain":0,"max_hp_loss":0,"event_name":"恩洛斯的盘子","floor":44,"relics_lost":["DaveBox"],"gold_loss":0}],"is_beta":false,"boss_relics":[{"not_picked":["testmod-Nine","testmod-DreamHouse"],"picked":"testmod-Prudence"},{"not_picked":["TakeMeEscape","AT_MortalBlade"],"picked":"SynthV:MejaisSoulstealer"}],"items_purged_floors":[39,55,59],"is_endless":false,"potions_floor_spawned":[6,7,8,10,16,19,22,29,30,31,38,41,42,48,54,57,58],"ascension_level":20}}