{"host":"l84l8xigz5v5foa2","time":1610367066,"event":{"mods":["2.2 Compatiblity","AchievementEnabler","BaseMod","Better Note","Better Vampires","Card Filter","Colored Map","DeckTracker","Downfall","Gremlin Skip","Highlight Path","Keyboard Shortcuts","Minty Spire (QoL Compilation)","Permanent Neow","Quick Restart","Relic Filter","Relic Stats","StSLib","SuperFastMode","Transform Curses","Unknown Chances"],"gold_per_floor":[99,117,137,152,152,179,179,205,305,305,305,323,248,248,267,338,338,338,352,371,371,471,471,471,471,481,481,350,361,391,425,442,514,514,514,528,546,710,721,721,746,760,795,795,645,645,520,535,546,546,546,571,46,46,46],"floor_reached":56,"playtime":3612,"items_purged":["Guardian:Defend_Guardian","Guardian:Defend_Guardian","Guardian:Defend_Guardian","Guardian:Strike_Guardian"],"score":2609,"play_id":"dd3fd425-a8e1-446f-953e-8146b5a2233d","local_time":"20210111211106","is_ascension_mode":true,"campfire_choices":[{"data":"Guardian:TwinSlam","floor":1.0,"key":"SMITH"},{"data":"Guardian:DonusPower","floor":11.0,"key":"SMITH"},{"data":"Guardian:Harden","floor":13.0,"key":"SMITH"},{"data":"Guardian:CurlUp","floor":18.0,"key":"SMITH"},{"data":"Guardian:Suspension","floor":23.0,"key":"SMITH"},{"data":"Guardian:AncientConstruct","floor":25.0,"key":"SMITH"},{"data":"Guardian:MultiBeam","floor":27.0,"key":"SMITH"},{"data":"Guardian:StasisEngine","floor":35.0,"key":"SMITH"},{"floor":40.0,"key":"RECALL"},{"data":"Guardian:Suspension","floor":45.0,"key":"SMITH"},{"data":"Guardian:PolyBeam","floor":54,"key":"SMITH"}],"circlet_count":0,"master_deck":["AscendersBane","Guardian:CurlUp+1","Guardian:TwinSlam+1","Guardian:ShieldCharger","Guardian:Recover","Guardian:PolyBeam+1","Guardian:DonusPower+1","Guardian:Harden+1","Guardian:MultiBeam+1","Guardian:EvasiveProtocol","Guardian:Orbwalk","Guardian:AncientConstruct+1","Guardian:Suspension+1","Guardian:Recover+1","Guardian:PrismaticBeam","Guardian:GemFinder","Guardian:StasisEngine+1","Guardian:ExploitGems","Guardian:Suspension+1","Guardian:FuturePlans+1","Guardian:Incinerate"],"relics":["Guardian:ModeShifter","Vajra","Omamori","downfall:ShatteredFragment","downfall:HeartBlessingBlue","sneckomod:SneckoTalon","Bottled Tornado","WingedGreaves","Mercury Hourglass","expansioncontent:StudyCardRelic","MealTicket","Shuriken","downfall:HeartBlessingRed","downfall:HeartBlessingGreen","Blood Vial","TungstenRod"],"acts_visited":["Exordium","TheCity","TheBeyond","TheEnding"],"potions_floor_usage":[52,55],"damage_taken":[{"damage":4.0,"enemies":"Small Slimes","floor":2.0,"turns":5.0},{"damage":7.0,"enemies":"Jaw Worm","floor":3.0,"turns":5.0},{"damage":2.0,"enemies":"2 Louse","floor":4.0,"turns":4.0},{"damage":0.0,"enemies":"Lagavulin","floor":8.0,"turns":7.0},{"damage":0.0,"enemies":"Exordium Wildlife","floor":12.0,"turns":3.0},{"damage":4.0,"enemies":"Exordium Wildlife","floor":14.0,"turns":4.0},{"damage":2.0,"enemies":"2 Fungi Beasts","floor":15.0,"turns":3.0},{"damage":22.0,"enemies":"downfall:Ironclad","floor":16.0,"turns":7.0},{"damage":11.0,"enemies":"Spheric Guardian","floor":19.0,"turns":4.0},{"damage":12.0,"enemies":"Snake Plant","floor":20.0,"turns":4.0},{"damage":1.0,"enemies":"downfall:Augmenter","floor":22.0,"turns":6.0},{"damage":0.0,"enemies":"Sentry and Sphere","floor":26.0,"turns":5.0},{"damage":0.0,"enemies":"downfall:FleeingMerchant","floor":28.0,"turns":4.0},{"damage":0.0,"enemies":"3 Cultists","floor":29.0,"turns":3.0},{"damage":10.0,"enemies":"Book of Stabbing","floor":30.0,"turns":5.0},{"damage":0.0,"enemies":"Gremlin Leader","floor":31.0,"turns":4.0},{"damage":12.0,"enemies":"Shelled Parasite and Fungi","floor":32.0,"turns":5.0},{"damage":0.0,"enemies":"downfall:Watcher","floor":33.0,"turns":7.0},{"damage":0.0,"enemies":"3 Darklings","floor":36.0,"turns":4.0},{"damage":1.0,"enemies":"Orb Walker","floor":37.0,"turns":3.0},{"damage":3.0,"enemies":"downfall:FleeingMerchant","floor":38.0,"turns":3.0},{"damage":0.0,"enemies":"Writhing Mass","floor":39.0,"turns":3.0},{"damage":0.0,"enemies":"Transient","floor":42.0,"turns":6.0},{"damage":13.0,"enemies":"Giant Head","floor":43.0,"turns":5.0},{"damage":0.0,"enemies":"Jaw Worm Horde","floor":48.0,"turns":3.0},{"damage":4.0,"enemies":"3 Darklings","floor":49.0,"turns":3.0},{"damage":0.0,"enemies":"downfall:Defect","floor":50.0,"turns":5.0},{"damage":16,"enemies":"downfall:CharBossMerchant","floor":52,"turns":4},{"damage":0,"enemies":"downfall:NeowBoss","floor":55,"turns":10}],"seed_played":"-7853399704626308182","potions_obtained":[{"floor":3.0,"key":"champ:CounterPotion"},{"floor":4.0,"key":"Strength Potion"},{"floor":12.0,"key":"Strength Potion"},{"floor":20.0,"key":"DistilledChaos"},{"floor":26.0,"key":"Fire Potion"},{"floor":30.0,"key":"Fire Potion"},{"floor":31.0,"key":"Guardian:BlockOnCardUsePotion"},{"floor":36.0,"key":"Swift Potion"},{"floor":37.0,"key":"LiquidMemories"},{"floor":43.0,"key":"EssenceOfSteel"},{"floor":46.0,"key":"DistilledChaos"},{"floor":49.0,"key":"EssenceOfSteel"}],"is_trial":false,"path_per_floor":["R","M","M","M","?","T","T","E","?","?","R","M","R","?","M","B",null,"R","M","M","?","?","R","T","R","M","R","$","M","E","E","M","B",null,"R","M","M","$","M","R","T","M","E","?","R","?","$","M","M","B",null,"E","$","R","B",null],"character_chosen":"GUARDIAN","items_purchased":["Guardian:PrismaticBeam","Guardian:Gem_Cyan","SteroidPotion","TungstenRod"],"campfire_rested":0,"item_purchase_floors":[28,38,53,53],"current_hp_per_floor":[65,61,54,52,52,52,52,52,52,28,28,28,38,34,32,10,64,64,53,41,41,40,40,40,40,40,40,40,40,30,30,18,18,66,66,66,65,62,62,62,62,62,49,49,49,49,64,64,60,60,77,61,76,76,78],"gold":46,"neow_bonus":"REMOVE_CARD","is_daily":false,"chose_seed":false,"campfire_upgraded":10,"win_rate":0.0,"timestamp":1610367066,"path_taken":["R","M","M","M","?","?","T","E","?","?","R","?","R","?","M","BOSS","R","M","M","?","?","R","T","R","M","R","$","M","E","E","M","BOSS","R","M","M","$","M","R","T","M","E","?","R","?","$","M","M","BOSS","E","$","R","BOSS"],"items_purchased_type":["Card","Card","Potion","Relic"],"build_version":"2020-12-22","purchased_purges":4,"victory":true,"max_hp_per_floor":[72,72,72,72,72,72,72,72,72,72,72,72,82,82,82,82,82,82,82,82,82,82,82,82,82,82,82,82,82,82,82,82,82,82,82,82,82,82,82,82,82,82,82,82,82,82,82,82,82,82,82,82,82,82,82],"relic_stats":{"Blood Vial":2,"counters":[29,133],"Shuriken":[18],"MealTicket":30,"obtain_stats":[{"downfall:ShatteredFragment":10,"downfall:HeartBlessingRed":45,"Guardian:ModeShifter":0,"Vajra":6,"downfall:HeartBlessingGreen":45,"Omamori":8,"expansioncontent:StudyCardRelic":34,"Bottled Tornado":24,"sneckomod:SneckoTalon":17,"Mercury Hourglass":31,"Guardian:PickAxe":14,"Blood Vial":52,"downfall:HeartBlessingBlue":13,"Shuriken":43,"MealTicket":41,"WingedGreaves":30,"TungstenRod":53},{"downfall:ShatteredFragment":4,"downfall:HeartBlessingRed":24,"Guardian:ModeShifter":0,"Vajra":3,"downfall:HeartBlessingGreen":24,"Omamori":4,"expansioncontent:StudyCardRelic":18,"Bottled Tornado":11,"sneckomod:SneckoTalon":8,"Mercury Hourglass":16,"Guardian:PickAxe":6,"Blood Vial":28,"downfall:HeartBlessingBlue":5,"Shuriken":24,"MealTicket":22,"WingedGreaves":15,"TungstenRod":28},{"downfall:ShatteredFragment":21,"downfall:HeartBlessingRed":108,"Guardian:ModeShifter":0,"Vajra":14,"downfall:HeartBlessingGreen":108,"Omamori":21,"expansioncontent:StudyCardRelic":84,"Bottled Tornado":51,"sneckomod:SneckoTalon":38,"Mercury Hourglass":72,"Guardian:PickAxe":28,"Blood Vial":123,"downfall:HeartBlessingBlue":24,"Shuriken":108,"MealTicket":97,"WingedGreaves":68,"TungstenRod":123}],"TungstenRod":0,"Mercury Hourglass":[129]},"card_choices":[{"not_picked":["Guardian:PrismaticBarrier","Guardian:Gem_Yellow"],"picked":"Guardian:ShieldCharger","floor":2.0},{"not_picked":["Guardian:DecasProtection","Guardian:RollAttack"],"picked":"Guardian:Recover","floor":3.0},{"not_picked":["Guardian:CrystalBeam","Guardian:Gem_Green"],"picked":"Guardian:PolyBeam","floor":4.0},{"not_picked":["Guardian:PiercingHide","Guardian:ChargeCore"],"picked":"Guardian:DonusPower","floor":8.0},{"not_picked":["Guardian:RollAttack","Guardian:ShieldCharger"],"picked":"Guardian:Harden","floor":12.0},{"not_picked":["Guardian:Incinerate","Guardian:Gem_Green","Guardian:VentSteam"],"picked":"SKIP","floor":15.0},{"not_picked":["Guardian:ConstructionForm","Guardian:TimeSifter"],"picked":"Guardian:Gem_Orange","floor":16.0},{"not_picked":["Guardian:TemporalStrike","Guardian:Recover"],"picked":"Guardian:MultiBeam","floor":19.0},{"not_picked":["Guardian:Clone","Guardian:Gem_Green"],"picked":"Guardian:Gem_Blue","floor":20.0},{"not_picked":["Guardian:ArmoredProtocol+1","Guardian:DecasProtection"],"picked":"Guardian:Suspension","floor":22.0},{"not_picked":["Guardian:Clone","Guardian:Gem_Green"],"picked":"Guardian:Recover+1","floor":26.0},{"not_picked":["Guardian:TemporalStrike","Guardian:Gem_Red","Guardian:Gem_Green"],"picked":"SKIP","floor":28.0},{"not_picked":["Guardian:Reroute","Guardian:Harden"],"picked":"Guardian:GemFinder","floor":29.0},{"not_picked":["Guardian:Gem_Lightblue","Guardian:Gem_Green"],"picked":"Guardian:Gem_Cyan","floor":30.0},{"not_picked":["Guardian:Planning","Guardian:Gem_Red"],"picked":"Guardian:StasisEngine","floor":30.0},{"not_picked":["Guardian:Gem_Cyan","Guardian:Gem_Green"],"picked":"Guardian:Gem_Red","floor":31.0},{"not_picked":["Guardian:ChargeUp","Guardian:SentryBeam"],"picked":"Guardian:Gem_Synthetic","floor":31.0},{"not_picked":["Guardian:Gem_Lightblue","Guardian:Gem_Green"],"picked":"Guardian:Gem_Red","floor":32.0},{"not_picked":["Guardian:Recover","Guardian:PrimingBeam"],"picked":"Guardian:TemporalStrike","floor":32.0},{"not_picked":["Guardian:Gem_Green","Guardian:Gem_Lightblue"],"picked":"Guardian:Gem_Red","floor":33.0},{"not_picked":["Guardian:RevengeProtocol","Guardian:Gem_Orange"],"picked":"Guardian:ExploitGems","floor":33.0},{"not_picked":["Guardian:ShieldSpikes","Guardian:PiercingHide+1","Guardian:Clone"],"picked":"SKIP","floor":36.0},{"not_picked":["Guardian:ShieldCharger","Guardian:CrystalBeam","Guardian:WalkerClaw+1"],"picked":"SKIP","floor":37.0},{"not_picked":["Guardian:TemporalStrike+1","Guardian:Recover"],"picked":"Guardian:Suspension","floor":38.0},{"not_picked":["Guardian:DecasProtection+1","Guardian:Harden+1","Guardian:ShieldSpikes"],"picked":"SKIP","floor":39.0},{"not_picked":["Guardian:Gem_Fragmented","Guardian:Gem_Green","Guardian:Suspension"],"picked":"SKIP","floor":42.0},{"not_picked":["Guardian:Gem_Fragmented","Guardian:Gem_Green","Guardian:Suspension"],"picked":"SKIP","floor":42.0},{"not_picked":["Guardian:ChargeCore+1","Guardian:VentSteam","Guardian:GuardianWhirl"],"picked":"SKIP","floor":43.0},{"not_picked":["Guardian:PrimingBeam+1","Guardian:TemporalStrike+1","Guardian:BronzeOrb"],"picked":"SKIP","floor":48.0},{"not_picked":["Guardian:RollAttack","Guardian:DecasProtection"],"picked":"Guardian:FuturePlans+1","floor":49.0},{"not_picked":["Guardian:Planning","Guardian:Emergency"],"picked":"Guardian:Incinerate","floor":52}],"player_experience":3086742,"relics_obtained":[{"floor":6.0,"key":"Vajra"},{"floor":8.0,"key":"Omamori"},{"floor":24.0,"key":"Bottled Tornado"},{"floor":30.0,"key":"WingedGreaves"},{"floor":31.0,"key":"Mercury Hourglass"},{"floor":41.0,"key":"MealTicket"},{"floor":43.0,"key":"Shuriken"},{"floor":52,"key":"Blood Vial"}],"event_choices":[{"damage_healed":0.0,"max_hp_gain":0.0,"max_hp_loss":0.0,"gold_gain":0.0,"event_name":"The Library","player_choice":"Read","floor":21.0,"gold_loss":0.0,"damage_taken":0.0,"cards_obtained":["Guardian:EvasiveProtocol"]}],"is_beta":false,"boss_relics":[{"not_picked":["Coffee Dripper","SlaversCollar"],"picked":"sneckomod:SneckoTalon"},{"not_picked":["Sozu","Fusion Hammer"],"picked":"expansioncontent:StudyCardRelic"}],"items_purged_floors":[28,38,47,53],"is_endless":false,"potions_floor_spawned":[3,4,12,20,26,29,30,31,36,37,43,49],"ascension_level":20}}