{"host":"0tiuc76yumknr6qf","time":1610339504,"event":{"mods":["BaseMod","Colored Map","Highlight Path","Minty Spire (QoL Compilation)","StSLib","The Cursed"],"gold_per_floor":[114,124,199,213,223,255,255,275,301,251,267,302,36,69,69,165,165,181,181,142,177,187,187,215,215,215,215,215,215,248,248,248,344,344,363,363,378,278,278,278,278,291,318,349,349,366,291,305,305,305,305,305,23,48,48],"floor_reached":56,"playtime":3645,"items_purged":["Pain"],"score":1328,"play_id":"70d7409f-934d-4635-8182-d29fafd5511c","local_time":"20210110223144","is_ascension_mode":true,"campfire_choices":[{"data":"TheCursedMod:AbyssShockwave","floor":7,"key":"SMITH"},{"data":"TheCursedMod:AntiAging","floor":15,"key":"SMITH"},{"floor":23,"key":"REST"},{"data":"TheCursedMod:StunningStrike","floor":27,"key":"SMITH"},{"floor":29,"key":"REST"},{"data":"TheCursedMod:CursedMace","floor":32,"key":"SMITH"},{"data":"Panache","floor":40,"key":"SMITH"},{"floor":45,"key":"RECALL"},{"data":"TheCursedMod:CursedRelics","floor":49,"key":"SMITH"},{"data":"TheCursedMod:CleanUpWorkshop","floor":52,"key":"SMITH"}],"circlet_count":0,"master_deck":["TheCursedMod:Strike_TheCursed","TheCursedMod:Strike_TheCursed","TheCursedMod:Strike_TheCursed","TheCursedMod:Defend_TheCursed","TheCursedMod:Defend_TheCursed","TheCursedMod:Defend_TheCursed","TheCursedMod:Defend_TheCursed","TheCursedMod:CursedWand","TheCursedMod:CleanUpWorkshop+1","TheCursedMod:Dregs","Doubt","TheCursedMod:CursedMace+1","TheCursedMod:CursedAmulet","TheCursedMod:AbyssShockwave+1","TheCursedMod:Obscuration","TheCursedMod:WearCloak","TheCursedMod:HellfireBreathing","TheCursedMod:NeowsMight","TheCursedMod:SurpriseAttack","TheCursedMod:AntiAging+1","TheCursedMod:StunningStrike+1","TheCursedMod:HellfireBreathing","Shame","TheCursedMod:HellfireBreathing","TheCursedMod:CursedRelics+1","TheCursedMod:AshesToAshes","TheCursedMod:WearCloak+1","TheCursedMod:SurpriseAttack","TheCursedMod:HellfireBreathing","Panache+1","Dark Shackles","Good Instincts","Dramatic Entrance","TheCursedMod:AshesToAshes+1","TheCursedMod:RapidMovement","TheCursedMod:StunningStrike"],"relics":["TheCursedMod:BlackMagic101","Pocketwatch","Turnip","Anchor","MealTicket","Shuriken","Strawberry","SlaversCollar","Enchiridion","Red Mask","Mercury Hourglass","Pantograph","Mummified Hand","Unceasing Top","Letter Opener","TheCursedMod:OminousMark","WarpedTongs","Ancient Tea Set","Membership Card","Akabeko","Lantern"],"acts_visited":["Exordium","TheCity","TheBeyond","TheEnding"],"potions_floor_usage":[12,21,33,55,55,55],"damage_taken":[{"damage":0,"enemies":"Small Slimes","floor":1,"turns":4},{"damage":6,"enemies":"Jaw Worm","floor":2,"turns":4},{"damage":1,"enemies":"Cultist","floor":4,"turns":4},{"damage":0,"enemies":"3 Louse","floor":5,"turns":1},{"damage":4,"enemies":"3 Sentries","floor":6,"turns":3},{"damage":0,"enemies":"Looter","floor":8,"turns":4},{"damage":0,"enemies":"Large Slime","floor":11,"turns":4},{"damage":2,"enemies":"Lagavulin","floor":12,"turns":6},{"damage":4,"enemies":"3 Sentries","floor":14,"turns":4},{"damage":8,"enemies":"The Guardian","floor":16,"turns":10},{"damage":10,"enemies":"2 Thieves","floor":18,"turns":3},{"damage":28,"enemies":"Masked Bandits","floor":21,"turns":4},{"damage":19,"enemies":"3 Byrds","floor":22,"turns":3},{"damage":0,"enemies":"Book of Stabbing","floor":24,"turns":4},{"damage":11,"enemies":"Slavers","floor":30,"turns":5},{"damage":46,"enemies":"Champ","floor":33,"turns":8},{"damage":3,"enemies":"3 Shapes","floor":35,"turns":3},{"damage":9,"enemies":"Orb Walker","floor":37,"turns":3},{"damage":8,"enemies":"Sphere and 2 Shapes","floor":42,"turns":3},{"damage":6,"enemies":"Nemesis","floor":44,"turns":5},{"damage":18,"enemies":"3 Darklings","floor":46,"turns":4},{"damage":0,"enemies":"Spire Growth","floor":48,"turns":2},{"damage":10,"enemies":"Donu and Deca","floor":50,"turns":6},{"damage":12,"enemies":"Shield and Spear","floor":54,"turns":6},{"damage":87,"enemies":"The Heart","floor":55,"turns":12}],"seed_played":"-2663628948254764786","potions_obtained":[{"floor":5,"key":"BlessingOfTheForge"},{"floor":6,"key":"SkillPotion"},{"floor":8,"key":"ColorlessPotion"},{"floor":11,"key":"AttackPotion"},{"floor":16,"key":"Dexterity Potion"},{"floor":22,"key":"Block Potion"},{"floor":35,"key":"SneckoOil"}],"is_trial":false,"path_per_floor":["M","M","?","M","M","E","R","M","T","?","M","E","$","E","R","B",null,"M","?","$","?","M","R","E","?","T","R","?","R","E","T","R","B",null,"M","?","M","$","?","R","?","M","T","E","R","M","$","M","R","B",null,"R","$","E","B",null],"character_chosen":"THE_CURSED","items_purchased":["Shuriken","TheCursedMod:SurpriseAttack","TheCursedMod:HellfireBreathing","TheCursedMod:SurpriseAttack","TheCursedMod:HellfireBreathing","Membership Card","Akabeko","TheCursedMod:StunningStrike","Strength Potion"],"campfire_rested":2,"item_purchase_floors":[13,13,20,38,38,53,53,53,53],"current_hp_per_floor":[75,69,58,57,57,53,53,53,53,53,53,51,66,69,69,64,85,75,59,74,46,27,52,55,55,55,55,38,65,57,57,57,39,99,96,96,90,102,92,92,92,84,84,81,81,63,78,78,78,93,105,105,105,96,24],"gold":48,"neow_bonus":"ONE_RARE_RELIC","is_daily":false,"chose_seed":false,"campfire_upgraded":7,"win_rate":0.0,"timestamp":1610339504,"path_taken":["M","M","?","M","M","E","R","M","T","?","M","E","?","E","R","BOSS","M","?","$","?","M","R","E","?","T","R","?","R","E","?","R","BOSS","M","?","?","$","?","R","?","M","T","E","R","?","$","M","R","BOSS","R","$","E","BOSS"],"items_purchased_type":["Relic","Card","Card","Card","Card","Relic","Relic","Card","Potion"],"build_version":"2020-12-22","purchased_purges":1,"victory":true,"max_hp_per_floor":[75,75,75,75,75,75,75,75,75,75,75,75,75,82,82,85,85,85,85,85,85,85,85,88,88,88,88,93,93,96,96,96,99,99,99,99,102,102,102,102,102,102,102,105,105,105,105,105,105,105,105,105,105,108,111],"card_choices":[{"not_picked":["TheCursedMod:TacticalStrike","TheCursedMod:Stigma"],"picked":"TheCursedMod:CursedMace","floor":1},{"not_picked":["TheCursedMod:CircleOfFlame","TheCursedMod:CursedShiv"],"picked":"TheCursedMod:CursedAmulet","floor":2},{"not_picked":["TheCursedMod:CircleOfAmplification","TheCursedMod:SaltUponWound"],"picked":"TheCursedMod:AbyssShockwave","floor":4},{"not_picked":["TheCursedMod:Evocation","TheCursedMod:CircleOfFlame"],"picked":"TheCursedMod:Obscuration","floor":5},{"not_picked":["TheCursedMod:CircleOfWindfury","TheCursedMod:SpitefulStrike"],"picked":"TheCursedMod:WearCloak","floor":6},{"not_picked":["TheCursedMod:CursedMace","TheCursedMod:PrepareRite"],"picked":"TheCursedMod:HellfireBreathing","floor":8},{"not_picked":["TheCursedMod:CircleOfFlame","TheCursedMod:Obscuration","TheCursedMod:OutForBlood"],"picked":"SKIP","floor":11},{"not_picked":["TheCursedMod:CircleOfFlame","TheCursedMod:Obscuration","TheCursedMod:OutForBlood"],"picked":"SKIP","floor":11},{"not_picked":["TheCursedMod:CircleOfAmplification","TheCursedMod:Neurasthenia"],"picked":"TheCursedMod:NeowsMight","floor":12},{"not_picked":["TheCursedMod:Stretching","TheCursedMod:Stigma"],"picked":"TheCursedMod:AntiAging","floor":14},{"not_picked":["TheCursedMod:ShockAndAwe","TheCursedMod:CircleOfAbyss"],"picked":"TheCursedMod:StunningStrike","floor":16},{"not_picked":["TheCursedMod:BlessingInDisguise","TheCursedMod:Grudge","TheCursedMod:Stigma"],"picked":"SKIP","floor":18},{"not_picked":["TheCursedMod:Wield","TheCursedMod:SpitefulStrike","TheCursedMod:CursedAmulet"],"picked":"SKIP","floor":22},{"not_picked":["TheCursedMod:VitalStrike","TheCursedMod:Mangle+1","TheCursedMod:CursedAmulet"],"picked":"SKIP","floor":24},{"not_picked":["TheCursedMod:FleshFromBone","TheCursedMod:CircleOfCorruption"],"picked":"TheCursedMod:HellfireBreathing","floor":30},{"not_picked":["TheCursedMod:ForbiddenAlchemy","TheCursedMod:UltimatePain"],"picked":"TheCursedMod:CursedRelics","floor":33},{"not_picked":["TheCursedMod:AbyssShockwave+1","TheCursedMod:SaltUponWound+1"],"picked":"TheCursedMod:AshesToAshes","floor":35},{"not_picked":["TheCursedMod:Torture+1","TheCursedMod:Grudge"],"picked":"TheCursedMod:WearCloak+1","floor":37},{"not_picked":["Forethought","Flash of Steel"],"picked":"Panache","floor":39},{"not_picked":["HandOfGreed","Thinking Ahead"],"picked":"Dark Shackles","floor":39},{"not_picked":["Enlightenment","Magnetism"],"picked":"Good Instincts","floor":39},{"not_picked":["TheCursedMod:CircleOfCorruption","TheCursedMod:Hemoplague+1","TheCursedMod:WearCloak"],"picked":"SKIP","floor":42},{"not_picked":["TheCursedMod:FleshFromBone+1","TheCursedMod:SoulCrush"],"picked":"TheCursedMod:AshesToAshes+1","floor":44},{"not_picked":["TheCursedMod:AshesToAshes+1","TheCursedMod:Torture","TheCursedMod:Grudge+1"],"picked":"SKIP","floor":46},{"not_picked":["TheCursedMod:CircleOfFocus","TheCursedMod:CursedAmulet"],"picked":"TheCursedMod:RapidMovement","floor":48},{"not_picked":["TheCursedMod:CircleOfCorruption","TheCursedMod:Torture","TheCursedMod:CursedBlade"],"picked":"SKIP","floor":54}],"player_experience":1873794,"relics_obtained":[{"floor":6,"key":"Turnip"},{"floor":9,"key":"Anchor"},{"floor":12,"key":"MealTicket"},{"floor":14,"key":"Strawberry"},{"floor":19,"key":"Enchiridion"},{"floor":21,"key":"Red Mask"},{"floor":24,"key":"Mercury Hourglass"},{"floor":26,"key":"Mummified Hand"},{"floor":30,"key":"Unceasing Top"},{"floor":31,"key":"Letter Opener"},{"floor":44,"key":"Ancient Tea Set"},{"floor":54,"key":"Lantern"}],"event_choices":[{"damage_healed":0,"gold_gain":75,"player_choice":"Gather Gold","damage_taken":11,"max_hp_gain":0,"max_hp_loss":0,"event_name":"World of Goop","floor":3,"gold_loss":0},{"cards_removed":["TheCursedMod:Strike_TheCursed"],"damage_healed":0,"gold_gain":0,"player_choice":"Card Removal","damage_taken":0,"max_hp_gain":0,"max_hp_loss":0,"event_name":"The Cleric","floor":10,"gold_loss":50},{"damage_healed":0,"gold_gain":0,"player_choice":"Obtained Book","damage_taken":16,"max_hp_gain":0,"max_hp_loss":0,"event_name":"Cursed Tome","floor":19,"gold_loss":0},{"damage_healed":0,"gold_gain":0,"player_choice":"Fought Bandits","damage_taken":0,"max_hp_gain":0,"max_hp_loss":0,"event_name":"Masked Bandits","floor":21,"gold_loss":0},{"damage_healed":0,"gold_gain":0,"player_choice":"Stole Relic","damage_taken":0,"relics_obtained":["Pantograph"],"max_hp_gain":0,"max_hp_loss":0,"event_name":"Addict","floor":25,"gold_loss":0,"cards_obtained":["Shame"]},{"damage_healed":0,"gold_gain":0,"player_choice":"Shed Blood","damage_taken":22,"max_hp_gain":5,"max_hp_loss":0,"event_name":"Forgotten Altar","floor":28,"gold_loss":0},{"damage_healed":0,"gold_gain":0,"player_choice":"Rummage","damage_taken":0,"relics_obtained":["WarpedTongs"],"max_hp_gain":0,"max_hp_loss":0,"event_name":"Accursed Blacksmith","floor":36,"gold_loss":0,"cards_obtained":["Pain"]},{"damage_healed":0,"gold_gain":0,"player_choice":"Memory 3","damage_taken":10,"max_hp_gain":0,"max_hp_loss":0,"event_name":"SensoryStone","floor":39,"gold_loss":0},{"damage_healed":0,"gold_gain":0,"player_choice":"1 cards matched","damage_taken":0,"max_hp_gain":0,"max_hp_loss":0,"event_name":"Match and Keep!","floor":41,"gold_loss":0,"cards_obtained":["Dramatic Entrance"]}],"is_beta":false,"boss_relics":[{"not_picked":["SacredBark","Astrolabe"],"picked":"SlaversCollar"},{"not_picked":["Pandora\u0027s Box","TheCursedMod:BlackMagicAdvanced"],"picked":"TheCursedMod:OminousMark"}],"items_purged_floors":[47],"is_endless":false,"potions_floor_spawned":[5,6,8,11,16,18,22,30,35,44],"ascension_level":1}}