{"host":"h4lp0eeso8a0ssq0","time":1610355558,"event":{"mods":["2.2 Compatiblity","AchievementEnabler","BaseMod","CapriCore","Colored Map","Minty Spire (QoL Compilation)","StSLib","SuperFastMode"],"gold_per_floor":[115,135,152,167,185,185,203,215,289,317,328,403,403,464,464,464,464],"floor_reached":16,"playtime":505,"items_purged":[],"score":168,"play_id":"f64e53ff-a9f0-48d2-8bc8-fefc4dfee498","local_time":"20210111175918","is_ascension_mode":true,"campfire_choices":[{"data":"Masterful Stab","floor":6.0,"key":"SMITH"},{"data":"Blade Dance","floor":13.0,"key":"SMITH"},{"data":"Backflip","floor":15.0,"key":"SMITH"}],"circlet_count":0,"master_deck":["Strike_G","Strike_G","Strike_G","Strike_G","Strike_G","Defend_G","Defend_G","Defend_G","Defend_G","Defend_G","Survivor","Neutralize","Backflip+1","Masterful Stab+1","Crippling Poison","Cloak And Dagger","Masterful Stab","Tactician","Burst","Blade Dance+1","Quick Slash","Corpse Explosion"],"relics":["Ring of the Snake","Pear","Happy Flower","Orichalcum"],"acts_visited":["Exordium"],"potions_floor_usage":[],"damage_taken":[{"damage":5.0,"enemies":"Cultist","floor":1.0,"turns":4.0},{"damage":0.0,"enemies":"Small Slimes","floor":2.0,"turns":3.0},{"damage":0.0,"enemies":"2 Louse","floor":3.0,"turns":4.0},{"damage":6.0,"enemies":"Looter","floor":4.0,"turns":4.0},{"damage":9.0,"enemies":"Exordium Wildlife","floor":5.0,"turns":5.0},{"damage":0.0,"enemies":"Blue Slaver","floor":7.0,"turns":3.0},{"damage":0.0,"enemies":"Exordium Thugs","floor":8.0,"turns":4.0},{"damage":10.0,"enemies":"3 Sentries","floor":10.0,"turns":6.0},{"damage":1.0,"enemies":"Red Slaver","floor":11.0,"turns":4.0},{"damage":12.0,"enemies":"3 Sentries","floor":14.0,"turns":5.0},{"damage":15,"enemies":"The Guardian","floor":16,"turns":9}],"seed_played":"-3070749920996981794","potions_obtained":[{"floor":2.0,"key":"SkillPotion"},{"floor":4.0,"key":"CunningPotion"},{"floor":5.0,"key":"Fruit Juice"},{"floor":8.0,"key":"Poison Potion"},{"floor":10.0,"key":"PowerPotion"}],"is_trial":false,"path_per_floor":["M","M","M","M","M","R","M","M","T","E","M","?","R","?","R","B"],"character_chosen":"THE_SILENT","items_purchased":[],"campfire_rested":0,"item_purchase_floors":[],"current_hp_per_floor":[58,58,58,52,48,48,48,48,58,48,47,36,36,24,24,9,9],"gold":464,"neow_bonus":"THREE_CARDS","is_daily":false,"chose_seed":false,"campfire_upgraded":3,"win_rate":0.0,"timestamp":1610355558,"path_taken":["M","?","M","M","M","R","M","M","T","E","M","?","R","?","R","BOSS"],"items_purchased_type":[],"build_version":"2020-12-22","purchased_purges":0,"victory":false,"max_hp_per_floor":[70,70,70,70,75,75,75,75,85,85,85,85,85,85,85,85,85],"card_choices":[{"not_picked":["Catalyst","Dodge and Roll"],"picked":"Backflip","floor":0.0},{"not_picked":["Dagger Spray","Backflip"],"picked":"Masterful Stab","floor":1.0},{"not_picked":["Dodge and Roll","Slice","Bane"],"picked":"SKIP","floor":2.0},{"not_picked":["All Out Attack","Acrobatics"],"picked":"Crippling Poison","floor":3.0},{"not_picked":["Flying Knee","PiercingWail"],"picked":"Cloak And Dagger","floor":4.0},{"not_picked":["Bane","Terror"],"picked":"Masterful Stab","floor":5.0},{"not_picked":["Flying Knee","Cloak And Dagger"],"picked":"Tactician","floor":7.0},{"not_picked":["Terror","Cloak And Dagger"],"picked":"Burst","floor":8.0},{"not_picked":["Flying Knee","Flechettes"],"picked":"Blade Dance","floor":10.0},{"not_picked":["Cloak And Dagger","Bane"],"picked":"Quick Slash","floor":11.0},{"not_picked":["Acrobatics","Dodge and Roll"],"picked":"Corpse Explosion","floor":14.0}],"player_experience":131010,"relics_obtained":[{"floor":9.0,"key":"Pear"},{"floor":10.0,"key":"Happy Flower"},{"floor":14.0,"key":"Orichalcum"}],"event_choices":[{"damage_healed":0.0,"max_hp_gain":0.0,"max_hp_loss":0.0,"gold_gain":75.0,"event_name":"World of Goop","player_choice":"Gather Gold","floor":12.0,"gold_loss":0.0,"damage_taken":11.0},{"damage_healed":0.0,"max_hp_gain":0.0,"max_hp_loss":0.0,"gold_gain":30.0,"event_name":"Dead Adventurer","player_choice":"Searched \u00273\u0027 times","floor":14.0,"gold_loss":0.0,"damage_taken":0.0}],"is_beta":false,"boss_relics":[],"items_purged_floors":[],"is_endless":false,"potions_floor_spawned":[2,4,5,8,10],"killed_by":"The Guardian","ascension_level":7}}