{"host":"s5i48q09v0un9rqc","time":1610341777,"event":{"mods":["BaseMod","BetterRewards","Highlight Path","Minty Spire (QoL Compilation)","Rare Cards Sparkle","Shop Mod"],"gold_per_floor":[116,131,149,159,159,187,187,187,187,187,200,150,150,176,176,250,250,262,276,201,218,245,245,274,274,274],"floor_reached":25,"playtime":677,"items_purged":["Strike_R","Strike_R"],"score":520,"play_id":"48089412-07bb-481d-8403-47f09b980c2e","local_time":"20210111130937","is_ascension_mode":true,"campfire_choices":[{"data":"Searing Blow+1","floor":8.0,"key":"SMITH"},{"data":"Searing Blow+2","floor":10.0,"key":"SMITH"},{"data":"Searing Blow+3","floor":13.0,"key":"SMITH"},{"data":"Searing Blow+4","floor":15.0,"key":"SMITH"},{"data":"Searing Blow+5","floor":23.0,"key":"SMITH"}],"circlet_count":0,"master_deck":["AscendersBane","Strike_R","Strike_R","Defend_R","Defend_R","Defend_R","Defend_R","Bash","Searing Blow+6","Dark Embrace","Feel No Pain","Feed","Barricade","Burning Pact"],"relics":["Burning Blood","Sundial","Orrery","Matryoshka","Tiny Chest","Dream Catcher","Smiling Mask","Juzu Bracelet","Gremlin Horn","Velvet Choker","Pen Nib","Omamori"],"acts_visited":["Exordium","TheCity"],"potions_floor_usage":[24],"damage_taken":[{"damage":6.0,"enemies":"Cultist","floor":1.0,"turns":4.0},{"damage":13.0,"enemies":"Small Slimes","floor":2.0,"turns":4.0},{"damage":7.0,"enemies":"Jaw Worm","floor":3.0,"turns":3.0},{"damage":8.0,"enemies":"Exordium Wildlife","floor":4.0,"turns":5.0},{"damage":25.0,"enemies":"Lagavulin","floor":6.0,"turns":7.0},{"damage":7.0,"enemies":"Looter","floor":11.0,"turns":3.0},{"damage":8.0,"enemies":"Gremlin Nob","floor":14.0,"turns":3.0},{"damage":0.0,"enemies":"Slime Boss","floor":16.0,"turns":5.0},{"damage":28.0,"enemies":"3 Byrds","floor":18.0,"turns":6.0},{"damage":22.0,"enemies":"Spheric Guardian","floor":19.0,"turns":5.0},{"damage":28.0,"enemies":"Snake Plant","floor":21.0,"turns":3.0},{"damage":17,"enemies":"Slavers","floor":24,"turns":6},{"damage":0,"enemies":"3 Cultists","floor":25,"turns":3}],"seed_played":"-5510391307908116551","potions_obtained":[{"floor":3.0,"key":"Regen Potion"},{"floor":6.0,"key":"DuplicationPotion"},{"floor":14.0,"key":"LiquidMemories"},{"floor":16.0,"key":"DuplicationPotion"},{"floor":19.0,"key":"BlessingOfTheForge"}],"is_trial":false,"path_per_floor":["M","M","M","M","?","E","T","R","T","R","M","$","R","E","R","B",null,"M","M","?","M","T","R","E","M"],"character_chosen":"IRONCLAD","items_purchased":["Sundial","Orrery","Matryoshka","DistilledChaos"],"campfire_rested":0,"item_purchase_floors":[0,0,0,0],"current_hp_per_floor":[33,29,31,44,44,25,25,25,25,25,24,24,24,25,25,34,76,57,41,41,19,19,19,8,8,8],"gold":274,"neow_bonus":"","is_daily":false,"chose_seed":false,"campfire_upgraded":5,"win_rate":0.0,"timestamp":1610341777,"path_taken":["M","?","?","M","?","E","?","R","T","R","M","?","R","E","R","BOSS","M","M","?","M","?","R","E","M"],"items_purchased_type":["Relic","Relic","Relic","Potion"],"build_version":"2020-12-22","purchased_purges":2,"victory":false,"max_hp_per_floor":[75,78,81,84,84,84,84,84,84,84,84,84,84,87,87,90,90,93,93,93,93,93,93,93,93,93],"card_choices":[{"not_picked":["Armaments","Perfected Strike"],"picked":"Searing Blow","floor":0.0},{"not_picked":["Warcry","Flame Barrier"],"picked":"Dark Embrace","floor":0.0},{"not_picked":["Wild Strike","Thunderclap"],"picked":"Feel No Pain","floor":0.0},{"not_picked":["Uppercut","Searing Blow"],"picked":"Feed","floor":1.0},{"not_picked":["Sword Boomerang","Seeing Red","Carnage"],"picked":"SKIP","floor":2.0},{"not_picked":["Entrench","Heavy Blade","Warcry"],"picked":"SKIP","floor":3.0},{"not_picked":["Iron Wave","Thunderclap","Warcry"],"picked":"SKIP","floor":4.0},{"not_picked":["Anger","True Grit","Demon Form"],"picked":"SKIP","floor":6.0},{"not_picked":["Thunderclap","Pommel Strike","Infernal Blade"],"picked":"SKIP","floor":11.0},{"not_picked":["Combust","Spot Weakness","True Grit"],"picked":"SKIP","floor":14.0},{"not_picked":["Limit Break","Brutality"],"picked":"Barricade","floor":16.0},{"not_picked":["Heavy Blade","Headbutt","Clothesline"],"picked":"SKIP","floor":18.0},{"not_picked":["Dual Wield","Intimidate"],"picked":"Burning Pact","floor":19.0},{"not_picked":["Shockwave","Clothesline","Anger"],"picked":"SKIP","floor":21.0},{"not_picked":["Seeing Red","Hemokinesis","Burning Pact"],"picked":"SKIP","floor":24}],"player_experience":726456,"relics_obtained":[{"floor":6.0,"key":"Tiny Chest"},{"floor":7.0,"key":"Dream Catcher"},{"floor":7.0,"key":"Smiling Mask"},{"floor":9.0,"key":"Juzu Bracelet"},{"floor":14.0,"key":"Gremlin Horn"},{"floor":22.0,"key":"Pen Nib"},{"floor":24,"key":"Omamori"}],"event_choices":[{"damage_healed":0.0,"max_hp_gain":0.0,"max_hp_loss":0.0,"gold_gain":0.0,"event_name":"Living Wall","player_choice":"Grow","floor":5.0,"gold_loss":0.0,"damage_taken":0.0,"cards_upgraded":["Searing Blow"]},{"cards_removed":["Strike_R"],"damage_healed":0.0,"max_hp_gain":0.0,"max_hp_loss":0.0,"gold_gain":0.0,"event_name":"Beggar","player_choice":"Gave Gold","floor":20.0,"gold_loss":75.0,"damage_taken":0.0}],"is_beta":false,"boss_relics":[{"not_picked":["Fusion Hammer","Tiny House"],"picked":"Velvet Choker"}],"items_purged_floors":[0,12],"is_endless":false,"potions_floor_spawned":[3,6,14,16,19,21],"killed_by":"3 Cultists","ascension_level":17}}