{"host":"qheym18ww6mhskxf","time":1610401238,"event":{"mods":["BaseMod","CapriCore","Friendly Minions","GungeonMod","KOR Keyword Fix","Kiyohime£¨?ýï£©","Minty Spire (QoL Compilation)","Prisma Mod","Quick Restart","RRrroohrrRGHHhhh!!","Rare Cards Sparkle","Shop Mod","Spicy Shops","StSLib","Td1madao Mod","Username Fix"],"gold_per_floor":[112,128,128,144,144,144,174,190,190,56,70,96,114,127,127,222,222,236,246,262,105,105,105],"floor_reached":22,"playtime":1478,"items_purged":["Clumsy"],"score":508,"play_id":"7a442ff5-2d53-4a3b-967a-39289e35ead7","local_time":"20210112064038","daily_mods":["Heirloom","Time Dilation","DeadlyEvents","Elite Swarm"],"is_ascension_mode":true,"campfire_choices":[{"data":"PrismaMod:IllyaBride","floor":6.0,"key":"SMITH"},{"data":"Barricade","floor":15.0,"key":"SMITH"}],"circlet_count":0,"master_deck":["Strike_R","Strike_R","Strike_R","Strike_R","Defend_R","Defend_R","Defend_R","Defend_R","Bash","PrismaMod:IllyaBride+1","Pommel Strike","Barricade+1","PrismaMod:IllyaBerserCAR","Headbutt","Body Slam+1"],"relics":["Burning Blood","Thread and Needle","MerchantsRug","Akabeko","Girya","rorgmod:Black Star","Sling"],"acts_visited":["Exordium","TheCity"],"potions_floor_usage":[20],"damage_taken":[{"damage":0.0,"enemies":"Jaw Worm","floor":1.0,"turns":5.0},{"damage":0.0,"enemies":"Cultist","floor":2.0,"turns":3.0},{"damage":0.0,"enemies":"2 Louse","floor":4.0,"turns":2.0},{"damage":24.0,"enemies":"Lagavulin","floor":7.0,"turns":9.0},{"damage":0.0,"enemies":"2 Fungi Beasts","floor":8.0,"turns":5.0},{"damage":9.0,"enemies":"Exordium Thugs","floor":11.0,"turns":3.0},{"damage":12.0,"enemies":"Gremlin Nob","floor":12.0,"turns":4.0},{"damage":0.0,"enemies":"Red Slaver","floor":13.0,"turns":3.0},{"damage":12.0,"enemies":"Large Slime","floor":14.0,"turns":5.0},{"damage":0.0,"enemies":"The Guardian","floor":16.0,"turns":10.0},{"damage":2.0,"enemies":"Chosen","floor":18.0,"turns":4.0},{"damage":32.0,"enemies":"Shell Parasite","floor":19.0,"turns":7.0},{"damage":13,"enemies":"Cultist and Chosen","floor":20,"turns":5},{"damage":43,"enemies":"Snecko","floor":22,"turns":7}],"seed_played":"-8202145033210642112","potions_obtained":[{"floor":2.0,"key":"SkillPotion"},{"floor":7.0,"key":"ColorlessPotion"},{"floor":11.0,"key":"DemoMod:LeadSkinPotion"},{"floor":13.0,"key":"AttackPotion"},{"floor":14.0,"key":"EssenceOfSteel"},{"floor":19.0,"key":"SteroidPotion"}],"is_trial":true,"path_per_floor":["M","M","?","M","$","R","E","M","T","$","M","E","M","M","R","B",null,"M","M","M","$","M"],"character_chosen":"IRONCLAD","items_purchased":["MerchantsRug","Akabeko","Sling"],"campfire_rested":0,"item_purchase_floors":[10,10,21],"current_hp_per_floor":[78,80,80,80,80,80,62,68,68,68,65,59,65,59,59,65,76,80,54,47,47,4,4],"gold":105,"neow_bonus":"","is_daily":false,"chose_seed":false,"campfire_upgraded":2,"win_rate":0.0,"timestamp":1610401238,"path_taken":["M","M","?","M","$","R","?","M","T","$","M","E","?","M","R","BOSS","M","M","M","$","M"],"items_purchased_type":["Relic","Relic","Relic"],"build_version":"2020-12-22","purchased_purges":1,"victory":false,"max_hp_per_floor":[80,80,80,80,80,80,80,80,80,80,80,80,80,80,80,80,80,80,80,80,80,80,80],"card_choices":[{"not_picked":["Heavy Blade","Sword Boomerang","Hemokinesis"],"picked":"SKIP","floor":1.0},{"not_picked":["PrismaMod:IllyaCheapChannelAttack","Sword Boomerang"],"picked":"PrismaMod:IllyaBride","floor":2.0},{"not_picked":["Headbutt","Burning Pact"],"picked":"Pommel Strike","floor":4.0},{"not_picked":["PrismaMod:IllyaCarnivalOrbs","Feed","PrismaMod:IllyaUberAttackChannel"],"picked":"SKIP","floor":7.0},{"not_picked":["Whirlwind","PrismaMod:IllyaSaphire","PrismaMod:IllyaCheapChannelDefend"],"picked":"SKIP","floor":8.0},{"not_picked":["Sword Boomerang","PrismaMod:IllyaUberChannel","rorgmod:Searing Blow"],"picked":"SKIP","floor":11.0},{"not_picked":["Bludgeon","Juggernaut"],"picked":"Barricade","floor":12.0},{"not_picked":["True Grit","Twin Strike"],"picked":"PrismaMod:IllyaBerserCAR","floor":13.0},{"not_picked":["PrismaMod:IllyaFriendMaker","PrismaMod:IllyaCheapChannelDefend"],"picked":"Headbutt","floor":14.0},{"not_picked":["Body Slam","PrismaMod:IllyaUncommonAttack","Dual Wield"],"picked":"SKIP","floor":18.0},{"not_picked":["Seeing Red","Thunderclap"],"picked":"Body Slam+1","floor":19.0},{"not_picked":["Sever Soul","PrismaMod:IllyaCheapChannelDefend","PrismaMod:IllyaStunPoison"],"picked":"SKIP","floor":20}],"player_experience":575871,"relics_obtained":[{"floor":7.0,"key":"Du-Vu Doll"},{"floor":9.0,"key":"Gremlin Horn"},{"floor":12.0,"key":"Girya"}],"event_choices":[{"cards_removed":["Strike_R"],"damage_healed":0.0,"max_hp_gain":0.0,"max_hp_loss":0.0,"gold_gain":0.0,"event_name":"Bonfire Elementals","player_choice":"Offered Basic","floor":3.0,"gold_loss":0.0,"damage_taken":0.0}],"is_beta":false,"boss_relics":[{"not_picked":["Snecko Eye","Ectoplasm"],"picked":"rorgmod:Black Star"}],"items_purged_floors":[10],"is_endless":true,"potions_floor_spawned":[2,7,11,13,14,19],"killed_by":"Snecko","ascension_level":9}}