{"host":"3zhcrllo23fhqv4x","time":1610328007,"event":{"mods":["AchievementEnabler","BaseMod","Downfall","Hermit","Jorbs\u0027s Wanderer Trilogy","Marisa????????","Minty Spire (QoL Compilation)","Remilia??????","StSLib","The Cursed","The Disciple","The Hierophant","The Runesmith","The Servant 0.9.4"],"gold_per_floor":[349,364,464,66,80,94,120,295,308,158,158,169,169,184,203,203,203],"floor_reached":16,"playtime":601,"items_purged":["Shame"],"score":94,"play_id":"59375bed-41cb-4e18-a760-7808562ead26","local_time":"20210110202007","is_ascension_mode":false,"campfire_choices":[{"floor":1,"key":"RECALL"},{"floor":10,"key":"REST"},{"data":"Runesmith:LithiumIon","floor":13,"key":"SMITH"}],"circlet_count":0,"master_deck":["Runesmith:Strike_RS","Runesmith:Strike_RS","Runesmith:Strike_RS","Runesmith:Defend_RS","Runesmith:Defend_RS","Runesmith:Defend_RS","Runesmith:Defend_RS","Runesmith:CraftFirestone","Runesmith:Fortify","Runesmith:HeatedChisel","Runesmith:ChiselStab","Runesmith:LithiumIon+1","Runesmith:Terraform","Runesmith:Discharge","Runesmith:BackupBattery","Doubt","Runesmith:ChiselStab","Runesmith:Permafrost","Runesmith:CraftProtectio","Runesmith:BackupBattery","Runesmith:ShiftingStrike"],"relics":["Runesmith:BrokenRuby","Membership Card","Nunchaku","Orichalcum","downfall:HeartBlessingRed","downfall:HeartBlessingBlue"],"acts_visited":["Exordium"],"potions_floor_usage":[16,16],"damage_taken":[{"damage":6,"enemies":"2 Louse","floor":2,"turns":3},{"damage":1,"enemies":"downfall:FleeingMerchant","floor":4,"turns":4},{"damage":5,"enemies":"Small Slimes","floor":5,"turns":4},{"damage":2,"enemies":"Cultist","floor":6,"turns":3},{"damage":18,"enemies":"Red Slaver","floor":9,"turns":4},{"damage":10,"enemies":"Large Slime","floor":12,"turns":6},{"damage":13,"enemies":"Gremlin Gang","floor":14,"turns":5},{"damage":0,"enemies":"Large Slime","floor":15,"turns":4},{"damage":50,"enemies":"downfall:Defect","floor":16,"turns":5}],"seed_played":"4813676422962453752","potions_obtained":[{"floor":5,"key":"GamblersBrew"},{"floor":6,"key":"Swift Potion"},{"floor":9,"key":"EssenceOfSteel"},{"floor":12,"key":"hexamod:EctoCoolerPotion"},{"floor":15,"key":"Energy Potion"}],"is_trial":false,"path_per_floor":["R","M","?","$","M","M","T","?","M","R","?","M","R","M","M","B"],"character_chosen":"RUNESMITH_CLASS","items_purchased":["Membership Card","Nunchaku","Orichalcum","Runesmith:LithiumIon","Runesmith:Terraform"],"campfire_rested":1,"item_purchase_floors":[4,4,4,4,4],"current_hp_per_floor":[70,64,64,63,58,56,56,56,38,72,72,62,62,49,49,0,0],"gold":203,"neow_bonus":"TWO_FIFTY_GOLD","is_daily":false,"chose_seed":false,"campfire_upgraded":1,"win_rate":0.0,"timestamp":1610328007,"path_taken":["R","M","?","$","M","M","T","?","M","R","?","?","R","M","M","BOSS"],"items_purchased_type":["Relic","Relic","Relic","Card","Card"],"build_version":"2020-12-22","purchased_purges":1,"victory":false,"max_hp_per_floor":[70,70,70,70,70,70,70,70,70,80,80,80,80,80,80,80,80],"card_choices":[{"not_picked":["Runesmith:Prism","Runesmith:Repurpose"],"picked":"Runesmith:HeatedChisel","floor":2},{"not_picked":["Runesmith:MakeshiftArmor","Runesmith:Repurpose"],"picked":"Runesmith:ChiselStab","floor":4},{"not_picked":["Runesmith:Attraction","Runesmith:HeatExchange"],"picked":"Runesmith:Discharge","floor":5},{"not_picked":["Runesmith:RunicBlueprint","Runesmith:UnstableHammer"],"picked":"Runesmith:BackupBattery","floor":6},{"not_picked":["Runesmith:Terraform","Runesmith:DoubleUp"],"picked":"Runesmith:ChiselStab","floor":9},{"not_picked":["Runesmith:ChiselStab","Runesmith:HeatedChisel"],"picked":"Runesmith:CraftProtectio","floor":12},{"not_picked":["Runesmith:Overpower","Runesmith:PoweredAnvil"],"picked":"Runesmith:BackupBattery","floor":14},{"not_picked":["Runesmith:OneForEveryone","Runesmith:Repurpose"],"picked":"Runesmith:ShiftingStrike","floor":15}],"player_experience":288434,"relics_obtained":[],"event_choices":[{"damage_healed":0,"gold_gain":0,"cards_transformed":["Runesmith:Strike_RS"],"player_choice":"Transformed","damage_taken":0,"max_hp_gain":0,"max_hp_loss":0,"event_name":"Transmorgrifier","floor":11,"gold_loss":0,"cards_obtained":["Runesmith:Permafrost"]}],"is_beta":false,"boss_relics":[],"items_purged_floors":[4],"is_endless":false,"potions_floor_spawned":[5,6,9,12,15],"killed_by":"downfall:Defect","ascension_level":0}}