{"host":"qfrmffs8rw9cf08l","time":1610339277,"event":{"mods":["AchievementEnabler","BaseMod","Better Match","Better Note","Better Sensory Stone","Better Skull","Better Third Choice","BetterRewards","MarisaÅiñ∂âJÅ@ñÇóùçπÅj","Minty Spire (QoL Compilation)","Permanent Neow","Relic Filter","StSLib"],"gold_per_floor":[118,118,128,303,321,321,348,15,68,99,99,134,134,147,147,250,250,268,193,209,209,229,229,258,258,281,281,308,320,320,354,354,454,454,465,37,84,84,84,112,128,128,153,167,186,218,218,218,218,218,218,218,117,142,142],"floor_reached":56,"playtime":6240,"items_purged":["Defend_MRS","Doubt","Defend_MRS","CasketOfStar+1"],"score":1800,"play_id":"eb98e7e8-9051-4660-a4c4-65fa192a84bd","local_time":"20210111122757","is_ascension_mode":true,"campfire_choices":[{"data":"MasterSpark","floor":6.0,"key":"SMITH"},{"data":"CasketOfStar","floor":11.0,"key":"SMITH"},{"data":"UpSweep","floor":15.0,"key":"SMITH"},{"data":"6A","floor":23.0,"key":"SMITH"},{"data":"LuminesStrike","floor":25.0,"key":"SMITH"},{"data":"ShootTheMoon","floor":27.0,"key":"SMITH"},{"floor":30.0,"key":"REST"},{"floor":32.0,"key":"RECALL"},{"data":"EscapeVelocity","floor":42.0,"key":"SMITH"},{"floor":49.0,"key":"REST"},{"data":"Defend_MRS","floor":52.0,"key":"SMITH"}],"circlet_count":0,"master_deck":["Strike_MRS","Strike_MRS","Strike_MRS+1","Defend_MRS","Defend_MRS+1","MasterSpark+1","UpSweep+1","FairyDestructionRay+1","6A+1","MilkyWay+1","AsteroidBelt+1","OpenUniverse+1","EnergyRecoil+1","LuminesStrike+1","ShootTheMoon+1","6A+1","DoubleSpark+1","SprinkleStarSeal+1","BlazingStar+1","ChargingUp+1","MillisecondPulsars+1","UltimateShortwave+1","AsteroidBelt+1","NonDirectionalLaser+1","MagicAbsorber+1","Acceleration+1","MilkyWay+1","EscapeVelocity+1","GalacticHalo+1","Madness+1","Madness+1","GalacticHalo+1","AsteroidBelt+1","Acceleration+1","SporeBomb+1"],"relics":["MiniHakkero","Toxic Egg 2","Lantern","Frozen Eye","InkBottle","Lee\u0027s Waffle","Pear","Medical Kit","Art of War","Molten Egg 2","Bottled Flame","SlaversCollar","Boot","PreservedInsect","Tiny Chest","Orichalcum","Busted Crown","Singing Bowl","FossilizedHelix","Smiling Mask","Blood Vial","StoneCalendar","Bag of Marbles"],"acts_visited":["Exordium","TheCity","TheBeyond","TheEnding"],"potions_floor_usage":[55,55,55,55],"damage_taken":[{"damage":0.0,"enemies":"Cultist","floor":1.0,"turns":2.0},{"damage":0.0,"enemies":"2 Louse","floor":3.0,"turns":2.0},{"damage":0.0,"enemies":"Small Slimes","floor":5.0,"turns":3.0},{"damage":0.0,"enemies":"Gremlin Nob","floor":7.0,"turns":3.0},{"damage":12.0,"enemies":"3 Sentries","floor":10.0,"turns":4.0},{"damage":8.0,"enemies":"Lagavulin","floor":12.0,"turns":4.0},{"damage":0.0,"enemies":"Red Slaver","floor":14.0,"turns":2.0},{"damage":20.0,"enemies":"The Guardian","floor":16.0,"turns":10.0},{"damage":0.0,"enemies":"Shell Parasite","floor":18.0,"turns":3.0},{"damage":7.0,"enemies":"Chosen","floor":20.0,"turns":3.0},{"damage":0.0,"enemies":"Sentry and Sphere","floor":22.0,"turns":3.0},{"damage":12.0,"enemies":"Slavers","floor":24.0,"turns":4.0},{"damage":7.0,"enemies":"Gremlin Leader","floor":28.0,"turns":2.0},{"damage":3.0,"enemies":"Snecko","floor":29.0,"turns":3.0},{"damage":0.0,"enemies":"Book of Stabbing","floor":31.0,"turns":3.0},{"damage":17.0,"enemies":"Champ","floor":33.0,"turns":8.0},{"damage":6.0,"enemies":"3 Shapes","floor":35.0,"turns":4.0},{"damage":7.0,"enemies":"2 Orb Walkers","floor":37.0,"turns":3.0},{"damage":0.0,"enemies":"Nemesis","floor":40.0,"turns":3.0},{"damage":0.0,"enemies":"Orb Walker","floor":41.0,"turns":4.0},{"damage":0.0,"enemies":"Spire Growth","floor":44.0,"turns":4.0},{"damage":0.0,"enemies":"3 Darklings","floor":45.0,"turns":2.0},{"damage":2.0,"enemies":"Giant Head","floor":46.0,"turns":4.0},{"damage":20.0,"enemies":"Awakened One","floor":50.0,"turns":10.0},{"damage":12.0,"enemies":"Shield and Spear","floor":54.0,"turns":4.0},{"damage":41,"enemies":"The Heart","floor":55,"turns":6}],"seed_played":"-8133126097167332383","potions_obtained":[{"floor":3.0,"key":"ColorlessPotion"},{"floor":7.0,"key":"FearPotion"},{"floor":20.0,"key":"BlessingOfTheForge"},{"floor":22.0,"key":"PowerPotion"},{"floor":24.0,"key":"ColorlessPotion"},{"floor":29.0,"key":"EntropicBrew"},{"floor":31.0,"key":"DuplicationPotion"}],"is_trial":false,"path_per_floor":["M","?","M","?","M","R","E","$","T","E","R","E","?","M","R","B",null,"M","?","M","?","M","R","E","R","T","R","E","M","R","E","R","B",null,"M","$","?","?","?","E","M","R","T","M","M","E","T","?","R","B",null,"R","$","E","B",null],"character_chosen":"MARISA","items_purchased":["FairyDestructionRay","6A","Toxic Egg 2","Lantern","Frozen Eye","PowerUp+1","InkBottle","MilkyWay+1","Lee\u0027s Waffle","AsteroidBelt+1","FearPotion","Medical Kit","CasketOfStar","Singing Bowl","GalacticHalo+1","SporeBomb+1"],"campfire_rested":2,"item_purchase_floors":[0,0,0,0,0,0,0,0,0,0,0,8,8,36,36,53],"current_hp_per_floor":[82,66,66,66,66,66,76,76,76,64,64,56,47,47,47,27,92,92,92,85,85,85,85,73,73,73,73,66,63,90,90,90,73,92,86,86,81,69,69,69,71,71,71,73,73,71,71,71,98,78,98,98,98,88,49],"gold":142,"neow_bonus":"","is_daily":false,"chose_seed":false,"campfire_upgraded":8,"win_rate":0.0,"timestamp":1610339277,"path_taken":["M","?","M","?","M","R","E","$","T","E","R","E","?","M","R","BOSS","M","?","M","?","M","R","E","R","T","R","E","M","R","E","R","BOSS","M","$","?","?","?","E","M","R","T","M","M","E","?","?","R","BOSS","R","$","E","BOSS"],"items_purchased_type":["Card","Card","Relic","Relic","Relic","Card","Relic","Card","Relic","Card","Potion","Relic","Card","Relic","Card","Card"],"build_version":"2020-12-22","purchased_purges":4,"victory":true,"max_hp_per_floor":[82,82,82,82,82,82,92,92,92,92,92,92,92,92,92,92,92,92,92,92,92,92,92,92,92,92,92,92,92,92,92,92,92,92,92,92,94,94,94,94,96,96,96,98,98,98,98,98,98,98,98,98,98,100,100],"card_choices":[{"not_picked":["UnstableBomb","MilkyWay+1","RefractionSpark"],"picked":"SKIP","floor":1.0},{"not_picked":["AsteroidBelt+1","ShootingEcho"],"picked":"EnergyRecoil+1","floor":3.0},{"not_picked":["GasGiant+1","DoubleSpark"],"picked":"LuminesStrike","floor":5.0},{"not_picked":["DC","DarkSpark"],"picked":"ShootTheMoon","floor":7.0},{"not_picked":["DragonMeteor+1","Acceleration+1"],"picked":"6A+1","floor":10.0},{"not_picked":["LuminesStrike+1","WitchOfGreed"],"picked":"DoubleSpark+1","floor":12.0},{"not_picked":["MysteriousBeam+1","PowerUp+1"],"picked":"SprinkleStarSeal+1","floor":14.0},{"not_picked":["StarDustReverie+1","SatelliteIllusion"],"picked":"BlazingStar+1","floor":16.0},{"not_picked":["PropBag+1","WitchLeyline+1"],"picked":"ChargingUp+1","floor":18.0},{"not_picked":["FinalSpark+1","TreasureHunter+1"],"picked":"MillisecondPulsars+1","floor":19.0},{"not_picked":["MillisecondPulsars+1","MaximisePower+1"],"picked":"UltimateShortwave+1","floor":19.0},{"not_picked":["WitchOfGreed","EnergyRecoil+1"],"picked":"AsteroidBelt+1","floor":20.0},{"not_picked":["DoubleSpark+1","ChargeUpSpray+1"],"picked":"NonDirectionalLaser+1","floor":22.0},{"not_picked":["ShootTheMoon+1","CasketOfStar","MysteriousBeam+1"],"picked":"SKIP","floor":24.0},{"not_picked":["TreasureHunter+1","DC+1"],"picked":"MagicAbsorber+1","floor":28.0},{"not_picked":["FairyDestructionRay+1","PowerUp+1"],"picked":"Acceleration+1","floor":29.0},{"not_picked":["JA+1","ShootingEcho+1"],"picked":"MilkyWay+1","floor":31.0},{"not_picked":["BinaryStars+1","CasketOfStar"],"picked":"EscapeVelocity","floor":33.0},{"not_picked":["6A+1"],"picked":"SKIP","floor":35.0},{"not_picked":["WitchLeyline+1"],"picked":"Singing Bowl","floor":37.0},{"not_picked":[],"picked":"GalacticHalo+1","floor":40.0},{"not_picked":["OortCloud+1"],"picked":"Singing Bowl","floor":41.0},{"not_picked":["GrandCross+1"],"picked":"Singing Bowl","floor":44.0},{"not_picked":[],"picked":"AsteroidBelt+1","floor":45.0},{"not_picked":[],"picked":"Acceleration+1","floor":46.0},{"not_picked":["Acceleration+1"],"picked":"Singing Bowl","floor":54.0}],"player_experience":223174,"relics_obtained":[{"floor":7.0,"key":"Pear"},{"floor":9.0,"key":"Art of War"},{"floor":10.0,"key":"Molten Egg 2"},{"floor":12.0,"key":"Bottled Flame"},{"floor":24.0,"key":"Boot"},{"floor":26.0,"key":"PreservedInsect"},{"floor":28.0,"key":"Tiny Chest"},{"floor":31.0,"key":"Orichalcum"},{"floor":37.0,"key":"FossilizedHelix"},{"floor":40.0,"key":"Smiling Mask"},{"floor":46.0,"key":"Blood Vial"},{"floor":47.0,"key":"StoneCalendar"},{"floor":54.0,"key":"Bag of Marbles"}],"event_choices":[{"damage_healed":82.0,"max_hp_gain":0.0,"max_hp_loss":82.0,"gold_gain":0.0,"event_name":"betterThird:BetterShining","player_choice":"Upgrade","floor":2.0,"gold_loss":0.0,"damage_taken":16.0,"cards_upgraded":["Strike_MRS","Strike_MRS"]},{"damage_healed":0.0,"max_hp_gain":0.0,"max_hp_loss":0.0,"gold_gain":175.0,"event_name":"betterThird:BetterSerpent","player_choice":"AGREE","floor":4.0,"gold_loss":0.0,"damage_taken":128.0},{"damage_healed":0.0,"max_hp_gain":0.0,"max_hp_loss":0.0,"gold_gain":0.0,"event_name":"Wheel of Change","player_choice":"Damaged","floor":13.0,"gold_loss":0.0,"damage_taken":9.0},{"damage_healed":0.0,"max_hp_gain":0.0,"max_hp_loss":0.0,"gold_gain":0.0,"event_name":"betterMatch:BetterMatch","player_choice":"3","floor":19.0,"gold_loss":0.0,"damage_taken":0.0,"cards_obtained":["betterMatch:RareCard"]},{"damage_healed":0.0,"max_hp_gain":0.0,"max_hp_loss":0.0,"gold_gain":0.0,"event_name":"Accursed Blacksmith","player_choice":"Forge","floor":21.0,"gold_loss":0.0,"damage_taken":0.0,"cards_upgraded":["FairyDestructionRay"]},{"damage_healed":0.0,"max_hp_gain":0.0,"max_hp_loss":0.0,"gold_gain":0.0,"event_name":"Mysterious Sphere","player_choice":"Fight","floor":37.0,"gold_loss":0.0,"damage_taken":0.0},{"damage_healed":0.0,"max_hp_gain":0.0,"max_hp_loss":0.0,"gold_gain":0.0,"event_name":"Winding Halls","player_choice":"Embrace Madness","floor":38.0,"gold_loss":0.0,"damage_taken":12.0,"cards_obtained":["Madness","Madness"]},{"damage_healed":0.0,"max_hp_gain":0.0,"max_hp_loss":0.0,"gold_gain":0.0,"event_name":"Tomb of Lord Red Mask","player_choice":"Ignored","floor":39.0,"gold_loss":0.0,"damage_taken":0.0},{"cards_removed":["Strike_MRS"],"damage_healed":0.0,"max_hp_gain":0.0,"max_hp_loss":0.0,"gold_gain":0.0,"event_name":"Falling","player_choice":"Removed Attack","floor":48.0,"gold_loss":0.0,"damage_taken":0.0}],"is_beta":false,"boss_relics":[{"not_picked":["RampagingMagicTools","Snecko Eye"],"picked":"SlaversCollar"},{"not_picked":["Velvet Choker","Fusion Hammer"],"picked":"Busted Crown"}],"items_purged_floors":[0,8,36,53],"is_endless":false,"potions_floor_spawned":[3,7,20,22,24,29,31,35,40,41,54],"ascension_level":3}}