{"host":"6azrrw3tf7wb0f4b","time":1610352714,"event":{"mods":["BaseMod","DeckTracker","Minty Spire (QoL Compilation)","SuperFastMode"],"gold_per_floor":[118,118,132,148,172,172,190,233,233,267,267,288,68,84,84,214,214,239,239,264,204,25,50,69,69,69,90,40,73,73,89,89,214,214,233,248,47,110,124,160,160,160,160,160,198,227,266,284,284,284,284],"floor_reached":50,"playtime":2126,"items_purged":["Strike_B","All For One"],"score":886,"play_id":"bb301450-f036-467c-9cdb-790bf76ddcb3","local_time":"20210111171154","is_ascension_mode":true,"campfire_choices":[{"data":"Dualcast","floor":6,"key":"SMITH"},{"floor":15,"key":"REST"},{"floor":25,"key":"REST"},{"floor":30,"key":"REST"},{"data":"Turbo","floor":32,"key":"SMITH"},{"floor":42,"key":"REST"},{"data":"Darkness","floor":44,"key":"SMITH"},{"floor":49,"key":"REST"}],"circlet_count":0,"master_deck":["AscendersBane","Dualcast+1","Coolheaded","Melter","Go for the Eyes","Ball Lightning","Machine Learning","Consume","BootSequence","Loop","Storm","Reboot","Meteor Strike","Turbo+1","Reboot","Ball Lightning","Buffer","Double Energy","Static Discharge+1","Barrage","Heatsinks","Coolheaded+1","White Noise+1","Self Repair","Force Field","Darkness+1","Heatsinks+1","White Noise"],"relics":["Cracked Core","Golden Idol","Anchor","Kunai","Blood Vial","Odd Mushroom","Runic Capacitor","Pandora\u0027s Box","Membership Card","Cables","Nunchaku","Nuclear Battery","Torii","WingedGreaves","Emotion Chip","CeramicFish","Meat on the Bone"],"acts_visited":["Exordium","TheCity","TheBeyond"],"potions_floor_usage":[8,14,14,24,29,29,33,39,47,50],"damage_taken":[{"damage":2,"enemies":"Jaw Worm","floor":1,"turns":4},{"damage":0,"enemies":"Cultist","floor":3,"turns":3},{"damage":2,"enemies":"Small Slimes","floor":4,"turns":3},{"damage":0,"enemies":"3 Louse","floor":7,"turns":3},{"damage":4,"enemies":"3 Sentries","floor":8,"turns":5},{"damage":11,"enemies":"The Mushroom Lair","floor":10,"turns":4},{"damage":16,"enemies":"Exordium Wildlife","floor":12,"turns":3},{"damage":20,"enemies":"Gremlin Gang","floor":14,"turns":3},{"damage":25,"enemies":"The Guardian","floor":16,"turns":10},{"damage":2,"enemies":"Chosen","floor":18,"turns":4},{"damage":12,"enemies":"Shell Parasite","floor":20,"turns":3},{"damage":27,"enemies":"Chosen and Byrds","floor":23,"turns":5},{"damage":6,"enemies":"Snecko","floor":24,"turns":3},{"damage":9,"enemies":"Centurion and Healer","floor":27,"turns":7},{"damage":20,"enemies":"Gremlin Leader","floor":29,"turns":5},{"damage":16,"enemies":"Snake Plant","floor":31,"turns":4},{"damage":22,"enemies":"Champ","floor":33,"turns":7},{"damage":11,"enemies":"3 Darklings","floor":35,"turns":3},{"damage":8,"enemies":"3 Shapes","floor":36,"turns":6},{"damage":0,"enemies":"Mind Bloom Boss Battle","floor":38,"turns":6},{"damage":41,"enemies":"Transient","floor":39,"turns":5},{"damage":9,"enemies":"Nemesis","floor":40,"turns":7},{"damage":3,"enemies":"Giant Head","floor":45,"turns":7},{"damage":0,"enemies":"Maw","floor":46,"turns":7},{"damage":35,"enemies":"Nemesis","floor":47,"turns":5},{"damage":23,"enemies":"Writhing Mass","floor":48,"turns":3},{"damage":61,"enemies":"Donu and Deca","floor":50,"turns":7}],"seed_played":"8161121165210030582","potions_obtained":[{"floor":1,"key":"PowerPotion"},{"floor":3,"key":"SpeedPotion"},{"floor":12,"key":"LiquidBronze"},{"floor":18,"key":"SkillPotion"},{"floor":20,"key":"Explosive Potion"},{"floor":27,"key":"DuplicationPotion"},{"floor":29,"key":"FocusPotion"},{"floor":35,"key":"ColorlessPotion"},{"floor":38,"key":"LiquidBronze"},{"floor":45,"key":"SteroidPotion"},{"floor":47,"key":"PotionOfCapacity"}],"is_trial":false,"path_per_floor":["M","?","M","M","T","R","M","E","T","?","?","M","$","M","R","B",null,"M","?","M","?","$","M","M","R","T","M","$","E","R","M","R","B",null,"M","M","$","?","M","E","?","R","T","R","E","M","E","M","R","B"],"character_chosen":"DEFECT","items_purchased":["Runic Capacitor","Membership Card","Heatsinks","Self Repair","Force Field","Torii"],"campfire_rested":5,"item_purchase_floors":[13,22,22,37,37,37],"current_hp_per_floor":[66,48,48,46,46,46,46,42,42,33,38,24,24,6,30,7,62,62,62,52,52,52,27,23,47,47,40,40,22,46,32,32,12,63,54,48,48,57,25,25,25,47,47,47,53,62,36,27,49,0,0],"gold":284,"neow_bonus":"THREE_CARDS","is_daily":false,"chose_seed":false,"campfire_upgraded":3,"win_rate":0.0,"timestamp":1610352714,"path_taken":["M","?","M","M","?","R","?","E","T","?","?","M","$","M","R","BOSS","M","?","M","?","$","M","?","R","T","M","?","E","R","M","R","BOSS","M","M","$","?","M","E","?","R","T","R","E","M","E","M","R","BOSS"],"items_purchased_type":["Relic","Relic","Card","Card","Card","Relic"],"build_version":"2020-12-22","purchased_purges":2,"victory":false,"max_hp_per_floor":[75,75,75,75,75,75,75,75,75,75,80,80,80,80,80,80,80,80,80,80,80,80,80,80,80,80,80,80,80,80,80,80,80,80,80,80,80,80,80,80,76,76,76,76,76,76,76,76,76,76,76],"card_choices":[{"not_picked":["Blizzard","Go for the Eyes"],"picked":"Coolheaded","floor":0},{"not_picked":["Hello World","Rebound"],"picked":"Melter","floor":1},{"not_picked":["Steam","Scrape"],"picked":"Go for the Eyes","floor":3},{"not_picked":["Compile Driver","Conserve Battery"],"picked":"Ball Lightning","floor":4},{"not_picked":["Lockon","Go for the Eyes"],"picked":"Machine Learning","floor":7},{"not_picked":["Coolheaded","Stack"],"picked":"Consume","floor":8},{"not_picked":["Rebound","Steam"],"picked":"BootSequence","floor":10},{"not_picked":["Beam Cell","Stack"],"picked":"Loop","floor":12},{"not_picked":["Gash","Rip and Tear"],"picked":"Storm","floor":14},{"not_picked":["Multi-Cast","Fission"],"picked":"Reboot","floor":16},{"not_picked":["Hologram","Stack"],"picked":"Static Discharge+1","floor":18},{"not_picked":["Genetic Algorithm+1","Steam","Ball Lightning"],"picked":"SKIP","floor":20},{"not_picked":["Ball Lightning","Compile Driver","Thunder Strike"],"picked":"SKIP","floor":23},{"not_picked":["Gash","Rebound"],"picked":"Coolheaded+1","floor":24},{"not_picked":["Barrage","Steam","Reprogram"],"picked":"SKIP","floor":27},{"not_picked":["Static Discharge","Aggregate","Redo"],"picked":"SKIP","floor":29},{"not_picked":["Tempest+1","Storm"],"picked":"White Noise+1","floor":31},{"not_picked":["Compile Driver","Redo","Rip and Tear+1"],"picked":"SKIP","floor":35},{"not_picked":["Heatsinks","Sweeping Beam","Leap"],"picked":"SKIP","floor":36},{"not_picked":["Conserve Battery","Rebound"],"picked":"Darkness","floor":39},{"not_picked":["Turbo","Fission"],"picked":"Heatsinks+1","floor":40},{"not_picked":["Reprogram","Compile Driver","Sunder"],"picked":"SKIP","floor":45},{"not_picked":["Doom and Gloom","Auto Shields+1"],"picked":"White Noise","floor":46},{"not_picked":["Cold Snap","Leap","Ball Lightning"],"picked":"SKIP","floor":47},{"not_picked":["Redo+1","Rip and Tear","Rainbow"],"picked":"SKIP","floor":48}],"player_experience":689847,"relics_obtained":[{"floor":5,"key":"Anchor"},{"floor":8,"key":"Kunai"},{"floor":9,"key":"Blood Vial"},{"floor":10,"key":"Odd Mushroom"},{"floor":26,"key":"Cables"},{"floor":29,"key":"Nunchaku"},{"floor":38,"key":"WingedGreaves"},{"floor":40,"key":"Emotion Chip"},{"floor":45,"key":"CeramicFish"},{"floor":47,"key":"Meat on the Bone"}],"event_choices":[{"damage_healed":0,"gold_gain":0,"player_choice":"Take Damage","damage_taken":18,"relics_obtained":["Golden Idol"],"max_hp_gain":0,"max_hp_loss":0,"event_name":"Golden Idol","floor":2,"gold_loss":0},{"damage_healed":0,"gold_gain":0,"player_choice":"Fought Mushrooms","damage_taken":0,"max_hp_gain":0,"max_hp_loss":0,"event_name":"Mushrooms","floor":10,"gold_loss":0},{"damage_healed":0,"gold_gain":0,"player_choice":"Donut","damage_taken":0,"max_hp_gain":5,"max_hp_loss":0,"event_name":"Big Fish","floor":11,"gold_loss":0},{"damage_healed":0,"gold_gain":0,"player_choice":"Ignored","damage_taken":0,"max_hp_gain":0,"max_hp_loss":0,"event_name":"Vampires","floor":19,"gold_loss":0},{"damage_healed":0,"gold_gain":0,"cards_transformed":["Lockon","Zap"],"player_choice":"Transformed Cards","damage_taken":0,"max_hp_gain":0,"max_hp_loss":0,"event_name":"Designer","floor":21,"gold_loss":60,"cards_obtained":["All For One","Barrage"]},{"damage_healed":0,"gold_gain":0,"player_choice":"Fight","damage_taken":0,"max_hp_gain":0,"max_hp_loss":0,"event_name":"MindBloom","floor":38,"gold_loss":0},{"damage_healed":0,"gold_gain":0,"player_choice":"Max HP","damage_taken":0,"max_hp_gain":0,"max_hp_loss":4,"event_name":"Winding Halls","floor":41,"gold_loss":0}],"is_beta":false,"boss_relics":[{"not_picked":["Busted Crown","Velvet Choker"],"picked":"Pandora\u0027s Box"},{"not_picked":["Tiny House","Calling Bell"],"picked":"Nuclear Battery"}],"items_purged_floors":[13,28],"is_endless":false,"potions_floor_spawned":[1,3,12,18,20,27,29,35,38,45,47],"killed_by":"Donu and Deca","ascension_level":12}}