{"host":"840yoaz69lavfcgt","time":1610347242,"event":{"mods":["BaseMod","Colored Powertips","DeckTracker","Highlight Path","Minty Spire (QoL Compilation)","Synergy Search"],"gold_per_floor":[119,129,143,143,157,192,212,246,246,246,421,438,438,448,448,448,448],"floor_reached":16,"playtime":838,"items_purged":[],"score":114,"play_id":"0be86b1b-3187-4f12-8c17-7c75971f3050","local_time":"20210111014042","is_ascension_mode":false,"campfire_choices":[{"floor":13.0,"key":"REST"},{"data":"Judgement","floor":15.0,"key":"SMITH"}],"circlet_count":0,"master_deck":["Strike_P","Strike_P","Strike_P","Strike_P","Defend_P","Defend_P","Defend_P","Defend_P+1","Eruption","Vigilance","Prostrate+1","Protect+1","JustLucky","FollowUp","Judgement+1","EmptyBody","Prostrate","Doubt","Prostrate","FollowUp"],"relics":["PureWater","NeowsBlessing","War Paint","MealTicket","Toy Ornithopter","Matryoshka"],"acts_visited":["Exordium"],"potions_floor_usage":[],"damage_taken":[{"damage":0.0,"enemies":"Cultist","floor":1.0,"turns":1.0},{"damage":0.0,"enemies":"2 Louse","floor":2.0,"turns":1.0},{"damage":0.0,"enemies":"Jaw Worm","floor":3.0,"turns":1.0},{"damage":0.0,"enemies":"2 Fungi Beasts","floor":5.0,"turns":3.0},{"damage":30.0,"enemies":"Gremlin Nob","floor":6.0,"turns":5.0},{"damage":0.0,"enemies":"Large Slime","floor":7.0,"turns":4.0},{"damage":6.0,"enemies":"3 Sentries","floor":8.0,"turns":6.0},{"damage":0.0,"enemies":"Exordium Wildlife","floor":12.0,"turns":5.0},{"damage":4.0,"enemies":"Blue Slaver","floor":14.0,"turns":5.0},{"damage":57,"enemies":"Slime Boss","floor":16,"turns":9}],"seed_played":"3594140911765055017","potions_obtained":[{"floor":1.0,"key":"SmokeBomb"},{"floor":6.0,"key":"StancePotion"}],"is_trial":false,"path_per_floor":["M","M","M","?","M","E","M","E","T","T","?","M","R","M","R","B"],"character_chosen":"WATCHER","items_purchased":[],"campfire_rested":1,"item_purchase_floors":[],"current_hp_per_floor":[72,72,72,72,72,42,42,36,36,36,36,36,57,53,53,0,0],"gold":448,"neow_bonus":"THREE_ENEMY_KILL","is_daily":false,"chose_seed":false,"campfire_upgraded":1,"win_rate":0.0,"timestamp":1610347242,"path_taken":["M","?","M","?","M","E","M","E","T","?","?","M","R","M","R","BOSS"],"items_purchased_type":[],"build_version":"2020-12-22","purchased_purges":0,"victory":false,"max_hp_per_floor":[72,72,72,72,72,72,72,72,72,72,72,72,72,72,72,72,72],"card_choices":[{"not_picked":["Tantrum","WreathOfFlame"],"picked":"Prostrate","floor":1.0},{"not_picked":["FlyingSleeves","Evaluate"],"picked":"Protect","floor":2.0},{"not_picked":["Consecrate","FollowUp"],"picked":"JustLucky","floor":3.0},{"not_picked":["BowlingBash","Evaluate"],"picked":"FollowUp","floor":5.0},{"not_picked":["DeusExMachina","Nirvana"],"picked":"Judgement","floor":6.0},{"not_picked":["SashWhip","Conclude"],"picked":"EmptyBody","floor":7.0},{"not_picked":["EmptyBody","EmptyFist"],"picked":"Prostrate","floor":8.0},{"not_picked":["EmptyFist","Sanctity"],"picked":"Prostrate","floor":12.0},{"not_picked":["LikeWater","DeusExMachina"],"picked":"FollowUp","floor":14.0}],"player_experience":172104,"relics_obtained":[{"floor":6.0,"key":"War Paint"},{"floor":8.0,"key":"MealTicket"},{"floor":9.0,"key":"Toy Ornithopter"},{"floor":10.0,"key":"Matryoshka"}],"event_choices":[{"damage_healed":0.0,"max_hp_gain":0.0,"max_hp_loss":0.0,"gold_gain":0.0,"event_name":"Living Wall","player_choice":"Grow","floor":4.0,"gold_loss":0.0,"damage_taken":0.0,"cards_upgraded":["Prostrate"]},{"damage_healed":0.0,"max_hp_gain":0.0,"max_hp_loss":0.0,"gold_gain":175.0,"event_name":"Liars Game","player_choice":"AGREE","floor":11.0,"gold_loss":0.0,"damage_taken":0.0,"cards_obtained":["Doubt"]}],"is_beta":false,"boss_relics":[],"items_purged_floors":[],"is_endless":false,"potions_floor_spawned":[1,6],"killed_by":"Slime Boss","ascension_level":0}}