{"host":"gtv41eena9h15rk5","time":1610376902,"event":{"mods":["BaseMod","Downfall","Marisa£®ÏF”Í°°ƒß¿Ì…≥£©","Minty Spire (QoL Compilation)","Replay The Spire","Shop Mod","StSLib","The Bug Knight","The Construct","The Cursed","The Runesmith","The Servant 0.9.4","[IsaacMod]“‘»ˆº‚À˛"],"gold_per_floor":[211,223,223,223,12,37,37,37,61,94,94,109,123,135,135,135,135],"floor_reached":16,"playtime":780,"items_purged":[],"score":121,"play_id":"343acc48-3eea-4be2-9741-e13d3d453dbb","local_time":"20210111225502","is_ascension_mode":true,"campfire_choices":[{"floor":11,"key":"REST"},{"data":"Bouncing Flask","floor":15,"key":"SMITH"}],"circlet_count":0,"master_deck":["Strike_G","Strike_G","Strike_G","Strike_G","Strike_G","Defend_G","Defend_G","Defend_G","Defend_G","Survivor","Neutralize","Bomb","Acrobatics","Tactician+1","Footwork","Dodge and Roll","Acrobatics","Bouncing Flask+1","Backflip","Replay:Poison Smokescreen"],"relics":["Ring of the Snake","HushsDoor","SteamSale","Bag of Marbles","Omamori","Anchor","Orichalcum","Snack Pack","Boot","Potion Belt"],"acts_visited":["Exordium"],"potions_floor_usage":[16],"damage_taken":[{"damage":1,"enemies":"Cultist","floor":1,"turns":5},{"damage":0,"enemies":"Small Slimes","floor":2,"turns":3},{"damage":21,"enemies":"Replay:BlueRogue","floor":6,"turns":17},{"damage":30,"enemies":"Lagavulin","floor":10,"turns":13},{"damage":0,"enemies":"Jaw Worm","floor":12,"turns":4},{"damage":15,"enemies":"3 Louse","floor":13,"turns":5},{"damage":3,"enemies":"Looter","floor":14,"turns":3},{"damage":20,"enemies":"The Guardian","floor":16,"turns":2}],"seed_played":"-8494704233278376305","potions_obtained":[{"floor":1,"key":"SmokeBomb"},{"floor":14,"key":"Reflective Coating"}],"is_trial":false,"path_per_floor":["M","M","?","?","$","E","?","T","T","E","R","M","M","M","R","B"],"character_chosen":"THE_SILENT","items_purchased":["Footwork","Dodge and Roll","Omamori","Anchor"],"campfire_rested":1,"item_purchase_floors":[5,5,5,5],"current_hp_per_floor":[69,69,62,62,62,41,34,34,34,10,31,31,18,15,15,0,0],"gold":135,"neow_bonus":"HUNDRED_GOLD","is_daily":false,"chose_seed":false,"campfire_upgraded":1,"win_rate":0.0,"timestamp":1610376902,"path_taken":["M","M","?","?","$","E","?","?","T","E","R","M","M","M","R","BOSS"],"items_purchased_type":["Card","Card","Relic","Relic"],"build_version":"2020-12-22","purchased_purges":0,"victory":false,"max_hp_per_floor":[70,70,70,70,70,70,70,70,70,70,70,70,70,70,70,70,70],"card_choices":[{"not_picked":[],"picked":"Bomb","floor":0},{"not_picked":["Hidden Blade","Dagger Throw"],"picked":"Acrobatics","floor":1},{"not_picked":["Slice","Phantasmal Killer"],"picked":"Tactician","floor":2},{"not_picked":["Hidden Blade","Bomb"],"picked":"Acrobatics","floor":6},{"not_picked":["Dagger Spray","Underhanded Strike","Concentrate"],"picked":"SKIP","floor":10},{"not_picked":["Tactician","Choke"],"picked":"Bouncing Flask","floor":12},{"not_picked":["Deflect","Hidden Blade"],"picked":"Backflip","floor":13},{"not_picked":["ReplayTheSpireMod:Exploit Weakness","Predator"],"picked":"Replay:Poison Smokescreen","floor":14}],"player_experience":198157,"relics_obtained":[{"floor":6,"key":"Orichalcum"},{"floor":8,"key":"Snack Pack"},{"floor":9,"key":"Boot"},{"floor":10,"key":"Potion Belt"}],"event_choices":[{"damage_healed":0,"gold_gain":0,"player_choice":"Success","damage_taken":7,"relics_obtained":["Bag of Marbles"],"max_hp_gain":0,"max_hp_loss":0,"event_name":"Scrap Ooze","floor":3,"gold_loss":0},{"cards_removed":["Defend_G"],"damage_healed":0,"gold_gain":0,"player_choice":"Card Removal","damage_taken":7,"max_hp_gain":0,"max_hp_loss":0,"event_name":"Golden Wing","floor":7,"gold_loss":0}],"is_beta":false,"boss_relics":[],"items_purged_floors":[],"is_endless":false,"potions_floor_spawned":[1,14],"killed_by":"The Guardian","ascension_level":2}}