{"host":"w05x4i13f2m9joq1","time":1610333039,"event":{"mods":["Act Like it!","BaseMod","Colored Map","Colored Powertips","Duelist Mod","GifTheSpireLib","Googly Eyes","Lobotomy","LobotomyExtend","Marisa????????","Minty Spire (QoL Compilation)","StSLib"],"gold_per_floor":[141,316,316,334,42,42,72,89,89,124,124,140,168,180,180,277,277,261,273,273,12,12,12,46,46,100,100,125,140,140,140,140,243,93,106,126,46,46,46,74,21,21,21],"floor_reached":42,"playtime":2893,"items_purged":["Doubt"],"score":556,"play_id":"9b007584-d452-4d46-996e-8bdfb67b1b26","local_time":"20210110214359","is_ascension_mode":true,"campfire_choices":[{"data":"theDuelist:Kuriboh","floor":6.0,"key":"SMITH"},{"floor":15.0,"key":"REST"},{"data":"theDuelist:RainbowKuriboh","floor":23.0,"key":"SMITH"},{"data":"Mayhem","floor":25,"key":"SMITH"},{"floor":32,"key":"REST"}],"circlet_count":0,"master_deck":["theDuelist:CastleWalls","theDuelist:CastleWalls","theDuelist:DarkMagician","theDuelist:MysticalElf","theDuelist:MysticalElf+1","theDuelist:NeoMagic","theDuelist:NeoMagic","theDuelist:Sparks","theDuelist:Sparks","theDuelist:Sparks","theDuelist:LightningDarts+1","theDuelist:DarkPaladin","theDuelist:MagiciansRod","theDuelist:GeminiElf","theDuelist:Kuriboh+1","theDuelist:PowerKaishin","Mayhem+1","theDuelist:BlueDragonSummoner+1","theDuelist:RainbowKuriboh+1","theDuelist:SkilledDarkMagician","theDuelist:DarkMagicianGirl","theDuelist:RainbowMagician+1","theDuelist:InjectionFairy","theDuelist:InfernoFireBlast","theDuelist:ApprenticeIllusionMagician+2","theDuelist:InjectionFairy","theDuelist:GeminiElf","theDuelist:IceQueen","theDuelist:Terraforming+1","theDuelist:GateGuardian+1","theDuelist:WitchBlackRose","theDuelist:ApprenticeIllusionMagician+2","theDuelist:DarkHorizon+1","theDuelist:MysticalElf"],"relics":["theDuelist:MillenniumPuzzle","theDuelist:CardPoolRelic","theDuelist:CardPoolBasicRelic","theDuelist:BoosterPackPoolRelic","theDuelist:CardPoolAddRelic","theDuelist:CardPoolMinusRelic","theDuelist:CardPoolSaveRelic","theDuelist:CardPoolOptionsRelic","NeowsBlessing","theDuelist:InversionRelic","Juzu Bracelet","theDuelist:MillenniumArmor","Bronze Scales","theDuelist:ZoneToken","Sozu","Frozen Eye","MutagenicStrength","theDuelist:MillenniumPrayerbook","War Paint","Whetstone","theDuelist:WhiteBowlRelic","HoveringKite","Bottled Lightning"],"acts_visited":["Exordium","TheCity","TheBeyond"],"potions_floor_usage":[36,40],"damage_taken":[{"damage":0.0,"enemies":"Jaw Worm","floor":1.0,"turns":1.0},{"damage":0.0,"enemies":"Small Slimes","floor":4.0,"turns":1.0},{"damage":0.0,"enemies":"Lagavulin","floor":7.0,"turns":2.0},{"damage":15.0,"enemies":"2 Louse","floor":8.0,"turns":5.0},{"damage":34.0,"enemies":"3 Sentries","floor":10.0,"turns":6.0},{"damage":0.0,"enemies":"Lots of Slimes","floor":12.0,"turns":3.0},{"damage":9.0,"enemies":"Gremlin Nob","floor":13.0,"turns":6.0},{"damage":0.0,"enemies":"Blue Slaver","floor":14.0,"turns":3.0},{"damage":6.0,"enemies":"Hexaghost","floor":16.0,"turns":8.0},{"damage":0.0,"enemies":"2 Thieves","floor":18.0,"turns":4.0},{"damage":8.0,"enemies":"Spheric Guardian","floor":19.0,"turns":6.0},{"damage":6,"enemies":"Book of Stabbing","floor":24,"turns":5},{"damage":27,"enemies":"Slavers","floor":28,"turns":5},{"damage":0,"enemies":"3 Cultists","floor":29,"turns":6},{"damage":12,"enemies":"Champ","floor":33,"turns":8},{"damage":8,"enemies":"Orb Walker","floor":35,"turns":3},{"damage":24,"enemies":"3 Darklings","floor":36,"turns":4},{"damage":18,"enemies":"Nemesis","floor":40,"turns":7},{"damage":59,"enemies":"Reptomancer","floor":42,"turns":4}],"seed_played":"6394324274919498689","potions_obtained":[{"floor":7.0,"key":"EssenceOfSteel"},{"floor":10.0,"key":"theDuelist:SealedPackE"},{"floor":12.0,"key":"BlessingOfTheForge"},{"floor":16.0,"key":"Fire Potion"}],"is_trial":false,"path_per_floor":["M","?","?","M","$","R","E","M","T","E","?","M","E","M","R","B",null,"M","M","?","$","?","R","E","R","T","?","E","M","?","?","R","B",null,"M","M","$","?","?","E","$","E"],"character_chosen":"THE_DUELIST","items_purchased":["theDuelist:MagiciansRod","theDuelist:GeminiElf","theDuelist:Kuriboh","theDuelist:MillenniumPrayerbook","theDuelist:WitchBlackRose","theDuelist:MysticalElf"],"campfire_rested":2,"item_purchase_floors":[5,5,5,21,37,41],"current_hp_per_floor":[80,80,80,80,80,80,80,65,65,31,28,28,19,19,43,37,80,80,72,72,72,72,72,66,66,66,66,43,51,51,36,61,53,85,77,57,57,61,61,51,51,0,0],"gold":21,"neow_bonus":"THREE_ENEMY_KILL","is_daily":false,"chose_seed":false,"campfire_upgraded":3,"win_rate":0.0,"timestamp":1610333039,"path_taken":["M","?","?","?","$","R","E","M","T","E","?","M","E","M","R","BOSS","M","M","?","$","?","R","E","R","T","?","E","M","?","?","R","BOSS","M","M","$","?","?","E","?","E"],"items_purchased_type":["Card","Card","Card","Relic","Card","Card"],"build_version":"2020-12-22","purchased_purges":1,"victory":false,"max_hp_per_floor":[80,80,80,80,80,80,80,80,80,80,80,80,80,80,80,80,80,80,80,80,80,80,80,80,80,80,80,80,80,80,85,85,85,85,85,85,85,85,85,85,85,85,85],"card_choices":[{"not_picked":["theDuelist:ClearKuriboh","theDuelist:SphereKuriboh","theDuelist:Wiretap","theDuelist:DestructPotion"],"picked":"theDuelist:LightningDarts","floor":1.0},{"not_picked":["theDuelist:GuardianAngel","theDuelist:WitchBlackRose","theDuelist:CharcoalInpachi","theDuelist:ThousandEyesRestrict"],"picked":"theDuelist:DarkPaladin","floor":4.0},{"not_picked":["theDuelist:InfernoFireBlast","theDuelist:MagicalBlast","theDuelist:ContractExodia","theDuelist:BookSecret"],"picked":"theDuelist:PowerKaishin","floor":7.0},{"not_picked":["Apotheosis","PanicButton","Swift Strike"],"picked":"Mayhem","floor":8.0},{"not_picked":["theDuelist:BlizzardWarrior","theDuelist:ExodiaRL","theDuelist:MysticalElf","theDuelist:Graverobber"],"picked":"theDuelist:BlueDragonSummoner","floor":10.0},{"not_picked":["theDuelist:CrystalWingDragon","theDuelist:GreenGraveOni","theDuelist:GreyGreedOni","theDuelist:PurplePainOni"],"picked":"theDuelist:RainbowKuriboh","floor":12.0},{"not_picked":["theDuelist:SpellShatteringArrow","theDuelist:BlizzardWarrior","theDuelist:SangaThunder","theDuelist:NeoMagic"],"picked":"theDuelist:SkilledDarkMagician","floor":13.0},{"not_picked":["theDuelist:SangaThunder","theDuelist:MysticalElf","theDuelist:PowerKaishin","theDuelist:BlizzardWarrior"],"picked":"theDuelist:DarkMagicianGirl","floor":14.0},{"not_picked":["theDuelist:RainbowDarkDragon","theDuelist:IrisEarthMother","theDuelist:RainbowKuriboh","theDuelist:RainbowOverdragon"],"picked":"theDuelist:RainbowMagician","floor":16.0},{"not_picked":["theDuelist:SpellShatteringArrow","theDuelist:NeoMagic","theDuelist:DarkMagician","theDuelist:SangaEarth"],"picked":"theDuelist:InjectionFairy","floor":18.0},{"not_picked":["theDuelist:SpellShatteringArrow","theDuelist:BlizzardWarrior+1","theDuelist:NeoMagic+1","theDuelist:DarkMagician"],"picked":"theDuelist:InfernoFireBlast","floor":19.0},{"not_picked":["theDuelist:DarkMagician","theDuelist:NeoMagic+1","theDuelist:SangaThunder","theDuelist:BlizzardWarrior"],"picked":"theDuelist:ApprenticeIllusionMagician+1","floor":24},{"not_picked":["theDuelist:DarkMagician","theDuelist:NeoMagic","theDuelist:SangaThunder","theDuelist:GuardianAngel"],"picked":"theDuelist:InjectionFairy","floor":28},{"not_picked":["theDuelist:SangaThunder","theDuelist:Mudballman","theDuelist:CallAtlanteans","theDuelist:LegendaryFlameLord"],"picked":"theDuelist:GeminiElf","floor":29},{"not_picked":["theDuelist:SangaWater+1","theDuelist:GateGuardian","theDuelist:GrandSpellbookTower","theDuelist:RainbowMagician+1"],"picked":"theDuelist:IceQueen","floor":33},{"not_picked":["theDuelist:Hinotama+1","theDuelist:DokiDoki+1","theDuelist:ShardGreed","theDuelist:BigKoala"],"picked":"theDuelist:Terraforming+1","floor":35},{"not_picked":["theDuelist:BlizzardPrincess+1","theDuelist:ExodiaLA+1"],"picked":"theDuelist:GateGuardian+1","floor":36},{"not_picked":["theDuelist:InfernoFireBlast+2","theDuelist:SilentDoom+2","theDuelist:Wildfire+1","theDuelist:CharcoalInpachi+1"],"picked":"theDuelist:ApprenticeIllusionMagician+2","floor":39},{"not_picked":["theDuelist:SkilledDarkMagician+1","theDuelist:ExodiaLA+1","theDuelist:Illusionist+1","theDuelist:Yami"],"picked":"theDuelist:DarkHorizon+1","floor":40}],"player_experience":74169,"relics_obtained":[{"floor":7.0,"key":"theDuelist:InversionRelic"},{"floor":9.0,"key":"Juzu Bracelet"},{"floor":10.0,"key":"theDuelist:MillenniumArmor"},{"floor":13.0,"key":"theDuelist:ZoneToken"},{"floor":24,"key":"War Paint"},{"floor":26,"key":"Whetstone"},{"floor":28,"key":"theDuelist:WhiteBowlRelic"},{"floor":40,"key":"Bottled Lightning"}],"event_choices":[{"damage_healed":0.0,"max_hp_gain":0.0,"max_hp_loss":0.0,"gold_gain":175.0,"event_name":"Liars Game","player_choice":"AGREE","floor":2.0,"gold_loss":0.0,"damage_taken":0.0,"cards_obtained":["Doubt"]},{"damage_healed":0.0,"max_hp_gain":0.0,"max_hp_loss":0.0,"gold_gain":0.0,"event_name":"Golden Idol","player_choice":"Ignored","floor":3.0,"gold_loss":0.0,"damage_taken":0.0},{"damage_healed":0.0,"max_hp_gain":0.0,"max_hp_loss":0.0,"gold_gain":0.0,"event_name":"Scrap Ooze","player_choice":"Success","floor":11.0,"gold_loss":0.0,"damage_taken":3.0,"relics_obtained":["Bronze Scales"]},{"damage_healed":0.0,"max_hp_gain":0.0,"max_hp_loss":0.0,"gold_gain":0.0,"event_name":"Drug Dealer","player_choice":"Inject Mutagens","floor":20.0,"gold_loss":0.0,"damage_taken":0.0,"relics_obtained":["MutagenicStrength"]},{"damage_healed":0.0,"max_hp_gain":0.0,"max_hp_loss":0.0,"gold_gain":0.0,"event_name":"Accursed Blacksmith","player_choice":"Forge","floor":22.0,"gold_loss":0.0,"damage_taken":0.0,"cards_upgraded":["theDuelist:RainbowMagician"]},{"damage_healed":0,"gold_gain":0,"player_choice":"Ignored","damage_taken":0,"max_hp_gain":0,"max_hp_loss":0,"event_name":"Vampires","floor":27,"gold_loss":0},{"damage_healed":0,"gold_gain":0,"player_choice":"Ignored","damage_taken":0,"max_hp_gain":0,"max_hp_loss":0,"event_name":"Ghosts","floor":30,"gold_loss":0},{"damage_healed":0,"gold_gain":0,"player_choice":"Shed Blood","damage_taken":20,"max_hp_gain":5,"max_hp_loss":0,"event_name":"Forgotten Altar","floor":31,"gold_loss":0},{"damage_healed":0,"gold_gain":0,"player_choice":"Memory 1","damage_taken":0,"max_hp_gain":0,"max_hp_loss":0,"event_name":"SensoryStone","floor":39,"gold_loss":0}],"is_beta":false,"boss_relics":[{"not_picked":["SlaversCollar","theDuelist:GamblerChip"],"picked":"Sozu"},{"not_picked":["Velvet Choker","Tiny House"],"picked":"HoveringKite"}],"items_purged_floors":[5],"is_endless":false,"potions_floor_spawned":[7,10,12,16,19,28,40],"killed_by":"Reptomancer","ascension_level":2}}