{"host":"oehe2dxjvdgux73m","time":1610352158,"event":{"mods":["AchievementEnabler","BaseMod","Colored Map","Colored Powertips","DeckTracker","Keyboard Shortcuts","Minty Spire (QoL Compilation)","Permanent Neow","Quick Restart","StSLib","SuperFastMode"],"gold_per_floor":[116,41,57,57,57,87,87,118,118,128,153,53,53,72,72,168,168,181,36,46,56,75,75,75,107,107,119,119,146,146,21,21,124,124,142,32,32,0,0,35,35,52,77,89,41,66,66,83,83,83],"floor_reached":51,"playtime":1843,"items_purged":["Strike_R","Strike_R","Defend_R"],"score":921,"play_id":"03fec21d-a2f7-43bc-b543-7fc74b994e0b","local_time":"20210111170238","is_ascension_mode":true,"campfire_choices":[{"data":"Bash","floor":7.0,"key":"SMITH"},{"data":"Flex","floor":13.0,"key":"SMITH"},{"data":"Battle Trance","floor":15.0,"key":"SMITH"},{"data":"Berserk","floor":23.0,"key":"SMITH"},{"data":"Pommel Strike","floor":28.0,"key":"SMITH"},{"floor":30,"key":"REST"},{"floor":32,"key":"REST"},{"data":"Spot Weakness","floor":41,"key":"SMITH"},{"data":"Heavy Blade","floor":47,"key":"SMITH"},{"data":"Fire Breathing","floor":49,"key":"SMITH"}],"circlet_count":0,"master_deck":["Strike_R","Defend_R","Bash+1","Flex+1","Sword Boomerang","Fire Breathing+1","Cleave","Battle Trance+1","Shrug It Off","Berserk+1","Pommel Strike+1","Flex+1","Heavy Blade+1","Headbutt+1","Heavy Blade+1","Spot Weakness+1","Power Through+1","Reaper","Immolate","Bloodletting","Sword Boomerang+1"],"relics":["Burning Blood","Orichalcum","Self Forming Clay","HornCleat","Lantern","Empty Cage","DollysMirror","Shuriken","Pantograph","Kunai","Mark of Pain","Red Mask","Champion Belt","StoneCalendar","Omamori","Strawberry"],"acts_visited":["Exordium","TheCity","TheBeyond"],"potions_floor_usage":[29,40,44,46,50,50],"damage_taken":[{"damage":10.0,"enemies":"Small Slimes","floor":1.0,"turns":3.0},{"damage":1.0,"enemies":"Cultist","floor":3.0,"turns":4.0},{"damage":10.0,"enemies":"Gremlin Nob","floor":6.0,"turns":3.0},{"damage":19.0,"enemies":"3 Sentries","floor":8.0,"turns":4.0},{"damage":0.0,"enemies":"2 Louse","floor":10.0,"turns":3.0},{"damage":6.0,"enemies":"Lagavulin","floor":11.0,"turns":3.0},{"damage":3.0,"enemies":"Blue Slaver","floor":14.0,"turns":5.0},{"damage":37.0,"enemies":"Hexaghost","floor":16.0,"turns":9.0},{"damage":2.0,"enemies":"Spheric Guardian","floor":18.0,"turns":3.0},{"damage":6.0,"enemies":"Shell Parasite","floor":20.0,"turns":2.0},{"damage":0.0,"enemies":"Snake Plant","floor":21.0,"turns":1.0},{"damage":12.0,"enemies":"Centurion and Healer","floor":22.0,"turns":3.0},{"damage":44.0,"enemies":"Slavers","floor":25.0,"turns":5.0},{"damage":0.0,"enemies":"3 Cultists","floor":27.0,"turns":3.0},{"damage":29,"enemies":"Book of Stabbing","floor":29,"turns":5},{"damage":70,"enemies":"Collector","floor":33,"turns":10},{"damage":10,"enemies":"Orb Walker","floor":35,"turns":2},{"damage":29,"enemies":"Giant Head","floor":40,"turns":6},{"damage":9,"enemies":"3 Shapes","floor":42,"turns":3},{"damage":45,"enemies":"Maw","floor":44,"turns":7},{"damage":20,"enemies":"Reptomancer","floor":46,"turns":4},{"damage":5,"enemies":"Jaw Worm Horde","floor":48,"turns":3},{"damage":79,"enemies":"Time Eater","floor":50,"turns":7}],"seed_played":"-8417169689555740696","potions_obtained":[{"floor":0.0,"key":"SneckoOil"},{"floor":0.0,"key":"Fruit Juice"},{"floor":0.0,"key":"CultistPotion"},{"floor":3.0,"key":"SteroidPotion"},{"floor":6.0,"key":"BlessingOfTheForge"},{"floor":8.0,"key":"Fire Potion"},{"floor":14.0,"key":"Explosive Potion"},{"floor":16.0,"key":"DuplicationPotion"},{"floor":20.0,"key":"Swift Potion"},{"floor":22.0,"key":"Fire Potion"},{"floor":33,"key":"Regen Potion"},{"floor":35,"key":"Energy Potion"},{"floor":42,"key":"BlessingOfTheForge"},{"floor":48,"key":"ColorlessPotion"}],"is_trial":false,"path_per_floor":["M","$","M","?","?","E","R","E","T","M","E","$","R","M","R","B",null,"M","$","M","M","M","R","?","E","T","M","R","E","R","$","R","B",null,"M","$","?","?","T","E","R","M","T","M","$","E","R","M","R","B",null],"character_chosen":"IRONCLAD","items_purchased":["DollysMirror","Bloodletting","DuplicationPotion","Strength Potion"],"campfire_rested":2,"item_purchase_floors":[19,36,36,45],"current_hp_per_floor":[76,76,85,90,90,86,86,73,73,79,79,79,79,82,82,51,90,90,90,90,90,84,84,66,28,28,34,34,11,39,39,67,28,95,95,95,95,95,95,72,72,81,81,60,60,77,77,78,78,29],"gold":83,"neow_bonus":"THREE_SMALL_POTIONS","is_daily":false,"chose_seed":false,"campfire_upgraded":8,"win_rate":0.0,"timestamp":1610352158,"path_taken":["M","$","M","?","?","E","R","E","T","?","E","$","R","M","R","BOSS","M","$","M","M","M","R","?","E","T","M","R","E","R","$","R","BOSS","M","$","?","?","?","E","R","?","T","?","$","E","R","M","R","BOSS"],"items_purchased_type":["Relic","Card","Potion","Potion"],"build_version":"2020-12-22","purchased_purges":3,"victory":true,"max_hp_per_floor":[80,80,85,90,90,90,90,90,90,90,90,90,90,90,90,90,90,90,90,90,90,90,90,95,95,95,95,95,95,95,95,95,95,95,95,95,95,95,95,95,95,95,95,95,95,102,102,102,102,102],"card_choices":[{"not_picked":["Juggernaut","Havoc"],"picked":"Flex","floor":1.0},{"not_picked":["Flex","Twin Strike"],"picked":"Sword Boomerang","floor":3.0},{"not_picked":["Second Wind","Sever Soul"],"picked":"Cleave","floor":6.0},{"not_picked":["Rampage","Infernal Blade"],"picked":"Battle Trance","floor":8.0},{"not_picked":["Flex","Dual Wield","True Grit"],"picked":"SKIP","floor":10.0},{"not_picked":["Clash","Warcry","Metallicize"],"picked":"SKIP","floor":11.0},{"not_picked":["Entrench","Fire Breathing"],"picked":"Shrug It Off","floor":14.0},{"not_picked":["Bludgeon","Barricade"],"picked":"Berserk","floor":16.0},{"not_picked":["Dark Embrace","Power Through"],"picked":"Pommel Strike","floor":18.0},{"not_picked":["Combust","Fire Breathing"],"picked":"Heavy Blade","floor":20.0},{"not_picked":["Combust","Dual Wield"],"picked":"Headbutt+1","floor":21.0},{"not_picked":["Cleave","Headbutt"],"picked":"Heavy Blade+1","floor":22.0},{"not_picked":["True Grit","Bloodletting"],"picked":"Spot Weakness","floor":25.0},{"not_picked":["Clothesline","Sword Boomerang"],"picked":"Power Through+1","floor":27.0},{"not_picked":["Twin Strike","Armaments+1"],"picked":"Reaper","floor":29},{"not_picked":["Feed","Brutality"],"picked":"Immolate","floor":33},{"not_picked":["Clash","True Grit+1","Sentinel"],"picked":"SKIP","floor":35},{"not_picked":["Clothesline","Heavy Blade+1","Perfected Strike"],"picked":"SKIP","floor":40},{"not_picked":["Rage","Cleave+1","Body Slam+1"],"picked":"SKIP","floor":42},{"not_picked":["Cleave+1","Heavy Blade+1"],"picked":"Sword Boomerang+1","floor":44},{"not_picked":["Dual Wield","Perfected Strike+1","Heavy Blade"],"picked":"SKIP","floor":46},{"not_picked":["Sword Boomerang","Berserk","Warcry"],"picked":"SKIP","floor":48}],"player_experience":96771,"relics_obtained":[{"floor":6.0,"key":"Orichalcum"},{"floor":8.0,"key":"Self Forming Clay"},{"floor":9.0,"key":"HornCleat"},{"floor":11.0,"key":"Lantern"},{"floor":25.0,"key":"Shuriken"},{"floor":26.0,"key":"Pantograph"},{"floor":29,"key":"Kunai"},{"floor":39,"key":"Champion Belt"},{"floor":40,"key":"StoneCalendar"},{"floor":43,"key":"Omamori"},{"floor":46,"key":"Strawberry"}],"event_choices":[{"damage_healed":0.0,"max_hp_gain":5.0,"max_hp_loss":0.0,"gold_gain":0.0,"event_name":"Big Fish","player_choice":"Donut","floor":4.0,"gold_loss":0.0,"damage_taken":0.0},{"damage_healed":0.0,"max_hp_gain":0.0,"max_hp_loss":0.0,"gold_gain":0.0,"cards_transformed":["Strike_R"],"event_name":"Transmorgrifier","player_choice":"Transformed","floor":5.0,"gold_loss":0.0,"damage_taken":0.0,"cards_obtained":["Fire Breathing"]},{"damage_healed":0.0,"max_hp_gain":5.0,"max_hp_loss":0.0,"gold_gain":0.0,"event_name":"Forgotten Altar","player_choice":"Shed Blood","floor":24.0,"gold_loss":0.0,"damage_taken":23.0},{"cards_removed":["Defend_R"],"damage_healed":0,"gold_gain":0,"player_choice":"Removed Skill","damage_taken":0,"max_hp_gain":0,"max_hp_loss":0,"event_name":"Falling","floor":37,"gold_loss":0},{"damage_healed":0,"gold_gain":0,"player_choice":"Paid","damage_taken":0,"relics_obtained":["Red Mask"],"max_hp_gain":0,"max_hp_loss":0,"event_name":"Tomb of Lord Red Mask","floor":38,"gold_loss":32}],"is_beta":false,"boss_relics":[{"not_picked":["Pandora\u0027s Box","Astrolabe"],"picked":"Empty Cage"},{"not_picked":["Black Blood","Cursed Key"],"picked":"Mark of Pain"}],"items_purged_floors":[2,12,31],"is_endless":false,"potions_floor_spawned":[3,6,8,14,16,20,22,33,35,42,48],"ascension_level":3}}