{"host":"gj3450u0c4def4mj","time":1610332168,"event":{"mods":["2.2 Compatiblity","Act Like it!","BaseMod","Minty Spire (QoL Compilation)","Permanent Neow","StSLib","thorton"],"gold_per_floor":[112,37,37,37,61,61,92,92,92,144,144,200,246,292,292,726,726,752,798,852,909,957,1033,1065,1065,1065],"floor_reached":24,"playtime":1462,"items_purged":["Normality"],"score":255,"play_id":"1ae1230a-4613-4c78-a611-69430db94fcb","local_time":"20210110212928","is_ascension_mode":false,"campfire_choices":[{"data":"thethorton:CreditCard","floor":6.0,"key":"SMITH"},{"data":"thethorton:WhirlingBriefcase","floor":11.0,"key":"SMITH"},{"data":"thethorton:Heckle","floor":15.0,"key":"SMITH"}],"circlet_count":0,"master_deck":["thethorton:Strike+1","thethorton:Strike","thethorton:Strike","thethorton:Defend+1","thethorton:Defend+1","thethorton:Defend","thethorton:Defend","thethorton:Heckle+1","thethorton:CreditCard+2","thethorton:CowardiceForm","thethorton:CashBash","thethorton:WhirlingBriefcase+1","thethorton:GoldBuffer","thethorton:CannonShot","thethorton:Distance","thethorton:GoldBuffer","thethorton:Jackpot","thethorton:MomentaryBreak","thethorton:BattleTrash","thethorton:ShoutAndRun+1","thethorton:SheetShred"],"relics":["thethorton:CouragePotion","Mercury Hourglass","Incense Burner","War Paint","Sozu","Ornamental Fan"],"acts_visited":["Exordium","TheCity"],"potions_floor_usage":[23],"damage_taken":[{"damage":0.0,"enemies":"Cultist","floor":1.0,"turns":3.0},{"damage":10.0,"enemies":"Jaw Worm","floor":5.0,"turns":4.0},{"damage":0.0,"enemies":"Small Slimes","floor":7.0,"turns":4.0},{"damage":2.0,"enemies":"Lagavulin","floor":10.0,"turns":5.0},{"damage":17.0,"enemies":"3 Sentries","floor":12.0,"turns":6.0},{"damage":3.0,"enemies":"Gremlin Gang","floor":13.0,"turns":3.0},{"damage":5.0,"enemies":"Large Slime","floor":14.0,"turns":6.0},{"damage":6.0,"enemies":"Slime Boss","floor":16.0,"turns":12.0},{"damage":3.0,"enemies":"2 Thieves","floor":18.0,"turns":4.0},{"damage":13.0,"enemies":"Spheric Guardian","floor":19.0,"turns":6.0},{"damage":9.0,"enemies":"Snake Plant","floor":20.0,"turns":8.0},{"damage":14.0,"enemies":"Chosen and Byrds","floor":21.0,"turns":6.0},{"damage":26.0,"enemies":"Shelled Parasite and Fungi","floor":22.0,"turns":9.0},{"damage":3,"enemies":"Gremlin Leader","floor":23,"turns":7},{"damage":17,"enemies":"Cultist and Chosen","floor":24,"turns":6}],"seed_played":"4940654573152334891","potions_obtained":[{"floor":5.0,"key":"Strength Potion"},{"floor":7.0,"key":"CultistPotion"},{"floor":12.0,"key":"GamblersBrew"}],"is_trial":false,"path_per_floor":["M","$","?","$","M","R","M","?","T","E","R","E","M","M","R","B",null,"M","M","M","M","M","E","M"],"character_chosen":"THE_THORT","items_purchased":[],"campfire_rested":0,"item_purchase_floors":[],"current_hp_per_floor":[68,68,54,54,44,44,44,44,44,42,42,25,22,17,17,11,68,65,52,46,35,12,12,0,0,0],"gold":1065,"neow_bonus":"ONE_RANDOM_RARE_CARD","is_daily":false,"chose_seed":false,"campfire_upgraded":3,"win_rate":0.0,"timestamp":1610332168,"path_taken":["M","?","?","$","M","R","M","?","T","E","R","E","M","M","R","BOSS","M","?","M","M","M","E","M"],"items_purchased_type":[],"build_version":"2020-12-22","purchased_purges":1,"victory":false,"max_hp_per_floor":[68,68,68,68,68,68,68,68,68,68,68,68,68,68,68,68,68,68,68,68,68,68,68,68,68,68],"card_choices":[{"not_picked":["thethorton:TakeAccounts","thethorton:ShoutAndRun"],"picked":"thethorton:CashBash","floor":1.0},{"not_picked":["thethorton:ShoutAndRun","thethorton:HitAhead","thethorton:AngerMoment"],"picked":"SKIP","floor":5.0},{"not_picked":["thethorton:DoubleRun","thethorton:RunningKick"],"picked":"thethorton:WhirlingBriefcase","floor":7.0},{"not_picked":["thethorton:StumblingSlap","thethorton:ROI"],"picked":"thethorton:GoldBuffer","floor":10.0},{"not_picked":["thethorton:LongDaysWork","thethorton:SnowDay"],"picked":"thethorton:CannonShot","floor":12.0},{"not_picked":["thethorton:DownPayment","thethorton:RunningKick"],"picked":"thethorton:Distance","floor":13.0},{"not_picked":["thethorton:FocusStrength","thethorton:FearfulRun"],"picked":"thethorton:GoldBuffer","floor":14.0},{"not_picked":["thethorton:Fortune","thethorton:CowardiceForm"],"picked":"thethorton:Jackpot","floor":16.0},{"not_picked":["thethorton:BusinessCard","thethorton:ThickSkin","thethorton:BusinessBoom"],"picked":"SKIP","floor":18.0},{"not_picked":["thethorton:HitAhead+1","thethorton:Hindsight+1"],"picked":"thethorton:MomentaryBreak","floor":19.0},{"not_picked":["thethorton:DownPayment","thethorton:GoldBuffer+1"],"picked":"thethorton:BattleTrash","floor":20.0},{"not_picked":["thethorton:Distance","thethorton:DualBap"],"picked":"thethorton:ShoutAndRun+1","floor":21.0},{"not_picked":["thethorton:ShoutAndRun+1","thethorton:BookBash"],"picked":"thethorton:SheetShred","floor":22.0},{"not_picked":["thethorton:PocketChange","thethorton:BusinessBurst","thethorton:FeelNoBrain"],"picked":"SKIP","floor":23}],"player_experience":19818,"relics_obtained":[{"floor":9.0,"key":"Mercury Hourglass"},{"floor":10.0,"key":"Incense Burner"},{"floor":12.0,"key":"War Paint"},{"floor":23,"key":"Ornamental Fan"}],"event_choices":[{"damage_healed":0.0,"max_hp_gain":0.0,"max_hp_loss":0.0,"gold_gain":0.0,"event_name":"Shining Light","player_choice":"Entered Light","floor":3.0,"gold_loss":0.0,"damage_taken":14.0,"cards_upgraded":["thethorton:Defend","thethorton:Strike"]},{"cards_removed":["thethorton:Strike"],"damage_healed":0.0,"max_hp_gain":0.0,"max_hp_loss":0.0,"gold_gain":0.0,"event_name":"Purifier","player_choice":"Purged","floor":8.0,"gold_loss":0.0,"damage_taken":0.0}],"is_beta":false,"boss_relics":[{"not_picked":["Philosopher\u0027s Stone","Fusion Hammer"],"picked":"Sozu"}],"items_purged_floors":[2],"is_endless":false,"potions_floor_spawned":[5,7,12,20,21],"killed_by":"Cultist and Chosen","ascension_level":0}}