{"host":"mfnyjbfkyfsz33u9","time":1610370442,"event":{"mods":["2.2 Compatiblity","BaseMod","Colored Powertips","Downfall","Marisa£¨Ùöéë¡¡Øª×âÞÞ£©","Minty Spire (QoL Compilation)","Rare Cards Sparkle","Replay The Spire","StSLib","SuperFastMode","The Cursed"],"gold_per_floor":[117,133,208,225,225,253,253,284,284,303,303,320,320,398,398,498,498,518,518,121,131,150,178,178,191,191,222,78,78,78,178,478,575,575,594,594,612,612,612,645,645,660,660,660,660,674,699,710,710,710,710],"floor_reached":50,"playtime":1815,"items_purged":["Normality"],"score":625,"play_id":"07effc4d-4af8-46a4-8c74-f422955e2ae5","local_time":"20210111220722","is_ascension_mode":true,"campfire_choices":[{"data":"Body Slam","floor":7,"key":"SMITH"},{"data":"ReplayReversal","floor":11,"key":"SMITH"},{"floor":15,"key":"RECALL"},{"data":"Immolate","floor":24,"key":"SMITH"},{"floor":32,"key":"DIG"},{"floor":41,"key":"DIG"},{"floor":45,"key":"DIG"},{"floor":49,"key":"DIG"}],"circlet_count":0,"master_deck":["Strike_R","Strike_R+1","Defend_R","Defend_R","Defend_R","Defend_R","Bash+1","Body Slam+1","Spot Weakness","Juggernaut","Power Through","Rage","ReplayReversal+1","Immolate+1","Burning Pact+1","expansioncontent:Corrupt","ReplayTheSpireMod:Stacked","Dark Embrace+1","Feed","Fire Breathing","Thunderclap","Berserk+1","Shrug It Off+1","Eclipse+1","Battle Trance","Replay:Bootleg Shield Generator","Dual Wield+1","Parasite","Abandon+1","Evolve","Parasite"],"relics":["Burning Blood","ReplayTheSpireMod:Shallot","Whetstone","Meat on the Bone","Question Card","Cursed Key","Toolbox","Replay:Bottled Steam","ReplayTheSpireMod:Lightbulb","Happy Flower","Shovel","Divine Protection","Old Coin","ChewingGum","Regal Pillow","Red Skull","Pantograph","Pet Ghost","Chameleon Ring","Replay:Wax Seal"],"acts_visited":["Exordium","TheCity","TheBeyond"],"potions_floor_usage":[6,8,16,23,27,31,31,46,50,50,50],"damage_taken":[{"damage":1,"enemies":"Jaw Worm","floor":1,"turns":3},{"damage":7,"enemies":"2 Louse","floor":2,"turns":3},{"damage":5,"enemies":"Cultist","floor":4,"turns":4},{"damage":33,"enemies":"Lagavulin","floor":6,"turns":6},{"damage":17,"enemies":"Gremlin Nob","floor":8,"turns":4},{"damage":15,"enemies":"Exordium Wildlife","floor":10,"turns":4},{"damage":3,"enemies":"2 Fungi Beasts","floor":12,"turns":3},{"damage":13,"enemies":"Fading Forest","floor":16,"turns":11},{"damage":0,"enemies":"Chosen","floor":18,"turns":3},{"damage":11,"enemies":"Spheric Guardian","floor":21,"turns":4},{"damage":5,"enemies":"Centurion and Healer","floor":22,"turns":5},{"damage":79,"enemies":"Slavers","floor":23,"turns":7},{"damage":7,"enemies":"3 Cultists","floor":25,"turns":5},{"damage":14,"enemies":"Gremlin Leader","floor":27,"turns":7},{"damage":14,"enemies":"Colosseum Slavers","floor":31,"turns":3},{"damage":0,"enemies":"Colosseum Nobs","floor":31,"turns":3},{"damage":1,"enemies":"Automaton","floor":33,"turns":9},{"damage":0,"enemies":"Orb Walker","floor":35,"turns":2},{"damage":0,"enemies":"3 Shapes","floor":37,"turns":3},{"damage":47,"enemies":"Nemesis","floor":40,"turns":5},{"damage":14,"enemies":"3 Darklings","floor":42,"turns":3},{"damage":0,"enemies":"Spire Growth","floor":46,"turns":5},{"damage":11,"enemies":"R_Hoarder","floor":47,"turns":6},{"damage":0,"enemies":"Writhing Mass","floor":48,"turns":4},{"damage":97,"enemies":"Awakened One","floor":50,"turns":6}],"seed_played":"8664165513579891671","potions_obtained":[{"floor":2,"key":"Death Potion"},{"floor":6,"key":"Dexterity Potion"},{"floor":10,"key":"SteroidPotion"},{"floor":12,"key":"AttackPotion"},{"floor":16,"key":"FearPotion"},{"floor":18,"key":"Regen Potion"},{"floor":25,"key":"LifebloodPotion"},{"floor":31,"key":"Ancient Potion"},{"floor":33,"key":"BloodPotion"},{"floor":40,"key":"Elixir"},{"floor":46,"key":"AttackPotion"}],"is_trial":false,"path_per_floor":["M","M","?","M","?","E","R","E","T","M","R","M","?","T","R","B",null,"M","?","$","M","M","E","R","M","T","E","$","?","$","?","R","B",null,"M","?","M","?","?","E","R","M","T","?","R","M","E","M","R","B"],"character_chosen":"IRONCLAD","items_purchased":["expansioncontent:Corrupt","ReplayTheSpireMod:Stacked","Toolbox","Fire Breathing"],"campfire_rested":0,"item_purchase_floors":[20,20,20,28],"current_hp_per_floor":[80,79,68,69,74,47,47,36,36,39,39,54,54,54,54,59,85,85,85,85,80,81,34,34,48,48,52,52,52,52,66,66,71,92,92,92,92,92,92,63,63,55,55,55,55,79,74,83,83,0,0],"gold":710,"neow_bonus":"THREE_CARDS","is_daily":false,"chose_seed":false,"campfire_upgraded":3,"win_rate":0.0,"timestamp":1610370442,"path_taken":["M","M","?","M","?","E","R","E","T","M","R","M","?","?","R","BOSS","M","?","$","M","M","E","R","M","T","E","$","?","?","?","R","BOSS","M","?","?","?","?","E","R","M","T","?","R","?","E","M","R","BOSS"],"items_purchased_type":["Card","Card","Relic","Card"],"build_version":"2020-12-22","purchased_purges":1,"victory":false,"max_hp_per_floor":[80,80,80,80,85,85,85,85,85,85,85,85,85,85,85,85,85,85,85,85,85,85,85,85,88,88,88,88,88,88,92,92,92,92,92,92,92,92,92,92,92,92,92,92,92,92,92,95,95,95,95],"card_choices":[{"not_picked":["True Grit","Infernal Blade"],"picked":"Body Slam","floor":0},{"not_picked":["Perfected Strike","Headbutt","Wild Strike"],"picked":"SKIP","floor":1},{"not_picked":["Wild Strike","Twin Strike"],"picked":"Spot Weakness","floor":2},{"not_picked":["Perfected Strike","Wild Strike"],"picked":"Juggernaut","floor":4},{"not_picked":["Replay:Undeath\u0027s Touch","Pommel Strike"],"picked":"Power Through","floor":6},{"not_picked":["Power Through","Body Slam"],"picked":"Rage","floor":8},{"not_picked":["Cleave","Dropkick"],"picked":"ReplayReversal","floor":10},{"not_picked":["Pommel Strike","Clash","Power Through"],"picked":"SKIP","floor":12},{"not_picked":["Hemogenesis","Reaper","Corruption"],"picked":"Immolate","floor":16},{"not_picked":["Entrench","Perfected Strike","Armaments"],"picked":"Burning Pact+1","floor":18},{"not_picked":["Cleave","Heavy Blade","Clothesline+1","Clash+1"],"picked":"SKIP","floor":21},{"not_picked":["Headbutt+1","Run Through","Perfected Strike"],"picked":"Dark Embrace+1","floor":22},{"not_picked":["Rage","Sword Boomerang","Body Slam"],"picked":"Feed","floor":23},{"not_picked":["Dark Embrace+1","Clothesline","Heavy Blade+1","Thunderclap"],"picked":"SKIP","floor":25},{"not_picked":["Carnage","ReplayReversal","Replay:Undeath\u0027s Touch","Infernal Blade"],"picked":"SKIP","floor":27},{"not_picked":["Combust","Perfected Strike","Sever Soul"],"picked":"Shrug It Off+1","floor":31},{"not_picked":["Berserk","Demon Form","Barricade"],"picked":"Eclipse","floor":33},{"not_picked":["Body Slam","Shrug It Off","Shockwave"],"picked":"Intimidate+1","floor":35},{"not_picked":["ReplayTheSpireMod:Stacked+1","Shrug It Off","Flex"],"picked":"Battle Trance","floor":37},{"not_picked":["expansioncontent:CaCaw","ReplayTheSpireMod:Necrogeddon","Master of Strategy"],"picked":"Replay:Bootleg Shield Generator","floor":39},{"not_picked":["Clothesline","Burning Pact+1","Searing Blow+1","Run Through+1"],"picked":"SKIP","floor":40},{"not_picked":["Hemokinesis","Anger+1","Headbutt+1"],"picked":"Dual Wield+1","floor":42},{"not_picked":["Wild Strike","Seeing Red+1","Juggernaut"],"picked":"Abandon+1","floor":46},{"not_picked":["True Grit+1","Abandon","Shrug It Off+1"],"picked":"Evolve","floor":47},{"not_picked":["ReplayReversal+1","Intimidate","Flex+1","Rampage"],"picked":"SKIP","floor":48}],"player_experience":35013,"relics_obtained":[{"floor":6,"key":"ReplayTheSpireMod:Shallot"},{"floor":8,"key":"Whetstone"},{"floor":9,"key":"Meat on the Bone"},{"floor":14,"key":"Question Card"},{"floor":23,"key":"Replay:Bottled Steam"},{"floor":26,"key":"ReplayTheSpireMod:Lightbulb"},{"floor":27,"key":"Happy Flower"},{"floor":31,"key":"Shovel"},{"floor":31,"key":"Divine Protection"},{"floor":32,"key":"Old Coin"},{"floor":40,"key":"Regal Pillow"},{"floor":41,"key":"Red Skull"},{"floor":43,"key":"Pantograph"},{"floor":45,"key":"Pet Ghost"},{"floor":47,"key":"Chameleon Ring"},{"floor":49,"key":"Replay:Wax Seal"}],"event_choices":[{"damage_healed":0,"gold_gain":75,"player_choice":"Gather Gold","damage_taken":11,"max_hp_gain":0,"max_hp_loss":0,"event_name":"World of Goop","floor":3,"gold_loss":0},{"damage_healed":0,"gold_gain":0,"player_choice":"Donut","damage_taken":0,"max_hp_gain":5,"max_hp_loss":0,"event_name":"Big Fish","floor":5,"gold_loss":0},{"damage_healed":0,"gold_gain":0,"cards_transformed":["Strike_R","Strike_R"],"player_choice":"Became Test Subject","damage_taken":0,"max_hp_gain":0,"max_hp_loss":0,"event_name":"Drug Dealer","floor":29,"gold_loss":0,"cards_obtained":["Thunderclap","Berserk"]},{"damage_healed":0,"gold_gain":0,"player_choice":"Fight","damage_taken":0,"max_hp_gain":0,"max_hp_loss":0,"event_name":"Colosseum","floor":31,"gold_loss":0},{"damage_healed":0,"gold_gain":0,"player_choice":"Fought Nobs","damage_taken":0,"max_hp_gain":0,"max_hp_loss":0,"event_name":"Colosseum","floor":31,"gold_loss":0},{"damage_healed":0,"gold_gain":0,"player_choice":"Upgraded","damage_taken":0,"max_hp_gain":0,"max_hp_loss":0,"event_name":"Upgrade Shrine","floor":36,"gold_loss":0,"cards_upgraded":["Eclipse"]},{"cards_removed":["Intimidate"],"damage_healed":0,"gold_gain":0,"player_choice":"Removed Skill","damage_taken":0,"max_hp_gain":0,"max_hp_loss":0,"event_name":"Falling","floor":38,"gold_loss":0},{"damage_healed":0,"gold_gain":0,"player_choice":"Memory 1","damage_taken":0,"max_hp_gain":0,"max_hp_loss":0,"event_name":"SensoryStone","floor":39,"gold_loss":0},{"damage_healed":0,"gold_gain":0,"player_choice":"Forge","damage_taken":0,"max_hp_gain":0,"max_hp_loss":0,"event_name":"Accursed Blacksmith","floor":44,"gold_loss":0,"cards_upgraded":["Berserk"]}],"is_beta":false,"boss_relics":[{"not_picked":["Painkiller Herb","Replay:Ancient Bell"],"picked":"Cursed Key"},{"not_picked":["Replay:Wanted Poster","Philosopher\u0027s Stone"],"picked":"ChewingGum"}],"items_purged_floors":[28],"is_endless":false,"potions_floor_spawned":[2,6,10,12,16,18,25,31,31,33,40,46,47,48],"killed_by":"Awakened One","ascension_level":1}}