{"host":"kqe6w2igxc79vo14","time":1610368462,"event":{"mods":["AchievementEnabler","BaseMod","Downfall","Minty Spire (QoL Compilation)","StSLib"],"gold_per_floor":[99,119,29,44,44,44,69,103,115,115,134,146,159,191,206,206,206,206],"floor_reached":16,"playtime":830,"items_purged":["Slimebound:Strike_Slimebound"],"score":125,"play_id":"72a675b4-f038-4e2b-880f-c92691e61990","local_time":"20210111143422","is_ascension_mode":true,"campfire_choices":[{"data":"Slimebound:Split","floor":1,"key":"SMITH"}],"circlet_count":0,"master_deck":["Slimebound:Strike_Slimebound","Slimebound:Strike_Slimebound","Slimebound:Tackle","Slimebound:Defend_Slimebound","Slimebound:Defend_Slimebound","Slimebound:Defend_Slimebound","Slimebound:Defend_Slimebound","Slimebound:Split+1","Slimebound:CorrosiveSpit","Slimebound:Gluttony","Slimebound:TongueLash","Slimebound:ProtectTheBoss","Slimebound:ProtectTheBoss","Slimebound:LeechEnergy","Slimebound:Schlurp"],"relics":["Slimebound:AbsorbEndCombat","Slimebound:GreedOozeRelic","Shuriken","Ancient Tea Set","InkBottle","downfall:ShatteredFragment","Blood Vial"],"acts_visited":["Exordium"],"potions_floor_usage":[14,15,15],"damage_taken":[{"damage":8,"enemies":"Cultist","floor":2,"turns":3},{"damage":15,"enemies":"downfall:FleeingMerchant","floor":3,"turns":4},{"damage":8,"enemies":"Small Slimes","floor":4,"turns":4},{"damage":21,"enemies":"Lagavulin","floor":8,"turns":7},{"damage":11,"enemies":"2 Louse","floor":9,"turns":3},{"damage":24,"enemies":"Blue Slaver","floor":11,"turns":3},{"damage":8,"enemies":"3 Louse","floor":12,"turns":4},{"damage":8,"enemies":"Large Slime","floor":13,"turns":4},{"damage":12,"enemies":"Gremlin Nob","floor":14,"turns":3},{"damage":3,"enemies":"2 Fungi Beasts","floor":15,"turns":3},{"damage":66,"enemies":"downfall:Defect","floor":16,"turns":5}],"seed_played":"842793357331139609","potions_obtained":[{"floor":4,"key":"Regen Potion"},{"floor":9,"key":"SneckoOil"},{"floor":13,"key":"Slimebound:SlimyTonguePotion"},{"floor":14,"key":"FearPotion"},{"floor":15,"key":"Strength Potion"}],"is_trial":false,"path_per_floor":["R","M","$","M","?","?","T","E","M","?","M","M","M","E","M","B"],"character_chosen":"SLIMEBOUND","items_purchased":[],"campfire_rested":0,"item_purchase_floors":[],"current_hp_per_floor":[54,60,61,63,63,51,51,48,49,31,21,17,31,38,43,0,0,0],"gold":206,"neow_bonus":"TWENTY_PERCENT_HP_BONUS","is_daily":false,"chose_seed":false,"campfire_upgraded":1,"win_rate":0.0,"timestamp":1610368462,"path_taken":["R","M","$","M","?","?","T","E","M","?","M","M","M","E","M","BOSS"],"items_purchased_type":[],"build_version":"2020-12-22","purchased_purges":1,"victory":false,"max_hp_per_floor":[72,72,72,72,72,72,72,72,72,72,72,72,72,72,72,72,72,72],"card_choices":[{"not_picked":["Slimebound:SplitMire","Slimebound:DivideAndConquer"],"picked":"Slimebound:Gluttony","floor":2},{"not_picked":["Slimebound:Replication","Slimebound:Equalize","Slimebound:RainOfGoop"],"picked":"SKIP","floor":3},{"not_picked":["Slimebound:SplitAcid","Slimebound:SplitBruiser","Slimebound:FinishingTackle"],"picked":"SKIP","floor":4},{"not_picked":["Slimebound:ItLooksTasty","Slimebound:FinishingTackle"],"picked":"Slimebound:TongueLash","floor":8},{"not_picked":["Slimebound:AcidTongue","Slimebound:PressTheAttack","Slimebound:ProtectTheBoss"],"picked":"SKIP","floor":9},{"not_picked":["Slimebound:AcidTongue","Slimebound:PressTheAttack"],"picked":"Slimebound:ProtectTheBoss","floor":9},{"not_picked":["Slimebound:ServeAndProtect","Slimebound:ComboTackle"],"picked":"Slimebound:ProtectTheBoss","floor":11},{"not_picked":["Slimebound:SplitAcid","Slimebound:SelfFormingGoo","Slimebound:RainOfGoop"],"picked":"SKIP","floor":12},{"not_picked":["Slimebound:FinishingTackle","Slimebound:ServeAndProtect"],"picked":"Slimebound:LeechEnergy","floor":13},{"not_picked":["Slimebound:MassFeed","Slimebound:SplitAcid"],"picked":"Slimebound:Schlurp","floor":14},{"not_picked":["Slimebound:PressTheAttack","Slimebound:DivideAndConquer","Slimebound:SplitBruiser"],"picked":"SKIP","floor":15}],"player_experience":875022,"relics_obtained":[{"floor":7,"key":"Ancient Tea Set"},{"floor":8,"key":"InkBottle"},{"floor":14,"key":"Blood Vial"}],"event_choices":[{"damage_healed":0,"gold_gain":0,"player_choice":"Success","damage_taken":12,"relics_obtained":["Shuriken"],"max_hp_gain":0,"max_hp_loss":0,"event_name":"Scrap Ooze","floor":6,"gold_loss":0}],"is_beta":false,"boss_relics":[],"items_purged_floors":[3],"is_endless":false,"potions_floor_spawned":[4,9,13,14,15],"killed_by":"downfall:Defect","ascension_level":2}}