{"host":"r6da5kb9dzaaglw2","time":1610361619,"event":{"mods":["AchievementEnabler","BaseMod","Colored Powertips","Duelist Mod","GifTheSpireLib","Minty Spire (QoL Compilation)","StSLib"],"gold_per_floor":[141,141,66,66,82,117,117,150,177,177,192,192,192,209,209,308,308,319,319,319,305,220,248,260,260,260,293,106,106,117,77,77,173,173,187,92,111,111,128,153,153,184,184,209,209,28,28,48,48,48,48,48,48,77,77],"floor_reached":56,"playtime":7178,"items_purged":["theDuelist:Sparks","theDuelist:CastleWalls","theDuelist:CastleWalls"],"score":1775,"play_id":"0b09b3ec-59c6-47d5-8800-c76cdab2f060","local_time":"20210111114019","is_ascension_mode":true,"campfire_choices":[{"data":"theDuelist:LegendaryOcean","floor":12.0,"key":"SMITH"},{"data":"theDuelist:Fissure","floor":15.0,"key":"SMITH"},{"data":"theDuelist:SphereKuriboh","floor":25.0,"key":"SMITH"},{"data":"theDuelist:Umi","floor":29.0,"key":"SMITH"},{"floor":32.0,"key":"RECALL"},{"data":"theDuelist:NimbleManta","floor":41.0,"key":"SMITH"},{"data":"theDuelist:RevivalJam","floor":45,"key":"SMITH"},{"data":"Panache","floor":49,"key":"SMITH"},{"data":"theDuelist:SphereKuriboh+1","floor":52,"key":"SMITH"}],"circlet_count":0,"master_deck":["theDuelist:AquaSpirit","theDuelist:SevenColoredFish","theDuelist:AquaSpirit","theDuelist:IslandTurtle","theDuelist:IslandTurtle","theDuelist:RevivalJam+1","theDuelist:NimbleManta+1","theDuelist:GishkiReliever","theDuelist:Fissure+1","theDuelist:GraydleSlime","theDuelist:LegendaryOcean+1","theDuelist:KoakiMeiruIce","theDuelist:MorayGreed","theDuelist:GishkiAquamirror","theDuelist:GraydleParasite+1","theDuelist:AtlanteanHeavyInfantry+1","theDuelist:SphereKuriboh+2","theDuelist:Umi+1","theDuelist:UnshavenAngler","theDuelist:GraydleSlime","theDuelist:LostBlueBreaker","theDuelist:RevivalJam","theDuelist:MermailAbyssalacia+1","theDuelist:Umi+1","theDuelist:RevivalJam+1","Panache+1","theDuelist:LeviairSeaDragon+1"],"relics":["theDuelist:MillenniumPuzzle","theDuelist:CardPoolRelic","theDuelist:CardPoolBasicRelic","theDuelist:BoosterPackPoolRelic","theDuelist:CardPoolAddRelic","theDuelist:CardPoolMinusRelic","theDuelist:CardPoolSaveRelic","theDuelist:CardPoolOptionsRelic","Lantern","theDuelist:SolderToken","Centennial Puzzle","Toy Ornithopter","Mark of Pain","Darkstone Periapt","Smiling Mask","Charon\u0027s Ashes","Anchor","HoveringKite","theDuelist:DuelistTeaSet","Regal Pillow","Shuriken","theDuelist:MillenniumPeriapt","Darkstone Periapt","theDuelist:MillenniumRing"],"acts_visited":["Exordium","TheCity","TheBeyond","TheEnding"],"potions_floor_usage":[55,55,55],"damage_taken":[{"damage":7.0,"enemies":"Jaw Worm","floor":1.0,"turns":6.0},{"damage":0.0,"enemies":"2 Louse","floor":5.0,"turns":2.0},{"damage":0.0,"enemies":"3 Sentries","floor":6.0,"turns":6.0},{"damage":4.0,"enemies":"Lagavulin","floor":8.0,"turns":5.0},{"damage":7.0,"enemies":"Small Slimes","floor":11.0,"turns":3.0},{"damage":0.0,"enemies":"Exordium Wildlife","floor":14.0,"turns":3.0},{"damage":0.0,"enemies":"The Guardian","floor":16.0,"turns":9.0},{"damage":0.0,"enemies":"Shell Parasite","floor":18.0,"turns":3.0},{"damage":13.0,"enemies":"2 Thieves","floor":21.0,"turns":4.0},{"damage":8.0,"enemies":"theDuelist:KaibaA2","floor":23.0,"turns":15.0},{"damage":12.0,"enemies":"Centurion and Healer","floor":24.0,"turns":6.0},{"damage":21.0,"enemies":"Gremlin Leader","floor":27.0,"turns":9.0},{"damage":0.0,"enemies":"Shelled Parasite and Fungi","floor":30.0,"turns":6.0},{"damage":0.0,"enemies":"Collector","floor":33.0,"turns":11.0},{"damage":0.0,"enemies":"3 Darklings","floor":35.0,"turns":4.0},{"damage":0.0,"enemies":"Orb Walker","floor":37.0,"turns":2.0},{"damage":7.0,"enemies":"Spire Growth","floor":39.0,"turns":6.0},{"damage":0.0,"enemies":"Reptomancer","floor":40.0,"turns":7.0},{"damage":0.0,"enemies":"Nemesis","floor":42.0,"turns":3.0},{"damage":0,"enemies":"Reptomancer","floor":44,"turns":5},{"damage":0,"enemies":"Transient","floor":48,"turns":5},{"damage":0,"enemies":"Awakened One","floor":50,"turns":8},{"damage":0,"enemies":"Shield and Spear","floor":54,"turns":4},{"damage":68,"enemies":"The Heart","floor":55,"turns":8}],"seed_played":"6392097954812582175","potions_obtained":[{"floor":6.0,"key":"theDuelist:WhiteBottle"},{"floor":11.0,"key":"theDuelist:BottledKuriboh"},{"floor":16.0,"key":"theDuelist:TokenPotionB"},{"floor":20.0,"key":"theDuelist:StunPotion"},{"floor":24.0,"key":"SkillPotion"},{"floor":33.0,"key":"AttackPotion"},{"floor":35.0,"key":"theDuelist:ReducerPotion"},{"floor":39.0,"key":"Regen Potion"},{"floor":48,"key":"theDuelist:LavaBottle"}],"is_trial":false,"path_per_floor":["M","?","$","?","M","E","?","E","T","T","M","R","?","M","R","B",null,"M","?","?","M","?","E","M","R","T","E","$","R","M","?","R","B",null,"M","$","M","?","M","E","R","E","T","E","R","?","?","M","R","B",null,"R","$","E","B",null],"character_chosen":"THE_DUELIST","items_purchased":["theDuelist:Umi","theDuelist:UnshavenAngler","theDuelist:RevivalJam"],"campfire_rested":0,"item_purchase_floors":[28,28,36],"current_hp_per_floor":[73,73,73,73,73,73,67,63,63,63,56,56,49,49,49,49,80,80,65,65,52,52,54,42,42,42,26,26,26,26,26,26,26,85,85,85,85,85,78,83,83,83,83,83,83,83,73,73,73,73,85,85,85,85,37],"gold":77,"neow_bonus":"THREE_CARDS","is_daily":false,"chose_seed":false,"campfire_upgraded":8,"win_rate":0.0,"timestamp":1610361619,"path_taken":["M","?","$","?","M","E","?","E","T","?","M","R","?","?","R","BOSS","M","?","?","?","?","E","M","R","T","E","?","R","M","?","R","BOSS","M","?","?","?","M","E","R","E","T","E","R","?","?","M","R","BOSS","R","$","E","BOSS"],"items_purchased_type":["Card","Card","Card"],"build_version":"2020-12-22","purchased_purges":3,"victory":true,"max_hp_per_floor":[80,80,80,80,80,80,80,80,80,80,80,80,80,80,80,80,80,80,85,85,85,85,85,85,85,85,85,85,85,85,85,85,85,85,85,85,85,85,85,85,85,85,85,85,85,85,85,85,85,85,85,85,85,85,85],"card_choices":[{"not_picked":["theDuelist:RageDeepSea","theDuelist:CallAtlanteans"],"picked":"theDuelist:NimbleManta","floor":0.0},{"not_picked":["theDuelist:GishkiShadow","theDuelist:GishkiAvance","theDuelist:GishkiBeast","theDuelist:GishkiAriel"],"picked":"theDuelist:GishkiReliever","floor":1.0},{"not_picked":["theDuelist:BattleOx","theDuelist:BlizzardDefender","theDuelist:GilfordLegend","theDuelist:GishkiMarker"],"picked":"theDuelist:Fissure","floor":5.0},{"not_picked":["theDuelist:RageDeepSea","theDuelist:MermaidKnight","theDuelist:EvigishkiTetrogre","theDuelist:DeepSweeper"],"picked":"theDuelist:GraydleSlime","floor":6.0},{"not_picked":["theDuelist:DiamondDust","theDuelist:FishSwaps","theDuelist:WaterHazard","theDuelist:Wetlands"],"picked":"theDuelist:LegendaryOcean","floor":8.0},{"not_picked":["theDuelist:EagleShark","theDuelist:GraydleDragon","theDuelist:GishkiAvance","theDuelist:Cryomancer"],"picked":"theDuelist:KoakiMeiruIce","floor":11.0},{"not_picked":["theDuelist:EagleShark","theDuelist:CatShark","theDuelist:HumanoidSlime","theDuelist:BlizzardThunderbird","theDuelist:KoakiMeiruIce"],"picked":"SKIP","floor":14.0},{"not_picked":["theDuelist:TorrentialReborn","theDuelist:SeaLordAmulet","theDuelist:EvigishkiLevianima","theDuelist:AquaactressArowana"],"picked":"theDuelist:MorayGreed","floor":16.0},{"not_picked":["theDuelist:BlizzardDefender","theDuelist:FluteKuriboh","theDuelist:ChrysalisDolphin","theDuelist:ImperialOrder"],"picked":"theDuelist:GishkiAquamirror","floor":18.0},{"not_picked":["theDuelist:GraydleCombat","theDuelist:FishDepthCharge","theDuelist:BubbleBringer","theDuelist:AegisOceanDragon"],"picked":"theDuelist:GraydleParasite","floor":21.0},{"not_picked":["theDuelist:GiantPairfish+1","theDuelist:DrillBarnacle+1"],"picked":"theDuelist:AtlanteanHeavyInfantry+1","floor":23.0},{"not_picked":["theDuelist:GamecieltheSeaTurtleKaiju","theDuelist:OneForOne+1","theDuelist:DianKeto+1","theDuelist:RedMedicine+1"],"picked":"theDuelist:SphereKuriboh","floor":24.0},{"not_picked":["theDuelist:TorrentialReborn","theDuelist:GraydleParasite","theDuelist:GraydleCombat","theDuelist:FishDepthCharge","theDuelist:SplashCapture"],"picked":"SKIP","floor":27.0},{"not_picked":["theDuelist:SpearfishSoldier","theDuelist:KoakiMeiruIce+1","theDuelist:FishSwaps","theDuelist:Dorover"],"picked":"theDuelist:GraydleSlime","floor":30.0},{"not_picked":["theDuelist:AquaactressArowana","theDuelist:ColdEnchanter","theDuelist:DewlorenTigerKing","theDuelist:FishborgArcher"],"picked":"theDuelist:LostBlueBreaker","floor":33.0},{"not_picked":["theDuelist:LightningVortex","theDuelist:Ameba","theDuelist:BlueBloodedOni","theDuelist:ChangeHeart","theDuelist:SphereKuriboh+1"],"picked":"SKIP","floor":35.0},{"not_picked":["theDuelist:TripodFish+1","theDuelist:FishborgArcher+1","theDuelist:EvigishkiLevianima","theDuelist:AquaactressArowana"],"picked":"theDuelist:MermailAbyssalacia+1","floor":37.0},{"not_picked":["theDuelist:CatShark","theDuelist:GraydleCombat+1","theDuelist:EvigishkiTetrogre+1","theDuelist:AbyssWarrior","theDuelist:GraydleCobra"],"picked":"SKIP","floor":39.0},{"not_picked":["theDuelist:DiamondDust+1","theDuelist:CallAtlanteans","theDuelist:LegendaryOcean","theDuelist:WaterHazard"],"picked":"theDuelist:Umi+1","floor":40.0},{"not_picked":["theDuelist:SevenColoredFish","theDuelist:Dorover+1","theDuelist:KoakiMeiruIce+1","theDuelist:EvigishkiTetrogre","theDuelist:GraydleSlime+1"],"picked":"SKIP","floor":42.0},{"not_picked":["theDuelist:GishkiPsychelone+1","theDuelist:LostBlueBreaker","theDuelist:Monokeros+1","theDuelist:TorrentialReborn"],"picked":"theDuelist:SeaLordAmulet+1","floor":44},{"not_picked":["theDuelist:Dorover","theDuelist:RageDeepSea","theDuelist:KoakiMeiruIce","theDuelist:BigWaveSmallWave+1"],"picked":"theDuelist:RevivalJam+1","floor":47},{"not_picked":["Dramatic Entrance","Enlightenment","Forethought"],"picked":"Panache","floor":48},{"not_picked":["theDuelist:GraydleSlime+1","theDuelist:CatShark+1","theDuelist:GraydleCombat+1","theDuelist:DeepseaShark+1"],"picked":"theDuelist:LeviairSeaDragon+1","floor":54}],"player_experience":493259,"relics_obtained":[{"floor":6.0,"key":"Lantern"},{"floor":8.0,"key":"Centennial Puzzle"},{"floor":10.0,"key":"Toy Ornithopter"},{"floor":23.0,"key":"Smiling Mask"},{"floor":26.0,"key":"Charon\u0027s Ashes"},{"floor":27.0,"key":"Anchor"},{"floor":40.0,"key":"theDuelist:DuelistTeaSet"},{"floor":42.0,"key":"Regal Pillow"},{"floor":43,"key":"Shuriken"},{"floor":44,"key":"theDuelist:MillenniumPeriapt"},{"floor":54,"key":"theDuelist:MillenniumRing"}],"event_choices":[{"damage_healed":0.0,"max_hp_gain":0.0,"max_hp_loss":0.0,"gold_gain":0.0,"event_name":"Egyptian Village","player_choice":"Leave","duelist":true,"floor":2.0,"gold_loss":0.0,"damage_taken":0.0},{"damage_healed":0.0,"max_hp_gain":0.0,"max_hp_loss":0.0,"gold_gain":0.0,"event_name":"Card Trader","player_choice":"Traded 7-Colored Fish for Aqua Spirit","duelist":true,"floor":4.0,"gold_loss":0.0,"damage_taken":0.0},{"damage_healed":0.0,"max_hp_gain":0.0,"max_hp_loss":0.0,"gold_gain":0.0,"event_name":"Aknamkanon\u0027s Tomb","player_choice":"Dig - random Duelist relic","duelist":true,"floor":7.0,"gold_loss":0.0,"damage_taken":0.0},{"cards_removed":["theDuelist:Sparks"],"damage_healed":0.0,"max_hp_gain":0.0,"max_hp_loss":0.0,"gold_gain":0.0,"event_name":"Golden Wing","player_choice":"Card Removal","floor":13.0,"gold_loss":0.0,"damage_taken":7.0},{"damage_healed":0.0,"max_hp_gain":5.0,"max_hp_loss":0.0,"gold_gain":0.0,"event_name":"Forgotten Altar","player_choice":"Shed Blood","floor":19.0,"gold_loss":0.0,"damage_taken":20.0},{"damage_healed":0.0,"max_hp_gain":0.0,"max_hp_loss":0.0,"gold_gain":0.0,"event_name":"Lab","player_choice":"Got Potions","floor":20.0,"gold_loss":0.0,"damage_taken":0.0},{"damage_healed":0.0,"max_hp_gain":0.0,"max_hp_loss":0.0,"gold_gain":0.0,"event_name":"Addict","player_choice":"Obtained Relic","floor":22.0,"gold_loss":85.0,"damage_taken":0.0,"relics_obtained":["Darkstone Periapt"]},{"damage_healed":0.0,"max_hp_gain":0.0,"max_hp_loss":0.0,"gold_gain":0.0,"event_name":"Designer","player_choice":"Upgrade","floor":31.0,"gold_loss":40.0,"damage_taken":0.0,"cards_upgraded":["theDuelist:GraydleParasite"]},{"damage_healed":0.0,"max_hp_gain":0.0,"max_hp_loss":0.0,"gold_gain":0.0,"event_name":"Tomb of the Nameless","player_choice":"Leave","duelist":true,"floor":38.0,"gold_loss":0.0,"damage_taken":0.0},{"damage_healed":0,"gold_gain":0,"player_choice":"Duplicated Relic - Darkstone Periapt","duelist":true,"damage_taken":0,"max_hp_gain":0,"max_hp_loss":0,"event_name":"Relic Duplicator","floor":46,"gold_loss":0},{"damage_healed":0,"gold_gain":0,"player_choice":"Memory 3","damage_taken":10,"max_hp_gain":0,"max_hp_loss":0,"event_name":"SensoryStone","floor":47,"gold_loss":0}],"is_beta":false,"boss_relics":[{"not_picked":["Snecko Eye","SacredBark"],"picked":"Mark of Pain"},{"not_picked":["Inserter","Astrolabe"],"picked":"HoveringKite"}],"items_purged_floors":[3,28,36],"is_endless":false,"potions_floor_spawned":[6,11,16,18,24,33,35,39,48],"ascension_level":3}}