{"host":"fx1msjnmzlhlr397","time":1610323784,"event":{"mods":["AchievementEnabler","BaseMod","Colored Map","Colored Powertips","Downfall","Duelist Mod","Friendly Minions","GifTheSpireLib","Marisa????????","Minty Spire (QoL Compilation)","Quick Restart","Rare Cards Sparkle","Replay The Spire","SOS???????","StSLib","The Alterego","The Animator","The Hierophant","The Wild Card"],"gold_per_floor":[114,141,141,155,170,170,170,170,170,170,170],"floor_reached":10,"playtime":546,"items_purged":[],"score":68,"play_id":"ccc2bfb6-944e-47ab-b402-7626b8d6a281","local_time":"20210110190944","is_ascension_mode":false,"campfire_choices":[{"floor":7,"key":"REST"}],"circlet_count":0,"master_deck":["animator:Strike_GATE","animator:Defend_GATE","animator:Strike","animator:Strike","animator:Strike","animator:Defend","animator:Defend","animator:Defend","animator:TukaLunaMarceau","animator:Kuribayashi","animator:LizardPriest","animator:Genos","animator:Hitei","animator:Spearman"],"relics":["animator:LivingPicture","animator:TheMissingPiece","Golden Idol"],"acts_visited":["Exordium"],"potions_floor_usage":[6],"damage_taken":[{"damage":8,"enemies":"2 Louse","floor":1,"turns":3},{"damage":7,"enemies":"Cultist","floor":2,"turns":4},{"damage":16,"enemies":"Jaw Worm","floor":4,"turns":4},{"damage":26,"enemies":"Exordium Thugs","floor":5,"turns":5},{"damage":0,"enemies":"Gremlin Nob","floor":6,"turns":1},{"damage":52,"enemies":"Lagavulin","floor":10,"turns":5}],"seed_played":"27818887285222683","potions_obtained":[{"floor":1,"key":"Reflective Coating"},{"floor":3,"key":"GamblersBrew"},{"floor":3,"key":"SmokeBomb"},{"floor":4,"key":"LiquidMemories"}],"is_trial":false,"path_per_floor":["M","M","?","M","M","E","R","?","T","E"],"character_chosen":"THE_ANIMATOR","items_purchased":[],"campfire_rested":1,"item_purchase_floors":[],"current_hp_per_floor":[64,57,57,41,15,15,36,36,36,0,0],"gold":170,"neow_bonus":"TEN_PERCENT_HP_BONUS","is_daily":false,"chose_seed":false,"campfire_upgraded":0,"win_rate":0.0,"timestamp":1610323784,"path_taken":["M","M","?","?","M","E","R","?","T","E"],"items_purchased_type":[],"build_version":"2020-12-22","purchased_purges":0,"victory":false,"max_hp_per_floor":[72,72,72,72,72,72,72,67,67,67,67],"card_choices":[{"not_picked":["animator:HighElfArcher","animator:Souei"],"picked":"animator:LizardPriest","floor":1},{"not_picked":["animator:Vesta","animator:Arpeggio"],"picked":"animator:Genos","floor":2},{"not_picked":["animator:Vesta","animator:TukaLunaMarceau"],"picked":"animator:Hitei","floor":4},{"not_picked":["animator:Witch","animator:Priestess"],"picked":"animator:Spearman","floor":5}],"player_experience":4208,"relics_obtained":[],"event_choices":[{"damage_healed":0,"gold_gain":0,"player_choice":"Got Potions","damage_taken":0,"max_hp_gain":0,"max_hp_loss":0,"event_name":"Lab","floor":3,"gold_loss":0},{"damage_healed":0,"gold_gain":0,"player_choice":"Lose Max HP","damage_taken":0,"relics_obtained":["Golden Idol"],"max_hp_gain":0,"max_hp_loss":5,"event_name":"Golden Idol","floor":8,"gold_loss":0}],"is_beta":false,"boss_relics":[],"items_purged_floors":[],"is_endless":false,"potions_floor_spawned":[1,4,6],"killed_by":"Lagavulin","ascension_level":0}}