{"host":"k7udt7atmcuzf6l0","time":1610384110,"event":{"mods":["AchievementEnabler","BaseMod","Colored Map","Colored Powertips","Highlight Path","Minty Spire (QoL Compilation)","Quick Restart","Rare Cards Sparkle","StSLib","UnlockEverythingMod"],"gold_per_floor":[112,124,137,137,147,182,5,5,5,5,19,38,38,52,52,151,151,167,167,167,22,42,75,90,90,117,117,143,143,158,170,170,274,274,293,293,55,75,95,129,148,176,176,221,246,246,257,282,282,282],"floor_reached":51,"playtime":2025,"items_purged":["Strike_R"],"score":854,"play_id":"e249f984-f400-4a1e-b60d-12b45e00370c","local_time":"20210112005510","is_ascension_mode":false,"campfire_choices":[{"data":"Flex","floor":10.0,"key":"SMITH"},{"data":"Infernal Blade","floor":13.0,"key":"SMITH"},{"data":"Rage","floor":15.0,"key":"SMITH"},{"data":"J.A.X.","floor":25,"key":"SMITH"},{"data":"Exhume","floor":27,"key":"SMITH"},{"data":"Pommel Strike","floor":29,"key":"SMITH"},{"data":"Shockwave","floor":32,"key":"SMITH"},{"floor":46,"key":"REST"},{"floor":49,"key":"REST"}],"circlet_count":0,"master_deck":["Strike_R","Strike_R","Strike_R","Defend_R","Defend_R+1","Bash","Dropkick","Sword Boomerang","Twin Strike+1","Infernal Blade+1","Flex+1","Warcry+1","Pommel Strike+1","Rage+1","Exhume+1","Headbutt+1","J.A.X.+1","Whirlwind+1","Cleave+1","Sever Soul+1","Shockwave+1","Feed","Battle Trance+1","Iron Wave+1","Carnage+1","Iron Wave+1","Reaper","Whirlwind+1","Burning Pact+1","Thunderclap+1","Rampage+1","Clash+1","Pommel Strike+1","Havoc+1"],"relics":["Burning Blood","Omamori","Pen Nib","Ornamental Fan","HandDrill","Lantern","Calling Bell","Regal Pillow","Mercury Hourglass","Dead Branch","Shuriken","Brimstone","Whetstone","Tiny Chest","War Paint","Astrolabe","Ginger","Unceasing Top","Calipers","PreservedInsect","Happy Flower","CaptainsWheel"],"acts_visited":["TheCity","TheBeyond"],"potions_floor_usage":[23,33,35,38,39,39,47,48],"damage_taken":[{"damage":12.0,"enemies":"Small Slimes","floor":1.0,"turns":4.0},{"damage":6.0,"enemies":"Cultist","floor":2.0,"turns":3.0},{"damage":11.0,"enemies":"Jaw Worm","floor":3.0,"turns":2.0},{"damage":20.0,"enemies":"Looter","floor":5.0,"turns":3.0},{"damage":31.0,"enemies":"3 Sentries","floor":6.0,"turns":6.0},{"damage":0.0,"enemies":"Gremlin Gang","floor":11.0,"turns":4.0},{"damage":4.0,"enemies":"Exordium Thugs","floor":12.0,"turns":4.0},{"damage":0.0,"enemies":"Blue Slaver","floor":14.0,"turns":1.0},{"damage":41.0,"enemies":"Hexaghost","floor":16.0,"turns":8.0},{"damage":0,"enemies":"Spheric Guardian","floor":18,"turns":3},{"damage":7,"enemies":"Shell Parasite","floor":22,"turns":2},{"damage":20,"enemies":"Book of Stabbing","floor":23,"turns":3},{"damage":8,"enemies":"Snake Plant","floor":24,"turns":2},{"damage":3,"enemies":"Gremlin Leader","floor":28,"turns":3},{"damage":6,"enemies":"Shelled Parasite and Fungi","floor":30,"turns":2},{"damage":8,"enemies":"Cultist and Chosen","floor":31,"turns":3},{"damage":43,"enemies":"Champ","floor":33,"turns":5},{"damage":5,"enemies":"3 Darklings","floor":35,"turns":3},{"damage":0,"enemies":"Orb Walker","floor":38,"turns":2},{"damage":12,"enemies":"Sphere and 2 Shapes","floor":39,"turns":3},{"damage":3,"enemies":"Reptomancer","floor":40,"turns":3},{"damage":26,"enemies":"4 Shapes","floor":41,"turns":2},{"damage":39,"enemies":"Nemesis","floor":42,"turns":3},{"damage":58,"enemies":"Writhing Mass","floor":47,"turns":4},{"damage":3,"enemies":"Reptomancer","floor":48,"turns":3},{"damage":31,"enemies":"Donu and Deca","floor":50,"turns":5}],"seed_played":"-7080603126298857228","potions_obtained":[{"floor":3.0,"key":"ColorlessPotion"},{"floor":5.0,"key":"Strength Potion"},{"floor":6.0,"key":"Swift Potion"},{"floor":11.0,"key":"Strength Potion"},{"floor":16.0,"key":"Fire Potion"},{"floor":18,"key":"ColorlessPotion"},{"floor":28,"key":"Block Potion"},{"floor":30,"key":"Explosive Potion"},{"floor":33,"key":"EssenceOfSteel"},{"floor":36,"key":"SteroidPotion"},{"floor":38,"key":"Explosive Potion"},{"floor":40,"key":"BlessingOfTheForge"}],"is_trial":false,"path_per_floor":["M","M","M","?","M","E","$","?","T","R","M","M","R","M","R","B",null,"M","?","?","$","M","E","M","R","T","R","E","R","M","M","R","B",null,"M","?","$","M","M","E","M","E","T","T","T","R","M","E","R","B",null],"character_chosen":"IRONCLAD","items_purchased":["HandDrill","Flex","Brimstone","Reaper"],"campfire_rested":2,"item_purchase_floors":[7,7,21,37],"current_hp_per_floor":[74,74,69,69,55,30,30,30,30,30,36,38,38,44,44,9,80,80,80,80,80,79,65,63,63,63,63,66,66,66,64,64,27,80,80,80,80,83,77,83,63,30,30,30,30,69,17,54,83,58],"gold":282,"neow_bonus":"RANDOM_COMMON_RELIC","is_daily":false,"chose_seed":false,"campfire_upgraded":7,"win_rate":0.0,"timestamp":1610384110,"path_taken":["M","M","M","?","?","E","$","?","T","R","?","M","R","M","R","BOSS","M","?","?","$","?","E","M","R","T","R","E","R","M","M","R","BOSS","M","?","$","?","M","E","M","E","T","?","?","R","?","E","R","BOSS"],"items_purchased_type":["Relic","Card","Relic","Card"],"build_version":"2020-12-22","purchased_purges":1,"victory":true,"max_hp_per_floor":[80,80,80,80,80,80,80,80,80,80,80,80,80,80,80,80,80,80,80,80,80,80,80,80,80,80,80,80,80,80,80,80,80,80,80,80,80,83,83,83,83,83,83,83,83,83,83,83,83,83],"card_choices":[{"not_picked":["Twin Strike","Reckless Charge"],"picked":"Dropkick","floor":1.0},{"not_picked":["Heavy Blade","Combust"],"picked":"Sword Boomerang","floor":2.0},{"not_picked":["Wild Strike","Perfected Strike","Heavy Blade"],"picked":"SKIP","floor":3.0},{"not_picked":["Reckless Charge","Perfected Strike"],"picked":"Twin Strike","floor":5.0},{"not_picked":["Evolve","Intimidate"],"picked":"Infernal Blade","floor":6.0},{"not_picked":["Dark Embrace","Havoc"],"picked":"Warcry","floor":11.0},{"not_picked":["Wild Strike","True Grit"],"picked":"Pommel Strike","floor":12.0},{"not_picked":["Heavy Blade","Fiend Fire"],"picked":"Rage","floor":14.0},{"not_picked":["Impervious","Fiend Fire"],"picked":"Exhume","floor":16.0},{"not_picked":["Warcry","Entrench+1"],"picked":"Headbutt+1","floor":18},{"not_picked":["Second Wind+1","Perfected Strike"],"picked":"Whirlwind","floor":22},{"not_picked":["Perfected Strike","Headbutt","Anger"],"picked":"SKIP","floor":23},{"not_picked":["Exhume","Body Slam"],"picked":"Cleave+1","floor":24},{"not_picked":["Blood for Blood+1","Heavy Blade"],"picked":"Sever Soul+1","floor":28},{"not_picked":["Sentinel","Reckless Charge+1","Warcry"],"picked":"SKIP","floor":30},{"not_picked":["Power Through","Wild Strike"],"picked":"Shockwave","floor":31},{"not_picked":["Berserk","Fiend Fire"],"picked":"Feed","floor":33},{"not_picked":["Clothesline+1","Disarm"],"picked":"Iron Wave+1","floor":35},{"not_picked":["Sever Soul+1","Cleave+1"],"picked":"Whirlwind+1","floor":38},{"not_picked":["Dropkick+1","Havoc+1"],"picked":"Burning Pact+1","floor":39},{"not_picked":["Bludgeon","Dropkick+1"],"picked":"Thunderclap+1","floor":40},{"not_picked":["Twin Strike","Wild Strike"],"picked":"Rampage+1","floor":41},{"not_picked":["Thunderclap","Anger"],"picked":"Clash+1","floor":42},{"not_picked":["Sever Soul+1","Feel No Pain"],"picked":"Pommel Strike+1","floor":47},{"not_picked":["Shrug It Off","Cleave+1"],"picked":"Havoc+1","floor":48}],"player_experience":51428,"relics_obtained":[{"floor":6.0,"key":"Ornamental Fan"},{"floor":9.0,"key":"Lantern"},{"floor":17,"key":"Regal Pillow"},{"floor":17,"key":"Mercury Hourglass"},{"floor":17,"key":"Dead Branch"},{"floor":23,"key":"Whetstone"},{"floor":26,"key":"Tiny Chest"},{"floor":28,"key":"War Paint"},{"floor":40,"key":"Ginger"},{"floor":42,"key":"Unceasing Top"},{"floor":43,"key":"Calipers"},{"floor":44,"key":"PreservedInsect"},{"floor":45,"key":"Happy Flower"},{"floor":48,"key":"CaptainsWheel"}],"event_choices":[{"damage_healed":0.0,"max_hp_gain":0.0,"max_hp_loss":0.0,"gold_gain":0.0,"event_name":"WeMeetAgain","player_choice":"Gave Potion","floor":4.0,"gold_loss":0.0,"damage_taken":0.0,"relics_obtained":["Pen Nib"]},{"damage_healed":0.0,"max_hp_gain":0.0,"max_hp_loss":0.0,"gold_gain":0.0,"event_name":"NoteForYourself","player_choice":"Ignored","floor":8.0,"gold_loss":0.0,"damage_taken":0.0},{"damage_healed":0,"gold_gain":0,"player_choice":"Opened","damage_taken":0,"relics_obtained":["Shuriken"],"max_hp_gain":0,"max_hp_loss":0,"event_name":"The Mausoleum","floor":19,"gold_loss":0},{"damage_healed":0,"gold_gain":0,"player_choice":"Obtain J.A.X.","damage_taken":0,"max_hp_gain":0,"max_hp_loss":0,"event_name":"Drug Dealer","floor":20,"gold_loss":0,"cards_obtained":["J.A.X."]},{"damage_healed":0,"gold_gain":0,"player_choice":"Got Potions","damage_taken":0,"max_hp_gain":0,"max_hp_loss":0,"event_name":"Lab","floor":36,"gold_loss":0}],"is_beta":false,"boss_relics":[{"not_picked":["Pandora\u0027s Box","Runic Pyramid"],"picked":"Calling Bell"},{"not_picked":["Cursed Key","Mark of Pain"],"picked":"Astrolabe"}],"items_purged_floors":[37],"is_endless":false,"potions_floor_spawned":[3,5,6,11,16,18,28,30,33,38,40],"ascension_level":0}}