{"host":"rolltorest","time":1610336480,"event":{"mods":["BaseMod","Minty Spire (QoL Compilation)","Relic Stats","Robot Space Explorer","Slay the Relics Exporter","StSLib"],"gold_per_floor":[111,67,217,142,62,90,90,121,121,146,158,187,199,27,27,98,98,116,116,206,220,240,240,240,240],"floor_reached":24,"playtime":694,"items_purged":["RobotSpaceExplorer:Strike"],"score":544,"play_id":"8ca149c0-52f0-492c-bc21-1064ec05cb0c","local_time":"20210110194120","is_ascension_mode":true,"campfire_choices":[{"data":"RobotSpaceExplorer:Comet","floor":7,"key":"SMITH"},{"data":"RobotSpaceExplorer:ShockMissile","floor":15,"key":"SMITH"},{"floor":23,"key":"REST"}],"circlet_count":0,"master_deck":["AscendersBane","RobotSpaceExplorer:Strike","RobotSpaceExplorer:Strike","RobotSpaceExplorer:Strike","RobotSpaceExplorer:Defend","RobotSpaceExplorer:Defend","RobotSpaceExplorer:Defend","RobotSpaceExplorer:Defend","RobotSpaceExplorer:Scan","RobotSpaceExplorer:MiniLasers","RobotSpaceExplorer:StunGrenade","RobotSpaceExplorer:DoubleBlock","RobotSpaceExplorer:Comet+1","RobotSpaceExplorer:ShockMissile+1","RobotSpaceExplorer:TrailblazerForm","RobotSpaceExplorer:RigExplosive","RobotSpaceExplorer:Asteroid","RobotSpaceExplorer:SurgingStrike","RobotSpaceExplorer:Comet","RobotSpaceExplorer:FranticSearch+1","RobotSpaceExplorer:DoubleBlock","RobotSpaceExplorer:Blitz"],"relics":["RobotSpaceExplorer:RoboCore","NeowsBlessing","Nunchaku","The Courier","Orichalcum","Tiny Chest","Sundial","Membership Card","SlaversCollar"],"acts_visited":["Exordium","TheCity"],"potions_floor_usage":[10,12,13,16,16,18,21,21,22,24],"damage_taken":[{"damage":0,"enemies":"Cultist","floor":1,"turns":1},{"damage":0,"enemies":"3 Sentries","floor":6,"turns":1},{"damage":0,"enemies":"Gremlin Nob","floor":8,"turns":1},{"damage":14,"enemies":"3 Sentries","floor":10,"turns":5},{"damage":0,"enemies":"Small Slimes","floor":11,"turns":3},{"damage":15,"enemies":"Gremlin Nob","floor":12,"turns":4},{"damage":0,"enemies":"2 Louse","floor":13,"turns":2},{"damage":9,"enemies":"Hexaghost","floor":16,"turns":9},{"damage":21,"enemies":"3 Byrds","floor":18,"turns":4},{"damage":18,"enemies":"2 Thieves","floor":21,"turns":3},{"damage":14,"enemies":"Snecko","floor":22,"turns":5},{"damage":26,"enemies":"Book of Stabbing","floor":24,"turns":6}],"seed_played":"-6465987638579948270","potions_obtained":[{"floor":6,"key":"SpeedPotion"},{"floor":8,"key":"Dexterity Potion"},{"floor":16,"key":"SpeedPotion"},{"floor":21,"key":"FearPotion"}],"is_trial":false,"path_per_floor":["M","$","?","?","$","E","R","E","T","E","M","E","M","$","R","B",null,"M","?","?","M","M","R","E"],"character_chosen":"RobotSpaceExplorer","items_purchased":["RobotSpaceExplorer:DoubleBlock","RobotSpaceExplorer:Comet","Membership Card"],"campfire_rested":1,"item_purchase_floors":[2,5,14],"current_hp_per_floor":[64,64,64,64,64,64,64,64,64,50,50,35,35,35,35,26,60,39,53,41,23,9,30,4,4],"gold":240,"neow_bonus":"THREE_ENEMY_KILL","is_daily":false,"chose_seed":false,"campfire_upgraded":2,"win_rate":0.0,"timestamp":1610336480,"path_taken":["M","$","?","?","$","E","R","E","T","E","M","E","M","$","R","BOSS","M","?","?","M","M","R","E"],"items_purchased_type":["Card","Card","Relic"],"build_version":"2020-12-18","purchased_purges":1,"victory":false,"max_hp_per_floor":[71,71,71,71,71,71,71,71,71,71,71,71,71,71,71,71,71,71,71,71,71,71,71,71,71],"relic_stats":{"Nunchaku":[7],"counters":[12,44],"Sundial":[2],"Tiny Chest":0,"Orichalcum":[114],"obtain_stats":[{"SlaversCollar":17,"Nunchaku":6,"NeowsBlessing":0,"Sundial":12,"RobotSpaceExplorer:RoboCore":0,"Tiny Chest":10,"The Courier":8,"Membership Card":14,"Orichalcum":9},{"SlaversCollar":8,"Nunchaku":2,"NeowsBlessing":0,"Sundial":6,"RobotSpaceExplorer:RoboCore":0,"Tiny Chest":4,"The Courier":3,"Membership Card":7,"Orichalcum":3},{"SlaversCollar":26,"Nunchaku":2,"NeowsBlessing":0,"Sundial":15,"RobotSpaceExplorer:RoboCore":0,"Tiny Chest":8,"The Courier":3,"Membership Card":17,"Orichalcum":3}]},"card_choices":[{"not_picked":["RobotSpaceExplorer:ShockKick","RobotSpaceExplorer:SlimeMissile"],"picked":"RobotSpaceExplorer:StunGrenade","floor":1},{"not_picked":["RobotSpaceExplorer:SurgingStrike","RobotSpaceExplorer:SurgingShield"],"picked":"RobotSpaceExplorer:ShockMissile","floor":6},{"not_picked":["RobotSpaceExplorer:ShovelStrike","RobotSpaceExplorer:ChargingLaser"],"picked":"RobotSpaceExplorer:TrailblazerForm","floor":8},{"not_picked":["RobotSpaceExplorer:GlueShot","RobotSpaceExplorer:SlimeMissile"],"picked":"RobotSpaceExplorer:RigExplosive","floor":10},{"not_picked":["RobotSpaceExplorer:MiniDrones","RobotSpaceExplorer:ScrapToss","RobotSpaceExplorer:Ammunition"],"picked":"SKIP","floor":11},{"not_picked":["RobotSpaceExplorer:LaserBurst","RobotSpaceExplorer:ShockKick"],"picked":"RobotSpaceExplorer:Asteroid","floor":12},{"not_picked":["RobotSpaceExplorer:StunGrenade","RobotSpaceExplorer:FreezingShield"],"picked":"RobotSpaceExplorer:SurgingStrike","floor":13},{"not_picked":["RobotSpaceExplorer:BlastShield","RobotSpaceExplorer:Accelerator"],"picked":"RobotSpaceExplorer:Comet","floor":16},{"not_picked":["RobotSpaceExplorer:ShovelStrike","RobotSpaceExplorer:Counterblock"],"picked":"RobotSpaceExplorer:FranticSearch+1","floor":18},{"not_picked":["RobotSpaceExplorer:ShockKick","RobotSpaceExplorer:SurgingShield"],"picked":"RobotSpaceExplorer:DoubleBlock","floor":21},{"not_picked":["RobotSpaceExplorer:Ammunition","RobotSpaceExplorer:SurgingStrike"],"picked":"RobotSpaceExplorer:Blitz","floor":22}],"player_experience":1832497,"relics_obtained":[{"floor":6,"key":"Nunchaku"},{"floor":8,"key":"The Courier"},{"floor":9,"key":"Orichalcum"},{"floor":10,"key":"Tiny Chest"},{"floor":12,"key":"Sundial"}],"event_choices":[{"damage_healed":0,"gold_gain":150,"player_choice":"AGREE","damage_taken":0,"max_hp_gain":0,"max_hp_loss":0,"event_name":"Liars Game","floor":3,"gold_loss":0,"cards_obtained":["Doubt"]},{"cards_removed":["Doubt"],"damage_healed":0,"gold_gain":0,"player_choice":"Card Removal","damage_taken":0,"max_hp_gain":0,"max_hp_loss":0,"event_name":"The Cleric","floor":4,"gold_loss":75},{"damage_healed":14,"gold_gain":0,"player_choice":"Heal","damage_taken":0,"max_hp_gain":0,"max_hp_loss":0,"event_name":"The Library","floor":19,"gold_loss":0},{"damage_healed":0,"gold_gain":90,"player_choice":"GOLD ","damage_taken":12,"max_hp_gain":0,"max_hp_loss":0,"event_name":"Knowing Skull","floor":20,"potions_obtained":[],"gold_loss":0,"cards_obtained":[]}],"is_beta":true,"boss_relics":[{"not_picked":["Runic Dome","Philosopher\u0027s Stone"],"picked":"SlaversCollar"}],"items_purged_floors":[14],"is_endless":false,"potions_floor_spawned":[6,8,16,21],"killed_by":"Book of Stabbing","ascension_level":20}}