{"host":"rgyusf9batiqntnt","time":1610357147,"event":{"mods":["BaseMod","Colored Powertips","Downfall","Infinite Spire","Marisa????????","Minty Spire (QoL Compilation)","Quick Restart","StSLib","The Exalted","The Necromancer","The Servant 0.9.4"],"gold_per_floor":[111,186,198,198,218,218,20,35,105,105,105],"floor_reached":10,"playtime":765,"items_purged":[],"score":58,"play_id":"1be6b047-cf99-4222-9724-1150d415abdd","local_time":"20210111195547","is_ascension_mode":false,"campfire_choices":[{"floor":6,"key":"REST"}],"circlet_count":1,"master_deck":["Strike_S","Strike_S","Strike_S","Strike_S","Defend_S","Defend_S","Defend_S","Defend_S","KidneyShot","Exchange","Metamorphosis","Barrier","Potential","Rearm","Defy","expansioncontent:Sear","Revamp"],"relics":["Uniform","Lantern","Membership Card","Circlet"],"acts_visited":[],"potions_floor_usage":[],"damage_taken":[{"damage":14,"enemies":"Jaw Worm","floor":1,"turns":4},{"damage":2,"enemies":"Small Slimes","floor":3,"turns":4},{"damage":8,"enemies":"Cultist","floor":5,"turns":5},{"damage":5,"enemies":"Exordium Wildlife","floor":8,"turns":4},{"damage":28,"enemies":"Nightmare","floor":10,"turns":10}],"seed_played":"6748812305374721167","potions_obtained":[{"floor":3,"key":"Energy Potion"}],"is_trial":false,"path_per_floor":["M","?","M","?","M","R","$","M","T","NM"],"character_chosen":"THE_SERVANT","items_purchased":["Membership Card","Defy","expansioncontent:Sear"],"campfire_rested":1,"item_purchase_floors":[7,7,7],"current_hp_per_floor":[33,22,20,17,9,28,28,23,23,0,0],"gold":105,"neow_bonus":"RANDOM_COLORLESS_2","is_daily":false,"chose_seed":false,"campfire_upgraded":0,"win_rate":0.0,"timestamp":1610357147,"path_taken":["M","?","M","?","M","R","?","M","T","NM"],"items_purchased_type":["Relic","Card","Card"],"build_version":"2020-12-22","purchased_purges":0,"victory":false,"max_hp_per_floor":[65,65,65,65,65,65,65,65,65,65,65],"card_choices":[{"not_picked":["Panache","expansioncontent:QuickStudy"],"picked":"Metamorphosis","floor":0},{"not_picked":["Collapse","SurpressingFire"],"picked":"Barrier","floor":1},{"not_picked":["Spin","TimeWarp"],"picked":"Potential","floor":3},{"not_picked":["ShiftingGears","WasteNot"],"picked":"Rearm","floor":5},{"not_picked":["ReturningBlade","Potential"],"picked":"Revamp","floor":8}],"player_experience":66092,"relics_obtained":[{"floor":9,"key":"Circlet"}],"event_choices":[{"damage_healed":0,"gold_gain":75,"player_choice":"Gather Gold","damage_taken":11,"max_hp_gain":0,"max_hp_loss":0,"event_name":"World of Goop","floor":2,"gold_loss":0},{"damage_healed":0,"gold_gain":0,"player_choice":"Success","damage_taken":3,"relics_obtained":["Lantern"],"max_hp_gain":0,"max_hp_loss":0,"event_name":"Scrap Ooze","floor":4,"gold_loss":0}],"is_beta":false,"boss_relics":[],"items_purged_floors":[],"is_endless":false,"potions_floor_spawned":[3],"killed_by":"Nightmare","ascension_level":0}}