{"host":"hvwa7s69zr612rn1","time":1610360583,"event":{"mods":["BaseMod","Colored Map","Colored Powertips","Minty Spire (QoL Compilation)","StSLib","The Bug Knight"],"gold_per_floor":[118,130,130,150,168,168,198,216,216,216,193,218,68,85,85,183,183,200,200,212,223,234,266,266,266,266],"floor_reached":25,"playtime":1574,"items_purged":[],"score":247,"play_id":"dcb829bb-e4c0-445f-aedd-963475405140","local_time":"20210111212303","is_ascension_mode":true,"campfire_choices":[{"data":"HollowMod:CycloneSlash","floor":6,"key":"SMITH"},{"data":"HollowMod:SoulEater","floor":10,"key":"SMITH"},{"data":"HollowMod:MantisMark","floor":15,"key":"SMITH"}],"circlet_count":1,"master_deck":["HollowMod:NailStrikeStart","HollowMod:NailStrikeStart","HollowMod:NailStrikeStart","HollowMod:QuickDashStart","HollowMod:QuickDashStart","HollowMod:QuickDashStart","HollowMod:QuickDashStart","HollowMod:FocusHealStart","HollowMod:PogoStrike","HollowMod:CycloneSlash+1","Dark Shackles","HollowMod:FallenFury","HollowMod:SoulEater+1","HollowMod:SoulVessel+1","HollowMod:MantisMark+1","HollowMod:theNailsmith","HollowMod:DashSlash","HollowMod:CloakDash","HollowMod:DashSlash+1","HollowMod:SlysStrikes+1"],"relics":["HollowMod:VesselMask","Vajra","Frozen Egg 2","HollowMod:StagPassRelic","Circlet","Fusion Hammer","Blue Candle"],"acts_visited":["Exordium","TheCity"],"potions_floor_usage":[7,16,20,23,25],"damage_taken":[{"damage":2,"enemies":"2 Louse","floor":1,"turns":3},{"damage":1,"enemies":"Cultist","floor":2,"turns":3},{"damage":1,"enemies":"Jaw Worm","floor":4,"turns":4},{"damage":8,"enemies":"2 Fungi Beasts","floor":5,"turns":3},{"damage":33,"enemies":"Lagavulin","floor":7,"turns":7},{"damage":9,"enemies":"Blue Slaver","floor":8,"turns":4},{"damage":26,"enemies":"3 Sentries","floor":12,"turns":6},{"damage":7,"enemies":"3 Louse","floor":14,"turns":2},{"damage":26,"enemies":"The Guardian","floor":16,"turns":11},{"damage":19,"enemies":"Chosen","floor":18,"turns":6},{"damage":11,"enemies":"Shell Parasite","floor":20,"turns":5},{"damage":51,"enemies":"Sentry and Sphere","floor":21,"turns":6},{"damage":6,"enemies":"Chosen and Byrds","floor":22,"turns":7},{"damage":18,"enemies":"Slavers","floor":23,"turns":5},{"damage":10,"enemies":"Shelled Parasite and Fungi","floor":25,"turns":1}],"seed_played":"379674085471174379","potions_obtained":[{"floor":1,"key":"Block Potion"},{"floor":5,"key":"SteroidPotion"},{"floor":7,"key":"Block Potion"},{"floor":16,"key":"Weak Potion"},{"floor":21,"key":"LiquidBronze"}],"is_trial":false,"path_per_floor":["M","M","?","M","M","R","E","M","T","R","?","E","?","M","R","B",null,"M","?","M","M","M","E","?","M"],"character_chosen":"THE_BUGKNIGHT","items_purchased":[],"campfire_rested":0,"item_purchase_floors":[],"current_hp_per_floor":[82,81,81,80,74,74,47,44,44,44,44,24,24,23,23,9,82,69,69,64,23,17,9,9,0,0],"gold":266,"neow_bonus":"TEN_PERCENT_HP_BONUS","is_daily":false,"chose_seed":false,"campfire_upgraded":3,"win_rate":0.0,"timestamp":1610360583,"path_taken":["M","M","?","M","M","R","E","?","T","R","?","E","?","M","R","BOSS","M","?","M","M","M","E","?","M"],"items_purchased_type":[],"build_version":"2020-12-22","purchased_purges":0,"victory":false,"max_hp_per_floor":[82,82,82,82,82,82,82,82,82,82,82,82,82,82,82,82,82,82,82,82,82,82,82,82,82,82],"card_choices":[{"not_picked":["HollowMod:SiblingsShadow","HollowMod:MonomonsArchive"],"picked":"HollowMod:CycloneSlash","floor":1},{"not_picked":["HollowMod:PureNailStrike","HollowMod:ShadowDash","HollowMod:InfectedAttack"],"picked":"SKIP","floor":2},{"not_picked":["HollowMod:BrokenVessel","HollowMod:CornifersMapStart","HollowMod:HeavyBlow"],"picked":"SKIP","floor":4},{"not_picked":["HollowMod:CycloneSlash","HollowMod:SoulVessel","HollowMod:GoodIntentions"],"picked":"SKIP","floor":5},{"not_picked":["HollowMod:SiblingsSouls","HollowMod:GoodIntentions"],"picked":"HollowMod:SoulEater","floor":7},{"not_picked":["HollowMod:DescendingDark","HollowMod:NewLittleFool","HollowMod:MothsMistake"],"picked":"SKIP","floor":8},{"not_picked":["HollowMod:SoulSplash","HollowMod:MidwifesHunger"],"picked":"HollowMod:SoulVessel+1","floor":12},{"not_picked":["HollowMod:BrokenVessel+1","HollowMod:ShadowDash"],"picked":"HollowMod:MantisMark","floor":14},{"not_picked":["HollowMod:VoidDash","HollowMod:HornetsHelp"],"picked":"HollowMod:theNailsmith","floor":16},{"not_picked":["HollowMod:CycloneSlash+1","HollowMod:FallenFury"],"picked":"HollowMod:DashSlash","floor":18},{"not_picked":["HollowMod:CycloneSlash","HollowMod:CoiledNail","HollowMod:VengefulVoid"],"picked":"SKIP","floor":20},{"not_picked":["HollowMod:VengefulVoid","HollowMod:NewJinnsSoul"],"picked":"HollowMod:CloakDash","floor":21},{"not_picked":["HollowMod:NewGlowingWomb+1","HollowMod:CrystalDash"],"picked":"HollowMod:DashSlash+1","floor":22},{"not_picked":["HollowMod:GrimmsGift+1","HollowMod:InfectedCysts"],"picked":"HollowMod:SlysStrikes+1","floor":23}],"player_experience":350581,"relics_obtained":[{"floor":7,"key":"Vajra"},{"floor":9,"key":"Frozen Egg 2"},{"floor":12,"key":"HollowMod:StagPassRelic"},{"floor":23,"key":"Blue Candle"}],"event_choices":[{"damage_healed":0,"gold_gain":0,"player_choice":"2 cards matched","damage_taken":0,"max_hp_gain":0,"max_hp_loss":0,"event_name":"Match and Keep!","floor":3,"gold_loss":0,"cards_obtained":["Dark Shackles","HollowMod:FallenFury"]},{"damage_healed":0,"gold_gain":0,"player_choice":"Left Gold","damage_taken":0,"max_hp_gain":0,"max_hp_loss":0,"event_name":"World of Goop","floor":11,"gold_loss":23},{"damage_healed":0,"gold_gain":0,"player_choice":"Ignored","damage_taken":0,"max_hp_gain":0,"max_hp_loss":0,"event_name":"The Mausoleum","floor":19,"gold_loss":0}],"is_beta":false,"boss_relics":[{"not_picked":["Cursed Key","Runic Dome"],"picked":"Fusion Hammer"}],"items_purged_floors":[],"is_endless":false,"potions_floor_spawned":[1,5,7,16,21],"killed_by":"Shelled Parasite and Fungi","ascension_level":1}}