{"host":"zgdag062zrknap1a","time":1610335618,"event":{"mods":["AchievementEnabler","Act Like it!","Aspiration","Bard","BaseMod","BetterRewards","Colored Map","Colored Powertips","Conspire","Downfall","Gensokyo","Hallownest","Hermit","Highlight Path","Hubris","Infinite Spire","Jorbs\u0027s Wanderer Trilogy","Marisa????????","Minty Spire (QoL Compilation)","Quick Restart","Rare Cards Sparkle","Replay The Spire","Shop Mod","StSLib","The Bug Knight","The Cursed","The Hierophant","The Necromancer","The Runesmith","The Servant 0.9.4"],"gold_per_floor":[118,137,154,165,165,200,200,225,225,251,251,251,261,278,278,375,375,394,394,319,319,332,332,349,349,349,363,380,380,396,70,70,70,70],"floor_reached":33,"playtime":1785,"items_purged":[],"score":294,"play_id":"a6ea5a78-08bb-4789-95d6-8306690ad989","local_time":"20210110192658","is_ascension_mode":false,"campfire_choices":[{"floor":12,"key":"RECALL"},{"data":"Perfected Strike","floor":15,"key":"SMITH"},{"data":"Metallicize","floor":23,"key":"SMITH"},{"data":"ReplayTheSpireMod:LeadingStrike","floor":25,"key":"SMITH"},{"data":"Twin Strike","floor":29,"key":"SMITH"},{"data":"hubris:StunningStrike","floor":32,"key":"SMITH"}],"circlet_count":0,"master_deck":["Strike_R","Strike_R","Strike_R","Strike_R","Strike_R+1","Defend_R","Defend_R","Defend_R","Defend_R","Twin Strike+1","Wild Strike","ReplayTheSpireMod:LeadingStrike+1","Perfected Strike+1","ReplayTheSpireMod:Strike From Hell","hubris:StunningStrike+1","Metallicize+1","Battle Trance","Metallicize+1"],"relics":["Burning Blood","Peace Pipe","MerchantsRug","HollowMod:StagPassRelic","Incense Burner","Blood Vial","Coffee Dripper","FossilizedHelix","Bottled Tornado"],"acts_visited":["Exordium","TheCity"],"potions_floor_usage":[6,6,16,16,33],"damage_taken":[{"damage":1,"enemies":"2 Louse","floor":1,"turns":3},{"damage":6,"enemies":"Jaw Worm","floor":2,"turns":2},{"damage":0,"enemies":"Small Slimes","floor":3,"turns":2},{"damage":1,"enemies":"2 Fungi Beasts","floor":4,"turns":3},{"damage":0,"enemies":"Lagavulin","floor":6,"turns":3},{"damage":6,"enemies":"Gremlin Nob","floor":8,"turns":4},{"damage":31,"enemies":"3 Sentries","floor":10,"turns":6},{"damage":10,"enemies":"Looter","floor":13,"turns":2},{"damage":2,"enemies":"3 Louse","floor":14,"turns":3},{"damage":60,"enemies":"Hexaghost","floor":16,"turns":13},{"damage":5,"enemies":"Chosen","floor":18,"turns":3},{"damage":17,"enemies":"3 Byrds","floor":22,"turns":6},{"damage":11,"enemies":"Snake Plant","floor":24,"turns":4},{"damage":0,"enemies":"Chosen and Byrds","floor":27,"turns":5},{"damage":11,"enemies":"Centurion and Healer","floor":28,"turns":5},{"damage":14,"enemies":"Snake Plant","floor":30,"turns":3},{"damage":13,"enemies":"Collector","floor":33,"turns":8}],"seed_played":"-2296065086557556763","potions_obtained":[{"floor":2,"key":"Adrenaline Potion"},{"floor":3,"key":"Adrenaline Potion"},{"floor":4,"key":"DuplicationPotion"},{"floor":13,"key":"Adrenaline Potion"},{"floor":18,"key":"SteroidPotion"},{"floor":24,"key":"Doom Potion"},{"floor":28,"key":"ElixirPotion"}],"is_trial":false,"path_per_floor":["M","M","M","M","?","E","?","E","T","E","?","R","M","M","R","B",null,"M","?","?","?","M","R","M","R","T","M","M","R","M","$","R","B"],"character_chosen":"IRONCLAD","items_purchased":["Twin Strike","Wild Strike","Peace Pipe","ReplayTheSpireMod:LeadingStrike","MerchantsRug","Perfected Strike","Regen Potion","Metallicize","Bottled Tornado"],"campfire_rested":0,"item_purchase_floors":[0,0,0,0,0,0,0,31,31],"current_hp_per_floor":[49,49,55,60,60,66,66,66,66,41,46,46,44,50,50,10,85,85,85,85,85,74,74,71,71,71,79,76,76,70,70,70,59,59],"gold":70,"neow_bonus":"","is_daily":false,"chose_seed":false,"campfire_upgraded":5,"win_rate":0.0,"timestamp":1610335618,"path_taken":["M","M","M","M","?","E","?","E","T","E","?","R","M","M","R","BOSS","M","?","?","?","M","R","M","R","T","M","M","R","?","$","R","BOSS"],"items_purchased_type":["Card","Card","Relic","Card","Relic","Card","Potion","Card","Relic"],"build_version":"2020-12-22","purchased_purges":0,"victory":false,"max_hp_per_floor":[80,80,80,80,80,80,80,80,80,80,85,85,85,85,85,85,85,85,85,85,85,85,85,85,85,85,85,85,85,85,85,85,85,85],"card_choices":[{"not_picked":["Clash","Armaments","Disarm"],"picked":"SKIP","floor":1},{"not_picked":["Thunderclap","Fire Breathing","Run Through"],"picked":"SKIP","floor":2},{"not_picked":["Combust","Cleave","Life Link"],"picked":"SKIP","floor":3},{"not_picked":["Replay:Undeath\u0027s Touch","Sword Boomerang"],"picked":"ReplayTheSpireMod:Strike From Hell","floor":4},{"not_picked":["Thunderclap","Cleave"],"picked":"hubris:StunningStrike","floor":6},{"not_picked":["Havoc","Clash","Replay:Undeath\u0027s Touch"],"picked":"SKIP","floor":8},{"not_picked":["Flame Barrier","Bloodletting"],"picked":"Metallicize","floor":10},{"not_picked":["Thunderclap","Intimidate","Seeing Red"],"picked":"SKIP","floor":13},{"not_picked":["hubris:ReadiedAction","Power Through","Abandon"],"picked":"SKIP","floor":14},{"not_picked":["Havoc","Heavy Blade","Warcry+1"],"picked":"SKIP","floor":18},{"not_picked":["Anger","Burning Pact"],"picked":"Battle Trance","floor":22},{"not_picked":["ReplayTheSpireMod:Stacked+1","Havoc+1","Searing Blow"],"picked":"SKIP","floor":24},{"not_picked":["ReplayTheSpireMod:Limb From Limb","Cleave","Thunderclap"],"picked":"SKIP","floor":27},{"not_picked":["Headbutt","Heavy Blade","Life Link+1"],"picked":"SKIP","floor":28},{"not_picked":["Immolate","Massacre","Whirlwind"],"picked":"SKIP","floor":30}],"player_experience":371260,"relics_obtained":[{"floor":6,"key":"HollowMod:StagPassRelic"},{"floor":8,"key":"Incense Burner"},{"floor":10,"key":"Blood Vial"},{"floor":26,"key":"FossilizedHelix"}],"event_choices":[{"damage_healed":0,"gold_gain":0,"player_choice":"Disagree","damage_taken":0,"max_hp_gain":0,"max_hp_loss":0,"event_name":"conspire:LoneGhost","floor":7,"gold_loss":0},{"damage_healed":0,"gold_gain":0,"player_choice":"Donut","damage_taken":0,"max_hp_gain":5,"max_hp_loss":0,"event_name":"Big Fish","floor":11,"gold_loss":0},{"cards_removed":["Bash"],"damage_healed":0,"gold_gain":0,"player_choice":"Gave Gold","damage_taken":0,"max_hp_gain":0,"max_hp_loss":0,"event_name":"Beggar","floor":20,"gold_loss":75}],"is_beta":false,"boss_relics":[{"not_picked":["hubris:Backtick","aspiration:MobileForge"],"picked":"Coffee Dripper"}],"items_purged_floors":[],"is_endless":false,"potions_floor_spawned":[2,3,4,13,18,24,28],"killed_by":"Collector","ascension_level":0}}