{"host":"i19jjmeqmvseha12","time":1610361998,"event":{"mods":["Act Like it!","BaseMod","Colored Powertips","Dota2Spire","Gensokyo","Minty Spire (QoL Compilation)","Replay The Spire","StSLib","The Cursed"],"gold_per_floor":[112,30,30,41,57,84,84,114,114,144,144,162,162,179,179,279,279,298,314,330,347,35,35,35],"floor_reached":23,"playtime":921,"items_purged":[],"score":213,"play_id":"08a63b90-438b-4b51-9292-613edb6e5a11","local_time":"20210111024638","is_ascension_mode":false,"campfire_choices":[{"data":"Hyperbeam","floor":7,"key":"SMITH"},{"floor":11,"key":"REST"},{"data":"Streamline","floor":15,"key":"SMITH"}],"circlet_count":0,"master_deck":["Strike_B","Strike_B","Strike_B","Strike_B","Defend_B","Defend_B","Defend_B","Defend_B","Zap","Dualcast","Finesse","Redo","Hello World","Streamline+1","Compile Driver","Hyperbeam+1","Melter","Sunder","Recycle","Rebound","Amplify","Conserve Battery","Rip and Tear"],"relics":["Cracked Core","Pet Ghost","Matryoshka","Nunchaku","MealTicket","Peace Pipe","Nuclear Battery","Dota2Spire:EyeOfSkadi"],"acts_visited":["Exordium","TheCity"],"potions_floor_usage":[8,8,18,20,20],"damage_taken":[{"damage":2,"enemies":"Gensokyo:3_Fairies","floor":1,"turns":3},{"damage":6,"enemies":"Gensokyo:Python","floor":4,"turns":3},{"damage":2,"enemies":"Gensokyo:Gryphon","floor":5,"turns":3},{"damage":8,"enemies":"Gensokyo:Mamizou","floor":6,"turns":6},{"damage":27,"enemies":"Gensokyo:Cirno","floor":8,"turns":6},{"damage":11,"enemies":"Gensokyo:Mamizou","floor":10,"turns":6},{"damage":0,"enemies":"Gensokyo:VengefulSpirit","floor":12,"turns":2},{"damage":3,"enemies":"Gensokyo:3_Kodama","floor":14,"turns":2},{"damage":32,"enemies":"Gensokyo:Yukari","floor":16,"turns":11},{"damage":27,"enemies":"3 Byrds","floor":18,"turns":3},{"damage":3,"enemies":"Chosen","floor":19,"turns":4},{"damage":31,"enemies":"Shelled Parasite and Fungi","floor":20,"turns":3},{"damage":17,"enemies":"Centurion and Healer","floor":21,"turns":7},{"damage":24,"enemies":"Book of Stabbing","floor":23,"turns":4}],"seed_played":"-1211360984145232687","potions_obtained":[{"floor":1,"key":"ColorlessPotion"},{"floor":5,"key":"Venom Potion"},{"floor":12,"key":"Strength Potion"},{"floor":14,"key":"Dota2Spire:Clarity"},{"floor":19,"key":"DistilledChaos"}],"is_trial":false,"path_per_floor":["M","$","?","M","M","E","R","E","T","E","R","M","?","M","R","B",null,"M","M","M","M","$","E"],"character_chosen":"DEFECT","items_purchased":["Hello World","Dota2Spire:EyeOfSkadi"],"campfire_rested":1,"item_purchase_floors":[2,22],"current_hp_per_floor":[73,73,80,74,72,64,64,37,37,26,50,50,50,47,47,15,82,55,52,21,4,24,0,0],"gold":35,"neow_bonus":"RANDOM_COLORLESS","is_daily":false,"chose_seed":false,"campfire_upgraded":2,"win_rate":0.0,"timestamp":1610361998,"path_taken":["M","$","?","M","M","E","R","E","T","E","R","M","?","?","R","BOSS","M","?","M","M","$","E"],"items_purchased_type":["Card","Relic"],"build_version":"2020-12-22","purchased_purges":0,"victory":false,"max_hp_per_floor":[75,75,82,82,82,82,82,82,82,82,82,82,82,82,82,82,82,82,82,82,82,87,87,87],"card_choices":[{"not_picked":["Purity","PanicButton"],"picked":"Finesse","floor":0},{"not_picked":["Barrage","Leap"],"picked":"Redo","floor":1},{"not_picked":["Gash","Doom and Gloom"],"picked":"Streamline","floor":4},{"not_picked":["Time Bomb","Coolheaded"],"picked":"Compile Driver","floor":5},{"not_picked":["Ball Lightning","Steam Power"],"picked":"Hyperbeam","floor":6},{"not_picked":["Steam","Coolheaded"],"picked":"Melter","floor":8},{"not_picked":["Redo","Glacier"],"picked":"Sunder","floor":10},{"not_picked":["Compile Driver","Steam"],"picked":"Recycle","floor":12},{"not_picked":["ReplayTheSpireMod:GoodbyeWorld","Gash"],"picked":"Rebound","floor":14},{"not_picked":["Hyperbeam","ReplayTheSpireMod:Fabricate Wheel"],"picked":"Amplify","floor":16},{"not_picked":["Self Repair","Chill+1"],"picked":"Conserve Battery","floor":18},{"not_picked":["Turbo","Glacier","Hologram"],"picked":"SKIP","floor":19},{"not_picked":["Panic Button","Cold Snap","Leap"],"picked":"SKIP","floor":20},{"not_picked":["Compile Driver","BasicCrystalCard"],"picked":"Rip and Tear","floor":21}],"player_experience":163135,"relics_obtained":[{"floor":6,"key":"Pet Ghost"},{"floor":8,"key":"Matryoshka"},{"floor":9,"key":"Nunchaku"},{"floor":9,"key":"MealTicket"},{"floor":10,"key":"Peace Pipe"}],"event_choices":[],"is_beta":false,"boss_relics":[{"not_picked":["SlaversCollar","Replay:Ancient Bell"],"picked":"Nuclear Battery"}],"items_purged_floors":[],"is_endless":false,"potions_floor_spawned":[1,5,12,14,19],"killed_by":"Book of Stabbing","ascension_level":0}}