{"host":"fmtvje4mks8zli8e","time":1610335413,"event":{"mods":["AchievementEnabler","AlwaysNeverKeys","BaseMod","BetterRewards","Minty Spire (QoL Compilation)","READ ME - Guardian Mod","Remove Card Discount Mod","StSLib","The Cursed","The Druid","The Servant 0.9.4","The Wild Card"],"gold_per_floor":[112,112,112,287,287,287,321,321,321,336,16,52,68,101,101,220,220,239,239,255,255,255,270,309,8,8,48,64,98,98,123,123,253,253,268,268,282,306,320,355,378,416,416,479,523,539,539,608,608,608,608,608,56,99,99],"floor_reached":56,"playtime":1907,"items_purged":["Doubt","Injury","Regret","Defend_R","Defend_R","Writhe"],"score":2216,"play_id":"0ca2b2e9-c080-49a1-b7cc-6ac8b0e4e533","local_time":"20210110212333","is_ascension_mode":true,"campfire_choices":[{"data":"Metallicize","floor":6,"key":"SMITH"},{"data":"Twin Strike","floor":15,"key":"SMITH"},{"data":"Sword Boomerang","floor":32,"key":"SMITH"},{"data":"Iron Wave","floor":47,"key":"SMITH"},{"data":"Iron Wave","floor":49,"key":"SMITH"},{"data":"Bash","floor":52,"key":"SMITH"}],"circlet_count":0,"master_deck":["Strike_R","Strike_R","Strike_R","Strike_R","Strike_R","Defend_R","Defend_R","Bash+1","Metallicize+1","Armaments+1","Shrug It Off+1","Twin Strike+1","Shrug It Off+1","Flex+1","Double Tap+1","Sword Boomerang+1","Iron Wave+1","Iron Wave+1","Juggernaut+1","Rampage+1","Berserk","Metallicize+1"],"relics":["Burning Blood","Happy Flower","OrangePellets","Blue Candle","HandDrill","InkBottle","Strawberry","Toxic Egg 2","Eternal Feather","Ancient Tea Set","Golden Idol","Anchor","Vajra","Gremlin Horn","Brimstone","Toy Ornithopter","Art of War","Nunchaku","SlaversCollar","Enchiridion","MutagenicStrength","Bag of Preparation","Thread and Needle","Torii","HornCleat","Calipers","Prayer Wheel","Philosopher\u0027s Stone","Peace Pipe","Gambling Chip","Darkstone Periapt","Unceasing Top","StrikeDummy","Turnip","Red Skull","Self Forming Clay","Sling","Oddly Smooth Stone"],"acts_visited":["Exordium","TheCity","TheBeyond","TheEnding"],"potions_floor_usage":[23,40,55,55,55,55,55,55],"damage_taken":[{"damage":0,"enemies":"Small Slimes","floor":1,"turns":4},{"damage":24,"enemies":"Gremlin Nob","floor":7,"turns":5},{"damage":2,"enemies":"Jaw Worm","floor":10,"turns":3},{"damage":0,"enemies":"Lagavulin","floor":12,"turns":5},{"damage":0,"enemies":"2 Louse","floor":13,"turns":1},{"damage":3,"enemies":"3 Sentries","floor":14,"turns":3},{"damage":0,"enemies":"Slime Boss","floor":16,"turns":4},{"damage":0,"enemies":"Chosen","floor":18,"turns":3},{"damage":10,"enemies":"3 Byrds","floor":20,"turns":3},{"damage":0,"enemies":"3 Cultists","floor":23,"turns":3},{"damage":7,"enemies":"Book of Stabbing","floor":24,"turns":3},{"damage":0,"enemies":"Slavers","floor":27,"turns":2},{"damage":0,"enemies":"Snake Plant","floor":28,"turns":3},{"damage":0,"enemies":"Gremlin Leader","floor":29,"turns":2},{"damage":0,"enemies":"Chosen and Byrds","floor":31,"turns":3},{"damage":0,"enemies":"Automaton","floor":33,"turns":5},{"damage":0,"enemies":"Orb Walker","floor":35,"turns":2},{"damage":0,"enemies":"3 Darklings","floor":37,"turns":3},{"damage":18,"enemies":"Writhing Mass","floor":38,"turns":3},{"damage":0,"enemies":"Jaw Worm Horde","floor":39,"turns":3},{"damage":0,"enemies":"Giant Head","floor":40,"turns":4},{"damage":0,"enemies":"Spire Growth","floor":41,"turns":3},{"damage":0,"enemies":"Nemesis","floor":42,"turns":3},{"damage":0,"enemies":"Mind Bloom Boss Battle","floor":44,"turns":3},{"damage":0,"enemies":"Giant Head","floor":45,"turns":3},{"damage":6,"enemies":"4 Shapes","floor":46,"turns":2},{"damage":1,"enemies":"2 Orb Walkers","floor":48,"turns":3},{"damage":41,"enemies":"Time Eater","floor":50,"turns":4},{"damage":0,"enemies":"Shield and Spear","floor":54,"turns":2},{"damage":14,"enemies":"The Heart","floor":55,"turns":5}],"seed_played":"-6226789211281256651","potions_obtained":[{"floor":1,"key":"LiquidBronze"},{"floor":13,"key":"ElixirPotion"},{"floor":18,"key":"SneckoOil"},{"floor":24,"key":"EntropicBrew"},{"floor":40,"key":"Fruit Juice"},{"floor":41,"key":"Strength Potion"}],"is_trial":false,"path_per_floor":["M","?","?","?","?","R","E","?","T","M","$","E","M","E","R","B",null,"M","?","M","?","?","M","E","$","T","E","M","E","?","M","R","B",null,"M","?","M","M","M","E","M","E","T","?","E","M","R","?","R","B",null,"R","$","E","B",null],"character_chosen":"IRONCLAD","items_purchased":["Happy Flower","OrangePellets","Blue Candle","Metallicize","Armaments","HandDrill","InkBottle","Strawberry","Toxic Egg 2","Eternal Feather","Brimstone","Toy Ornithopter","Thread and Needle","Red Skull","Self Forming Clay","Sling"],"campfire_rested":0,"item_purchase_floors":[0,0,0,0,0,0,0,0,0,0,11,11,25,53,53,53],"current_hp_per_floor":[45,45,45,45,45,54,36,36,36,40,40,46,52,55,61,67,87,87,87,83,67,67,78,77,77,77,83,87,87,87,87,87,87,87,87,87,87,75,81,92,92,92,92,92,92,92,92,92,92,57,92,92,92,92,84],"gold":99,"neow_bonus":"","is_daily":false,"chose_seed":false,"campfire_upgraded":6,"win_rate":0.0,"timestamp":1610335413,"path_taken":["M","?","?","?","?","R","E","?","T","?","?","E","M","E","R","BOSS","M","?","M","?","?","M","E","?","T","E","M","E","?","M","R","BOSS","M","?","?","M","M","E","M","E","T","?","E","M","R","?","R","BOSS","R","$","E","BOSS"],"items_purchased_type":["Relic","Relic","Relic","Card","Card","Relic","Relic","Relic","Relic","Relic","Relic","Relic","Relic","Relic","Relic","Relic"],"build_version":"2020-12-22","purchased_purges":6,"victory":true,"max_hp_per_floor":[87,87,87,87,87,87,87,87,87,87,87,87,87,87,87,87,87,87,87,87,87,87,87,87,87,87,87,87,87,87,87,87,87,87,87,87,87,87,87,92,92,92,92,92,92,92,92,92,92,92,92,92,92,92,92],"card_choices":[{"not_picked":["Havoc+1","Perfected Strike"],"picked":"Shrug It Off+1","floor":1},{"not_picked":["Clash","Warcry+1"],"picked":"Twin Strike","floor":7},{"not_picked":["Feel No Pain","Power Through+1"],"picked":"Shrug It Off+1","floor":10},{"not_picked":["Pommel Strike","Hemokinesis","Havoc+1"],"picked":"SKIP","floor":12},{"not_picked":["Hemokinesis","Fiend Fire"],"picked":"Flex+1","floor":13},{"not_picked":["Pommel Strike","True Grit+1","Heavy Blade"],"picked":"SKIP","floor":14},{"not_picked":["Feed","Exhume+1"],"picked":"Double Tap+1","floor":16},{"not_picked":["Searing Blow","Sword Boomerang","Twin Strike"],"picked":"SKIP","floor":18},{"not_picked":["Searing Blow","Twin Strike"],"picked":"Sword Boomerang","floor":18},{"not_picked":["Flame Barrier+1","Twin Strike","Heavy Blade"],"picked":"SKIP","floor":20},{"not_picked":["Headbutt","True Grit+1"],"picked":"Iron Wave","floor":23},{"not_picked":["Anger","Sever Soul","True Grit+1"],"picked":"SKIP","floor":24},{"not_picked":["Clash","Feel No Pain","Cleave"],"picked":"SKIP","floor":27},{"not_picked":["Body Slam","Heavy Blade","Ghostly Armor+1"],"picked":"SKIP","floor":28},{"not_picked":["Feel No Pain","Immolate","Armaments+1"],"picked":"SKIP","floor":29},{"not_picked":["Body Slam","Pummel+1"],"picked":"Iron Wave","floor":31},{"not_picked":["Anger","Shrug It Off+1","Heavy Blade"],"picked":"SKIP","floor":31},{"not_picked":["Corruption","Bludgeon"],"picked":"Juggernaut","floor":33},{"not_picked":["Cleave+1","Heavy Blade","Blood for Blood+1"],"picked":"SKIP","floor":35},{"not_picked":["Feel No Pain","Perfected Strike+1","Flex+1"],"picked":"SKIP","floor":35},{"not_picked":["Power Through+1","Reckless Charge","Cleave+1"],"picked":"SKIP","floor":37},{"not_picked":["Searing Blow","Battle Trance+1","Armaments+1"],"picked":"SKIP","floor":37},{"not_picked":["Pommel Strike","Thunderclap"],"picked":"Rampage+1","floor":38},{"not_picked":["Pommel Strike","Clash+1","Havoc+1"],"picked":"SKIP","floor":38},{"not_picked":["Havoc+1","Headbutt+1","Cleave+1"],"picked":"SKIP","floor":39},{"not_picked":["Combust+1","Feel No Pain+1","Dark Embrace+1"],"picked":"SKIP","floor":39},{"not_picked":["Ghostly Armor+1","Sever Soul"],"picked":"Berserk","floor":40},{"not_picked":["Hemokinesis+1","Armaments+1","Wild Strike"],"picked":"SKIP","floor":41},{"not_picked":["Armaments+1","Perfected Strike+1","Bloodletting+1"],"picked":"SKIP","floor":41},{"not_picked":["Shockwave+1","Burning Pact+1","Perfected Strike"],"picked":"SKIP","floor":42},{"not_picked":["Reaper","Disarm+1"],"picked":"Metallicize+1","floor":44},{"not_picked":["Clothesline+1","Twin Strike","Shrug It Off+1"],"picked":"SKIP","floor":45},{"not_picked":["Entrench+1","Whirlwind+1","Twin Strike+1"],"picked":"SKIP","floor":46},{"not_picked":["Pummel+1","Clash+1","Flex+1"],"picked":"SKIP","floor":46},{"not_picked":["Anger","Second Wind+1","Exhume+1"],"picked":"SKIP","floor":54}],"player_experience":3056767,"relics_obtained":[{"floor":7,"key":"Anchor"},{"floor":9,"key":"Gremlin Horn"},{"floor":12,"key":"Art of War"},{"floor":14,"key":"Nunchaku"},{"floor":21,"key":"Enchiridion"},{"floor":24,"key":"Bag of Preparation"},{"floor":26,"key":"Torii"},{"floor":27,"key":"HornCleat"},{"floor":29,"key":"Calipers"},{"floor":40,"key":"Peace Pipe"},{"floor":42,"key":"Gambling Chip"},{"floor":43,"key":"Darkstone Periapt"},{"floor":44,"key":"Unceasing Top"},{"floor":45,"key":"StrikeDummy"},{"floor":48,"key":"Turnip"},{"floor":54,"key":"Oddly Smooth Stone"}],"event_choices":[{"damage_healed":0,"gold_gain":0,"player_choice":"Leave","damage_taken":0,"max_hp_gain":0,"max_hp_loss":0,"event_name":"The Cleric","floor":2,"gold_loss":0},{"damage_healed":0,"gold_gain":0,"player_choice":"Grow","damage_taken":0,"max_hp_gain":0,"max_hp_loss":0,"event_name":"Living Wall","floor":3,"gold_loss":0,"cards_upgraded":["Armaments"]},{"damage_healed":0,"gold_gain":175,"player_choice":"AGREE","damage_taken":0,"max_hp_gain":0,"max_hp_loss":0,"event_name":"Liars Game","floor":4,"gold_loss":0,"cards_obtained":["Doubt"]},{"damage_healed":0,"gold_gain":0,"player_choice":"Take Wound","damage_taken":0,"relics_obtained":["Golden Idol"],"max_hp_gain":0,"max_hp_loss":0,"event_name":"Golden Idol","floor":5,"gold_loss":0,"cards_obtained":["Injury"]},{"damage_healed":0,"gold_gain":0,"player_choice":"Box","damage_taken":0,"relics_obtained":["Vajra"],"max_hp_gain":0,"max_hp_loss":0,"event_name":"Big Fish","floor":8,"gold_loss":0,"cards_obtained":["Regret"]},{"damage_healed":0,"gold_gain":0,"player_choice":"Ignored","damage_taken":0,"max_hp_gain":0,"max_hp_loss":0,"event_name":"Beggar","floor":19,"gold_loss":0},{"damage_healed":0,"gold_gain":0,"player_choice":"Obtained Book","damage_taken":16,"max_hp_gain":0,"max_hp_loss":0,"event_name":"Cursed Tome","floor":21,"gold_loss":0},{"damage_healed":0,"gold_gain":0,"player_choice":"Inject Mutagens","damage_taken":0,"relics_obtained":["MutagenicStrength"],"max_hp_gain":0,"max_hp_loss":0,"event_name":"Drug Dealer","floor":22,"gold_loss":0},{"damage_healed":0,"gold_gain":0,"player_choice":"Opened","damage_taken":0,"relics_obtained":["Prayer Wheel"],"max_hp_gain":0,"max_hp_loss":0,"event_name":"The Mausoleum","floor":30,"gold_loss":0,"cards_obtained":["Writhe"]},{"damage_healed":0,"gold_gain":0,"player_choice":"Upgraded","damage_taken":0,"max_hp_gain":0,"max_hp_loss":0,"event_name":"Upgrade Shrine","floor":36,"gold_loss":0,"cards_upgraded":["Juggernaut"]},{"damage_healed":0,"gold_gain":0,"player_choice":"Fight","damage_taken":0,"max_hp_gain":0,"max_hp_loss":0,"event_name":"MindBloom","floor":44,"gold_loss":0},{"damage_healed":0,"gold_gain":0,"player_choice":"Fight","damage_taken":0,"max_hp_gain":0,"max_hp_loss":0,"event_name":"Mysterious Sphere","floor":48,"gold_loss":0}],"is_beta":false,"boss_relics":[{"not_picked":["Pandora\u0027s Box","Fusion Hammer"],"picked":"SlaversCollar"},{"not_picked":["Mark of Pain","Runic Pyramid"],"picked":"Philosopher\u0027s Stone"}],"items_purged_floors":[11,11,11,11,11,53],"is_endless":false,"potions_floor_spawned":[1,13,18,24,28,31,38,40,41,45,54],"ascension_level":4}}