{"host":"uflv0e3ja7hvnij7","time":1610367792,"event":{"mods":["BaseMod","Better Altar","Better Match","Better Note","Better Sensory Stone","Better Skull","Better Third Choice","Marisa????????","Minty Spire (QoL Compilation)","Permanent Neow","Replay The Spire","StSLib"],"gold_per_floor":[111,111,111,123,123,123,45,45,45,64,91,91,109,34,34,132,132,151,167,167,167],"floor_reached":20,"playtime":885,"items_purged":["Eruption"],"score":276,"play_id":"d78ff707-7494-4bed-aee6-9823b29642e6","local_time":"20210111072312","is_ascension_mode":true,"campfire_choices":[{"data":"Devotion","floor":6,"key":"SMITH"},{"data":"ReachHeaven","floor":8,"key":"SMITH"},{"data":"Vigilance","floor":12,"key":"SMITH"},{"data":"LessonLearned","floor":15,"key":"SMITH"}],"circlet_count":0,"master_deck":["Vigilance+1","Devotion+1","ReachHeaven+1","LessonLearned+1","Ragnarok","Wish","Pray","Replay:Battleflow","Brilliance","Scrawl","FollowUp","WaveOfTheHand","LikeWater"],"relics":["PureWater","Ancient Tea Set","Mirror","Pandora\u0027s Box"],"acts_visited":["Exordium","TheCity"],"potions_floor_usage":[13,16,18],"damage_taken":[{"damage":0,"enemies":"Small Slimes","floor":1,"turns":2},{"damage":0,"enemies":"2 Louse","floor":4,"turns":4},{"damage":7,"enemies":"Jaw Worm","floor":10,"turns":2},{"damage":2,"enemies":"Lagavulin","floor":11,"turns":5},{"damage":0,"enemies":"Gremlin Gang","floor":13,"turns":1},{"damage":28,"enemies":"The Guardian","floor":16,"turns":5},{"damage":19,"enemies":"Shell Parasite","floor":18,"turns":4},{"damage":18,"enemies":"Chosen","floor":19,"turns":4},{"damage":17,"enemies":"Shelled Parasite and Fungi","floor":20,"turns":3}],"seed_played":"326489752121070089","potions_obtained":[{"floor":4,"key":"Explosive Potion"},{"floor":11,"key":"StancePotion"},{"floor":16,"key":"Swift Potion"}],"is_trial":false,"path_per_floor":["M","?","?","M","?","R","$","R","T","M","E","R","M","$","R","B",null,"M","M","M"],"character_chosen":"WATCHER","items_purchased":["ReachHeaven"],"campfire_rested":0,"item_purchase_floors":[7],"current_hp_per_floor":[47,47,47,47,71,71,71,71,71,64,62,62,62,62,62,34,63,44,26,9,9],"gold":167,"neow_bonus":"THREE_RARE_CARDS","is_daily":false,"chose_seed":false,"campfire_upgraded":4,"win_rate":0.0,"timestamp":1610367792,"path_taken":["M","?","?","M","?","R","$","R","T","M","E","R","M","?","R","BOSS","M","?","M"],"items_purchased_type":["Card"],"build_version":"2020-12-22","purchased_purges":1,"victory":false,"max_hp_per_floor":[72,72,72,72,72,72,72,72,72,72,72,72,72,72,72,72,72,72,72,72,72],"card_choices":[{"not_picked":["Judgement","Vault"],"picked":"Devotion","floor":0},{"not_picked":["Halt","WreathOfFlame","Replay:ManipulateFuture"],"picked":"SKIP","floor":1},{"not_picked":["Swivel","ClearTheMind","BowlingBash"],"picked":"SKIP","floor":4},{"not_picked":["EmptyBody","Meditate","FlyingSleeves"],"picked":"SKIP","floor":10},{"not_picked":["EmptyBody","Meditate","FlyingSleeves"],"picked":"SKIP","floor":10},{"not_picked":["Alpha","CrushJoints","Evaluate"],"picked":"SKIP","floor":11},{"not_picked":["ClearTheMind","PathToVictory"],"picked":"LessonLearned","floor":13},{"not_picked":["Establishment","Scrawl"],"picked":"Ragnarok","floor":16},{"not_picked":["ClearTheMind+1","PathToVictory+1","Replay:AtTheReady"],"picked":"SKIP","floor":18},{"not_picked":["BattleHymn","BowlingBash","ReachHeaven"],"picked":"SKIP","floor":19}],"player_experience":551484,"relics_obtained":[{"floor":9,"key":"Ancient Tea Set"},{"floor":11,"key":"Mirror"}],"event_choices":[{"damage_healed":47,"gold_gain":0,"player_choice":"Leave","damage_taken":0,"max_hp_gain":0,"max_hp_loss":72,"event_name":"betterThird:BetterShining","floor":2,"gold_loss":0},{"damage_healed":0,"gold_gain":0,"player_choice":"Ignored","damage_taken":111,"max_hp_gain":0,"max_hp_loss":0,"event_name":"betterThird:BetterSerpent","floor":3,"gold_loss":0},{"damage_healed":24,"gold_gain":0,"player_choice":"Banana","damage_taken":0,"max_hp_gain":0,"max_hp_loss":0,"event_name":"Big Fish","floor":5,"gold_loss":0}],"is_beta":false,"boss_relics":[{"not_picked":["Replay:Wanted Poster","Replay:Drink Me"],"picked":"Pandora\u0027s Box"}],"items_purged_floors":[14],"is_endless":false,"potions_floor_spawned":[4,11,16],"killed_by":"Shelled Parasite and Fungi","ascension_level":8}}