{"host":"m3rs92yjkwi06hli","time":1610390669,"event":{"mods":["Act Like it!","Aspiration","BaseMod","Colored Map","Conspire","Defuse TimeMaze Blight","Energized Spire","Hubris","Infinite Spire","Minty Spire (QoL Compilation)","Relic Stats","Replay The Spire","Spicy Shops","StSLib","The Blackbeard"],"gold_per_floor":[110,110,35,46,46,81,81,99,99,99,4,4,32,60,60,173,173,188,188,197,206,233,233,278,320,320,98,98,141,141,182,182,295,295,319,344,371,395,395,436,477,477,501,501,501,538,574,603,603,603,603,603],"floor_reached":50,"playtime":1435,"items_purged":["Pain","Writhe","blackbeard:BlackbeardDefend"],"score":903,"play_id":"ea6b1a2a-c430-462c-8d7e-4eaae1e07c97","local_time":"20210111124429","is_ascension_mode":true,"campfire_choices":[{"data":"blackbeard:IntimidatingStrike","floor":7,"key":"SMITH"},{"data":"blackbeard:CaptainsHat","floor":12,"key":"SMITH"},{"data":"blackbeard:BeatUp","floor":23,"key":"SMITH"},{"data":"blackbeard:PiratesWill","floor":28,"key":"SMITH"},{"data":"blackbeard:HumongousCannonball","floor":30,"key":"SMITH"},{"data":"blackbeard:Sword","floor":32,"key":"SMITH"},{"data":"blackbeard:CaptainsHat","floor":42,"key":"SMITH"},{"data":"blackbeard:PowerHungry","floor":44,"key":"SMITH"},{"floor":49,"key":"DIG"}],"circlet_count":0,"master_deck":["blackbeard:BlackbeardStrike+1","blackbeard:IntimidatingStrike+1","blackbeard:BlackbeardDefend","blackbeard:BlackbeardDefend","blackbeard:Cutlass+1","blackbeard:Shrapnel+1","blackbeard:FieryDefense+1","blackbeard:Sword+1","blackbeard:RearmingStrike","blackbeard:CaptainsHat+1","blackbeard:BeatUp+1","blackbeard:Shrapnel","blackbeard:PowerHungry+1","blackbeard:FieryDefense+1","blackbeard:Upgrade","blackbeard:WiseDefense","blackbeard:Shrapnel","blackbeard:DoubleCannonball","blackbeard:RearmingStrike","blackbeard:PiratesWill+1","blackbeard:HumongousCannonball+1","blackbeard:DangerousBlow+1","blackbeard:CaptainsHat+1","blackbeard:PirateHook","blackbeard:CloakAndCannonball","blackbeard:TerrorOfTheSeas+1","blackbeard:CatONineTails+1","blackbeard:GhostInTheRum+1","blackbeard:WiseDefense","blackbeard:Fencing+1","blackbeard:Dagger+1","blackbeard:Halberd","blackbeard:SwordDance","blackbeard:SwordDance+1"],"relics":["blackbeard:LoadTheCannons","NeowsBlessing","Whetstone","CeramicFish","Bag of Preparation","hubris:RunicObelisk","hubris:DeckOfHolding","WarpedTongs","aspiration:SeaSaltIceCream","Orrery","Ring of Chaos","InkBottle","Bottled Lightning","ClockworkSouvenir","Replay:Rubber Ducky","Ancient Tea Set","Cursed Key","WingedGreaves","Astrolabe","blackbeard:CannonballsOfSteel","Omamori","Oddly Smooth Stone","Art of War","aspiration:AnachronicSnailShell","conspire:TopHat"],"acts_visited":["Exordium","TheCity","TheBeyond"],"potions_floor_usage":[14,40,50,50],"damage_taken":[{"damage":0,"enemies":"2 Louse","floor":1,"turns":1},{"damage":0,"enemies":"Small Slimes","floor":4,"turns":1},{"damage":0,"enemies":"Gremlin Nob","floor":6,"turns":1},{"damage":6,"enemies":"conspire:RoseBush","floor":8,"turns":2},{"damage":0,"enemies":"2 Fungi Beasts","floor":13,"turns":1},{"damage":14,"enemies":"Gremlin Gang","floor":14,"turns":2},{"damage":19,"enemies":"Hexaghost","floor":16,"turns":7},{"damage":0,"enemies":"Shell Parasite","floor":18,"turns":3},{"damage":0,"enemies":"Spheric Guardian","floor":22,"turns":2},{"damage":2,"enemies":"conspire:SneckoGhost","floor":25,"turns":4},{"damage":3,"enemies":"Book of Stabbing","floor":29,"turns":4},{"damage":3,"enemies":"conspire:SneckoGhost","floor":31,"turns":5},{"damage":14,"enemies":"Automaton","floor":33,"turns":7},{"damage":0,"enemies":"Orb Walker","floor":35,"turns":2},{"damage":0,"enemies":"3 Darklings","floor":36,"turns":3},{"damage":0,"enemies":"Transient","floor":38,"turns":5},{"damage":0,"enemies":"Nemesis","floor":40,"turns":5},{"damage":0,"enemies":"R_Hoarder","floor":41,"turns":4},{"damage":0,"enemies":"Reptomancer","floor":46,"turns":3},{"damage":0,"enemies":"Sphere and 2 Shapes","floor":48,"turns":3},{"damage":69,"enemies":"conspire:OrnateMirror","floor":50,"turns":4}],"seed_played":"471795716332459875","potions_obtained":[{"floor":1,"key":"ColorlessPotion"},{"floor":4,"key":"AttackPotion"},{"floor":16,"key":"LiquidMemories"},{"floor":18,"key":"SkillPotion"},{"floor":38,"key":"Dexterity Potion"}],"is_trial":false,"path_per_floor":["M","?","$","M","?","E","R","M","T","?","?","R","M","M","R_BF","B",null,"M","?","?","?","M","R","AVR","E","T","$","R","E","R","E","R","B",null,"M","M","AVR","M","?","E","E","R","T","R","?","E","?","M","R_BF","B"],"character_chosen":"BLACKBEARD_CLASS","items_purchased":["blackbeard:FieryDefense","blackbeard:BlindAttacks","ClockworkSouvenir"],"campfire_rested":0,"item_purchase_floors":[3,3,27],"current_hp_per_floor":[75,75,75,75,75,75,75,69,69,69,69,69,69,55,75,56,70,70,70,70,70,70,70,70,68,68,68,68,65,65,62,62,48,68,68,68,68,68,68,68,68,68,68,68,68,68,68,68,68,0,0,0],"gold":603,"neow_bonus":"THREE_ENEMY_KILL","is_daily":false,"chose_seed":false,"campfire_upgraded":8,"win_rate":0.0,"timestamp":1610390669,"path_taken":["M","?","$","M","?","E","R","M","T","?","?","R","M","?","R_BF","BOSS","M","?","?","?","?","R","AVR","E","T","?","R","E","R","E","R","BOSS","M","?","AVR","M","?","E","E","R","T","R","?","E","?","M","R_BF","BOSS"],"items_purchased_type":["Card","Card","Relic"],"build_version":"2020-12-22","purchased_purges":3,"victory":false,"max_hp_per_floor":[75,75,75,75,75,75,75,75,75,75,75,75,75,75,75,75,75,75,75,75,75,75,75,75,75,75,75,75,75,75,75,75,75,75,75,75,75,75,75,75,75,75,75,75,75,75,75,75,75,75,75,75],"relic_stats":{"counters":[21,69],"CeramicFish":234,"Astrolabe":["blackbeard:TerrorOfTheSeas","blackbeard:CatONineTails","blackbeard:GhostInTheRum"],"Bag of Preparation":[20],"Art of War":[0],"Whetstone":["blackbeard:BlackbeardStrike","blackbeard:Shrapnel"],"Cursed Key":1,"obtain_stats":[{"CeramicFish":9,"Bag of Preparation":11,"Whetstone":6,"hubris:RunicObelisk":17,"Ancient Tea Set":31,"Cursed Key":34,"conspire:TopHat":49,"ClockworkSouvenir":27,"Replay:Rubber Ducky":29,"aspiration:AnachronicSnailShell":47,"hubris:DeckOfHolding":20,"WingedGreaves":37,"InkBottle":25,"NeowsBlessing":0,"blackbeard:LoadTheCannons":0,"Astrolabe":37,"blackbeard:CannonballsOfSteel":40,"Oddly Smooth Stone":43,"Ring of Chaos":24,"Omamori":41,"aspiration:SeaSaltIceCream":24,"WarpedTongs":21,"Orrery":24,"Art of War":46,"Bottled Lightning":26},{"CeramicFish":4,"Bag of Preparation":4,"Whetstone":3,"hubris:RunicObelisk":7,"Ancient Tea Set":12,"Cursed Key":13,"conspire:TopHat":20,"ClockworkSouvenir":10,"Replay:Rubber Ducky":11,"aspiration:AnachronicSnailShell":19,"hubris:DeckOfHolding":8,"WingedGreaves":15,"InkBottle":10,"NeowsBlessing":0,"blackbeard:LoadTheCannons":0,"Astrolabe":15,"blackbeard:CannonballsOfSteel":17,"Oddly Smooth Stone":18,"Ring of Chaos":9,"Omamori":18,"aspiration:SeaSaltIceCream":9,"WarpedTongs":8,"Orrery":9,"Art of War":19,"Bottled Lightning":10},{"CeramicFish":5,"Bag of Preparation":5,"Whetstone":3,"hubris:RunicObelisk":15,"Ancient Tea Set":33,"Cursed Key":40,"conspire:TopHat":65,"ClockworkSouvenir":24,"Replay:Rubber Ducky":28,"aspiration:AnachronicSnailShell":62,"hubris:DeckOfHolding":18,"WingedGreaves":45,"InkBottle":24,"NeowsBlessing":0,"blackbeard:LoadTheCannons":0,"Astrolabe":45,"blackbeard:CannonballsOfSteel":55,"Oddly Smooth Stone":59,"Ring of Chaos":20,"Omamori":59,"aspiration:SeaSaltIceCream":20,"WarpedTongs":18,"Orrery":20,"Art of War":62,"Bottled Lightning":24}],"InkBottle":[22],"WarpedTongs":[49]},"card_choices":[{"not_picked":["blackbeard:InfiniteBarrage","blackbeard:Boarding"],"picked":"blackbeard:Shrapnel","floor":1},{"not_picked":["blackbeard:Sharpening","blackbeard:WoodenLeg"],"picked":"blackbeard:Sword","floor":4},{"not_picked":["blackbeard:Dagger","blackbeard:Sharpening"],"picked":"blackbeard:RearmingStrike","floor":6},{"not_picked":["blackbeard:Dagger","blackbeard:DeadlyArsenal"],"picked":"blackbeard:CaptainsHat","floor":8},{"not_picked":["blackbeard:Boarding","blackbeard:InfiniteBarrage"],"picked":"blackbeard:BeatUp","floor":13},{"not_picked":["blackbeard:Sharpening","blackbeard:Toast"],"picked":"blackbeard:Shrapnel","floor":14},{"not_picked":["blackbeard:Intoxication","blackbeard:UndeadForm"],"picked":"blackbeard:PowerHungry","floor":16},{"not_picked":["blackbeard:TacticalRetreat","blackbeard:BuriedTreasure","blackbeard:Provisioning+1"],"picked":"SKIP","floor":18},{"not_picked":["blackbeard:BeatUp","blackbeard:Sword"],"picked":"blackbeard:FieryDefense+1","floor":22},{"not_picked":["blackbeard:GoldenStrike","blackbeard:TacticalRetreat"],"picked":"blackbeard:Upgrade","floor":24},{"not_picked":["blackbeard:Fencing","blackbeard:WeaponMastery"],"picked":"blackbeard:WiseDefense","floor":24},{"not_picked":["blackbeard:BeatUp","blackbeard:GoldenStrike"],"picked":"blackbeard:Shrapnel","floor":24},{"not_picked":["blackbeard:BeatUp","blackbeard:PiratesWill"],"picked":"blackbeard:DoubleCannonball","floor":24},{"not_picked":["blackbeard:Anchor","blackbeard:TerrorOfTheSeas"],"picked":"blackbeard:RearmingStrike","floor":24},{"not_picked":["blackbeard:PowerHungry","blackbeard:RearmingStrike"],"picked":"blackbeard:PiratesWill","floor":25},{"not_picked":["blackbeard:DoubleCannonball","blackbeard:BlindAttacks"],"picked":"blackbeard:HumongousCannonball","floor":29},{"not_picked":["blackbeard:Spear","blackbeard:FishingNets"],"picked":"blackbeard:DangerousBlow+1","floor":31},{"not_picked":["blackbeard:MegaUpgrade","blackbeard:WeaponMastery"],"picked":"blackbeard:CaptainsHat","floor":33},{"not_picked":["blackbeard:RearmingStrike+1","blackbeard:BeatUp"],"picked":"blackbeard:PirateHook","floor":35},{"not_picked":["blackbeard:Shrapnel","blackbeard:GoldenStrike"],"picked":"blackbeard:CloakAndCannonball","floor":36},{"not_picked":["blackbeard:Bandana","blackbeard:CannonBarrage"],"picked":"blackbeard:WiseDefense","floor":38},{"not_picked":["blackbeard:BlindAttacks+1","blackbeard:RearmingStrike"],"picked":"blackbeard:Fencing+1","floor":40},{"not_picked":["blackbeard:BuriedTreasure","blackbeard:Eyepatch"],"picked":"blackbeard:Dagger+1","floor":41},{"not_picked":["blackbeard:CloakAndCannonball","blackbeard:Provisioning"],"picked":"blackbeard:Halberd","floor":46},{"not_picked":["blackbeard:Recklessness+1","blackbeard:GoldenStrike"],"picked":"blackbeard:SwordDance","floor":47},{"not_picked":["blackbeard:GoldenStrike+1","blackbeard:Boarding"],"picked":"blackbeard:SwordDance+1","floor":48}],"player_experience":774200,"relics_obtained":[{"floor":6,"key":"Whetstone"},{"floor":9,"key":"CeramicFish"},{"floor":25,"key":"InkBottle"},{"floor":26,"key":"Bottled Lightning"},{"floor":29,"key":"Replay:Rubber Ducky"},{"floor":31,"key":"Ancient Tea Set"},{"floor":40,"key":"blackbeard:CannonballsOfSteel"},{"floor":41,"key":"Omamori"},{"floor":43,"key":"Oddly Smooth Stone"},{"floor":46,"key":"Art of War"},{"floor":47,"key":"aspiration:AnachronicSnailShell"},{"floor":49,"key":"conspire:TopHat"}],"event_choices":[{"damage_healed":0,"gold_gain":0,"player_choice":"Paid Gold","damage_taken":0,"relics_obtained":["Bag of Preparation"],"max_hp_gain":0,"max_hp_loss":0,"event_name":"WeMeetAgain","floor":11,"gold_loss":95},{"damage_healed":0,"gold_gain":0,"player_choice":"Opened","damage_taken":0,"relics_obtained":["hubris:DeckOfHolding"],"max_hp_gain":0,"max_hp_loss":0,"event_name":"The Mausoleum","floor":20,"gold_loss":0,"cards_obtained":["Writhe"]},{"damage_healed":0,"gold_gain":0,"player_choice":"Rummage","damage_taken":0,"relics_obtained":["WarpedTongs"],"max_hp_gain":0,"max_hp_loss":0,"event_name":"Accursed Blacksmith","floor":21,"gold_loss":0,"cards_obtained":["Pain"]},{"damage_healed":0,"gold_gain":0,"player_choice":"Ignored","damage_taken":0,"max_hp_gain":0,"max_hp_loss":0,"event_name":"Tomb of Lord Red Mask","floor":39,"gold_loss":0},{"cards_removed":["blackbeard:BlindAttacks"],"damage_healed":0,"gold_gain":0,"player_choice":"Removed Attack","damage_taken":0,"max_hp_gain":0,"max_hp_loss":0,"event_name":"Falling","floor":45,"gold_loss":0}],"is_beta":false,"boss_relics":[{"not_picked":["Tiny House","energizedSpire:EnergizedDie"],"picked":"hubris:RunicObelisk"},{"not_picked":["energizedSpire:MagnifyingGlass","ReplayTheSpireMod:SealedPack"],"picked":"Cursed Key"}],"items_purged_floors":[24,27,37],"is_endless":false,"potions_floor_spawned":[1,4,16,18,22,29,35,36,38],"killed_by":"conspire:OrnateMirror","ascension_level":5}}