{"host":"4328iixd8pca51w5","time":1610369775,"event":{"mods":["2.2 Compatiblity","AchievementEnabler","BaseMod","CapriCore","Colored Map","KOR Keyword Fix","Minty Spire (QoL Compilation)","StSLib","The Immortal"],"gold_per_floor":[369,544,544,275,302,302,325,350,350,94,94,132,164,194,206,322,361,402,423,435,281,206,206,222,222,222,222,248,273,273,299,299,397,397,408,408,427,50,109,109,122,122,131,131,141,9,9,20,20,20],"floor_reached":51,"playtime":2097,"items_purged":["Doubt","MokouMod:Defend","MokouMod:Trailblazer+1","MokouMod:Defend"],"score":1125,"play_id":"a216d359-0446-49f6-8c19-1f70033f4606","local_time":"20210111215615","is_ascension_mode":true,"campfire_choices":[{"data":"MokouMod:Scorch","floor":6.0,"key":"SMITH"},{"data":"MokouMod:Sear","floor":15.0,"key":"SMITH"},{"data":"MokouMod:RisingSunBarrier","floor":23,"key":"SMITH"},{"data":"MokouMod:Overheat","floor":25,"key":"SMITH"},{"data":"MokouMod:BurningDraft","floor":30,"key":"SMITH"},{"data":"MokouMod:BurningDraft","floor":32,"key":"SMITH"},{"data":"MokouMod:RisingSunBarrier","floor":40,"key":"SMITH"},{"data":"MokouMod:ScorchedEarth","floor":42,"key":"SMITH"},{"data":"MokouMod:IgnitionBlast","floor":44,"key":"SMITH"},{"floor":49,"key":"REST"}],"circlet_count":0,"master_deck":["AscendersBane","MokouMod:Strike","MokouMod:Strike","MokouMod:HeatSpark","MokouMod:ScorchedEarth+1","MokouMod:Scorch+1","MokouMod:IgnitionBlast+1","MokouMod:Overheat+1","MokouMod:Sear+1","MokouMod:FujiyamaVolcano+1","MokouMod:Scorch+1","MokouMod:RadiantBlade+1","MokouMod:Overheat+1","MokouMod:IgneousBlow+1","MokouMod:SearingShot+1","Necronomicurse","MokouMod:RisingSunBarrier+1","MokouMod:BurningDraft+1","MokouMod:BurningDraft+1","MokouMod:FlickeringFlame+1","MokouMod:RisingSunBarrier+1","MokouMod:Overheat+1","Writhe","MokouMod:SacredFire+1"],"relics":["MokouMod:PhoenixFeather","Membership Card","CeramicFish","Centennial Puzzle","Pear","Molten Egg 2","Sling","Nunchaku","MawBank","Astrolabe","Necronomicon","Bronze Scales","White Beast Statue","Unceasing Top","Cursed Key","Letter Opener","Calipers","Singing Bowl","Du-Vu Doll","War Paint","Chemical X"],"acts_visited":["Exordium","TheCity","TheBeyond"],"potions_floor_usage":[16,28,31,31,33,50,50],"damage_taken":[{"damage":9.0,"enemies":"Small Slimes","floor":1.0,"turns":5.0},{"damage":12.0,"enemies":"Jaw Worm","floor":5.0,"turns":3.0},{"damage":4.0,"enemies":"2 Louse","floor":7.0,"turns":2.0},{"damage":10.0,"enemies":"Lagavulin","floor":12.0,"turns":5.0},{"damage":0.0,"enemies":"Blue Slaver","floor":13.0,"turns":2.0},{"damage":0.0,"enemies":"3 Louse","floor":14.0,"turns":1.0},{"damage":15,"enemies":"The Guardian","floor":16,"turns":4},{"damage":14,"enemies":"2 Thieves","floor":18,"turns":2},{"damage":0,"enemies":"Shell Parasite","floor":24,"turns":2},{"damage":10,"enemies":"Snake Plant","floor":28,"turns":2},{"damage":0,"enemies":"3 Cultists","floor":29,"turns":2},{"damage":8,"enemies":"Chosen and Byrds","floor":31,"turns":2},{"damage":0,"enemies":"Collector","floor":33,"turns":2},{"damage":8,"enemies":"3 Shapes","floor":35,"turns":2},{"damage":13,"enemies":"3 Darklings","floor":37,"turns":3},{"damage":0,"enemies":"Mind Bloom Boss Battle","floor":39,"turns":3},{"damage":21,"enemies":"Transient","floor":41,"turns":5},{"damage":17,"enemies":"Sphere and 2 Shapes","floor":45,"turns":2},{"damage":0,"enemies":"Jaw Worm Horde","floor":48,"turns":1},{"damage":33,"enemies":"Time Eater","floor":50,"turns":5}],"seed_played":"4335189731156078128","potions_obtained":[{"floor":5.0,"key":"FearPotion"},{"floor":13.0,"key":"DistilledChaos"},{"floor":16,"key":"Energy Potion"},{"floor":18,"key":"Weak Potion"},{"floor":28,"key":"Strength Potion"},{"floor":31,"key":"Fruit Juice"},{"floor":33,"key":"BlessingOfTheForge"},{"floor":35,"key":"DistilledChaos"},{"floor":37,"key":"EssenceOfSteel"}],"is_trial":false,"path_per_floor":["M","?","?","$","M","R","M","T","T","$","?","E","M","M","R","B",null,"M","?","?","$","?","R","M","R","T","T","M","M","R","M","R","B",null,"M","?","M","$","?","R","M","R","T","R","M","$","?","M","R","B",null],"character_chosen":"MKU","items_purchased":["Membership Card","CeramicFish","MokouMod:Scorch","Molten Egg 2","MokouMod:Sear","Sling","Bronze Scales","MokouMod:RisingSunBarrier","MokouMod:RisingSunBarrier","Calipers","Singing Bowl","Chemical X","MokouMod:SacredFire+1"],"campfire_rested":1,"item_purchase_floors":[4,4,4,10,10,10,21,21,38,38,38,46,46],"current_hp_per_floor":[41,41,46,46,34,34,30,30,40,40,22,12,12,12,12,19,72,58,42,42,42,42,42,42,42,42,42,32,32,32,29,29,29,79,71,71,58,58,58,58,39,39,39,39,24,24,24,26,56,23],"gold":20,"neow_bonus":"TWO_FIFTY_GOLD","is_daily":false,"chose_seed":false,"campfire_upgraded":9,"win_rate":0.0,"timestamp":1610369775,"path_taken":["M","?","?","$","M","R","M","?","T","?","?","E","?","M","R","BOSS","M","?","?","$","?","R","M","R","T","?","M","M","R","M","R","BOSS","M","?","?","?","?","R","M","R","T","R","M","$","?","?","R","BOSS"],"items_purchased_type":["Relic","Relic","Card","Relic","Card","Relic","Relic","Card","Card","Relic","Relic","Relic","Card"],"build_version":"2020-12-22","purchased_purges":4,"victory":true,"max_hp_per_floor":[75,75,80,80,80,80,80,80,90,90,90,90,90,90,90,90,90,90,90,90,90,90,90,90,90,90,90,90,90,90,95,95,95,95,95,95,95,95,95,95,97,97,97,97,99,99,99,101,101,101],"card_choices":[{"not_picked":["MokouMod:Stoke","MokouMod:BurningDraft"],"picked":"MokouMod:ScorchedEarth","floor":1.0},{"not_picked":["MokouMod:BlazingComet","MokouMod:TemporalFireSeal"],"picked":"MokouMod:IgnitionBlast","floor":5.0},{"not_picked":["MokouMod:BurningDraft","MokouMod:BlazingComet"],"picked":"MokouMod:Overheat","floor":7.0},{"not_picked":["MokouMod:Ember+1","MokouMod:ScorchingColumn+1"],"picked":"MokouMod:FujiyamaVolcano+1","floor":12.0},{"not_picked":["MokouMod:FujiyamaVolcano+1","MokouMod:Rekindle"],"picked":"MokouMod:Scorch+1","floor":13.0},{"not_picked":["MokouMod:WarmUp","MokouMod:InfernalWave+1","MokouMod:UncontrollableSolarReaction+1"],"picked":"SKIP","floor":14.0},{"not_picked":["MokouMod:SacredFire+1","MokouMod:SpontaneousHumanCombustion"],"picked":"MokouMod:RadiantBlade+1","floor":16},{"not_picked":["MokouMod:EternalBurstReactor+1","MokouMod:Overheat"],"picked":"MokouMod:SearingShot+1","floor":18},{"not_picked":["MokouMod:WarmUp","MokouMod:Afterburner","MokouMod:IndiscriminateIgnition"],"picked":"SKIP","floor":24},{"not_picked":["MokouMod:FlareStarter","MokouMod:Singe+1"],"picked":"MokouMod:BurningDraft","floor":28},{"not_picked":["MokouMod:AdaptivePyromancy+1","MokouMod:EternalBurstReactor+1"],"picked":"MokouMod:BurningDraft","floor":29},{"not_picked":["MokouMod:BlazingComet+1","MokouMod:Cataclysm+1"],"picked":"MokouMod:FlickeringFlame+1","floor":31},{"not_picked":["MokouMod:FlickeringFlame+1","MokouMod:IcarusDive+1","MokouMod:EternalBurstReactor+1"],"picked":"SKIP","floor":35},{"not_picked":["MokouMod:Refresh+1","MokouMod:Combust+1","MokouMod:SubterraneanCore+1"],"picked":"SKIP","floor":37},{"not_picked":["MokouMod:InfernalWave+1","MokouMod:PhoenixFeathers"],"picked":"MokouMod:Overheat+1","floor":39},{"not_picked":["MokouMod:BurningDraft+1","MokouMod:ShiftIgnition+1","MokouMod:BlazingComet+1"],"picked":"Singing Bowl","floor":41},{"not_picked":["MokouMod:FlamingFireTalons+1","MokouMod:PhoenixFeathers","MokouMod:HeatCyclone"],"picked":"Singing Bowl","floor":45},{"not_picked":["MokouMod:ResonatingAura","MokouMod:Stoke","MokouMod:Singe+1"],"picked":"Singing Bowl","floor":48}],"player_experience":224403,"relics_obtained":[{"floor":8.0,"key":"Centennial Puzzle"},{"floor":9.0,"key":"Pear"},{"floor":12.0,"key":"MawBank"},{"floor":19,"key":"Necronomicon"},{"floor":26,"key":"White Beast Statue"},{"floor":27,"key":"Unceasing Top"},{"floor":39,"key":"Du-Vu Doll"},{"floor":43,"key":"War Paint"}],"event_choices":[{"damage_healed":0.0,"max_hp_gain":0.0,"max_hp_loss":0.0,"gold_gain":175.0,"event_name":"Liars Game","player_choice":"AGREE","floor":2.0,"gold_loss":0.0,"damage_taken":0.0,"cards_obtained":["Doubt"]},{"damage_healed":0.0,"max_hp_gain":5.0,"max_hp_loss":0.0,"gold_gain":0.0,"event_name":"Big Fish","player_choice":"Donut","floor":3.0,"gold_loss":0.0,"damage_taken":0.0},{"damage_healed":0.0,"max_hp_gain":0.0,"max_hp_loss":0.0,"gold_gain":0.0,"event_name":"Scrap Ooze","player_choice":"Success","floor":11.0,"gold_loss":0.0,"damage_taken":18.0,"relics_obtained":["Nunchaku"]},{"damage_healed":0,"gold_gain":0,"player_choice":"Obtained Book","damage_taken":16,"max_hp_gain":0,"max_hp_loss":0,"event_name":"Cursed Tome","floor":19,"gold_loss":0},{"cards_removed":["MokouMod:Defend"],"damage_healed":0,"gold_gain":0,"player_choice":"Elegance","damage_taken":0,"max_hp_gain":0,"max_hp_loss":0,"event_name":"Back to Basics","floor":20,"gold_loss":0},{"cards_removed":["MokouMod:Strike"],"damage_healed":0,"gold_gain":0,"player_choice":"Gave Gold","damage_taken":0,"max_hp_gain":0,"max_hp_loss":0,"event_name":"Beggar","floor":22,"gold_loss":75},{"damage_healed":0,"gold_gain":0,"player_choice":"Gave Potion","damage_taken":0,"relics_obtained":["Letter Opener"],"max_hp_gain":0,"max_hp_loss":0,"event_name":"WeMeetAgain","floor":36,"gold_loss":0},{"damage_healed":0,"gold_gain":0,"player_choice":"Fight","damage_taken":0,"max_hp_gain":0,"max_hp_loss":0,"event_name":"MindBloom","floor":39,"gold_loss":0},{"damage_healed":0,"gold_gain":0,"player_choice":"Ignored","damage_taken":0,"max_hp_gain":0,"max_hp_loss":0,"event_name":"Mysterious Sphere","floor":47,"gold_loss":0}],"is_beta":false,"boss_relics":[{"not_picked":["SlaversCollar","Fusion Hammer"],"picked":"Astrolabe"},{"not_picked":["Pandora\u0027s Box","Tiny House"],"picked":"Cursed Key"}],"items_purged_floors":[4,10,21,38],"is_endless":false,"potions_floor_spawned":[5,13,16,18,28,29,31,33,35,37,39,41,45,48],"ascension_level":11}}