{"host":"v54ek091sdz7ha6h","time":1610336683,"event":{"mods":["BaseMod","Better Vampires","Colored Map","Colored Powertips","Custom Start","DeckTracker","Friendly Minions","Highlight Path","KOR Keyword Fix","Minty Spire (QoL Compilation)","Rare Cards Sparkle","StSLib","SuperFastMode","everything is the same but u backflip on backflip","slay the spire mod where everything is the same but ironclad has a cowboy hat"],"gold_per_floor":[113,188,188,208,208,235,235,270,270,282,317,329,358,520,532,544,544],"floor_reached":16,"playtime":249,"items_purged":[],"score":286,"play_id":"dfbfe2d5-66dd-4b18-9821-3e794a11d621","local_time":"20210111124443","is_ascension_mode":true,"campfire_choices":[{"data":"Zap","floor":7.0,"key":"SMITH"},{"data":"Recycle","floor":12.0,"key":"SMITH"},{"data":"Aggregate","floor":15.0,"key":"SMITH"}],"circlet_count":0,"master_deck":["AscendersBane","Strike_B","Strike_B+1","Strike_B","Strike_B","Defend_B","Defend_B","Defend_B","Defend_B","Zap+1","Dualcast","Cold Snap+1","Beam Cell","Tempest","Steam Power","Recycle+1","Aggregate+1","Doubt"],"relics":["Cracked Core","NeowsBlessing","Pear","Whetstone","Toy Ornithopter","Lizard Tail","MawBank"],"acts_visited":["Exordium"],"potions_floor_usage":[16],"damage_taken":[{"damage":0.0,"enemies":"2 Louse","floor":1.0,"turns":1.0},{"damage":0.0,"enemies":"Jaw Worm","floor":4.0,"turns":1.0},{"damage":0.0,"enemies":"Gremlin Nob","floor":6.0,"turns":1.0},{"damage":8.0,"enemies":"3 Sentries","floor":8.0,"turns":4.0},{"damage":4.0,"enemies":"Small Slimes","floor":10.0,"turns":2.0},{"damage":45.0,"enemies":"Gremlin Nob","floor":11.0,"turns":4.0},{"damage":4.0,"enemies":"Red Slaver","floor":13.0,"turns":3.0},{"damage":67,"enemies":"Hexaghost","floor":16,"turns":11}],"seed_played":"-4378328883606590465","potions_obtained":[{"floor":1.0,"key":"SkillPotion"},{"floor":4.0,"key":"EssenceOfDarkness"},{"floor":8.0,"key":"Regen Potion"},{"floor":13.0,"key":"Dexterity Potion"}],"is_trial":false,"path_per_floor":["M","?","?","M","?","E","R","E","T","M","E","R","M","?","R","B"],"character_chosen":"DEFECT","items_purchased":[],"campfire_rested":0,"item_purchase_floors":[],"current_hp_per_floor":[64,53,52,52,57,57,57,49,49,45,17,17,13,13,13,0,0],"gold":544,"neow_bonus":"THREE_ENEMY_KILL","is_daily":false,"chose_seed":false,"campfire_upgraded":3,"win_rate":0.0,"timestamp":1610336683,"path_taken":["M","?","?","M","?","E","R","E","T","M","E","R","?","?","R","BOSS"],"items_purchased_type":[],"build_version":"2020-12-22","purchased_purges":0,"victory":false,"max_hp_per_floor":[71,71,81,81,86,86,86,86,86,86,86,86,86,86,86,86,86],"card_choices":[{"not_picked":["Heatsinks","Steam Power"],"picked":"Cold Snap","floor":1.0},{"not_picked":["Hologram","Lockon"],"picked":"Beam Cell","floor":4.0},{"not_picked":["Compile Driver","Hologram"],"picked":"Tempest","floor":6.0},{"not_picked":["Hello World","Reprogram"],"picked":"Steam Power","floor":8.0},{"not_picked":["Barrage","Chill"],"picked":"Recycle","floor":10.0},{"not_picked":["Sweeping Beam","Redo","FTL"],"picked":"SKIP","floor":11.0},{"not_picked":["Beam Cell","Genetic Algorithm"],"picked":"Aggregate","floor":13.0}],"player_experience":1414465,"relics_obtained":[{"floor":6.0,"key":"Whetstone"},{"floor":8.0,"key":"Toy Ornithopter"},{"floor":9.0,"key":"Lizard Tail"},{"floor":11.0,"key":"MawBank"}],"event_choices":[{"damage_healed":0.0,"max_hp_gain":0.0,"max_hp_loss":0.0,"gold_gain":75.0,"event_name":"World of Goop","player_choice":"Gather Gold","floor":2.0,"gold_loss":0.0,"damage_taken":11.0},{"damage_healed":0.0,"max_hp_gain":0.0,"max_hp_loss":0.0,"gold_gain":0.0,"event_name":"Scrap Ooze","player_choice":"Success","floor":3.0,"gold_loss":0.0,"damage_taken":11.0,"relics_obtained":["Pear"]},{"damage_healed":0.0,"max_hp_gain":5.0,"max_hp_loss":0.0,"gold_gain":0.0,"event_name":"Big Fish","player_choice":"Donut","floor":5.0,"gold_loss":0.0,"damage_taken":0.0},{"damage_healed":0.0,"max_hp_gain":0.0,"max_hp_loss":0.0,"gold_gain":150.0,"event_name":"Liars Game","player_choice":"AGREE","floor":14.0,"gold_loss":0.0,"damage_taken":0.0,"cards_obtained":["Doubt"]}],"is_beta":false,"boss_relics":[],"items_purged_floors":[],"is_endless":false,"potions_floor_spawned":[1,4,8,13],"killed_by":"Hexaghost","ascension_level":20}}