{"host":"nptej036rrbiurf5","time":1610344396,"event":{"mods":["BaseMod","Colored Map","Colored Powertips","DeckTracker","Minty Spire (QoL Compilation)","StSLib","SuperFastMode"],"gold_per_floor":[117,117,117,136,136,136,167,26,51,51,74,74,102,127,127,209,209,220,198,198,98,98,98,98,98,98],"floor_reached":25,"playtime":520,"items_purged":["Strike_G","Strike_G"],"score":448,"play_id":"62867735-2421-4954-ac10-d07dbe073993","local_time":"20210111145316","is_ascension_mode":true,"campfire_choices":[{"data":"Glass Knife","floor":6.0,"key":"SMITH"},{"data":"Well Laid Plans","floor":10.0,"key":"SMITH"},{"data":"Dagger Spray","floor":15.0,"key":"SMITH"},{"data":"Reflex","floor":23,"key":"SMITH"}],"circlet_count":0,"master_deck":["AscendersBane","Strike_G","Strike_G","Strike_G+1","Defend_G","Defend_G","Defend_G","Defend_G","Defend_G","Survivor+1","Neutralize","Backflip","Glass Knife+1","Reflex+1","Well Laid Plans+1","Eviscerate+1","Dagger Spray+1","Distraction","Grand Finale"],"relics":["Ring of the Snake","NeowsBlessing","Strawberry","CeramicFish","Centennial Puzzle","Black Star"],"acts_visited":["Exordium","TheCity"],"potions_floor_usage":[19,19],"damage_taken":[{"damage":0.0,"enemies":"Small Slimes","floor":1.0,"turns":1.0},{"damage":0.0,"enemies":"Cultist","floor":4.0,"turns":1.0},{"damage":0.0,"enemies":"3 Sentries","floor":7.0,"turns":1.0},{"damage":7.0,"enemies":"Jaw Worm","floor":11.0,"turns":2.0},{"damage":15.0,"enemies":"Lots of Slimes","floor":13.0,"turns":5.0},{"damage":0.0,"enemies":"2 Fungi Beasts","floor":14.0,"turns":3.0},{"damage":23.0,"enemies":"Slime Boss","floor":16.0,"turns":8.0},{"damage":16.0,"enemies":"Shell Parasite","floor":18.0,"turns":3.0},{"damage":7,"enemies":"2 Thieves","floor":19,"turns":4},{"damage":20,"enemies":"Snecko","floor":25,"turns":5}],"seed_played":"3710542387682503566","potions_obtained":[{"floor":7.0,"key":"Regen Potion"},{"floor":11.0,"key":"ColorlessPotion"},{"floor":13.0,"key":"FearPotion"},{"floor":16.0,"key":"PowerPotion"},{"floor":18.0,"key":"Dexterity Potion"}],"is_trial":false,"path_per_floor":["M","?","?","M","T","R","E","$","T","R","M","?","M","M","R","B",null,"M","M","?","$","?","R","T","M"],"character_chosen":"THE_SILENT","items_purchased":["Well Laid Plans"],"campfire_rested":0,"item_purchase_floors":[8],"current_hp_per_floor":[59,39,39,39,46,46,46,46,46,46,39,39,38,38,38,15,59,43,36,36,36,36,36,36,16,16],"gold":98,"neow_bonus":"THREE_ENEMY_KILL","is_daily":false,"chose_seed":false,"campfire_upgraded":4,"win_rate":0.0,"timestamp":1610344396,"path_taken":["M","?","?","?","?","R","E","$","T","R","?","?","M","M","R","BOSS","M","?","?","$","?","R","?","?"],"items_purchased_type":["Card"],"build_version":"2020-12-22","purchased_purges":2,"victory":false,"max_hp_per_floor":[66,66,66,66,73,73,73,73,73,73,73,73,73,73,73,73,73,73,73,73,73,73,73,73,73,73],"card_choices":[{"not_picked":["PiercingWail","Prepared"],"picked":"Backflip","floor":1.0},{"not_picked":["Deadly Poison","Underhanded Strike"],"picked":"Reflex","floor":4.0},{"not_picked":["Underhanded Strike","Heel Hook","Dash"],"picked":"SKIP","floor":7.0},{"not_picked":["Blur","Blade Dance"],"picked":"Eviscerate","floor":11.0},{"not_picked":["Deadly Poison","Choke"],"picked":"Dagger Spray","floor":13.0},{"not_picked":["Reflex","Flechettes"],"picked":"Distraction","floor":14.0},{"not_picked":["Storm of Steel","Burst"],"picked":"Grand Finale","floor":16.0},{"not_picked":["Underhanded Strike","Reflex","Blur"],"picked":"SKIP","floor":18.0},{"not_picked":["Reflex","Cloak And Dagger","Deflect"],"picked":"SKIP","floor":19}],"player_experience":889654,"relics_obtained":[{"floor":5.0,"key":"Strawberry"},{"floor":7.0,"key":"CeramicFish"},{"floor":9.0,"key":"Centennial Puzzle"}],"event_choices":[{"damage_healed":0.0,"max_hp_gain":0.0,"max_hp_loss":0.0,"gold_gain":0.0,"event_name":"Shining Light","player_choice":"Entered Light","floor":2.0,"gold_loss":0.0,"damage_taken":20.0,"cards_upgraded":["Strike_G","Survivor"]},{"damage_healed":0.0,"max_hp_gain":0.0,"max_hp_loss":0.0,"gold_gain":0.0,"event_name":"Match and Keep!","player_choice":"1 cards matched","floor":3.0,"gold_loss":0.0,"damage_taken":0.0,"cards_obtained":["Glass Knife"]},{"damage_healed":0.0,"max_hp_gain":0.0,"max_hp_loss":0.0,"gold_gain":0.0,"event_name":"Upgrade Shrine","player_choice":"Upgraded","floor":12.0,"gold_loss":0.0,"damage_taken":0.0,"cards_upgraded":["Eviscerate"]},{"damage_healed":0,"gold_gain":0,"player_choice":"Ignored","damage_taken":0,"max_hp_gain":0,"max_hp_loss":0,"event_name":"Vampires","floor":20,"gold_loss":0},{"damage_healed":0,"gold_gain":0,"player_choice":"Ignored","damage_taken":0,"max_hp_gain":0,"max_hp_loss":0,"event_name":"Ghosts","floor":22,"gold_loss":0}],"is_beta":false,"boss_relics":[{"not_picked":["SlaversCollar","Ring of the Serpent"],"picked":"Black Star"}],"items_purged_floors":[8,21],"is_endless":false,"potions_floor_spawned":[7,11,13,16,18],"killed_by":"Snecko","ascension_level":20}}