{"host":"z42sc0n2dozsmk72","time":1610340045,"event":{"mods":["AchievementEnabler","BaseMod","Better Third Choice","Colored Map","Curses Come First","Highlight Path","Minty Spire (QoL Compilation)","Permanent Neow","Quick Restart","Relic Stats","Shop Mod","StSLib","egg","slay the spire mod where everything is the same but ironclad has a cowboy hat"],"gold_per_floor":[111,126,144,161,161,161,172,172,195,195,195,225,237,254,254,356,356,373,388,408,333,333,333,333],"floor_reached":23,"playtime":1482,"items_purged":[],"score":215,"play_id":"9731a14c-a97a-482a-92af-1947f5276a91","local_time":"20210111174045","is_ascension_mode":true,"campfire_choices":[{"data":"Magnetism","floor":6.0,"key":"SMITH"},{"data":"True Grit","floor":10.0,"key":"SMITH"},{"data":"Armaments","floor":15.0,"key":"SMITH"}],"circlet_count":0,"master_deck":["Strike_R","Strike_R","Strike_R","Strike_R","Strike_R","Defend_R","Defend_R","Defend_R","Defend_R","Bash","Magnetism+1","True Grit+1","Demon Form","Battle Trance","Armaments+1","Berserk","Heavy Blade+1"],"relics":["Burning Blood","Ancient Tea Set","Bag of Preparation","MealTicket","Snecko Eye"],"acts_visited":["TheCity"],"potions_floor_usage":[23],"damage_taken":[{"damage":18.0,"enemies":"2 Louse","floor":1.0,"turns":4.0},{"damage":5.0,"enemies":"Small Slimes","floor":2.0,"turns":3.0},{"damage":11.0,"enemies":"Cultist","floor":3.0,"turns":4.0},{"damage":17.0,"enemies":"Red Slaver","floor":4.0,"turns":4.0},{"damage":7.0,"enemies":"Large Slime","floor":7.0,"turns":9.0},{"damage":17.0,"enemies":"3 Sentries","floor":12.0,"turns":10.0},{"damage":8.0,"enemies":"3 Louse","floor":13.0,"turns":3.0},{"damage":1.0,"enemies":"2 Fungi Beasts","floor":14.0,"turns":4.0},{"damage":14.0,"enemies":"The Guardian","floor":16.0,"turns":12.0},{"damage":9.0,"enemies":"Chosen","floor":18.0,"turns":4.0},{"damage":25.0,"enemies":"Shell Parasite","floor":19.0,"turns":4.0},{"damage":15.0,"enemies":"Centurion and Healer","floor":20.0,"turns":5.0},{"damage":39,"enemies":"Slavers","floor":23,"turns":3}],"seed_played":"6354015224855447630","potions_obtained":[{"floor":1.0,"key":"BlessingOfTheForge"},{"floor":3.0,"key":"Energy Potion"},{"floor":12.0,"key":"CultistPotion"},{"floor":14.0,"key":"DistilledChaos"},{"floor":16.0,"key":"Swift Potion"}],"is_trial":false,"path_per_floor":["M","M","M","M","?","R","M","?","T","R","?","E","M","M","R","B",null,"M","M","M","?","?","E"],"character_chosen":"IRONCLAD","items_purchased":[],"campfire_rested":0,"item_purchase_floors":[],"current_hp_per_floor":[60,61,56,45,27,27,26,26,26,26,26,15,13,18,18,10,72,69,50,41,41,35,0,0],"gold":333,"neow_bonus":"RANDOM_COLORLESS_2","is_daily":false,"chose_seed":false,"campfire_upgraded":3,"win_rate":0.0,"timestamp":1610340045,"path_taken":["M","M","M","M","?","R","M","?","T","R","?","E","M","M","R","BOSS","M","M","M","?","?","E"],"items_purchased_type":[],"build_version":"2020-12-22","purchased_purges":0,"victory":false,"max_hp_per_floor":[72,72,72,72,72,72,72,72,72,72,72,72,72,72,72,72,72,72,72,72,72,72,72,72],"relic_stats":{"counters":[6,32],"Snecko Eye":[34,36,40,34],"MealTicket":0,"Bag of Preparation":[12],"obtain_stats":[{"Snecko Eye":17,"MealTicket":0,"Bag of Preparation":0,"Ancient Tea Set":0,"Burning Blood":0},{"Snecko Eye":2,"MealTicket":0,"Bag of Preparation":0,"Ancient Tea Set":0,"Burning Blood":0},{"Snecko Eye":16,"MealTicket":0,"Bag of Preparation":0,"Ancient Tea Set":0,"Burning Blood":0}],"Burning Blood":30},"card_choices":[{"not_picked":["Thinking Ahead","Master of Strategy"],"picked":"Magnetism","floor":0.0},{"not_picked":["Wild Strike","Rampage","Seeing Red"],"picked":"SKIP","floor":1.0},{"not_picked":["Bloodletting","Whirlwind"],"picked":"Reckless Charge","floor":2.0},{"not_picked":["Whirlwind","Wild Strike","Clothesline"],"picked":"SKIP","floor":3.0},{"not_picked":["Searing Blow","Heavy Blade","Clash"],"picked":"SKIP","floor":4.0},{"not_picked":["Armaments","Body Slam"],"picked":"True Grit","floor":7.0},{"not_picked":["Combust","Second Wind"],"picked":"Demon Form","floor":12.0},{"not_picked":["Disarm","Flex"],"picked":"Battle Trance","floor":13.0},{"not_picked":["Headbutt","Iron Wave"],"picked":"Armaments","floor":14.0},{"not_picked":["Juggernaut","Demon Form"],"picked":"Berserk","floor":16.0},{"not_picked":["Sentinel+1","Pommel Strike","Headbutt"],"picked":"SKIP","floor":18.0},{"not_picked":["Ghostly Armor","Carnage"],"picked":"Heavy Blade+1","floor":19.0},{"not_picked":["Heavy Blade","Burning Pact","Perfected Strike"],"picked":"SKIP","floor":20.0}],"player_experience":829839,"relics_obtained":[{"floor":9.0,"key":"Bag of Preparation"},{"floor":12.0,"key":"MealTicket"}],"event_choices":[{"damage_healed":0.0,"max_hp_gain":0.0,"max_hp_loss":0.0,"gold_gain":0.0,"event_name":"Scrap Ooze","player_choice":"Success","floor":5.0,"gold_loss":0.0,"damage_taken":18.0,"relics_obtained":["Ancient Tea Set"]},{"damage_healed":0.0,"max_hp_gain":0.0,"max_hp_loss":0.0,"gold_gain":0.0,"event_name":"Liars Game","player_choice":"Ignored","floor":8.0,"gold_loss":0.0,"damage_taken":0.0},{"damage_healed":0.0,"max_hp_gain":0.0,"max_hp_loss":0.0,"gold_gain":0.0,"event_name":"Living Wall","player_choice":"Grow","floor":11.0,"gold_loss":0.0,"damage_taken":0.0,"cards_upgraded":["Reckless Charge"]},{"cards_removed":["Reckless Charge"],"damage_healed":0.0,"max_hp_gain":0.0,"max_hp_loss":0.0,"gold_gain":0.0,"event_name":"Beggar","player_choice":"Gave Gold","floor":21.0,"gold_loss":75.0,"damage_taken":0.0},{"damage_healed":0.0,"max_hp_gain":0.0,"max_hp_loss":0.0,"gold_gain":0.0,"event_name":"Knowing Skull","player_choice":"","floor":22.0,"potions_obtained":[],"gold_loss":0.0,"damage_taken":6.0,"cards_obtained":[]}],"is_beta":false,"boss_relics":[{"not_picked":["SlaversCollar","Black Star"],"picked":"Snecko Eye"}],"items_purged_floors":[],"is_endless":false,"potions_floor_spawned":[1,3,12,14,16],"killed_by":"Slavers","ascension_level":2}}