{"host":"8i4doyxqctgl5qb0","time":1610383516,"event":{"mods":["AchievementEnabler","BaseMod","Block Reminder","Colored Powertips","Downfall","Minty Spire (QoL Compilation)","Permanent Neow","Potion Indicator Mod","Rare Cards Sparkle","StSLib","SuperFastMode"],"gold_per_floor":[111,211,96,121,121,146,2,2,29,104,139,89,102,102,102,200,200,212,212,212,192,205,223,48,48,71,71,103,117,117,128,128,231,231,244,262,262,262,278,278,312,312,383,395,395,428,479,479,479,479],"floor_reached":51,"playtime":1741,"items_purged":["Strike_B"],"score":1045,"play_id":"26d051cd-6fd8-433a-ab37-9cd8588ce448","local_time":"20210112004516","is_ascension_mode":true,"campfire_choices":[{"data":"Rainbow","floor":8.0,"key":"SMITH"},{"data":"Hello World","floor":15.0,"key":"SMITH"},{"floor":27.0,"key":"REST"},{"data":"Creative AI","floor":30.0,"key":"SMITH"},{"floor":32.0,"key":"REST"},{"floor":40.0,"key":"REST"},{"data":"Echo Form","floor":42.0,"key":"SMITH"},{"data":"Storm","floor":45.0,"key":"SMITH"},{"data":"Double Energy","floor":49,"key":"SMITH"}],"circlet_count":0,"master_deck":["Strike_B","Strike_B","Strike_B","Defend_B","Defend_B","Defend_B","Zap","Dualcast","Defragment","Hello World+1","Rainbow+1","Ball Lightning","Creative AI+1","Steam","Hologram","Auto Shields","Storm+1","Cold Snap","Double Energy+1","Steam","Force Field","Capacitor+1","Self Repair+1","Force Field+1","Echo Form+1","Conserve Battery","Defragment","Hello World+1","Chaos","Conserve Battery+1","Hologram+1","Hello World+1","Loop+1","Go for the Eyes+1"],"relics":["Cracked Core","NeowsBlessing","Oddly Smooth Stone","Ancient Tea Set","Potion Belt","Strawberry","Dream Catcher","Mummified Hand","Nuclear Battery","Enchiridion","Prayer Wheel","Orichalcum","Akabeko","Inserter","Kunai","Pantograph","DataDisk","Bag of Preparation"],"acts_visited":["Exordium","TheCity","TheBeyond"],"potions_floor_usage":[46],"damage_taken":[{"damage":0.0,"enemies":"Jaw Worm","floor":1.0,"turns":1.0},{"damage":0.0,"enemies":"Gremlin Nob","floor":6.0,"turns":1.0},{"damage":0.0,"enemies":"3 Sentries","floor":11.0,"turns":2.0},{"damage":1.0,"enemies":"Cultist","floor":13.0,"turns":4.0},{"damage":35.0,"enemies":"Slime Boss","floor":16.0,"turns":7.0},{"damage":0.0,"enemies":"Chosen","floor":18.0,"turns":4.0},{"damage":9.0,"enemies":"3 Byrds","floor":22.0,"turns":3.0},{"damage":12.0,"enemies":"Snake Plant","floor":23.0,"turns":3.0},{"damage":12.0,"enemies":"Book of Stabbing","floor":28.0,"turns":5.0},{"damage":0.0,"enemies":"Centurion and Healer","floor":29.0,"turns":6.0},{"damage":6.0,"enemies":"Sentry and Sphere","floor":31.0,"turns":4.0},{"damage":27.0,"enemies":"Collector","floor":33.0,"turns":8.0},{"damage":47.0,"enemies":"3 Darklings","floor":35.0,"turns":8.0},{"damage":11.0,"enemies":"Orb Walker","floor":36.0,"turns":4.0},{"damage":7.0,"enemies":"3 Darklings","floor":39.0,"turns":5.0},{"damage":8.0,"enemies":"Nemesis","floor":41.0,"turns":5.0},{"damage":21.0,"enemies":"Transient","floor":44.0,"turns":5.0},{"damage":52,"enemies":"Reptomancer","floor":46,"turns":5},{"damage":65,"enemies":"Awakened One","floor":50,"turns":8}],"seed_played":"8728625450626985356","potions_obtained":[{"floor":1.0,"key":"Fire Potion"},{"floor":13.0,"key":"Explosive Potion"},{"floor":21.0,"key":"SteroidPotion"},{"floor":31.0,"key":"Weak Potion"},{"floor":33.0,"key":"Explosive Potion"},{"floor":36.0,"key":"Dexterity Potion"}],"is_trial":false,"path_per_floor":["M","?","$","T","?","E","$","R","T","?","E","?","M","T","R","B",null,"M","?","?","?","M","M","$","?","T","R","E","M","R","M","R","B",null,"M","M","?","?","M","R","E","R","T","M","R","E","T","?","R","B",null],"character_chosen":"DEFECT","items_purchased":["Hello World","Potion Belt","Fruit Juice","Storm"],"campfire_rested":3,"item_purchase_floors":[3,7,24,24],"current_hp_per_floor":[68,68,68,68,73,73,73,73,80,69,69,69,68,68,68,33,74,74,74,58,58,49,37,37,37,37,63,51,51,51,45,71,54,79,42,41,41,41,44,70,82,82,82,71,71,19,19,97,97,42],"gold":479,"neow_bonus":"THREE_ENEMY_KILL","is_daily":false,"chose_seed":false,"campfire_upgraded":6,"win_rate":0.0,"timestamp":1610383516,"path_taken":["M","?","$","?","?","E","?","R","T","?","E","?","M","?","R","BOSS","M","?","?","?","?","M","$","?","T","R","E","M","R","M","R","BOSS","M","M","?","?","?","R","E","R","T","M","R","E","?","?","R","BOSS"],"items_purchased_type":["Card","Relic","Potion","Card"],"build_version":"2020-12-22","purchased_purges":1,"victory":true,"max_hp_per_floor":[75,75,75,75,80,80,80,80,87,87,87,87,87,87,87,87,87,87,87,87,87,87,87,87,87,87,87,87,87,87,87,87,87,87,87,87,87,87,87,87,87,87,87,87,87,87,87,97,97,97],"card_choices":[{"not_picked":["Darkness","Glacier"],"picked":"Defragment","floor":1.0},{"not_picked":["Rebound","Go for the Eyes"],"picked":"Rainbow","floor":6.0},{"not_picked":["Gash","Rebound","Sweeping Beam"],"picked":"SKIP","floor":11.0},{"not_picked":["Redo","Gash"],"picked":"Ball Lightning","floor":13.0},{"not_picked":["Meteor Strike","Rainbow"],"picked":"Creative AI","floor":16.0},{"not_picked":["Melter","Streamline+1"],"picked":"Steam","floor":18.0},{"not_picked":["Coolheaded","Rebound"],"picked":"Hologram","floor":22.0},{"not_picked":["Reprogram","Sweeping Beam+1"],"picked":"Auto Shields","floor":23.0},{"not_picked":["Gash","Compile Driver"],"picked":"Cold Snap","floor":27.0},{"not_picked":["Ball Lightning+1","Go for the Eyes"],"picked":"Double Energy","floor":28.0},{"not_picked":["Gash","Go for the Eyes+1"],"picked":"Steam","floor":29.0},{"not_picked":["Conserve Battery","Ball Lightning+1"],"picked":"Force Field","floor":29.0},{"not_picked":["Heatsinks","Amplify"],"picked":"Capacitor+1","floor":31.0},{"not_picked":["Leap","Compile Driver+1"],"picked":"Self Repair+1","floor":31.0},{"not_picked":["Barrage","Compile Driver+1"],"picked":"Force Field+1","floor":32.0},{"not_picked":["All For One","Reboot"],"picked":"Echo Form","floor":33.0},{"not_picked":["Doom and Gloom+1","Coolheaded"],"picked":"Conserve Battery","floor":35.0},{"not_picked":["Stack","Chill+1"],"picked":"Defragment","floor":35.0},{"not_picked":["Redo","Steam"],"picked":"Hello World+1","floor":36.0},{"not_picked":["Gash+1","Redo+1"],"picked":"Chaos","floor":36.0},{"not_picked":["Multi-Cast","Go for the Eyes+1"],"picked":"Conserve Battery+1","floor":39.0},{"not_picked":["Coolheaded","Sweeping Beam","Ball Lightning"],"picked":"SKIP","floor":39.0},{"not_picked":["Streamline+1","Chill"],"picked":"Hologram+1","floor":40.0},{"not_picked":["Redo+1","Rip and Tear+1","Compile Driver"],"picked":"SKIP","floor":41.0},{"not_picked":["Hologram+1","Conserve Battery"],"picked":"Hello World+1","floor":44.0},{"not_picked":["Scrape+1","Buffer"],"picked":"Loop+1","floor":44.0},{"not_picked":["Reprogram+1","Recycle"],"picked":"Go for the Eyes+1","floor":46}],"player_experience":148969,"relics_obtained":[{"floor":4.0,"key":"Oddly Smooth Stone"},{"floor":6.0,"key":"Ancient Tea Set"},{"floor":9.0,"key":"Strawberry"},{"floor":11.0,"key":"Dream Catcher"},{"floor":14.0,"key":"Mummified Hand"},{"floor":20.0,"key":"Enchiridion"},{"floor":26.0,"key":"Orichalcum"},{"floor":28.0,"key":"Akabeko"},{"floor":41.0,"key":"Kunai"},{"floor":43.0,"key":"Pantograph"},{"floor":46,"key":"DataDisk"},{"floor":47,"key":"Bag of Preparation"}],"event_choices":[{"damage_healed":0.0,"max_hp_gain":0.0,"max_hp_loss":0.0,"gold_gain":100.0,"event_name":"Golden Shrine","player_choice":"Pray","floor":2.0,"gold_loss":0.0,"damage_taken":0.0},{"damage_healed":0.0,"max_hp_gain":5.0,"max_hp_loss":0.0,"gold_gain":0.0,"event_name":"Big Fish","player_choice":"Donut","floor":5.0,"gold_loss":0.0,"damage_taken":0.0},{"damage_healed":0.0,"max_hp_gain":0.0,"max_hp_loss":0.0,"gold_gain":75.0,"event_name":"World of Goop","player_choice":"Gather Gold","floor":10.0,"gold_loss":0.0,"damage_taken":11.0},{"cards_removed":["Defend_B"],"damage_healed":0.0,"max_hp_gain":0.0,"max_hp_loss":0.0,"gold_gain":0.0,"event_name":"The Cleric","player_choice":"Card Removal","floor":12.0,"gold_loss":50.0,"damage_taken":0.0},{"damage_healed":0.0,"max_hp_gain":0.0,"max_hp_loss":0.0,"gold_gain":0.0,"event_name":"Cursed Tome","player_choice":"Obtained Book","floor":20.0,"gold_loss":0.0,"damage_taken":16.0},{"damage_healed":0.0,"max_hp_gain":0.0,"max_hp_loss":0.0,"gold_gain":0.0,"event_name":"The Woman in Blue","player_choice":"Bought 1 Potion","floor":21.0,"gold_loss":0.0,"damage_taken":0.0},{"damage_healed":0.0,"max_hp_gain":0.0,"max_hp_loss":0.0,"gold_gain":0.0,"event_name":"The Mausoleum","player_choice":"Opened","floor":25.0,"gold_loss":0.0,"damage_taken":0.0,"relics_obtained":["Prayer Wheel"]},{"damage_healed":0.0,"max_hp_gain":0.0,"max_hp_loss":0.0,"gold_gain":0.0,"event_name":"The Moai Head","player_choice":"Ignored","floor":37.0,"gold_loss":0.0,"damage_taken":0.0},{"damage_healed":0.0,"max_hp_gain":0.0,"max_hp_loss":0.0,"gold_gain":0.0,"event_name":"Duplicator","player_choice":"Copied","floor":38.0,"gold_loss":0.0,"damage_taken":0.0,"cards_obtained":["Echo Form"]},{"cards_removed":["Echo Form"],"damage_healed":68,"gold_gain":0,"player_choice":"Offered Rare","damage_taken":0,"max_hp_gain":10,"max_hp_loss":0,"event_name":"Bonfire Elementals","floor":48,"gold_loss":0}],"is_beta":false,"boss_relics":[{"not_picked":["Fusion Hammer","Runic Pyramid"],"picked":"Nuclear Battery"},{"not_picked":["Pandora\u0027s Box","Busted Crown"],"picked":"Inserter"}],"items_purged_floors":[3],"is_endless":false,"potions_floor_spawned":[1,13,31,33,36],"ascension_level":6}}