{"host":"sxnl403xm2xmiyj1","time":1610355198,"event":{"mods":["AchievementEnabler","BaseMod","Colored Map","Keyboard Shortcuts","Minty Spire (QoL Compilation)","Quick Restart","StSLib","SuperFastMode"],"gold_per_floor":[13,24,38,49,49,82,108,108,108],"floor_reached":8,"playtime":230,"items_purged":[],"score":113,"play_id":"3990a1fd-4e0e-432a-bd9b-061110f5ef5e","local_time":"20210111175318","is_ascension_mode":true,"campfire_choices":[],"circlet_count":0,"master_deck":["AscendersBane","Strike_B","Strike_B","Strike_B","Strike_B","Defend_B","Defend_B","Defend_B","Defend_B","Zap","Dualcast","Electrodynamics","Barrage","Leap","Barrage","Barrage","BootSequence","Gash"],"relics":["Cracked Core","Mummified Hand","Odd Mushroom"],"acts_visited":["Exordium"],"potions_floor_usage":[],"damage_taken":[{"damage":7,"enemies":"Jaw Worm","floor":1,"turns":3},{"damage":8,"enemies":"Small Slimes","floor":2,"turns":3},{"damage":0,"enemies":"2 Louse","floor":3,"turns":3},{"damage":3,"enemies":"Looter","floor":4,"turns":3},{"damage":32,"enemies":"Gremlin Nob","floor":6,"turns":4},{"damage":5,"enemies":"The Mushroom Lair","floor":7,"turns":4},{"damage":10,"enemies":"Lagavulin","floor":8,"turns":4}],"seed_played":"8964091153709868075","potions_obtained":[{"floor":4,"key":"Energy Potion"}],"is_trial":false,"path_per_floor":["M","M","M","M","?","E","?","E"],"character_chosen":"DEFECT","items_purchased":[],"campfire_rested":0,"item_purchase_floors":[],"current_hp_per_floor":[57,49,49,46,51,19,14,4,4],"gold":108,"neow_bonus":"THREE_RARE_CARDS","is_daily":false,"chose_seed":false,"campfire_upgraded":0,"win_rate":0.0,"timestamp":1610355198,"path_taken":["M","M","M","M","?","E","?","E"],"items_purchased_type":[],"build_version":"2020-12-22","purchased_purges":0,"victory":false,"max_hp_per_floor":[71,71,71,71,76,76,76,76,76],"card_choices":[{"not_picked":["Fission","Hyperbeam"],"picked":"Electrodynamics","floor":0},{"not_picked":["Turbo","Leap"],"picked":"Barrage","floor":1},{"not_picked":["Gash","Streamline"],"picked":"Leap","floor":2},{"not_picked":["Compile Driver","Cold Snap"],"picked":"Barrage","floor":3},{"not_picked":["Conserve Battery","Gash"],"picked":"Barrage","floor":4},{"not_picked":["Hologram","Undo"],"picked":"BootSequence","floor":6},{"not_picked":["Hologram","Amplify"],"picked":"Gash","floor":7}],"player_experience":159064,"relics_obtained":[{"floor":6,"key":"Mummified Hand"},{"floor":7,"key":"Odd Mushroom"}],"event_choices":[{"damage_healed":0,"gold_gain":0,"player_choice":"Donut","damage_taken":0,"max_hp_gain":5,"max_hp_loss":0,"event_name":"Big Fish","floor":5,"gold_loss":0},{"damage_healed":0,"gold_gain":0,"player_choice":"Fought Mushrooms","damage_taken":0,"max_hp_gain":0,"max_hp_loss":0,"event_name":"Mushrooms","floor":7,"gold_loss":0}],"is_beta":false,"boss_relics":[],"items_purged_floors":[],"is_endless":false,"potions_floor_spawned":[4],"killed_by":"Lagavulin","ascension_level":19}}