{"host":"e4hse1vg61zltgzv","time":1610327661,"event":{"mods":["AchievementEnabler","BaseMod","Block Reminder","Colored Map","DeckTracker","GifTheSpireLib","Minty Spire (QoL Compilation)","Rare Cards Sparkle","StSLib","SuperFastMode","everything is the same but u backflip on backflip"],"gold_per_floor":[111,111,127,127,143,143,189,201,286,314,352,193,218,236,236,313,313,331,344,259,272,292,327,338,367,367,397,410,421,439,452,452,531,531,545,559,569,569,620,654,399,426,474,504,504,518,545,562,562,562,562,562,562,0,28,28],"floor_reached":57,"playtime":1201,"items_purged":[],"score":4141,"play_id":"9ff30731-92d4-425a-b145-ea498b928f41","local_time":"20210111101421","is_ascension_mode":true,"campfire_choices":[{"floor":6,"key":"DIG"},{"floor":8,"key":"RECALL"},{"floor":15,"key":"DIG"},{"floor":32,"key":"DIG"},{"floor":49,"key":"DIG"},{"floor":53,"key":"DIG"}],"circlet_count":0,"master_deck":["Body Slam+1"],"relics":["Burning Blood","Unceasing Top","Singing Bowl","Shovel","TheAbacus","MawBank","Bag of Marbles","Tiny Chest","Anchor","Regal Pillow","Bottled Flame","Pandora\u0027s Box","Boot","Lizard Tail","PreservedInsect","The Courier","Ancient Tea Set","Bronze Scales","Black Star","Incense Burner","Nunchaku","Strawberry","Toy Ornithopter","Bag of Preparation","Omamori","Vajra","Lantern","Unceasing Top","White Beast Statue","Blue Candle","CaptainsWheel","Self Forming Clay","Akabeko","Sundial","OrangePellets","Pen Nib","Orichalcum","Paper Frog","Calipers","Medical Kit","InkBottle","Blood Vial"],"acts_visited":["Exordium","TheCity","TheBeyond","TheEnding"],"potions_floor_usage":[42,56],"damage_taken":[{"damage":0,"enemies":"Small Slimes","floor":1,"turns":1},{"damage":0,"enemies":"Jaw Worm","floor":3,"turns":1},{"damage":0,"enemies":"2 Louse","floor":5,"turns":1},{"damage":0,"enemies":"3 Sentries","floor":7,"turns":1},{"damage":0,"enemies":"Blue Slaver","floor":10,"turns":1},{"damage":0,"enemies":"Lagavulin","floor":11,"turns":1},{"damage":0,"enemies":"3 Sentries","floor":13,"turns":1},{"damage":0,"enemies":"Exordium Wildlife","floor":14,"turns":1},{"damage":0,"enemies":"The Guardian","floor":16,"turns":1},{"damage":0,"enemies":"Chosen","floor":18,"turns":1},{"damage":0,"enemies":"Shell Parasite","floor":19,"turns":1},{"damage":0,"enemies":"Centurion and Healer","floor":21,"turns":1},{"damage":0,"enemies":"Snake Plant","floor":22,"turns":1},{"damage":0,"enemies":"Book of Stabbing","floor":23,"turns":1},{"damage":0,"enemies":"Chosen and Byrds","floor":24,"turns":1},{"damage":0,"enemies":"Gremlin Leader","floor":25,"turns":1},{"damage":0,"enemies":"Slavers","floor":27,"turns":1},{"damage":0,"enemies":"Cultist and Chosen","floor":28,"turns":1},{"damage":0,"enemies":"Snecko","floor":29,"turns":1},{"damage":0,"enemies":"Chosen and Byrds","floor":30,"turns":1},{"damage":0,"enemies":"3 Cultists","floor":31,"turns":1},{"damage":0,"enemies":"Automaton","floor":33,"turns":1},{"damage":0,"enemies":"3 Shapes","floor":35,"turns":1},{"damage":0,"enemies":"3 Darklings","floor":36,"turns":1},{"damage":0,"enemies":"Sphere and 2 Shapes","floor":37,"turns":1},{"damage":0,"enemies":"2 Orb Walkers","floor":39,"turns":1},{"damage":0,"enemies":"Nemesis","floor":40,"turns":1},{"damage":0,"enemies":"Giant Head","floor":42,"turns":1},{"damage":0,"enemies":"Nemesis","floor":44,"turns":1},{"damage":0,"enemies":"Spire Growth","floor":46,"turns":1},{"damage":0,"enemies":"Reptomancer","floor":47,"turns":1},{"damage":0,"enemies":"Writhing Mass","floor":48,"turns":1},{"damage":0,"enemies":"Awakened One","floor":50,"turns":2},{"damage":0,"enemies":"Donu and Deca","floor":51,"turns":1},{"damage":0,"enemies":"Shield and Spear","floor":55,"turns":1},{"damage":0,"enemies":"The Heart","floor":56,"turns":4}],"seed_played":"8010799684570603680","potions_obtained":[{"floor":3,"key":"Swift Potion"},{"floor":5,"key":"Strength Potion"},{"floor":42,"key":"Fruit Juice"},{"floor":46,"key":"Block Potion"}],"is_trial":false,"path_per_floor":["M","?","M","?","M","R","E","R","T","M","E","$","E","M","R","B",null,"M","M","?","M","M","E","M","E","T","E","M","M","M","M","R","B",null,"M","M","M","?","?","E","$","E","T","E","T","M","E","M","R","B","B",null,"R","$","E","B",null],"character_chosen":"IRONCLAD","items_purchased":["Anchor","Toy Ornithopter","Bag of Preparation","OrangePellets","Pen Nib","Orichalcum","Paper Frog"],"campfire_rested":0,"item_purchase_floors":[12,41,41,54,54,54,54],"current_hp_per_floor":[83,88,91,91,93,93,95,95,95,97,99,99,101,103,103,105,105,107,109,109,111,113,115,117,119,119,121,123,125,127,129,129,131,131,133,135,137,130,132,141,141,148,148,150,150,152,154,156,156,156,156,156,156,156,158,158],"gold":28,"neow_bonus":"TEN_PERCENT_HP_BONUS","is_daily":false,"chose_seed":false,"campfire_upgraded":0,"win_rate":0.0,"timestamp":1610327661,"path_taken":["M","?","M","?","M","R","E","R","T","M","E","$","E","M","R","BOSS","M","M","?","M","M","E","M","E","T","E","M","M","M","M","R","BOSS","M","M","M","?","?","E","$","E","T","E","?","M","E","M","R","BOSS","BOSS","R","$","E","BOSS"],"items_purchased_type":["Relic","Relic","Relic","Relic","Relic","Relic","Relic"],"build_version":"2020-12-22","purchased_purges":0,"victory":true,"max_hp_per_floor":[84,89,91,91,93,93,95,95,95,97,99,99,101,103,103,105,105,107,109,109,111,113,115,117,119,119,121,123,125,127,129,129,131,131,133,135,137,130,132,141,141,148,148,150,150,152,154,156,156,156,156,156,156,156,158,158],"card_choices":[{"not_picked":["Warcry","Shockwave","Thunderclap"],"picked":"Singing Bowl","floor":1},{"not_picked":["Clash","True Grit","Rampage"],"picked":"Singing Bowl","floor":3},{"not_picked":["Exhume","Pommel Strike","Armaments"],"picked":"Singing Bowl","floor":5},{"not_picked":["Dark Embrace","Rampage","Flex"],"picked":"Singing Bowl","floor":7},{"not_picked":["Pommel Strike","Clash","Anger"],"picked":"Singing Bowl","floor":10},{"not_picked":["Warcry","Dark Embrace","Dropkick"],"picked":"Singing Bowl","floor":11},{"not_picked":["Inflame","Dropkick","Body Slam"],"picked":"Singing Bowl","floor":13},{"not_picked":["Warcry","Clothesline","Seeing Red"],"picked":"Singing Bowl","floor":14},{"not_picked":["Demon Form","Exhume","Corruption"],"picked":"Singing Bowl","floor":16},{"not_picked":["Clothesline","True Grit","Inflame"],"picked":"Singing Bowl","floor":18},{"not_picked":["Seeing Red","Thunderclap","Sentinel+1"],"picked":"Singing Bowl","floor":19},{"not_picked":["Shockwave","Uppercut","Pommel Strike+1"],"picked":"Singing Bowl","floor":21},{"not_picked":["Perfected Strike","Warcry","Pommel Strike"],"picked":"Singing Bowl","floor":22},{"not_picked":["Sword Boomerang","Flame Barrier","Ghostly Armor"],"picked":"Singing Bowl","floor":23},{"not_picked":["Combust","True Grit","Flex"],"picked":"Singing Bowl","floor":24},{"not_picked":["Bludgeon","Perfected Strike+1","Seeing Red"],"picked":"Singing Bowl","floor":25},{"not_picked":["Cleave","Warcry","Searing Blow"],"picked":"Singing Bowl","floor":27},{"not_picked":["Cleave","Thunderclap","Wild Strike"],"picked":"Singing Bowl","floor":28},{"not_picked":["Flex","True Grit","Wild Strike"],"picked":"Singing Bowl","floor":29},{"not_picked":["True Grit","Inflame","Heavy Blade"],"picked":"Singing Bowl","floor":30},{"not_picked":["Iron Wave","Ghostly Armor","Body Slam"],"picked":"Singing Bowl","floor":31},{"not_picked":["Bludgeon","Corruption","Double Tap"],"picked":"Singing Bowl","floor":33},{"not_picked":["Havoc+1","Perfected Strike+1","Thunderclap"],"picked":"Singing Bowl","floor":35},{"not_picked":["Flex","Shrug It Off","Perfected Strike+1"],"picked":"Singing Bowl","floor":36},{"not_picked":["Uppercut","Heavy Blade","Anger"],"picked":"Singing Bowl","floor":37},{"not_picked":["Intimidate","Iron Wave","Inflame"],"picked":"Singing Bowl","floor":39},{"not_picked":["Clash","Pummel","Power Through"],"picked":"Singing Bowl","floor":40},{"not_picked":["Searing Blow+1","Brutality","Wild Strike"],"picked":"Singing Bowl","floor":42},{"not_picked":["Pommel Strike+1","Uppercut","Evolve"],"picked":"Singing Bowl","floor":44},{"not_picked":["Twin Strike","Rampage","Heavy Blade"],"picked":"Singing Bowl","floor":46},{"not_picked":["Hemokinesis","Wild Strike+1","Heavy Blade+1"],"picked":"Singing Bowl","floor":47},{"not_picked":["Perfected Strike+1","Body Slam","Inflame+1"],"picked":"Singing Bowl","floor":48},{"not_picked":["Heavy Blade+1","Reaper","True Grit"],"picked":"Singing Bowl","floor":55}],"player_experience":793239,"relics_obtained":[{"floor":6,"key":"MawBank"},{"floor":7,"key":"Bag of Marbles"},{"floor":11,"key":"Tiny Chest"},{"floor":13,"key":"Regal Pillow"},{"floor":15,"key":"Bottled Flame"},{"floor":23,"key":"Lizard Tail"},{"floor":25,"key":"PreservedInsect"},{"floor":26,"key":"The Courier"},{"floor":27,"key":"Ancient Tea Set"},{"floor":32,"key":"Bronze Scales"},{"floor":39,"key":"Incense Burner"},{"floor":40,"key":"Nunchaku"},{"floor":40,"key":"Strawberry"},{"floor":42,"key":"Omamori"},{"floor":42,"key":"Vajra"},{"floor":43,"key":"Lantern"},{"floor":44,"key":"Unceasing Top"},{"floor":44,"key":"White Beast Statue"},{"floor":45,"key":"Blue Candle"},{"floor":47,"key":"CaptainsWheel"},{"floor":47,"key":"Self Forming Clay"},{"floor":49,"key":"Akabeko"},{"floor":53,"key":"Sundial"},{"floor":55,"key":"InkBottle"},{"floor":55,"key":"Blood Vial"}],"event_choices":[{"damage_healed":0,"gold_gain":0,"player_choice":"Donut","damage_taken":0,"max_hp_gain":5,"max_hp_loss":0,"event_name":"Big Fish","floor":2,"gold_loss":0},{"cards_removed":["Body Slam"],"damage_healed":0,"gold_gain":0,"player_choice":"Forget","damage_taken":0,"max_hp_gain":0,"max_hp_loss":0,"event_name":"Living Wall","floor":4,"gold_loss":0},{"damage_healed":0,"gold_gain":0,"player_choice":"Obtained Relic","damage_taken":0,"relics_obtained":["Boot"],"max_hp_gain":0,"max_hp_loss":0,"event_name":"Addict","floor":20,"gold_loss":85},{"damage_healed":0,"gold_gain":0,"player_choice":"Max HP","damage_taken":0,"max_hp_gain":0,"max_hp_loss":7,"event_name":"Winding Halls","floor":38,"gold_loss":0},{"damage_healed":0,"gold_gain":0,"player_choice":"Fight","damage_taken":0,"max_hp_gain":0,"max_hp_loss":0,"event_name":"Mysterious Sphere","floor":39,"gold_loss":0}],"is_beta":false,"boss_relics":[{"not_picked":["Cursed Key","Mark of Pain"],"picked":"Pandora\u0027s Box"},{"not_picked":["Fusion Hammer","Black Blood"],"picked":"Black Star"}],"items_purged_floors":[],"is_endless":false,"potions_floor_spawned":[3,5,10,11,13,19,21,23,28,29,30,33,35,36,42,46,47,48,55],"ascension_level":20}}