{"host":"x6tlfgqpy55vgxdn","time":1610349593,"event":{"mods":["AchievementEnabler","BaseMod","DeckTracker","Minty Spire (QoL Compilation)","Permanent Neow","Quick Restart","StSLib","SuperFastMode"],"gold_per_floor":[363,363,363,383,393,419,419,23,50,50,50,50,94,107,107,205,205,230,43,67,92,92,71,109,347,347,365,378,378,378,414,414,513,513,526,526,526,422,441,441,472,491,491,530,863,385,413,429,429,429,429,429,6,37,37],"floor_reached":56,"playtime":3221,"items_purged":["Strike_B","Strike_B","Defend_B","Defend_B","Zap","Undo+1","Ball Lightning+1"],"score":2548,"play_id":"8885a8b1-cef8-4642-a1fb-9a1e623c2f3e","local_time":"20210111161953","is_ascension_mode":true,"campfire_choices":[{"data":"Darkness","floor":7.0,"key":"SMITH"},{"data":"Coolheaded","floor":10.0,"key":"SMITH"},{"data":"Dualcast","floor":12.0,"key":"SMITH"},{"data":"Compile Driver","floor":15.0,"key":"SMITH"},{"data":"Capacitor","floor":29.0,"key":"SMITH"},{"floor":32.0,"key":"RECALL"},{"data":"Electrodynamics","floor":40,"key":"SMITH"},{"floor":49,"key":"REST"},{"floor":52,"key":"REST"}],"circlet_count":0,"master_deck":["AscendersBane","Dualcast+1","Darkness+1","Compile Driver+1","Coolheaded+1","Fusion+1","Undo+1","Multi-Cast+1","Darkness+1","Deep Breath+1","Conserve Battery+1","Capacitor+1","Hologram+1","Reinforced Body+1","Electrodynamics+1","Double Energy+1","Skim+1","Capacitor"],"relics":["Cracked Core","Orichalcum","Toxic Egg 2","Cauldron","Centennial Puzzle","Bag of Preparation","Sozu","Whetstone","Juzu Bracelet","Blood Vial","MealTicket","InkBottle","TheAbacus","Singing Bowl","Nunchaku","Pantograph","Busted Crown","Orrery","Eternal Feather","Gambling Chip","Ice Cream","Bag of Marbles","Membership Card","Unceasing Top","Bottled Lightning","DataDisk","Kunai","Toolbox","Ornamental Fan"],"acts_visited":["Exordium","TheCity","TheBeyond","TheEnding"],"potions_floor_usage":[55,55],"damage_taken":[{"damage":4.0,"enemies":"Small Slimes","floor":1.0,"turns":3.0},{"damage":0.0,"enemies":"Cultist","floor":4.0,"turns":3.0},{"damage":7.0,"enemies":"Jaw Worm","floor":5.0,"turns":4.0},{"damage":8.0,"enemies":"Gremlin Nob","floor":6.0,"turns":3.0},{"damage":0.0,"enemies":"Lagavulin","floor":13.0,"turns":4.0},{"damage":2.0,"enemies":"Red Slaver","floor":14.0,"turns":3.0},{"damage":2.0,"enemies":"Hexaghost","floor":16.0,"turns":7.0},{"damage":15.0,"enemies":"3 Byrds","floor":18.0,"turns":4.0},{"damage":15.0,"enemies":"Shell Parasite","floor":20.0,"turns":2.0},{"damage":7.0,"enemies":"Snecko","floor":21.0,"turns":6.0},{"damage":11.0,"enemies":"Slavers","floor":24.0,"turns":4.0},{"damage":9.0,"enemies":"Snake Plant","floor":27.0,"turns":2.0},{"damage":5.0,"enemies":"Centurion and Healer","floor":28.0,"turns":4.0},{"damage":8.0,"enemies":"Book of Stabbing","floor":31.0,"turns":3.0},{"damage":0,"enemies":"Collector","floor":33,"turns":6},{"damage":0,"enemies":"Orb Walker","floor":35,"turns":3},{"damage":0,"enemies":"3 Shapes","floor":39,"turns":3},{"damage":0,"enemies":"Mind Bloom Boss Battle","floor":41,"turns":4},{"damage":2,"enemies":"Writhing Mass","floor":42,"turns":2},{"damage":0,"enemies":"Giant Head","floor":44,"turns":3},{"damage":8,"enemies":"Nemesis","floor":47,"turns":3},{"damage":0,"enemies":"Spire Growth","floor":48,"turns":2},{"damage":47,"enemies":"Time Eater","floor":50,"turns":6},{"damage":0,"enemies":"Shield and Spear","floor":54,"turns":2},{"damage":12,"enemies":"The Heart","floor":55,"turns":5}],"seed_played":"-8491913783233881829","potions_obtained":[{"floor":4.0,"key":"LiquidMemories"},{"floor":5.0,"key":"SteroidPotion"},{"floor":8.0,"key":"Fruit Juice"},{"floor":8.0,"key":"DistilledChaos"},{"floor":8.0,"key":"SpeedPotion"},{"floor":13.0,"key":"LiquidBronze"}],"is_trial":false,"path_per_floor":["M","?","?","M","M","E","R","$","T","R","?","R","E","M","R","B",null,"M","$","M","M","?","$","E","$","T","M","M","R","?","E","R","B",null,"M","?","?","$","M","R","?","M","T","E","?","$","E","M","R","B",null,"R","$","E","B",null],"character_chosen":"DEFECT","items_purchased":["Toxic Egg 2","Fusion+1","Cauldron","Deep Breath+1","Whetstone","Conserve Battery+1","Juzu Bracelet","Hologram+1","Blood Vial","MealTicket","TheAbacus","Singing Bowl","Nunchaku","Orrery","Eternal Feather","Membership Card","Double Energy+1","Unceasing Top","DataDisk","Kunai","Toolbox"],"campfire_rested":2,"item_purchase_floors":[8,8,8,19,19,19,19,23,23,23,25,25,25,38,38,46,46,46,53,53,53],"current_hp_per_floor":[42,42,42,42,35,27,27,32,32,32,6,6,6,4,4,2,58,43,43,28,21,21,21,12,27,27,22,21,21,21,17,17,46,75,79,79,79,96,98,98,100,100,100,104,104,104,98,100,106,59,94,106,106,106,94],"gold":37,"neow_bonus":"TWO_FIFTY_GOLD","is_daily":false,"chose_seed":false,"campfire_upgraded":6,"win_rate":0.0,"timestamp":1610349593,"path_taken":["M","?","?","?","M","E","R","$","T","R","?","R","E","M","R","BOSS","M","$","M","M","?","$","E","$","T","M","M","R","?","E","R","BOSS","M","?","?","$","M","R","?","M","T","E","?","$","E","M","R","BOSS","R","$","E","BOSS"],"items_purchased_type":["Relic","Card","Relic","Card","Relic","Card","Relic","Card","Relic","Relic","Relic","Relic","Relic","Relic","Relic","Relic","Card","Relic","Relic","Relic","Relic"],"build_version":"2020-12-22","purchased_purges":7,"victory":true,"max_hp_per_floor":[71,71,71,71,71,71,71,76,76,76,76,76,76,76,76,76,76,76,76,76,76,76,76,76,76,76,78,80,80,80,82,82,84,84,86,86,86,96,98,98,100,102,102,104,104,104,106,106,106,106,106,106,106,106,106],"card_choices":[{"not_picked":["Hologram","Go for the Eyes"],"picked":"Melter","floor":1.0},{"not_picked":["Redo","Gash","Reprogram"],"picked":"SKIP","floor":4.0},{"not_picked":["Turbo","Steam"],"picked":"Ball Lightning","floor":5.0},{"not_picked":["Go for the Eyes","Rip and Tear"],"picked":"Coolheaded","floor":6.0},{"not_picked":["Go for the Eyes","Turbo+1"],"picked":"Undo+1","floor":13.0},{"not_picked":["Force Field+1","Barrage","Doom and Gloom"],"picked":"SKIP","floor":14.0},{"not_picked":["Amplify+1","Hyperbeam"],"picked":"Multi-Cast+1","floor":16.0},{"not_picked":["White Noise+1","Rip and Tear"],"picked":"Darkness+1","floor":18.0},{"not_picked":["White Noise+1","Genetic Algorithm+1","Coolheaded+1"],"picked":"SKIP","floor":20.0},{"not_picked":["Compile Driver","Static Discharge+1"],"picked":"Capacitor","floor":21.0},{"not_picked":["Conserve Battery+1","Streamline","Beam Cell"],"picked":"SKIP","floor":24.0},{"not_picked":["Compile Driver","Cold Snap","Ball Lightning"],"picked":"Singing Bowl","floor":27.0},{"not_picked":["Auto Shields+1","Heatsinks","Redo+1"],"picked":"Singing Bowl","floor":28.0},{"not_picked":["Turbo+1","Glacier+1","Steam+1"],"picked":"Singing Bowl","floor":31.0},{"not_picked":["Machine Learning","Meteor Strike","Thunder Strike"],"picked":"Singing Bowl","floor":33},{"not_picked":["Steam Power+1"],"picked":"Singing Bowl","floor":35},{"not_picked":["Barrage+1"],"picked":"Singing Bowl","floor":38},{"not_picked":["Aggregate+1"],"picked":"Singing Bowl","floor":38},{"not_picked":["Sweeping Beam+1"],"picked":"Singing Bowl","floor":38},{"not_picked":["Go for the Eyes"],"picked":"Singing Bowl","floor":38},{"not_picked":["Lockon"],"picked":"Singing Bowl","floor":38},{"not_picked":["Reprogram+1"],"picked":"Singing Bowl","floor":39},{"not_picked":["Scrape"],"picked":"Singing Bowl","floor":41},{"not_picked":["Hologram+1"],"picked":"Singing Bowl","floor":42},{"not_picked":["BootSequence+1"],"picked":"Singing Bowl","floor":44},{"not_picked":["Stack+1"],"picked":"Singing Bowl","floor":47},{"not_picked":[],"picked":"Skim+1","floor":48},{"not_picked":[],"picked":"Capacitor","floor":54}],"player_experience":247454,"relics_obtained":[{"floor":6.0,"key":"Orichalcum"},{"floor":9.0,"key":"Centennial Puzzle"},{"floor":13.0,"key":"Bag of Preparation"},{"floor":24.0,"key":"InkBottle"},{"floor":31.0,"key":"Pantograph"},{"floor":41,"key":"Gambling Chip"},{"floor":43,"key":"Ice Cream"},{"floor":44,"key":"Bag of Marbles"},{"floor":47,"key":"Bottled Lightning"},{"floor":54,"key":"Ornamental Fan"}],"event_choices":[{"damage_healed":0.0,"max_hp_gain":0.0,"max_hp_loss":0.0,"gold_gain":0.0,"cards_transformed":["Strike_B"],"event_name":"Living Wall","player_choice":"Change","floor":2.0,"gold_loss":0.0,"damage_taken":0.0,"cards_obtained":["Darkness"]},{"damage_healed":0.0,"max_hp_gain":0.0,"max_hp_loss":0.0,"gold_gain":0.0,"event_name":"Match and Keep!","player_choice":"1 cards matched","floor":3.0,"gold_loss":0.0,"damage_taken":0.0,"cards_obtained":["Compile Driver"]},{"damage_healed":0.0,"max_hp_gain":0.0,"max_hp_loss":0.0,"gold_gain":0.0,"event_name":"Golden Idol","player_choice":"Take Damage","floor":11.0,"gold_loss":0.0,"damage_taken":26.0,"relics_obtained":["Golden Idol"]},{"damage_healed":0.0,"max_hp_gain":0.0,"max_hp_loss":0.0,"gold_gain":0.0,"event_name":"Cursed Tome","player_choice":"Ignored","floor":22.0,"gold_loss":0.0,"damage_taken":0.0},{"damage_healed":0.0,"max_hp_gain":0.0,"max_hp_loss":0.0,"gold_gain":0.0,"cards_transformed":["Defend_B","Defend_B"],"event_name":"Drug Dealer","player_choice":"Became Test Subject","floor":30.0,"gold_loss":0.0,"damage_taken":0.0,"cards_obtained":["Reinforced Body","Electrodynamics"]},{"cards_removed":["Strike_B"],"damage_healed":0,"gold_gain":0,"player_choice":"Removed Attack","damage_taken":0,"max_hp_gain":0,"max_hp_loss":0,"event_name":"Falling","floor":36,"gold_loss":0},{"damage_healed":0,"gold_gain":0,"cards_transformed":["Melter"],"player_choice":"Transformed","damage_taken":0,"max_hp_gain":0,"max_hp_loss":0,"event_name":"Transmorgrifier","floor":37,"gold_loss":0,"cards_obtained":["Undo"]},{"damage_healed":0,"gold_gain":0,"player_choice":"Fight","damage_taken":0,"max_hp_gain":0,"max_hp_loss":0,"event_name":"MindBloom","floor":41,"gold_loss":0},{"damage_healed":0,"gold_gain":333,"player_choice":"Gave Idol","damage_taken":0,"max_hp_gain":0,"max_hp_loss":0,"event_name":"The Moai Head","floor":45,"relics_lost":["Golden Idol"],"gold_loss":0}],"is_beta":false,"boss_relics":[{"not_picked":["SlaversCollar","Velvet Choker"],"picked":"Sozu"},{"not_picked":["Fusion Hammer","Pandora\u0027s Box"],"picked":"Busted Crown"}],"items_purged_floors":[8,19,23,25,38,46,53],"is_endless":false,"potions_floor_spawned":[4,5,13,21,24,28,39,41,42,44,47,54],"ascension_level":19}}