{"host":"Vert","time":1610384289,"event":{"mods":["BaseMod","Better Note","Colored Powertips","Hermit","Marisa????????","Minty Spire (QoL Compilation)","Replay The Spire","StSLib","Td1madao Mod","The Gatherer","The Marked","The Servant 0.9.4"],"gold_per_floor":[119,119,119,51,95,120,131,131,131,144,193,193,210,71,89,106,106,202,252,265,265,265,265,265,332,332,346,369,369,369,369],"floor_reached":30,"playtime":995,"items_purged":[],"score":296,"play_id":"b9a59b88-ec9c-4cf0-9125-7733b9ed8dfd","local_time":"20210111195809","is_ascension_mode":false,"campfire_choices":[{"data":"hermit:BlackWind","floor":12,"key":"SMITH"},{"floor":17,"key":"REST"},{"floor":26,"key":"REST"},{"floor":29,"key":"RECALL"}],"circlet_count":0,"master_deck":["hermit:Strike_Hermit","hermit:Strike_Hermit","hermit:Strike_Hermit+1","hermit:Strike_Hermit","hermit:Defend_Hermit","hermit:Defend_Hermit","hermit:Defend_Hermit+1","hermit:Defend_Hermit","hermit:Snapshot","hermit:Covet","hermit:Determination+1","Regret","hermit:ShadowCloak","hermit:Roulette","hermit:BlackWind+1","hermit:LuckOfTheDraw","ReplayTheSpireMod:IOU","hermit:LowProfile","hermit:Snipe","hermit:DeadOrAlive","hermit:LowProfile","hermit:Malice","hermit:Desperado+1","hermit:Snipe"],"relics":["hermit:Momento","NeowsBlessing","Happy Flower","Replay:Wax Seal","Akabeko","Darkstone Periapt","Tiny House","Replay:Ringing Soul"],"acts_visited":["Exordium","TheCity"],"potions_floor_usage":[18,18,20,20,20,20,25,25,25,30],"damage_taken":[{"damage":0,"enemies":"2 Louse","floor":1,"turns":1},{"damage":0,"enemies":"Lagavulin","floor":6,"turns":1},{"damage":0,"enemies":"Jaw Worm","floor":7,"turns":1},{"damage":0,"enemies":"Cultist","floor":10,"turns":2},{"damage":4,"enemies":"Looter","floor":13,"turns":3},{"damage":12,"enemies":"Blue Slaver","floor":15,"turns":2},{"damage":12,"enemies":"Lots of Slimes","floor":16,"turns":4},{"damage":25,"enemies":"The Guardian","floor":18,"turns":11},{"damage":28,"enemies":"3 Byrds","floor":20,"turns":5},{"damage":14,"enemies":"Slavers","floor":25,"turns":4},{"damage":0,"enemies":"Spheric Guardian","floor":27,"turns":3},{"damage":79,"enemies":"Gremlin Leader","floor":30,"turns":5}],"seed_played":"5566960637772473850","potions_obtained":[{"floor":1,"key":"Weak Potion"},{"floor":5,"key":"DuplicationPotion"},{"floor":5,"key":"Doom Potion"},{"floor":18,"key":"PowerPotion"},{"floor":19,"key":"EntropicBrew"},{"floor":20,"key":"Fire Potion"},{"floor":27,"key":"ColorlessPotion"}],"is_trial":false,"path_per_floor":["M","?","?","$","?","E","M","PTL","PTL","M","T","R","M","$","M","M","R","B",null,"M","?","$","?","?","E","R","M","T","R","E"],"character_chosen":"HERMIT","items_purchased":["hermit:ShadowCloak","Darkstone Periapt"],"campfire_rested":2,"item_purchase_floors":[4,14],"current_hp_per_floor":[75,75,60,60,42,42,42,42,42,42,42,42,38,38,26,14,36,11,80,52,52,52,52,52,41,65,68,68,68,0,0],"gold":369,"neow_bonus":"THREE_ENEMY_KILL","is_daily":false,"chose_seed":false,"campfire_upgraded":1,"win_rate":0.0,"timestamp":1610384289,"path_taken":["M","?","?","$","?","E","?","PTL","PTL","M","T","R","M","$","M","M","R","BOSS","M","?","$","?","?","E","R","M","T","R","E"],"items_purchased_type":["Card","Relic"],"build_version":"2020-12-18","purchased_purges":0,"victory":false,"max_hp_per_floor":[75,75,75,75,75,75,75,75,75,75,75,75,75,75,75,75,75,75,80,80,80,80,80,80,83,83,86,86,86,86,86],"card_choices":[{"not_picked":["hermit:Coalescence","hermit:Feint"],"picked":"hermit:Determination","floor":1},{"not_picked":["hermit:ShadowCloak","hermit:Ricochet"],"picked":"hermit:Roulette","floor":5},{"not_picked":["hermit:Virtue","hermit:Snipe"],"picked":"hermit:BlackWind","floor":6},{"not_picked":["hermit:Virtue","hermit:Ricochet"],"picked":"hermit:LuckOfTheDraw","floor":7},{"not_picked":["hermit:Midnight","hermit:Maintenance","hermit:Showdown"],"picked":"SKIP","floor":10},{"not_picked":["hermit:Misfire","hermit:Virtue","hermit:BigShot"],"picked":"SKIP","floor":13},{"not_picked":["hermit:Glare","hermit:Ricochet"],"picked":"hermit:LowProfile","floor":15},{"not_picked":["hermit:FullyLoaded","hermit:Combo"],"picked":"hermit:Snipe","floor":16},{"not_picked":["hermit:Adapt","hermit:Purgatory"],"picked":"hermit:DeadOrAlive","floor":18},{"not_picked":["hermit:PistolWhip","hermit:Feint"],"picked":"hermit:LowProfile","floor":19},{"not_picked":["hermit:Roulette","hermit:CalledShot"],"picked":"hermit:Malice","floor":20},{"not_picked":["hermit:LoneWolf+1","hermit:Combo+1"],"picked":"hermit:Desperado+1","floor":25},{"not_picked":["hermit:EyeOfTheStorm","hermit:BodyArmor"],"picked":"hermit:Snipe","floor":27}],"player_experience":532152,"relics_obtained":[{"floor":6,"key":"Replay:Wax Seal"},{"floor":11,"key":"Akabeko"},{"floor":25,"key":"Replay:Ringing Soul"}],"event_choices":[{"damage_healed":0,"gold_gain":0,"player_choice":"Box","damage_taken":0,"relics_obtained":["Happy Flower"],"max_hp_gain":0,"max_hp_loss":0,"event_name":"Big Fish","floor":2,"gold_loss":0,"cards_obtained":["Regret"]},{"damage_healed":0,"gold_gain":0,"player_choice":"Entered Light","damage_taken":15,"max_hp_gain":0,"max_hp_loss":0,"event_name":"Shining Light","floor":3,"gold_loss":0,"cards_upgraded":["hermit:Defend_Hermit","hermit:Determination"]},{"damage_healed":0,"gold_gain":0,"player_choice":"Bought 0 Potions","damage_taken":0,"max_hp_gain":0,"max_hp_loss":0,"event_name":"The Woman in Blue","floor":21,"gold_loss":0},{"damage_healed":0,"gold_gain":0,"player_choice":"Ignored","damage_taken":0,"max_hp_gain":0,"max_hp_loss":0,"event_name":"betterNote:BetterNote","floor":23,"gold_loss":0,"cards_obtained":["Run Through"]},{"damage_healed":0,"gold_gain":0,"player_choice":"Ignored","damage_taken":0,"max_hp_gain":0,"max_hp_loss":0,"event_name":"Ghosts","floor":24,"gold_loss":0}],"is_beta":true,"boss_relics":[{"not_picked":["SlaversCollar","Sozu"],"picked":"Tiny House"}],"items_purged_floors":[],"is_endless":false,"potions_floor_spawned":[1,7,13,18,20,27],"killed_by":"Gremlin Leader","ascension_level":0}}