{"host":"qvl114e0jmbc6yhm","time":1610348116,"event":{"mods":["Act Like it!","BaseMod","Hermit","Highlight Path","Hubris","Jedi Mod","Marisa????????","Marked Mod","Minty Spire (QoL Compilation)","Permanent Neow","Random Character Button","Relic Sorter","Relic Stats","Replay The Spire","Shop Mod","Spicy Shops","StSLib","The Jungle","The Runesmith"],"gold_per_floor":[117,117,117,135,151,151,184,184,261,278,278,305,325,342,342,342,342],"floor_reached":16,"playtime":622,"items_purged":[],"score":190,"play_id":"77416974-3eee-4072-8eae-f818035d7534","local_time":"20210111015516","is_ascension_mode":true,"campfire_choices":[{"data":"Apotheosis","floor":6,"key":"SMITH"},{"data":"jedi:pocketpoison","floor":8,"key":"SMITH"},{"data":"Acrobatics","floor":11,"key":"SMITH"},{"data":"Sneak Up","floor":15,"key":"SMITH"}],"circlet_count":0,"master_deck":["AscendersBane","Strike_G","Strike_G","Strike_G","Strike_G","Strike_G","Defend_G","Defend_G","Defend_G","Defend_G","Defend_G","Survivor","Neutralize","Apotheosis+1","jedi:pocketpoison+1","Dagger Spray","Venomology","Acrobatics+1","Sucker Punch","Sneak Up+1","Deadly Poison"],"relics":["Ring of the Snake","ReplayTheSpireMod:Lightbulb","Onion Ring","Tiny Chest"],"acts_visited":["Exordium"],"potions_floor_usage":[7,10,12,13,16,16,16],"damage_taken":[{"damage":0,"enemies":"Jaw Worm","floor":1,"turns":5},{"damage":3,"enemies":"Small Slimes","floor":4,"turns":3},{"damage":0,"enemies":"2 Louse","floor":5,"turns":2},{"damage":21,"enemies":"3 Sentries","floor":7,"turns":7},{"damage":0,"enemies":"Looter","floor":10,"turns":4},{"damage":11,"enemies":"Lagavulin","floor":12,"turns":6},{"damage":0,"enemies":"Large Slime","floor":13,"turns":6},{"damage":0,"enemies":"Exordium Wildlife","floor":14,"turns":1},{"damage":35,"enemies":"Slime Boss","floor":16,"turns":7}],"seed_played":"-5840157073937963216","potions_obtained":[{"floor":1,"key":"Dexterity Potion"},{"floor":4,"key":"Death Potion"},{"floor":10,"key":"Adrenaline Potion"}],"is_trial":false,"path_per_floor":["M","?","?","M","M","R","E","R","T","M","R","E","M","M","R","B"],"character_chosen":"THE_SILENT","items_purchased":[],"campfire_rested":0,"item_purchase_floors":[],"current_hp_per_floor":[59,59,64,61,61,61,40,40,40,40,40,29,29,29,29,0,0],"gold":342,"neow_bonus":"RANDOM_COLORLESS_2","is_daily":false,"chose_seed":false,"campfire_upgraded":4,"win_rate":0.0,"timestamp":1610348116,"path_taken":["M","?","?","M","M","R","E","R","T","M","R","E","?","M","R","BOSS"],"items_purchased_type":[],"build_version":"2020-12-22","purchased_purges":0,"victory":false,"max_hp_per_floor":[60,60,65,65,65,65,65,65,65,65,65,65,65,65,65,65,65],"relic_stats":{"counters":[9,41],"Tiny Chest":0,"obtain_stats":[{"Onion Ring":9,"Tiny Chest":12,"ReplayTheSpireMod:Lightbulb":7,"Ring of the Snake":0},{"Onion Ring":4,"Tiny Chest":6,"ReplayTheSpireMod:Lightbulb":4,"Ring of the Snake":0},{"Onion Ring":17,"Tiny Chest":27,"ReplayTheSpireMod:Lightbulb":17,"Ring of the Snake":0}],"Ring of the Snake":[18]},"card_choices":[{"not_picked":["jedi:RedIncense","Poisoned Strike"],"picked":"Apotheosis","floor":0},{"not_picked":["Cloak And Dagger","ReplayTheSpireMod:Tripwire"],"picked":"jedi:pocketpoison","floor":1},{"not_picked":["jedi:pocketpoison","hubris:SlightOfHand"],"picked":"Dagger Spray","floor":4},{"not_picked":["Cloak And Dagger","Outmaneuver"],"picked":"Venomology","floor":5},{"not_picked":["jedi:pocketpoison","Endless Agony"],"picked":"Acrobatics","floor":7},{"not_picked":["Prepared","Flying Knee"],"picked":"Sucker Punch","floor":10},{"not_picked":["Blade Dance","Hidden Blade","Bullet Time"],"picked":"SKIP","floor":12},{"not_picked":["Expertise","Finisher"],"picked":"Sneak Up","floor":13},{"not_picked":["Poisoned Stab","Hidden Blade"],"picked":"Deadly Poison","floor":14}],"player_experience":2440775,"relics_obtained":[{"floor":7,"key":"ReplayTheSpireMod:Lightbulb"},{"floor":9,"key":"Onion Ring"},{"floor":12,"key":"Tiny Chest"}],"event_choices":[{"damage_healed":0,"gold_gain":0,"player_choice":"Ignored","damage_taken":0,"max_hp_gain":0,"max_hp_loss":0,"event_name":"Shining Light","floor":2,"gold_loss":0},{"damage_healed":0,"gold_gain":0,"player_choice":"Donut","damage_taken":0,"max_hp_gain":5,"max_hp_loss":0,"event_name":"Big Fish","floor":3,"gold_loss":0}],"is_beta":false,"boss_relics":[],"items_purged_floors":[],"is_endless":false,"potions_floor_spawned":[1,4,10],"killed_by":"Slime Boss","ascension_level":14}}