{"host":"dnvpprmy3abbf89m","time":1610329818,"event":{"mods":["BaseMod","Colored Map","Minty Spire (QoL Compilation)","StSLib"],"gold_per_floor":[119,99,20,20,195,230,230,260,284,142,142,142,142,172,172,271,271,287,302,401,416,0,31,31,31,56,56,69,69,29,49,49,49,49],"floor_reached":33,"playtime":8519,"items_purged":["Doubt","Strike_R"],"score":441,"play_id":"552ade3d-0c01-451f-9603-0ebc854d132e","local_time":"20210111025018","is_ascension_mode":true,"campfire_choices":[{"data":"Metallicize","floor":7.0,"key":"SMITH"},{"data":"Juggernaut","floor":11.0,"key":"SMITH"},{"data":"Inflame","floor":13.0,"key":"SMITH"},{"data":"Ghostly Armor","floor":15.0,"key":"SMITH"},{"data":"Sword Boomerang","floor":24.0,"key":"SMITH"},{"floor":27.0,"key":"DIG"},{"floor":29.0,"key":"DIG"},{"floor":32,"key":"DIG"}],"circlet_count":0,"master_deck":["Strike_R","Strike_R","Strike_R","Defend_R","Defend_R","Defend_R","Defend_R","Bash","Headbutt","Inflame+1","Metallicize+1","Juggernaut+1","Ghostly Armor+1","Demon Form","Warcry","Discovery","Shrug It Off","Sword Boomerang+1","Sword Boomerang+1","Shockwave+1","Pummel"],"relics":["Burning Blood","NeowsBlessing","Shuriken","Lantern","Letter Opener","Coffee Dripper","Membership Card","Shovel","Kunai","Dream Catcher","Regal Pillow","Blue Candle","Pen Nib"],"acts_visited":["Exordium","TheCity"],"potions_floor_usage":[33,33],"damage_taken":[{"damage":0.0,"enemies":"Small Slimes","floor":1.0,"turns":1.0},{"damage":0.0,"enemies":"Lagavulin","floor":6.0,"turns":1.0},{"damage":0.0,"enemies":"Gremlin Nob","floor":8.0,"turns":1.0},{"damage":12.0,"enemies":"Lagavulin","floor":14.0,"turns":7.0},{"damage":38.0,"enemies":"Slime Boss","floor":16.0,"turns":9.0},{"damage":4.0,"enemies":"Spheric Guardian","floor":18.0,"turns":4.0},{"damage":7.0,"enemies":"Shell Parasite","floor":19.0,"turns":4.0},{"damage":18.0,"enemies":"Cultist and Chosen","floor":21.0,"turns":6.0},{"damage":28.0,"enemies":"Slavers","floor":23.0,"turns":5.0},{"damage":0.0,"enemies":"Snecko","floor":28.0,"turns":5.0},{"damage":13,"enemies":"Centurion and Healer","floor":31,"turns":6},{"damage":40,"enemies":"Automaton","floor":33,"turns":6}],"seed_played":"5975346496999356739","potions_obtained":[{"floor":2.0,"key":"EntropicBrew"},{"floor":6.0,"key":"SpeedPotion"},{"floor":8.0,"key":"Explosive Potion"},{"floor":16.0,"key":"SkillPotion"},{"floor":21.0,"key":"Weak Potion"},{"floor":31,"key":"Ancient Potion"}],"is_trial":false,"path_per_floor":["M","?","$","$","?","E","R","E","T","$","R","?","R","E","R","B",null,"M","M","?","M","$","E","R","?","T","R","M","R","$","M","R","B"],"character_chosen":"IRONCLAD","items_purchased":["Inflame","Ghostly Armor","Membership Card","Shovel","Discovery","Shrug It Off","Pummel"],"campfire_rested":0,"item_purchase_floors":[3,10,22,22,22,22,30],"current_hp_per_floor":[78,78,78,78,78,80,80,80,80,80,80,73,73,67,67,35,69,71,70,70,58,58,36,36,36,36,36,42,42,42,35,35,0,0],"gold":49,"neow_bonus":"THREE_ENEMY_KILL","is_daily":false,"chose_seed":false,"campfire_upgraded":5,"win_rate":0.0,"timestamp":1610329818,"path_taken":["M","?","?","$","?","E","R","E","T","?","R","?","R","E","R","BOSS","M","M","?","M","$","E","R","?","T","R","?","R","?","M","R","BOSS"],"items_purchased_type":["Card","Card","Relic","Relic","Card","Card","Card"],"build_version":"2020-12-22","purchased_purges":2,"victory":false,"max_hp_per_floor":[80,80,80,80,80,80,80,80,80,80,80,80,80,80,80,80,80,80,80,80,80,80,80,80,80,80,80,80,80,80,80,80,80,80],"card_choices":[{"not_picked":["Armaments","Fire Breathing"],"picked":"Headbutt","floor":1.0},{"not_picked":["Flex","Headbutt"],"picked":"Metallicize","floor":6.0},{"not_picked":["Warcry","Headbutt"],"picked":"Juggernaut","floor":8.0},{"not_picked":["Searing Blow","Inflame","Blood for Blood"],"picked":"SKIP","floor":14.0},{"not_picked":["Reaper","Bludgeon"],"picked":"Demon Form","floor":16.0},{"not_picked":["Sever Soul","Cleave","Carnage"],"picked":"SKIP","floor":18.0},{"not_picked":["Rupture","Anger+1","Perfected Strike+1"],"picked":"SKIP","floor":19.0},{"not_picked":["Inflame","Spot Weakness"],"picked":"Warcry","floor":21.0},{"not_picked":["Power Through+1","Inflame"],"picked":"Sword Boomerang","floor":23.0},{"not_picked":["Twin Strike","Shrug It Off+1"],"picked":"Shockwave+1","floor":28.0},{"not_picked":["Corruption","Inflame","Pommel Strike"],"picked":"SKIP","floor":31}],"player_experience":781110,"relics_obtained":[{"floor":6.0,"key":"Shuriken"},{"floor":8.0,"key":"Lantern"},{"floor":14.0,"key":"Letter Opener"},{"floor":23.0,"key":"Kunai"},{"floor":26.0,"key":"Dream Catcher"},{"floor":27.0,"key":"Regal Pillow"},{"floor":29.0,"key":"Blue Candle"},{"floor":32,"key":"Pen Nib"}],"event_choices":[{"damage_healed":0.0,"max_hp_gain":0.0,"max_hp_loss":0.0,"gold_gain":0.0,"event_name":"The Woman in Blue","player_choice":"Bought 1 Potion","floor":2.0,"gold_loss":0.0,"damage_taken":0.0},{"damage_healed":0.0,"max_hp_gain":0.0,"max_hp_loss":0.0,"gold_gain":175.0,"event_name":"Liars Game","player_choice":"AGREE","floor":5.0,"gold_loss":0.0,"damage_taken":0.0,"cards_obtained":["Doubt"]},{"cards_removed":["Strike_R"],"damage_healed":0.0,"max_hp_gain":0.0,"max_hp_loss":0.0,"gold_gain":0.0,"event_name":"Golden Wing","player_choice":"Card Removal","floor":12.0,"gold_loss":0.0,"damage_taken":7.0},{"damage_healed":0.0,"max_hp_gain":0.0,"max_hp_loss":0.0,"gold_gain":99.0,"event_name":"Nest","player_choice":"Stole From Cult","floor":20.0,"gold_loss":0.0,"damage_taken":0.0},{"damage_healed":0.0,"max_hp_gain":0.0,"max_hp_loss":0.0,"gold_gain":0.0,"event_name":"Duplicator","player_choice":"Copied","floor":25.0,"gold_loss":0.0,"damage_taken":0.0,"cards_obtained":["Sword Boomerang"]}],"is_beta":false,"boss_relics":[{"not_picked":["Snecko Eye","Mark of Pain"],"picked":"Coffee Dripper"}],"items_purged_floors":[10,22],"is_endless":false,"potions_floor_spawned":[6,8,16,21,31],"killed_by":"Automaton","ascension_level":7}}