{"host":"sav7uxregyirlf69","time":1610364999,"event":{"mods":["AchievementEnabler","BaseMod","Colored Map","DeckTracker","Keyboard Shortcuts","Minty Spire (QoL Compilation)","READ ME - Guardian Mod","StSLib","SuperFastMode"],"gold_per_floor":[109,124,199,124,124,153,153,184,264,282,301,314,334,347,347,347,347],"floor_reached":16,"playtime":189,"items_purged":["Strike_G"],"score":278,"play_id":"64140a0d-7d77-4213-93ac-760b08043470","local_time":"20210111203639","is_ascension_mode":true,"campfire_choices":[{"data":"Terror","floor":7,"key":"SMITH"},{"data":"Cloak And Dagger","floor":15,"key":"SMITH"}],"circlet_count":0,"master_deck":["AscendersBane","Strike_G","Strike_G","Strike_G","Strike_G","Defend_G","Defend_G","Defend_G","Defend_G","Defend_G","Survivor","Neutralize","Cloak And Dagger+1","Dagger Spray","Terror+1","Escape Plan","Dash","Backflip","Dagger Throw"],"relics":["Ring of the Snake","NeowsBlessing","Dream Catcher","MealTicket","Ornamental Fan"],"acts_visited":["Exordium"],"potions_floor_usage":[8,8,16,16],"damage_taken":[{"damage":0,"enemies":"Cultist","floor":1,"turns":1},{"damage":0,"enemies":"Small Slimes","floor":2,"turns":1},{"damage":0,"enemies":"3 Sentries","floor":6,"turns":1},{"damage":26,"enemies":"Lagavulin","floor":8,"turns":7},{"damage":4,"enemies":"Jaw Worm","floor":10,"turns":2},{"damage":5,"enemies":"Blue Slaver","floor":11,"turns":3},{"damage":0,"enemies":"Red Slaver","floor":12,"turns":3},{"damage":0,"enemies":"2 Fungi Beasts","floor":13,"turns":3},{"damage":0,"enemies":"3 Louse","floor":14,"turns":3},{"damage":26,"enemies":"Slime Boss","floor":16,"turns":5}],"seed_played":"2996315488175821227","potions_obtained":[{"floor":2,"key":"GamblersBrew"},{"floor":6,"key":"Strength Potion"},{"floor":10,"key":"LiquidBronze"},{"floor":11,"key":"FearPotion"},{"floor":12,"key":"SteroidPotion"}],"is_trial":false,"path_per_floor":["M","M","?","$","?","E","R","E","T","M","M","M","M","M","R","B"],"character_chosen":"THE_SILENT","items_purchased":[],"campfire_rested":0,"item_purchase_floors":[],"current_hp_per_floor":[59,59,48,48,48,48,48,22,22,18,13,13,13,13,13,0,0],"gold":347,"neow_bonus":"THREE_ENEMY_KILL","is_daily":false,"chose_seed":false,"campfire_upgraded":2,"win_rate":0.0,"timestamp":1610364999,"path_taken":["M","?","?","?","?","E","R","E","T","M","M","?","M","M","R","BOSS"],"items_purchased_type":[],"build_version":"2020-12-22","purchased_purges":1,"victory":false,"max_hp_per_floor":[66,66,66,66,66,66,66,66,66,66,66,66,66,66,66,66,66],"card_choices":[{"not_picked":["Sucker Punch","Underhanded Strike"],"picked":"Cloak And Dagger","floor":1},{"not_picked":["Sucker Punch","Flying Knee"],"picked":"Dagger Spray","floor":2},{"not_picked":["Backflip","All Out Attack"],"picked":"Terror","floor":6},{"not_picked":["Flying Knee","Underhanded Strike"],"picked":"Escape Plan","floor":8},{"not_picked":["Setup","Flechettes","PiercingWail"],"picked":"SKIP","floor":10},{"not_picked":["Setup","Bane"],"picked":"Dash","floor":11},{"not_picked":["Catalyst","Riddle With Holes","Deflect"],"picked":"SKIP","floor":12},{"not_picked":["Quick Slash","Deflect"],"picked":"Backflip","floor":13},{"not_picked":["Bouncing Flask","Corpse Explosion"],"picked":"Dagger Throw","floor":14}],"player_experience":1248111,"relics_obtained":[{"floor":6,"key":"Dream Catcher"},{"floor":8,"key":"MealTicket"},{"floor":9,"key":"Ornamental Fan"}],"event_choices":[{"damage_healed":0,"gold_gain":75,"player_choice":"Gather Gold","damage_taken":11,"max_hp_gain":0,"max_hp_loss":0,"event_name":"World of Goop","floor":3,"gold_loss":0},{"damage_healed":0,"gold_gain":0,"player_choice":"0 cards matched","damage_taken":0,"max_hp_gain":0,"max_hp_loss":0,"event_name":"Match and Keep!","floor":5,"gold_loss":0,"cards_obtained":[]}],"is_beta":false,"boss_relics":[],"items_purged_floors":[4],"is_endless":false,"potions_floor_spawned":[2,6,10,11,12],"killed_by":"Slime Boss","ascension_level":20}}