{"host":"g200jza2br9hmesm","time":1610329483,"event":{"mods":["AchievementEnabler","BaseMod","Colored Map","Downfall","Minty Spire (QoL Compilation)","Quick Restart","Relic Stats","StSLib"],"gold_per_floor":[113,113,128,144,144,171,171,188,188,188,246,28,203,219,219,219,219],"floor_reached":16,"playtime":787,"items_purged":["Regret"],"score":150,"play_id":"9269b736-0599-49aa-92b3-ad5390fc1757","local_time":"20210110204443","is_ascension_mode":true,"campfire_choices":[{"floor":7,"key":"REST"},{"floor":15,"key":"REST"}],"circlet_count":0,"master_deck":["AscendersBane","Strike_R","Strike_R","Strike_R","Strike_R","Strike_R","Defend_R","Defend_R","Defend_R","Defend_R","Bash","Body Slam+1","Ghostly Armor","Doubt"],"relics":["Burning Blood","NeowsBlessing","Kunai","Shuriken","Matryoshka","Bird Faced Urn","Lantern","Anchor"],"acts_visited":["Exordium"],"potions_floor_usage":[16,16],"damage_taken":[{"damage":0,"enemies":"Jaw Worm","floor":1,"turns":1},{"damage":0,"enemies":"Cultist","floor":3,"turns":1},{"damage":0,"enemies":"2 Louse","floor":4,"turns":1},{"damage":45,"enemies":"3 Sentries","floor":6,"turns":15},{"damage":7,"enemies":"2 Fungi Beasts","floor":8,"turns":4},{"damage":54,"enemies":"Lagavulin Event","floor":11,"turns":7},{"damage":1,"enemies":"Looter","floor":14,"turns":3},{"damage":43,"enemies":"Hexaghost","floor":16,"turns":14}],"seed_played":"-1027245500114900583","potions_obtained":[{"floor":1,"key":"GamblersBrew"},{"floor":8,"key":"SmokeBomb"},{"floor":14,"key":"Slimebound:ThreeZeroPotion"}],"is_trial":false,"path_per_floor":["M","?","M","M","?","E","R","M","T","?","?","$","?","M","R","B"],"character_chosen":"IRONCLAD","items_purchased":["Anchor"],"campfire_rested":2,"item_purchase_floors":[12],"current_hp_per_floor":[78,78,80,80,77,38,62,61,61,61,13,13,13,18,42,0,0],"gold":219,"neow_bonus":"THREE_ENEMY_KILL","is_daily":false,"chose_seed":false,"campfire_upgraded":0,"win_rate":0.0,"timestamp":1610329483,"path_taken":["M","?","M","?","?","E","R","M","T","?","?","$","?","M","R","BOSS"],"items_purchased_type":["Relic"],"build_version":"2020-12-22","purchased_purges":1,"victory":false,"max_hp_per_floor":[80,80,80,80,80,80,80,80,80,80,80,80,80,80,80,80,80],"relic_stats":{"counters":[8,46],"Shuriken":[7],"Bird Faced Urn":[0],"Kunai":[8],"obtain_stats":[{"Lantern":11,"Anchor":12,"Matryoshka":9,"NeowsBlessing":0,"Shuriken":6,"Bird Faced Urn":10,"Kunai":5,"Burning Blood":0},{"Lantern":5,"Anchor":6,"Matryoshka":5,"NeowsBlessing":0,"Shuriken":4,"Bird Faced Urn":5,"Kunai":3,"Burning Blood":0},{"Lantern":22,"Anchor":29,"Matryoshka":22,"NeowsBlessing":0,"Shuriken":18,"Bird Faced Urn":22,"Kunai":3,"Burning Blood":0}],"Burning Blood":32},"card_choices":[{"not_picked":["Pommel Strike","Cleave"],"picked":"Body Slam","floor":1},{"not_picked":["Sword Boomerang","Clothesline"],"picked":"Ghostly Armor","floor":3},{"not_picked":["Clash","Sword Boomerang","Evolve"],"picked":"SKIP","floor":4},{"not_picked":["Cleave","Impervious","Immolate"],"picked":"SKIP","floor":6},{"not_picked":["Heavy Blade","Burning Pact","Sword Boomerang"],"picked":"SKIP","floor":8},{"not_picked":["Burning Pact","Heavy Blade","Havoc"],"picked":"SKIP","floor":14}],"player_experience":511097,"relics_obtained":[{"floor":6,"key":"Shuriken"},{"floor":9,"key":"Matryoshka"}],"event_choices":[{"damage_healed":0,"gold_gain":0,"player_choice":"Upgraded","damage_taken":0,"max_hp_gain":0,"max_hp_loss":0,"event_name":"Upgrade Shrine","floor":2,"gold_loss":0,"cards_upgraded":["Body Slam"]},{"damage_healed":0,"gold_gain":0,"player_choice":"Success","damage_taken":3,"relics_obtained":["Kunai"],"max_hp_gain":0,"max_hp_loss":0,"event_name":"Scrap Ooze","floor":5,"gold_loss":0},{"damage_healed":0,"gold_gain":0,"player_choice":"Box","damage_taken":0,"relics_obtained":["Bird Faced Urn"],"max_hp_gain":0,"max_hp_loss":0,"event_name":"Big Fish","floor":10,"gold_loss":0,"cards_obtained":["Regret"]},{"damage_healed":0,"gold_gain":0,"player_choice":"Searched \u00273\u0027 times","damage_taken":0,"relics_obtained":["Lantern"],"max_hp_gain":0,"max_hp_loss":0,"event_name":"Dead Adventurer","floor":11,"gold_loss":0},{"damage_healed":0,"gold_gain":175,"player_choice":"AGREE","damage_taken":0,"max_hp_gain":0,"max_hp_loss":0,"event_name":"Liars Game","floor":13,"gold_loss":0,"cards_obtained":["Doubt"]}],"is_beta":false,"boss_relics":[],"items_purged_floors":[12],"is_endless":false,"potions_floor_spawned":[1,8,14],"killed_by":"Hexaghost","ascension_level":10}}