{"host":"bf9sa99gaumonoeu","time":1610383627,"event":{"mods":["AchievementEnabler","Act Like it!","BaseMod","Better Sensory Stone","Colored Map","Colored Powertips","Fox Events","Friendly Minions","Gensokyo","GifTheSpireLib","Googly Eyes","Hallownest","Hermit","Hubris","Jorbs\u0027s Wanderer Trilogy","KinomotoSakuraMod(????)","Koishi","Lobotomy","Marisa????????","Minty Spire (QoL Compilation)","Rare Cards Sparkle","Reimu??????","Relic Stats","Remilia??????","Replay The Spire","StSLib","The Administrix","The Animator","The Bug Knight","The Construct","The Cursed","The Disciple","The Hierophant","The Mystic","The Necromancer","The Poker Player","The Runesmith","The Senshi","The Servant 0.9.4","TheLocksmith","Yakumo Yukari mod","thorton"],"gold_per_floor":[112,125,136,147,147,147,1,1,24,24,58,71,71,89,89,89,89],"floor_reached":16,"playtime":515,"items_purged":[],"score":199,"play_id":"8136e673-6fc3-4092-a0f2-7dec05244840","local_time":"20210111144707","is_ascension_mode":true,"campfire_choices":[{"data":"Footwork","floor":6,"key":"SMITH"},{"data":"Noxious Fumes","floor":10,"key":"SMITH"},{"floor":15,"key":"REST"}],"circlet_count":0,"master_deck":["AscendersBane","Strike_G","Strike_G","Strike_G","Strike_G","Strike_G","Defend_G","Defend_G","Defend_G","Defend_G","Defend_G","Survivor","Neutralize","Noxious Fumes+1","Slice","PiercingWail","Toxin Wave","Footwork+1","Catalyst","Deflect","Replay:Poison Smokescreen"],"relics":["Boot","Sundial","Sizzling Blood"],"acts_visited":["Exordium"],"potions_floor_usage":[11,11,16],"damage_taken":[{"damage":2,"enemies":"Jaw Worm","floor":1,"turns":7},{"damage":0,"enemies":"Small Slimes","floor":2,"turns":4},{"damage":1,"enemies":"2 Louse","floor":3,"turns":4},{"damage":7,"enemies":"2 Fungi Beasts","floor":4,"turns":4},{"damage":30,"enemies":"Gremlin Nob","floor":11,"turns":4},{"damage":8,"enemies":"Red Slaver","floor":12,"turns":5},{"damage":9,"enemies":"Large Slime","floor":14,"turns":5},{"damage":38,"enemies":"Slime Boss","floor":16,"turns":3}],"seed_played":"-6583766581061893983","potions_obtained":[{"floor":3,"key":"SkillPotion"},{"floor":11,"key":"Energy Potion"},{"floor":12,"key":"Strength Potion"}],"is_trial":false,"path_per_floor":["M","M","M","M","?","R","$","?","T","R","E","M","?","M","R","B"],"character_chosen":"THE_SILENT","items_purchased":["Catalyst","Poison Potion"],"campfire_rested":1,"item_purchase_floors":[7,7],"current_hp_per_floor":[57,57,56,49,49,49,49,54,54,54,24,16,20,15,37,0,0],"gold":89,"neow_bonus":"THREE_CARDS","is_daily":false,"chose_seed":false,"campfire_upgraded":2,"win_rate":0.0,"timestamp":1610383627,"path_taken":["M","M","M","M","?","R","$","?","T","R","E","M","?","?","R","BOSS"],"items_purchased_type":["Card","Potion"],"build_version":"2020-12-22","purchased_purges":0,"victory":false,"max_hp_per_floor":[66,66,66,66,66,66,66,71,71,71,71,71,75,75,75,75,75],"relic_stats":{"counters":[8,36],"Sundial":[0],"Boot":[12],"obtain_stats":[{"Sundial":11,"Sizzling Blood":13,"Boot":9,"Ring of the Snake":0},{"Sundial":5,"Sizzling Blood":6,"Boot":4,"Ring of the Snake":0},{"Sundial":23,"Sizzling Blood":28,"Boot":19,"Ring of the Snake":0}]},"card_choices":[{"not_picked":["Catalyst","ReplayTheSpireMod:Exploit Weakness"],"picked":"Noxious Fumes","floor":0},{"not_picked":["Dagger Throw","Skewer"],"picked":"Slice","floor":1},{"not_picked":["Prepared","Heel Hook"],"picked":"PiercingWail","floor":2},{"not_picked":["Outmaneuver","PiercingWail"],"picked":"Toxin Wave","floor":3},{"not_picked":["Terror","Prepared"],"picked":"Footwork","floor":4},{"not_picked":["Underhanded Strike","Grand Finale"],"picked":"Deflect","floor":11},{"not_picked":["Blade Dance","Terror","ReplayTheSpireMod:Scrap Shanks"],"picked":"SKIP","floor":12},{"not_picked":["hubris:TrickCloak","Leg Sweep"],"picked":"Replay:Poison Smokescreen","floor":14}],"player_experience":907506,"relics_obtained":[{"floor":9,"key":"Boot"},{"floor":11,"key":"Sundial"}],"event_choices":[{"damage_healed":0,"gold_gain":0,"player_choice":"Ignored","damage_taken":0,"max_hp_gain":0,"max_hp_loss":0,"event_name":"Liars Game","floor":5,"gold_loss":0},{"damage_healed":0,"gold_gain":0,"player_choice":"Donut","damage_taken":0,"max_hp_gain":5,"max_hp_loss":0,"event_name":"Big Fish","floor":8,"gold_loss":0}],"is_beta":false,"boss_relics":[],"items_purged_floors":[],"is_endless":false,"potions_floor_spawned":[3,11,12,14],"killed_by":"Slime Boss","ascension_level":19}}