{"host":"ormi09wwzv7sq47a","time":1610329069,"event":{"mods":["2.2 Compatiblity","AchievementEnabler","Act Like it!","BaseMod","Bestiary","Better Altar","Better Note","Better Sensory Stone","Better Silent Start","Better Skull","Better Third Choice","Better Vampires","BetterRewards","Block Reminder","Card Forge","Colored Map","Colored Powertips","Curses Come First","DeckTracker","Downfall","Highlight Path","Minty Spire (QoL Compilation)","Permanent Neow","Quick Restart","Rare Cards Sparkle","Relic Stats","Shop Mod","StSLib","The Jungle"],"gold_per_floor":[113,123,133,133,152,152,171,189,212,212,241,241,270,283,283,384,384,395,149,149,5,15,43,56,87,155,155,167,167,198,198,198,303,303,315,325,340,340,360,360,370,370,370,383,31,31,60,75,75,75,75,75,51,80,80],"floor_reached":56,"playtime":3078,"items_purged":["Strike_G","Strike_G","Pain"],"score":2197,"play_id":"7880f939-a538-4d20-ab0c-9fe7b81af6d8","local_time":"20210110233749","is_ascension_mode":true,"campfire_choices":[{"data":"Crippling Poison","floor":6.0,"key":"SMITH"},{"data":"Poisoned Stab","floor":10.0,"key":"SMITH"},{"data":"Bouncing Flask","floor":12.0,"key":"SMITH"},{"data":"Venomology","floor":15.0,"key":"SMITH"},{"floor":27.0,"key":"REST"},{"data":"Corpse Explosion","floor":29.0,"key":"SMITH"},{"floor":32.0,"key":"REST"},{"data":"Venomology","floor":40.0,"key":"SMITH"},{"floor":42.0,"key":"RECALL"},{"data":"Noxious Fumes","floor":49.0,"key":"SMITH"},{"data":"Footwork","floor":52.0,"key":"SMITH"}],"circlet_count":0,"master_deck":["AscendersBane","Defend_G","Defend_G","Defend_G","Defend_G","Survivor","Neutralize","Dash+1","Backflip","Poisoned Stab+1","Venomology+1","Crippling Poison+1","Bane","Bane+1","Bouncing Flask+1","After Image","Corpse Explosion+1","CurseOfTheBell","Blur","expansioncontent:ManipulateTime","Secret Weapon","Footwork+1","Deflect","Dash+1","Venomology+1","Malaise","Cloak And Dagger+1","Noxious Fumes+1","Deflect+1","Deflect"],"relics":["Ring of the Snake","Hammer of Thor","Seething Fire","Anvil of the Gods","Ginger","Question Card","Regal Pillow","hexamod:BolsterEngine","Ancient Tea Set","Calling Bell","Blood Vial","Pantograph","StoneCalendar","Whetstone","TwistedFunnel","Akabeko","Boot","Paper Crane","Lizard Tail","Cursed Key","Omamori","Pen Nib","Snake Skull"],"acts_visited":["Exordium","TheCity","TheBeyond","TheEnding"],"potions_floor_usage":[55,55],"damage_taken":[{"damage":1.0,"enemies":"Cultist","floor":1.0,"turns":5.0},{"damage":0.0,"enemies":"2 Louse","floor":2.0,"turns":3.0},{"damage":0.0,"enemies":"Jaw Worm","floor":3.0,"turns":4.0},{"damage":0.0,"enemies":"2 Fungi Beasts","floor":5.0,"turns":4.0},{"damage":1.0,"enemies":"Blue Slaver","floor":7.0,"turns":4.0},{"damage":0.0,"enemies":"Gremlin Gang","floor":8.0,"turns":4.0},{"damage":7.0,"enemies":"3 Sentries","floor":11.0,"turns":7.0},{"damage":5.0,"enemies":"Gremlin Nob","floor":13.0,"turns":4.0},{"damage":9.0,"enemies":"Red Slaver","floor":14.0,"turns":3.0},{"damage":9.0,"enemies":"Hexaghost","floor":16.0,"turns":8.0},{"damage":0.0,"enemies":"3 Byrds","floor":18.0,"turns":3.0},{"damage":15.0,"enemies":"Shell Parasite","floor":22.0,"turns":4.0},{"damage":23.0,"enemies":"Book of Stabbing","floor":23.0,"turns":6.0},{"damage":0.0,"enemies":"Snecko","floor":24.0,"turns":5.0},{"damage":13.0,"enemies":"Slavers","floor":25.0,"turns":4.0},{"damage":20.0,"enemies":"3 Cultists","floor":28.0,"turns":6.0},{"damage":20.0,"enemies":"Gremlin Leader","floor":30.0,"turns":6.0},{"damage":29.0,"enemies":"Champ","floor":33.0,"turns":12.0},{"damage":0.0,"enemies":"Orb Walker","floor":35.0,"turns":4.0},{"damage":0.0,"enemies":"3 Shapes","floor":36.0,"turns":5.0},{"damage":7.0,"enemies":"3 Darklings","floor":37.0,"turns":3.0},{"damage":8.0,"enemies":"Writhing Mass","floor":39.0,"turns":6.0},{"damage":11.0,"enemies":"Transient","floor":41.0,"turns":5.0},{"damage":0.0,"enemies":"Jaw Worm Horde","floor":44.0,"turns":2.0},{"damage":2.0,"enemies":"Nemesis","floor":47.0,"turns":11.0},{"damage":4.0,"enemies":"Writhing Mass","floor":48.0,"turns":6.0},{"damage":51.0,"enemies":"Donu and Deca","floor":50.0,"turns":7.0},{"damage":17.0,"enemies":"Shield and Spear","floor":54.0,"turns":5.0},{"damage":93,"enemies":"The Heart","floor":55,"turns":12}],"seed_played":"6984173319896490787","potions_obtained":[{"floor":2.0,"key":"Block Potion"},{"floor":13.0,"key":"SteroidPotion"},{"floor":16.0,"key":"Explosive Potion"},{"floor":18.0,"key":"AttackPotion"},{"floor":33.0,"key":"BlessingOfTheForge"},{"floor":37.0,"key":"Regen Potion"},{"floor":44.0,"key":"EssenceOfSteel"}],"is_trial":false,"path_per_floor":["M","M","M","?","M","R","M","M","T","R","E","R","E","M","R","B",null,"M","$","?","$","M","E","M","E","T","R","M","R","E","?","R","B",null,"M","M","M","?","M","R","M","R","T","M","$","?","E","M","R","B",null,"R","$","E","B",null],"character_chosen":"THE_SILENT","items_purchased":["Question Card","Whetstone","TwistedFunnel","Noxious Fumes","Omamori","Deflect"],"campfire_rested":2,"item_purchase_floors":[0,19,21,45,45,53],"current_hp_per_floor":[55,55,55,55,55,55,54,54,54,54,47,47,42,33,33,24,59,61,61,61,61,48,27,29,18,18,54,36,36,18,18,54,41,63,65,67,62,62,66,66,57,57,57,59,59,59,59,57,57,19,57,57,57,42,34],"gold":80,"neow_bonus":"","is_daily":false,"chose_seed":false,"campfire_upgraded":8,"win_rate":0.0,"timestamp":1610329069,"path_taken":["M","?","M","?","M","R","M","?","T","R","E","R","E","M","R","BOSS","M","?","?","$","M","E","M","E","T","R","M","R","E","?","R","BOSS","M","M","M","?","M","R","M","R","T","?","?","?","E","M","R","BOSS","R","$","E","BOSS"],"items_purchased_type":["Relic","Relic","Relic","Card","Relic","Card"],"build_version":"2020-12-22","purchased_purges":3,"victory":true,"max_hp_per_floor":[70,70,70,70,70,70,70,70,70,70,70,70,70,70,70,70,70,70,70,70,70,70,70,70,70,70,70,70,70,70,70,70,70,70,70,70,70,70,70,70,70,70,70,70,70,70,70,70,70,70,70,70,70,70,70],"relic_stats":{"Regal Pillow":30,"counters":[51,263],"StoneCalendar":[240],"Pen Nib":[12],"Snake Skull":[24],"Ginger":[9],"Whetstone":["hexamod:BacktrackSmack","Bane","Dash"],"Question Card":30,"Boot":[42],"Cursed Key":1,"Blood Vial":36,"Lizard Tail":35,"Pantograph":54,"obtain_stats":[{"TwistedFunnel":21,"Lantern":44,"Regal Pillow":9,"Singing Bowl":27,"downfall:HeartBlessingGreen":30,"StoneCalendar":17,"Hammer of Thor":0,"Snake Skull":54,"Whetstone":52,"Ginger":0,"Ancient Tea Set":13,"Boot":25,"Cursed Key":34,"Blood Vial":31,"Centennial Puzzle":45,"Lizard Tail":30,"downfall:HeartBlessingBlue":42,"Pantograph":17,"Tiny Chest":7,"MealTicket":38,"hexamod:RecyclingMachine":27,"Toxic Egg 2":22,"hexamod:SpiritBrand":0,"Ring of the Snake":0,"downfall:HeartBlessingRed":46,"Happy Flower":53,"Golden Idol":11,"Guardian:GemstoneGun":39,"Eternal Feather":25,"hexamod:InflammatoryLetter":38,"Pen Nib":41,"Omamori":28,"Seething Fire":0,"Frozen Egg 2":14,"Paper Crane":26,"MawBank":3,"Medical Kit":22,"Question Card":0,"Akabeko":43,"hexamod:MatchstickCase":13,"Calling Bell":17,"Anchor":40,"Busted Crown":17,"Anvil of the Gods":0,"hexamod:BolsterEngine":11,"Toy Ornithopter":24},{"TwistedFunnel":33,"Lantern":19,"Regal Pillow":28,"Singing Bowl":12,"downfall:HeartBlessingGreen":14,"StoneCalendar":32,"Hammer of Thor":0,"Snake Skull":50,"Whetstone":21,"Ginger":22,"Ancient Tea Set":30,"Boot":37,"Cursed Key":40,"Blood Vial":14,"Centennial Puzzle":19,"Lizard Tail":39,"downfall:HeartBlessingBlue":18,"Pantograph":32,"Tiny Chest":4,"MealTicket":16,"hexamod:RecyclingMachine":12,"Toxic Egg 2":10,"hexamod:SpiritBrand":0,"Ring of the Snake":0,"downfall:HeartBlessingRed":19,"Happy Flower":21,"Golden Idol":4,"Guardian:GemstoneGun":17,"Eternal Feather":11,"hexamod:InflammatoryLetter":16,"Pen Nib":18,"Omamori":13,"Seething Fire":0,"Frozen Egg 2":5,"Paper Crane":37,"MawBank":2,"Medical Kit":10,"Question Card":22,"Akabeko":19,"hexamod:MatchstickCase":4,"Calling Bell":32,"Anchor":18,"Busted Crown":6,"Anvil of the Gods":0,"hexamod:BolsterEngine":29,"Toy Ornithopter":10},{"TwistedFunnel":154,"Lantern":69,"Regal Pillow":129,"Singing Bowl":38,"downfall:HeartBlessingGreen":45,"StoneCalendar":151,"Hammer of Thor":0,"Snake Skull":251,"Whetstone":80,"Ginger":105,"Ancient Tea Set":140,"Boot":173,"Cursed Key":197,"Blood Vial":45,"Centennial Puzzle":69,"Lizard Tail":185,"downfall:HeartBlessingBlue":64,"Pantograph":151,"Tiny Chest":7,"MealTicket":54,"hexamod:RecyclingMachine":38,"Toxic Egg 2":30,"hexamod:SpiritBrand":0,"Ring of the Snake":0,"downfall:HeartBlessingRed":69,"Happy Flower":80,"Golden Idol":7,"Guardian:GemstoneGun":58,"Eternal Feather":34,"hexamod:InflammatoryLetter":54,"Pen Nib":64,"Omamori":42,"Seething Fire":0,"Frozen Egg 2":11,"Paper Crane":173,"MawBank":3,"Medical Kit":30,"Question Card":105,"Akabeko":69,"hexamod:MatchstickCase":7,"Calling Bell":151,"Anchor":64,"Busted Crown":16,"Anvil of the Gods":0,"hexamod:BolsterEngine":136,"Toy Ornithopter":30}],"Ring of the Snake":[145]},"card_choices":[{"not_picked":["Deflect","Flying Knee","Underhanded Strike"],"picked":"Dash","floor":1.0},{"not_picked":["Outmaneuver","Caltrops","Deadly Poison"],"picked":"Backflip","floor":2.0},{"not_picked":["Acrobatics","Flying Knee","Slice"],"picked":"Poisoned Stab","floor":3.0},{"not_picked":["Underhanded Strike","After Image","Reflex"],"picked":"Crippling Poison","floor":5.0},{"not_picked":["Underhanded Strike","Dash","Cloak And Dagger"],"picked":"Bane","floor":7.0},{"not_picked":["Deadly Poison","Concentrate","Acrobatics"],"picked":"Bane","floor":8.0},{"not_picked":["Malaise","All Out Attack","Cloak And Dagger"],"picked":"Bouncing Flask","floor":11.0},{"not_picked":["Dagger Spray","PiercingWail","Calculated Gamble"],"picked":"After Image","floor":13.0},{"not_picked":["Finisher","Dagger Throw","Slice","Dodge and Roll"],"picked":"SKIP","floor":14.0},{"not_picked":["Storm of Steel","Envenom","Burst"],"picked":"Corpse Explosion","floor":16.0},{"not_picked":["Sucker Punch+1","Deadly Poison","All Out Attack"],"picked":"Blur","floor":18.0},{"not_picked":["Flash of Steel","expansioncontent:DonusPower","expansioncontent:BronzeBeam"],"picked":"expansioncontent:ManipulateTime","floor":20.0},{"not_picked":["Magnetism","expansioncontent:HyperBeam","expansioncontent:DecasProtection"],"picked":"Secret Weapon","floor":20.0},{"not_picked":["Terror","Prepared","Bane","Dodge and Roll"],"picked":"SKIP","floor":22.0},{"not_picked":["All Out Attack","Reflex","Infinite Blades"],"picked":"Footwork","floor":23.0},{"not_picked":["Eviscerate","Bouncing Flask+1","Dagger Throw","Bane"],"picked":"SKIP","floor":24.0},{"not_picked":["Deadly Poison","Heel Hook","Outmaneuver"],"picked":"Deflect","floor":25.0},{"not_picked":["Deflect","Calculated Gamble","Dagger Spray"],"picked":"Dash+1","floor":28.0},{"not_picked":["Calculated Gamble","Cloak And Dagger","Skewer"],"picked":"Venomology","floor":30.0},{"not_picked":["Burst","Unload","Glass Knife"],"picked":"Malaise","floor":33.0},{"not_picked":["Dagger Throw","Backstab","Tactician"],"picked":"Cloak And Dagger+1","floor":35.0},{"not_picked":["Dagger Throw","Sucker Punch","Dodge and Roll","Heel Hook"],"picked":"SKIP","floor":36.0},{"not_picked":["Cloak And Dagger","Poisoned Stab","Endless Agony","Dagger Throw"],"picked":"SKIP","floor":37.0},{"not_picked":["Prepared","Masterful Stab","Flying Knee+1","Endless Agony"],"picked":"SKIP","floor":39.0},{"not_picked":["Flechettes","Outmaneuver+1","Eviscerate+1","Terror"],"picked":"SKIP","floor":41.0},{"not_picked":["Flechettes","Outmaneuver+1","Eviscerate+1","Terror"],"picked":"SKIP","floor":41.0},{"not_picked":["Prepared","Crippling Poison","Backflip","Blade Dance"],"picked":"SKIP","floor":44.0},{"not_picked":["Die Die Die","Cloak And Dagger","Acrobatics","Distraction"],"picked":"SKIP","floor":47.0},{"not_picked":["Dagger Spray+1","Sucker Punch","Dagger Throw+1"],"picked":"Deflect+1","floor":48.0},{"not_picked":["Accuracy+1","Noxious Fumes","Poisoned Stab","Deadly Poison"],"picked":"SKIP","floor":54.0}],"player_experience":941354,"relics_obtained":[{"floor":9.0,"key":"Regal Pillow"},{"floor":11.0,"key":"hexamod:BolsterEngine"},{"floor":13.0,"key":"Ancient Tea Set"},{"floor":17.0,"key":"Blood Vial"},{"floor":17.0,"key":"Pantograph"},{"floor":17.0,"key":"StoneCalendar"},{"floor":23.0,"key":"Akabeko"},{"floor":25.0,"key":"Boot"},{"floor":26.0,"key":"Paper Crane"},{"floor":30.0,"key":"Lizard Tail"},{"floor":47.0,"key":"Pen Nib"},{"floor":54.0,"key":"Snake Skull"}],"event_choices":[{"damage_healed":0.0,"max_hp_gain":0.0,"max_hp_loss":0.0,"gold_gain":0.0,"cards_transformed":["Strike_G"],"event_name":"Transmorgrifier","player_choice":"Transformed","floor":4.0,"gold_loss":0.0,"damage_taken":0.0,"cards_obtained":["Venomology"]},{"damage_healed":0.0,"max_hp_gain":0.0,"max_hp_loss":0.0,"gold_gain":2.0,"event_name":"betterStone:BetterStone","player_choice":"1","floor":20.0,"gold_loss":0.0,"damage_taken":0.0},{"damage_healed":0.0,"max_hp_gain":0.0,"max_hp_loss":0.0,"gold_gain":0.0,"event_name":"The Woman in Blue","player_choice":"Bought 0 Potions","floor":38.0,"gold_loss":0.0,"damage_taken":0.0},{"cards_removed":["Strike_G"],"damage_healed":0.0,"max_hp_gain":0.0,"max_hp_loss":0.0,"gold_gain":0.0,"event_name":"Falling","player_choice":"Removed Attack","floor":46.0,"gold_loss":0.0,"damage_taken":0.0}],"is_beta":false,"boss_relics":[{"not_picked":["Sozu","Pandora\u0027s Box"],"picked":"Calling Bell"},{"not_picked":["Tiny House","Snecko Eye"],"picked":"Cursed Key"}],"items_purged_floors":[0,19,45],"is_endless":false,"potions_floor_spawned":[2,7,8,13,16,18,22,33,37,41,44,48,54],"ascension_level":12}}