{"host":"op7lvjy5lsqtpdgx","time":1610409268,"event":{"mods":["BaseMod","Minty Spire (QoL Compilation)","StSLib"],"gold_per_floor":[118,118,118,43,61,61,88,131,158,108,108,283,283,283],"floor_reached":13,"playtime":615,"items_purged":["Injury"],"score":99,"play_id":"14cd00b5-8ae0-4f25-a989-ff0cb96fae31","local_time":"20210112125428","is_ascension_mode":true,"campfire_choices":[{"data":"Dodge and Roll","floor":6,"key":"SMITH"},{"data":"Riddle With Holes","floor":11,"key":"SMITH"}],"circlet_count":0,"master_deck":["Strike_G","Strike_G","Strike_G","Strike_G","Defend_G","Defend_G","Defend_G+1","Defend_G","Survivor","Neutralize+1","Riddle With Holes+1","Dagger Throw","Dodge and Roll+1","Backflip","Doubt"],"relics":["Ring of the Snake","Golden Idol","Juzu Bracelet","Orichalcum","Potion Belt"],"acts_visited":["Exordium"],"potions_floor_usage":[8],"damage_taken":[{"damage":0,"enemies":"Small Slimes","floor":1,"turns":4},{"damage":1,"enemies":"Jaw Worm","floor":5,"turns":3},{"damage":15,"enemies":"3 Sentries","floor":8,"turns":11},{"damage":40,"enemies":"Lagavulin","floor":13,"turns":9}],"seed_played":"-8379020170939888536","potions_obtained":[{"floor":5,"key":"Swift Potion"}],"is_trial":false,"path_per_floor":["M","?","?","$","M","R","T","E","T","?","R","?","E"],"character_chosen":"THE_SILENT","items_purchased":[],"campfire_rested":0,"item_purchase_floors":[],"current_hp_per_floor":[70,56,56,56,55,55,55,40,40,40,40,40,0,0],"gold":283,"neow_bonus":"TRANSFORM_CARD","is_daily":false,"chose_seed":false,"campfire_upgraded":2,"win_rate":0.0,"timestamp":1610409268,"path_taken":["M","?","?","$","M","R","?","E","T","?","R","?","E"],"items_purchased_type":[],"build_version":"2020-12-22","purchased_purges":1,"victory":false,"max_hp_per_floor":[70,70,70,70,70,70,70,70,70,70,70,70,70,70],"card_choices":[{"not_picked":["Deadly Poison","Underhanded Strike"],"picked":"Dagger Throw","floor":1},{"not_picked":["Flying Knee","Accuracy"],"picked":"Dodge and Roll","floor":5},{"not_picked":["Flechettes","Finisher"],"picked":"Backflip","floor":8}],"player_experience":165196,"relics_obtained":[{"floor":7,"key":"Juzu Bracelet"},{"floor":8,"key":"Orichalcum"},{"floor":9,"key":"Potion Belt"}],"event_choices":[{"damage_healed":0,"gold_gain":0,"player_choice":"Entered Light","damage_taken":14,"max_hp_gain":0,"max_hp_loss":0,"event_name":"Shining Light","floor":2,"gold_loss":0,"cards_upgraded":["Defend_G","Neutralize"]},{"damage_healed":0,"gold_gain":0,"player_choice":"Take Wound","damage_taken":0,"relics_obtained":["Golden Idol"],"max_hp_gain":0,"max_hp_loss":0,"event_name":"Golden Idol","floor":3,"gold_loss":0,"cards_obtained":["Injury"]},{"cards_removed":["Defend_G"],"damage_healed":0,"gold_gain":0,"player_choice":"Card Removal","damage_taken":0,"max_hp_gain":0,"max_hp_loss":0,"event_name":"The Cleric","floor":10,"gold_loss":50},{"damage_healed":0,"gold_gain":175,"player_choice":"AGREE","damage_taken":0,"max_hp_gain":0,"max_hp_loss":0,"event_name":"Liars Game","floor":12,"gold_loss":0,"cards_obtained":["Doubt"]}],"is_beta":false,"boss_relics":[],"items_purged_floors":[4],"is_endless":false,"potions_floor_spawned":[5],"killed_by":"Lagavulin","ascension_level":5}}