{"host":"6azrrw3tf7wb0f4b","time":1610393665,"event":{"mods":["BaseMod","DeckTracker","Minty Spire (QoL Compilation)","SuperFastMode"],"gold_per_floor":[109,109,109,128,143,143,172,172,221,256,270,310,310,335,335,426,426,444,465,331,331,331,331,331,331],"floor_reached":24,"playtime":750,"items_purged":["Strike_R"],"score":377,"play_id":"c4072ea5-0cfd-4b23-8b5f-792903b6212f","local_time":"20210112043425","is_ascension_mode":true,"campfire_choices":[{"data":"Burning Pact","floor":6,"key":"SMITH"},{"data":"Armaments","floor":8,"key":"SMITH"},{"floor":13,"key":"REST"},{"data":"Defend_R","floor":15,"key":"SMITH"},{"data":"True Grit","floor":23,"key":"SMITH"}],"circlet_count":0,"master_deck":["AscendersBane","Strike_R","Strike_R","Strike_R","Strike_R","Defend_R","Defend_R","Defend_R","Defend_R+1","Bash","Burning Pact+1","Armaments+1","Power Through","Combust","Impervious","Flame Barrier","Corruption","Rampage+1","True Grit+1"],"relics":["Burning Blood","NeowsBlessing","Happy Flower","Bloody Idol","Odd Mushroom","Regal Pillow","HornCleat","Bag of Preparation","SlaversCollar","Nilry\u0027s Codex"],"acts_visited":["Exordium","TheCity"],"potions_floor_usage":[7,10,12,18],"damage_taken":[{"damage":0,"enemies":"Jaw Worm","floor":1,"turns":1},{"damage":0,"enemies":"Small Slimes","floor":4,"turns":1},{"damage":0,"enemies":"2 Louse","floor":5,"turns":1},{"damage":21,"enemies":"The Mushroom Lair","floor":7,"turns":4},{"damage":20,"enemies":"3 Sentries","floor":10,"turns":10},{"damage":7,"enemies":"Exordium Wildlife","floor":11,"turns":5},{"damage":22,"enemies":"Gremlin Nob","floor":12,"turns":5},{"damage":0,"enemies":"2 Fungi Beasts","floor":14,"turns":4},{"damage":36,"enemies":"The Guardian","floor":16,"turns":16},{"damage":10,"enemies":"Chosen","floor":18,"turns":7},{"damage":30,"enemies":"Shell Parasite","floor":19,"turns":7},{"damage":9,"enemies":"Centurion and Healer","floor":24,"turns":1}],"seed_played":"-2366751734367044701","potions_obtained":[{"floor":1,"key":"SkillPotion"},{"floor":5,"key":"AttackPotion"},{"floor":11,"key":"PowerPotion"},{"floor":14,"key":"Fire Potion"},{"floor":19,"key":"FearPotion"}],"is_trial":false,"path_per_floor":["M","?","?","M","M","R","?","R","T","E","M","E","R","M","R","B",null,"M","M","$","?","?","R","M"],"character_chosen":"IRONCLAD","items_purchased":["True Grit"],"campfire_rested":1,"item_purchase_floors":[20],"current_hp_per_floor":[74,48,48,54,60,60,45,45,45,31,30,14,49,55,55,25,57,53,29,29,29,8,8,0,0],"gold":331,"neow_bonus":"THREE_ENEMY_KILL","is_daily":false,"chose_seed":false,"campfire_upgraded":4,"win_rate":0.0,"timestamp":1610393665,"path_taken":["M","?","?","M","M","R","?","R","T","E","M","E","R","M","R","BOSS","M","M","$","?","?","R","M"],"items_purchased_type":["Card"],"build_version":"2020-12-22","purchased_purges":1,"victory":false,"max_hp_per_floor":[75,75,68,68,68,68,68,68,68,68,68,68,68,68,68,68,68,68,68,68,68,68,68,68,68],"card_choices":[{"not_picked":["Warcry","Reckless Charge"],"picked":"Burning Pact","floor":1},{"not_picked":["Headbutt","Cleave"],"picked":"Armaments","floor":4},{"not_picked":["Thunderclap","Combust"],"picked":"Power Through","floor":5},{"not_picked":["Havoc","Cleave","Sword Boomerang"],"picked":"SKIP","floor":10},{"not_picked":["Limit Break","Twin Strike"],"picked":"Combust","floor":11},{"not_picked":["Flex","Iron Wave"],"picked":"Impervious","floor":12},{"not_picked":["Clothesline","Spot Weakness"],"picked":"Flame Barrier","floor":14},{"not_picked":["Demon Form","Feed"],"picked":"Corruption","floor":16},{"not_picked":["Havoc","Twin Strike","Infernal Blade"],"picked":"SKIP","floor":18},{"not_picked":["Twin Strike","Clothesline"],"picked":"Rampage+1","floor":19}],"player_experience":695107,"relics_obtained":[{"floor":7,"key":"Odd Mushroom"},{"floor":9,"key":"Regal Pillow"},{"floor":10,"key":"HornCleat"},{"floor":12,"key":"Bag of Preparation"},{"floor":22,"key":"Nilry\u0027s Codex"}],"event_choices":[{"damage_healed":0,"gold_gain":0,"player_choice":"Success","damage_taken":26,"relics_obtained":["Happy Flower"],"max_hp_gain":0,"max_hp_loss":0,"event_name":"Scrap Ooze","floor":2,"gold_loss":0},{"damage_healed":0,"gold_gain":0,"player_choice":"Lose Max HP","damage_taken":0,"relics_obtained":["Golden Idol"],"max_hp_gain":0,"max_hp_loss":7,"event_name":"Golden Idol","floor":3,"gold_loss":0},{"damage_healed":0,"gold_gain":0,"player_choice":"Fought Mushrooms","damage_taken":0,"max_hp_gain":0,"max_hp_loss":0,"event_name":"Mushrooms","floor":7,"gold_loss":0},{"damage_healed":0,"gold_gain":0,"player_choice":"Gave Idol","damage_taken":0,"relics_obtained":["Bloody Idol"],"max_hp_gain":0,"max_hp_loss":0,"event_name":"Forgotten Altar","floor":21,"relics_lost":["Golden Idol"],"gold_loss":0},{"damage_healed":0,"gold_gain":0,"player_choice":"Obtained Book","damage_taken":21,"max_hp_gain":0,"max_hp_loss":0,"event_name":"Cursed Tome","floor":22,"gold_loss":0}],"is_beta":false,"boss_relics":[{"not_picked":["Tiny House","Busted Crown"],"picked":"SlaversCollar"}],"items_purged_floors":[20],"is_endless":false,"potions_floor_spawned":[1,5,11,14,19],"killed_by":"Centurion and Healer","ascension_level":17}}